3932 6210
1352 366 2002 458 TRADITIO
2135 365 2935 458 CATHOLICA.

1593 525 1978 589 SAECULUM
2045 525 2144 587 IV.
2222 523 2485 588 ANNUS
2543 523 2681 586 397.

1683 810 2614 941 ELENCHUS

616 1075 1142 1150 AUCTOBUM
1207 1073 1323 1148 ET
1379 1071 1764 1147 OPEBUM
1825 1072 1978 1156 QUI
2041 1071 2127 1143 IN
2188 1070 2375 1144 HOC
2429 1069 2696 1144 TOMO
2747 1069 2944 1144 XVII
2995 1069 3703 1150 CONTINENTUB.

1731 1233 2626 1267 ψ

1312 1509 1374 1570 S.
1423 1507 1857 1573 AMBROSIUS
1899 1506 2518 1570 MEDIOLANENSIS
2560 1504 2979 1570 EPISCOPUS

877 1678 962 1738 An
1003 1677 1204 1739 Opem
1247 1677 1310 1737 S.
1356 1677 1638 1737 Amnnosn
1683 1675 2004 1736 APPENDIX.
2038 1709 2117 1721 -—
2153 1675 2307 1735 Pans
2349 1673 2396 1747 Ι,
2437 1672 2833 1754 complectens
2859 1690 3043 1754 opera
3074 1691 3114 1736 a
3144 1674 3426 1739 Patribus

1521 1771 1934 1834 Benedictinis
1969 1775 2037 1833 in
2063 1789 2176 1833 sua
2214 1771 2484 1833 editione
2513 1771 2800 1832 admissa.

459 1895 544 1954 De
589 1889 742 1952 XLII
775 1890 1179 1952 mansionibus
1208 1889 1456 1950 ﬁliorum
1492 1887 1781 1949 Israel...
1806 1932 1821 1948 .
1849 1937 1861 1950 .
1887 1934 1900 1947 .
1927 1933 1941 1948 .
2007 1933 2012 1946 .

2703 1930 2718 1946 .
3577 1890 3694 1953 col.
3744 1892 3783 1955 9

459 1970 890 2033 Commentaria
919 1970 978 2030 in
1004 1970 1298 2049 Epistolas
1325 1968 1392 2028 B.
1426 1966 1620 2029 Pauli.
1645 2013 1660 2027 .
1687 2014 1700 2027 .
1725 2013 1741 2028 .
1767 2015 1778 2026 .
1806 2013 1819 2026 .
1846 2016 1860 2030 .
1887 2014 1899 2027 .
1926 2011 1940 2026 .
1964 2011 1980 2026 .
2006 2013 2012 2027 .

2245 2008 3526 2030 ................................
3682 1968 3780 2049 f4;

459 2047 1990 2112 DeTrinitate.....’........................

461 2129 547 2191 De
569 2129 714 2192 Fide
742 2129 1061 2192 orthodoxa
1090 2135 1289 2191 contra
1323 2127 1601 2188 Arianos.
1630 2179 1642 2190 .
1668 2172 1683 2187 .
1710 2173 1724 2187 .
1750 2171 1762 2186 .
1788 2173 1803 2188 .
1831 2173 1844 2186 .
1870 2173 1882 2185 .
1909 2173 1921 2185 .
1949 2171 2002 2186 ..

461 2210 546 2270 De
578 2208 869 2286 Dignitate
901 2208 1994 2271 sacerdotali...................

466 2305 935 2381 (Maurinorum
966 2304 1223 2367 Patrum
1268 2303 1764 2365 Admonitionem
1793 2301 2157 2381 ret-inuimus
2193 2318 2212 2362 :
2256 2306 2321 2362 at
2370 2297 2912 2381 lioeiiumnipsum,
2937 2299 3077 2381 Δςιᾳὶ
3131 2297 3408 2362 Gerberti
3465 2307 3573 2374 est,

1266 2382 1552 2444 Gerberto
1585 2381 1982 2444 restituimus.
2023 2379 2164 2443 Vide
2192 2386 2331 2441 tom.
2369 2377 2698 2452 CXXXIX,
2713 2376 2847 2440 eoi.
2886 2376 3052 2456 169.)

463 2480 726 2542 Libellus
755 2479 825 2540 ad
859 2478 1144 2558 virginem
1167 2479 1464 2542 devotam.
1495 2524 1546 2539 ..
1572 2523 1586 2537 .
1611 2521 1623 2534 .
1653 2525 1666 2538 .
1691 2525 1706 2538 .
1734 2525 1747 2538 .
1773 2523 1794 2558 .7
1813 2524 1828 2538 .
1854 2525 1867 2538 .
1894 2523 1908 2537 .
1932 2523 1947 2537 .
1974 2527 1986 2539 .
2012 2526 2016 2538 .

2228 2515 3528 2539 ,................................
3665 2472 3781 2558 soi

466 2559 783 2622 Sermones
812 2559 874 2619 S.
905 2553 1220 2621 Ambrosio
1252 2559 1533 2620 hactenus
1559 2557 1830 2633 ascripti.
1857 2603 1869 2616 .
1895 2602 1910 2616 .
1935 2603 1953 2619 .
1979 2606 1990 2618 .
2016 2605 2019 2616 ς

465 2639 655 2701 Index
684 2638 1046 2699 Sermonum
1073 2639 1609 2716 praetermissarum
1627 2682 1640 2696 .
1665 2683 1679 2697 .
1706 2685 1720 2698 .
1747 2681 1763 2696 .
1789 2683 1802 2697 .
1830 2681 1844 2695 .
1874 2689 1884 2699 .
1910 2679 1927 2695 .
1952 2679 1965 2692 .
1992 2682 2008 2698 .

2234 2674 3530 2700 .................................
3663 2633 3782 2716 et;

467 2711 1799 2780 IndexSermonumf..................

2237 2755 3529 2789 ..........................,......
3663 2711 3786 2773 617

465 2797 525 2857 S.
563 2797 858 2859 Ambrosii
892 2798 1210 2859 Sermones
1241 2803 1362 2856 tres
1413 2811 1488 2858 ex
1534 2794 1732 2856 codice
1777 2793 2124 2858 Sessoriano
2165 2794 2368 2856 Romae
2399 2793 2541 2855 editi
2585 2808 2680 2854 an.
2731 2791 2909 2868 1833,
2961 2793 3060 2872 qui
3107 2807 3264 2856 nunc
3283 2793 3537 2870 primum

546 2877 607 2937 S.
660 2875 956 2938 Ambrosii
1014 2876 1290 2953 operibus
1343 2881 1724 2936 accensentur
1752 2922 1767 2936 .
1793 2917 1807 2932 .
1835 2919 1848 2934 .
1873 2919 1890 2936 .
1915 2923 1928 2937 .
1955 2921 1968 2934 .
1995 2920 2009 2934 .
2034 2919 2088 2935 ..

2235 2870 3528 2937 ...................:.............
3665 2870 3782 2953 737

467 2955 743 3031 Epistolae
775 2971 849 3017 ex
875 2950 1397 3015 Ambr'osianarum
1430 2968 1674 3015 numero
1706 2961 2020 3032 segregata:

2234 2994 3528 3017 .................................
3663 2950 3784 3032 755

467 3028 1997 3096 PrecationesDuae...................:..'...

468 3113 772 3191 Expositio
803 3113 861 3173 in
893 3121 1115 3190 septem
1147 3112 1400 3174 visiones
1429 3112 1558 3172 libri
1591 3112 2007 3190 Apocalypsis.

2227 3155 3526 3175 .................................
3662 3109 3777 3191 sit

467 3186 928 3254 De'Paanitentia
956 3186 1105 3253 liber
1130 3207 1312 3252 unus.
1336 3236 1354 3254 .
1378 3237 1392 3252 .
1417 3237 1433 3254 .
1458 3239 1471 3252 .
1496 3237 1513 3252 .
1537 3237 1552 3252 .
1579 3240 1592 3253 .
1701 3242 1712 3254 .
1739 3237 1754 3251 .
1778 3238 1792 3252 .
1815 3186 1872 3253 ζῖ
1900 3243 1911 3254 .
1937 3235 1953 3252 .
1976 3238 1992 3253 .

471 3271 557 3334 De
588 3271 809 3348 Spiritu
840 3276 1042 3332 sancto
1073 3271 1362 3334 libellus.
1389 3317 1404 3332 .
1429 3319 1442 3332 .
1469 3318 1483 3332 .
1511 3319 1523 3331 .
1552 3320 1565 3333 .
1590 3314 1605 3329 .
1630 3318 1684 3332 ..
1712 3313 1725 3326 .
1751 3316 1766 3332 .
1793 3324 1804 3336 .
1831 3315 1844 3329 .
1869 3317 1885 3333 .
1909 3317 1924 3333 .
1950 3320 1964 3334 .
1989 3317 2004 3332 .

2231 3316 2682 3339 ............
2745 3314 3528 3335 ....................
3625 3265 3784 3348 1093

469 3349 556 3432 De
580 3345 913 3432 poncordia
940 3351 1288 3432 Matthzeiet
1309 3351 1480 3412 Lucae
1508 3351 1580 3432 in
1599 3350 1942 3432 genealogia
1982 3351 2022 3414 C

2224 3393 3530 3416 ,.................................
3626 3345 3777 3432 1194

468 3429 555 3502 De
575 3431 867 3504 Dignitate
895 3429 1246 3492 conditionis
1276 3430 1546 3493 humanae
1569 3425 1910 3492 libellusﬁ.
1937 3479 1950 3492 .
1974 3476 2021 3494 ..

471 3503 1998 3575 Exoreismus.............................

872 3643 1218 3703 APPENDlClS
1260 3640 1417 3704 ΡΑῐιε
1443 3657 1692 3715 ALTERA,
1730 3640 2122 3722 complectens
2149 3641 2437 3722 opuscula
2478 3660 2611 3722 quae
2653 3643 2721 3704 in
2747 3641 3011 3704 editione
3043 3637 3432 3701 Benedictina

1867 3755 1992 3800 non
2018 3744 2163 3801 sunt
2190 3737 2470 3800 admissa.

481 3841 2034 3908 Aetas.Sebastiani........................

482 3925 661 3987 Liber
704 3924 776 3986 de
807 3922 1078 3984 vitiorum
1109 3925 1505 4002 virtutumque
1534 3924 1842 3988 conflictu.
1864 3971 1880 3986 .
1944 3969 1962 3986 .
1986 3972 2000 3988 .
2028 3973 2035 3986 .

477 4006 565 4067 De
593 4003 909 4065 Vocatione
936 4003 1201 4082 gentium
1229 4003 1361 4064 libri
1388 4001 1538 4068 duo.
1562 4055 1576 4067 .
1599 4049 1614 4064 .
1638 4047 1652 4062 .
1678 4051 1694 4067 .
1716 4047 1734 4066 .
1757 4048 1776 4067 .
1800 4052 1813 4066 .
1839 4048 1857 4067 .
1880 4051 1895 4066 .
1917 4047 1938 4068 .
1961 4052 1975 4066 .
2001 4050 2016 4065 .

482 4083 789 4159 (Exstant,
846 4098 1003 4144 nova
1059 4089 1118 4144 et
1165 4084 1532 4145 accuratiore
1579 4084 1841 4147 editione
1869 4085 2132 4226 tdonaﬁ,
2189 4085 2584 4240 integagzgera
2623 4083 2907 4165 Prosperi
2933 4083 3247 4166 Aquitani.
3283 4121 3364 4133 —
3405 4087 3546 4150 Vide

1891 4181 2008 4226 om.
2122 4212 2140 4240 ,
2169 4179 2235 4224 co
2266 4209 2280 4225 .
2440 4211 2453 4224 .

1869 4168 2008 4226 tom.
2045 4168 2140 4241 ιι,
2169 4168 2280 4225 col.
2314 4168 2453 4225 639.

474 4241 560 4302 De
589 4240 855 4302 Moribus
887 4240 1404 4304 brachmanorum.
1430 4289 1444 4302 .
1471 4292 1482 4302 .
1510 4286 1526 4303 .
1551 4292 1562 4304 .
1589 4287 1605 4303 .
1628 4288 1644 4305 .
1668 4287 1687 4305 .
1711 4291 1726 4304 .
1751 4290 1764 4304 .
1791 4291 1806 4306 .
1829 4288 1845 4304 .
1872 4291 1884 4304 .
1911 4290 1926 4305 .
1952 4290 1966 4305 .
1990 4291 2006 4306 .

363 4321 372 4330 '
475 4319 1208 4400 Philosophorumbreves
1238 4321 1513 4399 Epistolae
1555 4337 1804 4400 quorum
1831 4322 1916 4384 int

2234 4322 2398 4386 betur
2427 4322 2484 4384 S.
2520 4322 3540 4392 Ambrosius.................
3636 4323 3787 4386 1183

475 4400 763 4481 Epistolas:
786 4398 917 4481 dua:
959 4399 1031 4481 de
1057 4398 1343 4481 monacho
1373 4398 1800 4481 energumeno.
1825 4449 1840 4464 .
1866 4447 1881 4462 .
1908 4450 1922 4466 .
1947 4448 1961 4462 .
1985 4398 2028 4464 ξη

477 4479 836 4562 Explanatio
869 4479 1134 4562 S_y_mboli
1159 4479 1233 4541 ad
1266 4478 1608 4544 initiandds.
1635 4528 1650 4542 .
1677 4530 1691 4544 .
1717 4531 1730 4545 .
1756 4530 1770 4544 .
1799 4534 1810 4546 .
1837 4529 1851 4544 .
1876 4527 1891 4541 .
1915 4525 1933 4543 .
1956 4527 1972 4544 .
1997 4527 2011 4544 .

2238 4527 3542 4562 .................................
3637 4481 3789 4562 1193

486 4557 2018 4636 Epistoladeﬁde..........................

451 4636 1092 4724 'Adalbertipianelis
1113 4639 1523 4724 insequentes
1548 4638 2170 4724 hymnos‘Admonitio
2195 4641 2508 4724 (Thesaur.
2536 4641 2895 4724 hymnolog.)
2913 4692 2928 4706 .
2964 4643 3282 4724 I‘Codices.
3317 4643 3559 4708 II.-Bre-

556 4717 756 4804 viaria
784 4717 1125 4804 dioecesana
1149 4723 1206 4779 et
1232 4717 1732 4782 monasticailll.
1782 4718 2063 4782 Subsidia
2117 4717 2416 4784 litteraria
2461 4717 2594 4802 qua}
2639 4717 2890 4801 hymnos
2933 4721 3208 4785 collectos
3254 4727 3312 4785 et
3353 4724 3556 4804 expli-

561 4798 2114 4864 catoscontinent...........................

477 4873 693 4954 Hymni
725 4876 787 4937 S.
823 4876 1138 4939 Ambrosio
1175 4876 1467 4940 attributi.
1493 4924 1508 4939 .
1533 4924 1550 4942 .
1575 4920 1589 4934 .
1615 4924 1630 4938 .
1655 4923 1670 4938 .
1699 4923 1752 4942 ..
1775 4927 1789 4940 .
1815 4926 1830 4942 .
1856 4927 1872 4942 .
1896 4925 1915 4944 .
1940 4929 1952 4941 .
1978 4925 1990 4936 .
2018 4927 2030 4942 .

2013 5193 2501 5204 .——___._
