3932 6210
153 272 3481 300 W

238 524 529 712 AD
671 523 1365 713 OPERA
1506 522 2244 712 SANCTI
2372 528 3410 721 AMBROSII

1347 804 2324 916 APPENDIX.

1068 993 2475 1048 -——-—————-—€-==>S-®%e=-:———-——-——

1419 1157 1732 1247 PARS
1821 1159 2231 1249 PRIOR.

630 1306 1139 1368 COMPLECTENS
1176 1308 1415 1367 OPERA
1450 1311 1501 1366 A
1537 1310 2032 1371 BENEDICTINIS
2069 1314 2142 1371 IN
2179 1314 2315 1371 SUA
2351 1315 2690 1375 EDITIONE
2730 1319 3036 1376 ADMISSA

944 1554 1047 1623 IN
1083 1555 1409 1625 LIBRUM
1457 1556 2147 1639 SUBSEQUENTEM
2188 1559 2697 1630 ADMONITIO.

233 1810 466 1868 Huncce
497 1818 795 1868 tractatum
835 1810 1069 1868 Romani
1097 1810 1339 1868 editores
1366 1810 1535 1884 primi
1579 1811 1897 1885 vulgarunt.
1929 1812 2049 1881 Qua
2078 1827 2208 1869 vero
2257 1813 2313 1870 id
2360 1813 2595 1872 fecerint
2624 1816 2972 1885 auctoritate,
3017 1833 3086 1874 an
3130 1834 3243 1875 uno
3291 1819 3479 1892 pluri—

154 1898 342 1956 busve
369 1897 657 1956 codicibus
687 1897 833 1967 nixi,
864 1907 919 1955 et
964 1916 1156 1956 rursus
1205 1916 1275 1956 an
1305 1900 1487 1972 prisca
1525 1902 1804 1957 recentive
1836 1917 2003 1958 manu
2033 1902 2291 1971 exaratis,
2326 1903 2621 1961 admonere
2663 1905 3112 1978 supersederunt.
3149 1907 3259 1963 Nos
3288 1924 3356 1964 ne
3391 1910 3475 1966 vel

156 1988 401 2045 unicum
455 1988 895 2060 manuscriptum
936 2005 1169 2062 usquam
1214 1988 1560 2047 deteximus:
1603 1988 1973 2047 nihilominus
2019 2000 2203 2048 tamen
2233 1992 2422 2050 eadem
2467 1992 2585 2051 haec
2630 1994 2809 2067 opella
2863 2005 3184 2068 argumenta
3237 1998 3479 2069 suggerit

157 2079 378 2153 quibus
405 2077 650 2150 ejusdem
702 2080 1009 2153 suppositio
1037 2079 1496 2153 deprehendatur.
1532 2079 1752 2137 Etenim
1792 2088 1853 2137 ut
1878 2081 2200 2138 omittamus
2232 2081 2530 2140 discrimen
2568 2085 2701 2159 styli
2746 2101 2809 2141 ac
2836 2085 3108 2142 tractandi
3146 2089 3474 2159 argumenti,

156 2166 625 2239 discrepantiam,
654 2169 713 2225 in
744 2184 805 2225 ea
841 2168 1161 2243 Josepbum,
1198 2170 1455 2241 ascriptis
1483 2168 1657 2241 ipsius
1686 2170 1893 2241 verbis,
1926 2171 2163 2229 subinde
2211 2176 2438 2230 citatum
2482 2174 2723 2247 reperire
2772 2185 2873 2242 est,
2905 2176 3052 2248 quod
3087 2175 3381 2234 abhorrere
3409 2178 3478 2235 ab

158 2256 456 2314 Ambrosii
499 2257 901 2315 consuetudine
938 2259 1159 2332 negabit
1202 2275 1383 2316 nemo.
1417 2258 1523 2316 Sed
1559 2258 1701 2315 illud
1730 2275 1949 2319 omnem
1992 2261 2283 2319 dubitandi
2314 2263 2463 2319 tollit
2508 2263 2799 2333 rationem,
2844 2264 2987 2337 quod
3020 2263 3186 2337 hujus
3215 2274 3479 2323 tractatus

166 2352 391 2409 Auctor
421 2367 536 2407 non
575 2352 756 2409 solum
787 2351 1041 2425 Origenis
1071 2358 1124 2407 et
1155 2351 1478 2424 Hieronymi
1513 2352 2008 2409 commentationes
2037 2357 2318 2425 utcunque
2340 2359 2422 2408 est
2454 2352 2725 2418 imitatus,
2754 2369 2947 2409 verum
2990 2354 3160 2411 etiam
3193 2372 3303 2412 non
3352 2371 3476 2412 raro

162 2442 408 2514 ipsamet
449 2441 776 2516 Hieronymi
823 2442 992 2499 verba
1033 2441 1342 2514 usurpavit,
1383 2449 1437 2497 et
1470 2441 1620 2497 locos
1648 2438 1900 2513 Origenis
1928 2454 1958 2495 e
1985 2440 2169 2496 Ruﬁni
2216 2440 2579 2497 translatione
2624 2441 2679 2497 id
2711 2443 2973 2515 temporis
3015 2444 3112 2500 vix
3155 2445 3287 2501 dum
3330 2445 3477 2502 edita

162 2531 378 2603 petitos
405 2531 735 2603 exscripsit:
778 2547 900 2604 quae
929 2530 1115 2587 omnia
1159 2546 1261 2587 nos
1304 2529 1373 2586 ad
1402 2531 1677 2603 margines
1704 2526 2094 2585 indicabimus.
2130 2529 2398 2588 Caeterum
2447 2529 2515 2587 de
2543 2531 2783 2588 Auctore
2828 2531 2998 2607 hujus
3035 2534 3217 2607 operis
3245 2535 3479 2590 certiora

165 2621 408 2678 forsitan
440 2620 800 2690 traderemus,
834 2621 942 2678 nisi
987 2619 1092 2679 hoc
1129 2621 1250 2679 loco
1278 2636 1597 2694 cogeremur
1641 2618 1738 2676 uni
1786 2620 2051 2677 Romana;
2081 2617 2315 2675 editioni
2364 2619 2610 2687 credere,
2640 2619 2798 2692 cujus
2842 2622 2978 2680 ﬁdes
3029 2639 3192 2696 quam
3239 2623 3479 2679 sublesta

162 2711 264 2779 sit,
300 2711 389 2767 vel
435 2711 587 2767 solus
614 2718 878 2767 tractatus
906 2711 968 2766 de
1005 2711 1196 2769 Trinit.
1230 2716 1279 2766 et
1307 2712 1601 2768 Resurrect.
1635 2710 1798 2766 Mart.
1830 2709 2024 2767 docere
2051 2707 2274 2782 poterit.
2322 2708 2719 2766 Verumtamen
2760 2711 2865 2768 hoc
2895 2712 3077 2783 ipsum
3127 2729 3287 2784 opus,
3315 2712 3476 2785 quale

159 2800 424 2869 habetur,
468 2816 531 2856 ea
577 2800 892 2875 suppeditat
922 2800 1199 2858 rationum
1230 2808 1507 2857 momenta
1534 2801 1682 2857 unde
1721 2817 1833 2857 non
1864 2798 2073 2871 injuria
2104 2798 2241 2854 illud
2283 2798 2632 2856 sermonibus
2673 2799 2740 2857 ad
2780 2801 3044 2873 populum
3093 2801 3297 2858 habitis
3341 2818 3476 2858 con-

159 2899 331 2959 stare,
363 2898 417 2946 et
470 2891 610 2947 forte
635 2892 801 2947 etiam
832 2894 1128 2948 Auctorem
1168 2889 1287 2963 ejus
1330 2890 1663 2948 monachum
1693 2890 1969 2948 exstitisse
2011 2887 2431 2946 subodoremur.
2482 2890 2670 2962 Neque
2717 2907 2848 2947 vero
2882 2891 3047 2947 inviti
3078 2891 3477 2948 adduceremur

164 2981 229 3038 in
264 2979 412 3037 hanc
440 2981 873 3051 sententiam,ut
915 2998 1041 3037 eum
1072 2980 1159 3036 sin
1193 2980 1378 3036 minus
1416 2980 1575 3036 Beda:
1604 2997 1667 3037 ac
1695 2981 1903 3037 Rabani
1930 2981 2137 3038 vixisse
2184 2980 2548 3054 temporibus,
2581 2982 2773 3037 saltem
2820 2981 3046 3037 illorum
3088 2982 3359 3038 rationem
3418 2980 3473 3037 in

160 3085 229 3127 eo
256 3070 502 3127 tenuisse
523 3069 921 3138 existimemus,
954 3069 1103 3144 quod
1130 3068 1215 3125 illi
1248 3068 1308 3125 in
1337 3070 1587 3127 eamdem
1628 3072 1912 3127 materiam
1934 3072 2170 3128 scribere
2217 3070 2477 3144 aggressi,
2516 3071 2939 3144 Hieronymum,
2988 3079 3083 3127 aut
3120 3087 3244 3127 eum
3294 3070 3477 3144 potius

159 3161 327 3235 cujus
352 3177 634 3218 sermones
675 3161 839 3217 initio
870 3159 1209 3233 Appendicis
1235 3159 1304 3215 ad
1335 3160 1590 3232 quintum
1632 3159 1872 3231 Operum
1904 3159 2434 3231 Augustinianorum
2476 3167 2690 3235 tomum
2722 3160 2999 3232 leguntur,
3050 3174 3323 3232 quemque
3360 3174 3471 3214 non

158 3266 339 3324 pauca
364 3267 437 3308 ex
456 3251 692 3322 Origene
717 3258 1031 3308 mutuatum
1060 3258 1276 3308 constat
1303 3250 1502 3322 saepius
1529 3248 1598 3305 ad
1626 3248 1858 3305 verbum
1886 3246 2305 3319 transcripsere.

615 3530 762 3615 DE
829 3526 1056 3612 XLII
1124 3521 1895 3611 MANSIONIBUS
1965 3516 2532 3609 FILIORUM'
2582 3521 3016 3609 ISRAEL.

244 3694 283 3751 1
307 3696 670 3754 NUMBRORUM
691 3694 849 3765 liber,
882 3694 949 3751 de
978 3709 1088 3768 quo
1117 3708 1266 3750 nunc
1291 3690 1453 3748 nobis
1468 3698 1549 3748 est
1563 3706 1764 3752 sermo:
1800 3686 1848 3745 Α
1879 3698 2193 3772 Egyptios,
2223 3697 2589 3772 barbarosque
2629 3698 2869 3772 gerimus
2910 3714 3109 3769 mores,
3157 3707 3345 3757 sancto
3374 3702 3470 3758 Dei

156 3803 306 3845 unus
342 3794 426 3844 est
466 3802 536 3844 ex
567 3786 810 3861 quinque
839 3784 1017 3858 Moysi
1047 3783 1224 3840 libris.
1257 3784 1340 3839 Eo
1369 3798 1501 3839 vero
1530 3781 1755 3838 nomine

157 3876 395 3949 legimus
448 3875 733 3949 appellari,
781 3872 1041 3949 quoniam
1089 3870 1402 3928 Israeliticae
1458 3869 1633 3943 plebis
1686 3884 1757 3924 ex

156 3966 404 4040 Egypto
432 3980 660 4038 egressa:
692 3964 940 4021 virorum
982 3962 1351 4036 perfectorum
1382 3974 1675 4016 numerum
1704 3966 1758 4015 et

157 4055 632 4128 computationem
687 4054 789 4111 Dei
843 4059 1116 4128 praecepto
1172 4049 1438 4109 continet.
1470 4048 1562 4107 Sic
1608 4045 1755 4104 enim

158 4146 340 4220 Moysi
385 4145 603 4203 locutus
631 4152 712 4202 est
733 4147 920 4203 Deus:
994 4166 1013 4191 ι
1047 4142 1251 4214 Accipe
1308 4155 1587 4197 summam
1635 4137 1756 4195 uni-

158 4254 329 4296 versae
357 4237 797 4311 congregationis
826 4236 1068 4293 ﬁliorum
1099 4234 1269 4292 Israel
1298 4250 1330 4290 a
1366 4231 1565 4305 viginti
1597 4232 1758 4289 annis

159 4338 213 4387 et
258 4345 444 4401 supra,
495 4345 593 4402 per
644 4328 839 4385 domos
886 4326 1221 4384 familiarum
1259 4325 1528 4398 ipsorum,
1577 4323 1757 4379 omnis

159 4418 443 4493 egrediens
472 4417 542 4474 ad
582 4416 945 4490 praeliandum
975 4415 1034 4470 in
1064 4415 1250 4471 Israel.
1285 4440 1303 4463 ι
1344 4415 1532 4485 Itaque
1570 4412 1755 4468 Domi-

159 4526 262 4566 nus
300 4525 430 4566 cum
477 4507 733 4565 homines
791 4523 824 4563 a
851 4504 1054 4578 viginti
1084 4503 1245 4561 annis
1291 4512 1347 4560 et
1375 4519 1559 4575 supra,
1589 4510 1643 4559 et
1687 4502 1755 4557 ad

162 4595 526 4671 praeliandum
577 4596 808 4653 idoneos
835 4595 1118 4651 numerari
1148 4592 1489 4665 praeceperit,
1520 4591 1754 4648 manife—

156 4695 301 4745 stum
355 4685 506 4760 quod
564 4685 716 4742 viros
791 4685 1065 4758 perfectos
1125 4681 1486 4741 intellexerit.
1540 4683 1589 4738 A
1648 4697 1757 4754 qua

156 4792 371 4833 summa
417 4774 678 4832 mulieres
741 4775 992 4833 femineas
1053 4773 1395 4832 inﬁrmitatis
1450 4772 1752 4841 obstaculo,

156 4862 323 4933 servi,
352 4870 565 4936 utpote,
598 4865 716 4920 vita
745 4864 1101 4939 moribusque
1139 4865 1451 4936 degeneres,
1480 4860 1752 4934 Egyptii,

155 4963 217 5011 ut
271 4952 594 5025 alienigenae
651 4959 707 5009 et
758 4952 998 5023 barbari,
1054 4953 1428 5011 excluduntur
1455 4952 1751 5024 (Origenes,

1865 3790 2078 3848 calculo
2119 3788 2399 3846 numerari
2449 3803 2563 3845 non
2601 3804 2901 3845 meremur.
2952 3789 3015 3845 In
3055 3788 3244 3846 eodem
3276 3790 3472 3848 deinde

1865 3879 2009 3936 libro
2038 3877 2281 3935 ﬁliorum
2331 3877 2497 3934 Israel
2544 3876 2766 3946 itinera,
2798 3877 3188 3949 profectiones,
3220 3880 3472 3936 mansio—

1865 3983 2116 4041 nesquea
2145 3966 2351 4024 ﬁnibus
2379 3966 2606 4039 Egypti
2636 3981 2811 4038 usque
2841 3964 2910 4021 ad
2938 3974 3154 4038 tempus
3180 3974 3234 4022 et
3265 3967 3465 4037 locum,

1867 4074 1977 4132 quo
2002 4058 2217 4130 Moyses
2241 4056 2536 4113 defunctus
2564 4063 2669 4123 est,
2694 4053 2952 4109 mandato
2972 4055 3072 4111 Dei
3095 4065 3464 4114 recensentur.

1864 4146 2051 4220 Inquit
2080 4145 2260 4202 enim:
2307 4169 2325 4192 ι
2357 4143 2685 4221 Et_scripsit
2725 4144 2942 4216 Moyses
2970 4142 3339 4215 profectiones
3366 4162 3469 4202 eo-

1866 4253 1989 4293 rum
2011 4244 2064 4291 et
2094 4234 2406 4291 mansiones
2436 4250 2650 4301 eorum,
2672 4249 2768 4305 per
2782 4233 3015 4289 verbum
3045 4234 3269 4290 Domini
3300 4236 3462 4307 (Ibid.

1865 4324 1980 4397 44).
2014 4351 2032 4375 ι
2075 4324 2186 4381 Nec
2241 4339 2372 4379 vero
2427 4322 2545 4379 sine
2574 4328 2737 4378 eausa
2784 4322 2961 4394 Moysi
3020 4321 3126 4379 hoc
3172 4323 3407 4379 scribere
3436 4343 3467 4381 a

1863 4415 2102 4472 Domino
2158 4419 2491 4486 praeceptum
2541 4419 2666 4479 est;
2710 4410 2838 4485 quia
2877 4419 3099 4484 propter
3137 4412 3466 4471 instructio-

1864 4519 1989 4559 nem
2019 4510 2263 4559 nostram
2290 4520 2304 4569 ;
2348 4500 2532 4574 inquit
2561 4500 2710 4557 enim
2739 4500 3041 4574 Apostolus
3067 4519 3080 4557 :
3127 4526 3146 4550 ι
3177 4503 3376 4560 Omnia
3405 4503 3463 4560 in

1864 4590 2039 4665 ﬁgura
2083 4591 2479 4663 contingebant
2506 4590 2620 4646 illis
2650 4609 2671 4656 ;
2699 4591 2902 4664 scripta
2956 4600 3087 4649 sunt
3134 4602 3314 4649 autem
3347 4594 3463 4649 hazc

1863 4681 1931 4739 ad
1967 4682 2362 4739 correctionem
2399 4688 2642 4737 nostram
2667 4682 2739 4754 (Ι.
2768 4683 2893 4740 Cor.
2923 4697 2984 4751 x,
3014 4683 3161 4754 ﬂ),-
3203 4691 3265 4738 ut
3288 4684 3460 4753 legen-

1862 4779 1944 4828 tes
1972 4780 2027 4828 et
2076 4771 2374 4844 probantes
2411 4776 2617 4844 quanta
2672 4770 2834 4826 nobis
2891 4769 2950 4825 in
3004 4769 3110 4826 hac
3155 4770 3224 4825 ad
3259 4778 3457 4827 terram

1862 4862 2172 4919 viventium
2187 4861 2528 4934 profectione
2545 4860 2872 4917 immineant
2892 4860 3459 4934 discrimina,quanta:

1862 4950 2105 5007 hostium
2164 4950 2403 5017 insidiae,
2433 4948 2706 5003 bellorum
2738 4947 3175 5006 conﬁictationes
3228 4951 3459 5023 spirita—

154 5042 305 5100 hom.
348 5041 375 5098 1
426 5042 483 5097 in
512 5042 673 5099 Num.
705 5059 776 5099 ex
822 5059 966 5100 vers.
1014 5042 1194 5114 Ruf.).
1228 5040 1342 5098 Soli
1398 5046 1760 5097 numerantur
1786 5056 1832 5116 Β
1862 5039 2023 5107 lium,
2072 5037 2306 5093 marium
2349 5044 2404 5093 et
2433 5035 2750 5104 ﬂuminum,
2782 5036 2975 5093 mundi
3023 5046 3077 5095 et
3106 5040 3455 5113 voluptatum

154 5130 433 5199 Israelitae,
468 5146 567 5188 nec
602 5131 643 5187 ii
681 5148 872 5189 omnes
899 5150 912 5199 ;
949 5130 1045 5189 sed
1072 5131 1269 5188 robore
1294 5136 1511 5186 tantum
1541 5136 1596 5185 et
1625 5127 1750 5184 vir-

155 5228 267 5278 tute
294 5226 633 5293 prazstantes.
676 5221 767 5278 Sic
810 5221 959 5278 enim
988 5220 1255 5294 scriptum
1285 5227 1393 5275 est:
1444 5241 1463 5265 ι
1488 5219 1747 5275 Numera-

154 5310 230 5367 tio
263 5308 507 5366 ﬁliorum
557 5310 721 5366 Israel
771 5328 896 5368 cum
941 5310 1189 5368 exercitu
1224 5325 1414 5365 eorum
1466 5323 1499 5364 a
1549 5306 1747 5379 viginti

155 5398 311 5455 annis
364 5407 419 5456 et
469 5415 657 5472 supra,
687 5400 871 5457 omnis
916 5399 1205 5473 egrediens
1258 5397 1327 5455 ad
1384 5394 1747 5470 praeliandum

158 5488 213 5545 in
240 5488 427 5557 Israel,
460 5496 568 5546 etc.
602 5489 788 5559 (Num.
821 5506 862 5554 ι,
890 5489 1009 5560 ἔιὸ).
1043 5515 1061 5538 ι
1102 5489 1215 5545 Nec
1253 5486 1309 5544 id
1339 5487 1605 5560 mysterio
1642 5502 1750 5542 va-

158 5584 275 5636 cat:
315 5593 446 5634 nam
487 5576 620 5634 dum
651 5579 880 5652 puerilis
922 5585 977 5634 et
1006 5576 1253 5633 lubricus
1280 5593 1493 5645 sensus,
1542 5576 1628 5633 vel
1660 5575 1752 5632 fe-

162 5666 335 5723 minea
387 5673 445 5723 et
484 5667 724 5724 resoluta
770 5666 1030 5741 segnities
1079 5663 1241 5723 nobis
1296 5664 1459 5734 inest,
1497 5665 1584 5722 vel
1614 5662 1747 5720 dum

470 5765 711 5825 Pas-non.
753 5765 931 5825 XVII.

1855 5128 2101 5204 pericula
2123 5126 2585 5199 (Origenes,hom.
2615 5125 2683 5182 27
2713 5126 2769 5181 in
2797 5127 2957 5184 Num.
2990 5143 3060 5184 ex
3099 5145 3241 5186 vers.
3274 5131 3452 5204 Ruﬁ);

1857 5218 1962 5276 iter
1988 5223 2236 5273 nostrum
2270 5232 2381 5272 non
2412 5214 2669 5289 segniter,
2693 5232 2869 5290 neque
2900 5217 3124 5274 remisse
3146 5235 3451 5291 carpamus,

1857 5325 1966 5383 quo
1992 5307 2206 5363 labente
2235 5306 2347 5376 die,
2386 5306 2446 5363 in
2493 5304 2675 5362 medio
2718 5300 3041 5363 deﬁciamus
3086 5308 3304 5378 itinere,
3344 5325 3456 5367 no—

1855 5399 1959 5455 ctis
1986 5395 2229 5454 tenebris
2271 5396 2480 5454 obruti.
2525 5396 2695 5453 Nocte
2721 5395 2869 5451 enim
2898 5396 3126 5468 Egypti
3173 5397 3454 5470 primoge-

1856 5487 1974 5543 nita
2001 5486 2070 5543 ab
2090 5486 2516 5543 exterminatore
2546 5484 2934 5556 percutiuntur
2955 5486 3157 5553 (Exod.
3192 5503 3294 5555 χιι,
3320 5482 3413 5557 29)
3437 5509 3450 5556 ;

1857 5583 2017 5633 nocte
2062 5576 2211 5633 avari
2259 5575 2445 5633 anima
2486 5572 2681 5629 divitis
2709 5588 2740 5628 a
2771 5571 3115 5629 daemonibus
3151 5575 3455 5648 reposcitur

1860 5665 2003 5738 (Luc.
2034 5683 2137 5738 xu,
2173 5667 2291 5742 20).
2323 5664 2430 5723 Sed
2464 5659 2766 5737 prudenter
2795 5660 2980 5717 itineri
3027 5677 3126 5717 nos
3154 5664 3454 5736 accingen-

3175 5760 3205 5824 1
