3932 6210
511 339 574 395 il
1489 337 1586 393 AD
1624 332 1858 392 OPEBA
1895 335 1952 391 S.
1994 330 2327 390 AMBROSII
2365 330 2746 389 APPENDIX.
3746 332 3824 388 {2

507 470 609 530 tes,
662 460 988 534 fortiterque
1037 461 1107 518 ad
1136 462 1281 518 bella
1320 461 1627 534 praeparati,
1677 460 1745 516 de
1793 460 1999 515 virtute
2029 457 2097 514 ad
2126 460 2178 519 A
2206 455 2293 513 bis
2320 455 2662 524 immundus,
2684 471 2798 512 non
2826 454 3125 512 comedetis
3143 470 3215 511 ex
3234 470 3299 511 eo
3324 472 3335 510 :
3368 462 3423 510 at
3441 471 3587 513 anno
3608 466 3825 530 quarto

507 548 770 605 virtutem
794 556 1156 619 transeamus,
1185 558 1241 607 et
1276 550 1548 607 Dominus
1575 549 1719 604 Deus
1748 554 1936 604 noster
1964 563 2099 620 prae-

503 639 660 697 cedat
688 657 789 696 nos
820 648 946 696 ante
969 639 1167 698 faciem
1219 647 1484 707 nostram,
1516 637 1796 695 debellans
1841 637 2100 693 inimicos

502 737 741 798 nostros,
773 738 1106 804 portansque
1135 746 1253 797 nos,
1286 737 1349 785 ut
1378 736 1550 783 mater
1577 726 1756 782 ﬁlium
1804 742 1987 793 suum,
2036 741 2099 782 ac

501 820 709 877 ducens
738 836 838 876 nos
868 819 927 876 in
966 820 1055 876 die
1101 837 1198 892 per
1227 820 1453 888 nubem,
1485 825 1539 874 et
1566 826 1727 873 nocte
1764 833 1862 889 per
1890 816 2095 889 ignem,

500 925 564 973 ut
591 917 813 975 tandem
843 917 1118 989 superatis
1162 916 1477 989 quibusque
1505 912 1551 970 2
1592 914 1808 970 itineris
1848 913 2099 969 difﬁcul-

500 1008 727 1077 tatibus,
769 1007 1315 1080 adversariarumque
1367 1005 1686 1063 incursibus
1742 1011 2096 1076 potestatum,

499 1096 897 1169 profectionem
926 1104 1170 1153 nostram
1205 1095 1439 1168 gloriose
1460 1093 1829 1166 perﬁciamus.
1865 1092 2097 1148 Mansio-

497 1201 596 1241 nes
624 1202 754 1242 vero
782 1185 1025 1243 ﬁliorum
1056 1185 1223 1241 Israel
1251 1182 1617 1257 quadraginta
1645 1188 1697 1236 et
1725 1181 1847 1237 duae
1868 1196 2098 1237 numero

496 1283 908 1347 computantur,
926 1292 1047 1347 quae
1063 1273 1299 1343 denarii,
1317 1271 1678 1347 quaternarii,
1708 1280 1762 1327 et
1789 1270 1992 1326 binarii
2016 1287 2097 1326 ra-

494 1364 647 1420 tione
664 1364 885 1420 numeri
902 1379 1063 1436 quem
1089 1362 1399 1428 continent,
1416 1362 1590 1417 multa
1609 1377 1710 1417 nos
1729 1358 1994 1432 mysteria
2004 1359 2097 1416 do-

498 1461 643 1510 cent.
676 1453 941 1510 Volentes
961 1459 1143 1509 autem
1174 1451 1231 1507 id
1261 1450 1441 1519 vobis,
1465 1451 1680 1518 fratres,
1697 1449 1993 1521 explicare,
2015 1448 2097 1503 in-

500 1541 757 1610 tuemini,
786 1540 1033 1611 obsecro,
1064 1548 1120 1596 et
1149 1540 1298 1613 ﬁgite
1329 1540 1630 1609 memoriae,
1672 1555 1742 1595 ne
1787 1536 1943 1593 verbi
1970 1553 2096 1594 con-

500 1639 799 1704 temptores
843 1631 1230 1698 inveniamini,
1271 1647 1373 1686 nec
1415 1630 1513 1685 ﬁat
1555 1630 1740 1685 anima
1774 1636 1956 1684 vestra
1984 1629 2094 1697 via,

500 1719 595 1776 ubi
634 1736 802 1792 grana
842 1719 1046 1791 jactata
1093 1734 1205 1774 non
1236 1719 1545 1791 germinent
1576 1735 1588 1772 ε
1631 1726 1685 1773 et
1720 1717 1965 1785 veniant,
1999 1716 2098 1772 in-

2206 546 2312 603 erit
2341 545 2523 602 omnis
2548 546 2761 604 fructus
2787 543 2907 618 ejus
2925 552 3147 602 sanctus
3175 551 3229 600 et
3244 542 3541 601 laudabilis
3564 546 3826 604 Domino

2211 636 2398 707 (Leuit.
2422 654 2541 702 XIV,
2571 635 2661 703 23,
2688 634 2804 706 24).
2833 659 2852 683 ιι
2913 633 3026 690 Nec
3070 631 3349 689 immerito
3383 649 3395 687 :
3452 634 3825 706 quaternioni

2208 725 2353 781 enim
2397 724 2589 781 insunt
2617 723 2825 791 omnia,
2864 730 3154 795 punctum,
3182 720 3348 788 linea,
3377 721 3726 793 superﬁcies,
3764 732 3826 780 et

2206 815 2478 881 soliditas,
2520 830 2788 870 mensurae
2833 811 3243 869 universorum.
3289 810 3486 867 Insunt
3514 811 3677 867 etiam
3716 829 3823 885 po-

2205 903 2431 961 tissimae
2483 902 2829 976 symphoniae
2877 901 3120 958 musicae.
3178 900 3388 957 Deinde
3439 900 3821 974 quadranguli

2206 992 2377 1049 latera
2421 999 2636 1064 oportet
2682 1007 2798 1047 esse
2849 989 3099 1063 aequalia.
3130 989 3442 1062 Equalitas
3471 1006 3604 1046 vero
3631 1000 3823 1048 mater

2207 1080 2561 1152 estjustitiaa,
2587 1097 2707 1153 quae
2744 1087 3068 1136 caeterarum
3115 1078 3389 1135 virtutum
3422 1079 3540 1137 dux
3605 1088 3689 1138 est
3761 1090 3821 1136 et

2208 1169 2487 1241 magistra.
2518 1169 2797 1225 Justitiam
2826 1185 2954 1241 ergo
2983 1168 3367 1240 quaternarius
3403 1168 3672 1226 insinuat.
3719 1169 3820 1227 Bi-

2206 1258 2397 1316 narius
2422 1258 2643 1314 demum
2673 1274 2775 1314 nec
2820 1257 2937 1330 ipse
2970 1273 3165 1329 expers
3205 1266 3287 1314 est
3328 1257 3603 1331 mysterii.
3650 1258 3819 1332 Legi-

2207 1365 2331 1405 mus
2381 1347 2527 1403 enim
2588 1347 2809 1403 viduam
2865 1346 3019 1402 illam
3058 1345 3264 1419 insigni
3315 1345 3477 1403 laude
3505 1363 3537 1402 a
3564 1346 3820 1404 Domino

2206 1436 2579 1494 commendari
2621 1453 2743 1509 qua:
2790 1453 2896 1493 tera
2924 1436 3035 1493 duo
3072 1437 3132 1492 in
3161 1436 3618 1509 gazophylacium
3650 1437 3819 1494 misit

2209 1527 2359 1595 (Luc.
2402 1543 2520 1595 XXI,
2552 1525 2691 1597 2-4).
2724 1525 3098 1582 Samaritanus
3128 1542 3225 1598 pro
3253 1525 3538 1582 curatione
3576 1526 3817 1584 sauciati

2205 1615 2365 1671 binos
2392 1616 2637 1689 erogavit
2665 1632 2923 1673 nummos
2954 1618 3105 1690 (Luc.
3138 1633 3196 1685 x,
3226 1616 3341 1688 35).
3374 1615 3537 1689 Apud
3569 1616 3818 1675 Samari-

2202 1710 2364 1761 tanos
2407 1705 2638 1762 biduum
2691 1704 2956 1778 transegit
3009 1705 3264 1761 Salvator
3321 1704 3575 1763 Christus
3615 1707 3815 1779 (Joan.

498 1810 641 1885 quit,
692 1809 949 1865 volatilia
994 1809 1139 1878 cceli,
1173 1817 1228 1865 et
1272 1808 1493 1881 rapiant
1523 1824 1603 1864 ea.
1651 1807 1922 1879 Percipite
1971 1823 2087 1879 ergc

2206 1810 2284 1858 ιν,
2315 1793 2407 1866 43)
2436 1813 2447 1850 ;
2513 1794 2833 1868 bipertitam
2865 1810 3102 1867 namque
3144 1794 3417 1866 signiﬁcat
3454 1794 3815 1866 charitatem,

498 1899 639 1968 haec,
670 1906 724 1955 et
742 1898 1025 1955 recondite
1056 1899 1115 1953 in
1134 1898 1399 1955 cordibus
1424 1897 1641 1954 vestris.
1680 1896 1952 1954 Denarius
1980 1912 2094 1951 nu—

498 2004 683 2044 merus
730 1989 1001 2059 mysticus
1043 1995 1144 2058 est,
1192 1996 1247 2044 et
1284 2004 1397 2044 non
1429 1986 1785 2044 mediocriter
1831 2001 1862 2040 a
1908 1986 2094 2058 Moyse

497 2077 952 2135 commendatus:
993 2077 1061 2134 ad
1104 2094 1227 2134 eum
1275 2093 1514 2151 namque
1541 2075 1835 2149 primitias,
1865 2074 2093 2131 oblatio-

498 2184 700 2242 nesque
722 2177 776 2225 et
805 2177 933 2225 vota
960 2169 1147 2225 refert.
1178 2169 1365 2242 Inquit
1389 2169 1571 2224 enim:
1620 2192 1637 2213 ι
1667 2166 1860 2224 Omnis
1882 2164 2093 2222 decima

498 2267 678 2329 terrae,
729 2268 783 2317 et
825 2277 858 2316 a
901 2261 1088 2319 fructu
1140 2260 1343 2333 ligneo,
1377 2259 1618 2316 Domino
1665 2266 1779 2315 est:
1816 2266 1870 2313 et
1913 2256 2094 2311 omnis

496 2350 711 2409 decima
739 2352 908 2409 boum
967 2360 1021 2409 et
1068 2352 1285 2420 ovium,
1314 2358 1369 2406 et
1395 2366 1556 2407 omne
1587 2347 1736 2421 quod
1781 2347 1996 2404 venerit
2034 2345 2091 2401 in

495 2457 746 2511 numero,
802 2442 904 2498 sub
960 2441 1135 2514 virga,
1190 2441 1404 2497 decima
1453 2439 1558 2495 erit
1614 2445 1802 2494 sancta
1853 2435 2092 2493 Domino

498 2532 689 2604 (Leuit.
721 2548 902 2600 xxvn,
931 2531 1021 2599 30,
1066 2532 1182 2603 32).
1219 2557 1237 2579 -
1294 2529 1545 2602 Denique
1593 2527 1780 2597 Jacob,
1834 2528 1948 2583 Deo
1985 2524 2089 2581 sibi

494 2619 627 2676 dum
656 2621 724 2677 ad
758 2621 941 2678 Laban
972 2622 1309 2677 avunculum
1341 2636 1501 2676 suum
1548 2618 1607 2674 in
1643 2613 2089 2689 Mesopotamiam

492 2709 957 2782 proﬁcisceretur,
1010 2710 1071 2765 in
1115 2709 1313 2767 itinere
1346 2707 1630 2782 apparenti
1678 2705 1961 2780 pollicitus
1988 2710 2090 2771 est,

492 2796 678 2854 dicens
712 2817 724 2854 :
772 2822 791 2845 -
822 2798 1090 2856 Omnium
1120 2815 1241 2870 quae
1270 2796 1408 2853 mihi
1439 2796 1675 2864 dederis,
1705 2793 1974 2851 decimam
2002 2791 2091 2847 de-

492 2888 710 2944 cimabo
736 2888 843 2945 tibi
872 2890 1030 2961 (Gen.
1051 2905 1256 2956 xxvm,
1280 2889 1394 2960 22).
1420 2914 1438 2936 ι
1469 2888 1622 2943 Hanc
1646 2885 1716 2942 ob
1746 2901 1963 2942 causam
1978 2882 2091 2939 Noe

492 2976 589 3033 ille
618 2978 714 3050 qui
752 2978 965 3051 primus
1011 2978 1070 3033 in
1100 2978 1275 3034 veleri
1318 2978 1596 3051 Scriptura
1623 2975 1806 3049 justus
1834 2988 2092 3047 pronun-

493 3065 664 3122 tiatus
693 3074 796 3135 est,
827 3066 1076 3123 decimus
1106 3083 1138 3123 a
1166 3068 1502 3140 protoplasto
1532 3066 1842 3133 inducitur,
1879 3079 1991 3119 non
2021 3059 2089 3115 ad

495 3155 891 3211 ostendendam
924 3157 1234 3213 viventium
1290 3165 1420 3213 tunc
1464 3163 1717 3221 aetatem,
1736 3152 1827 3209 vel
1855 3149 1925 3206 ad
1957 3164 2089 3221 prae-
2116 3175 2166 3239 Ο

491 3244 847 3301 scribendum
896 3262 1186 3302 numerum
1239 3244 1574 3302 hominum:
1638 3242 1733 3299 sed
1789 3249 1851 3297 ut
1906 3244 2087 3311 aperte

492 3332 784 3390 doceretur
839 3335 988 3408 quod
1045 3336 1189 3392 sicut
1246 3335 1524 3402 denarius,
1574 3344 1935 3389 numerorum
1991 3326 2087 3400 qui

488 3422 761 3478 unitatem
811 3431 1138 3496 sequuntur,
1183 3424 1615 3497 perfectissimus
1657 3426 1759 3486 est,
1809 3418 1887 3473 ita
1940 3424 2084 3473 tran-

490 3512 741 3585 quillitas
769 3512 826 3569 in
856 3514 1061 3583 anima,
1093 3514 1219 3571 ﬁnis
1247 3523 1328 3571 est
1370 3531 1427 3570 re
1457 3528 1589 3569 vera
1623 3508 1903 3565 actionum
1934 3506 2083 3563 vitae.

489 3600 690 3657 Ternio
717 3602 865 3657 enim
895 3619 993 3675 per
1027 3603 1265 3676 seipsum
1294 3600 1697 3674 multiplicatus
1722 3596 2085 3652 novenarium

489 3689 749 3761 complet,
790 3698 845 3747 et
885 3691 1029 3760 lites,
1062 3692 1313 3759 dissidia,
1344 3692 1598 3761 bellaque
1642 3683 1849 3740 divinis
1878 3683 2088 3740 indicat

489 3779 746 3848 oraculis,
782 3788 843 3837 ut
876 3790 1023 3854 patet
1072 3782 1132 3838 in
1188 3790 1431 3857 quatuor
1483 3785 1537 3833 et
1574 3772 1817 3847 quinque
1864 3773 2086 3847 regibus

489 3867 905 3941 dissidentibus,
929 3889 1154 3947 seseque
1183 3881 1380 3928 mutuo
1401 3863 1872 3940 impugnantibus.
1892 3863 2084 3920 Unitas

488 3973 621 4014 vero
653 3961 951 4018 novenario
981 3962 1396 4034 superveniens,
1445 3954 1732 4014 denarium
1763 3954 1999 4028 perﬁcit,
2030 3963 2084 4011 et

486 4063 697 4120 pacem,
745 4050 1159 4124 amicitiamque
1215 4049 1488 4121 designat.
1545 4045 1753 4101 Novem
1780 4044 1928 4100 enim
1970 4060 2079 4101 cer-

485 4136 733 4194 tantibus
775 4139 996 4213 regibus
1048 4138 1265 4212 sapiens
1306 4134 1586 4193 Abraham
1634 4134 1788 4208 quasi
1835 4132 2081 4190 decimus

485 4228 876 4297 superveniens
928 4244 1027 4301 pro
1083 4232 1404 4298 tempestate
1451 4223 1930 4297 tranquillitatem,
1980 4239 2080 4296 pro

483 4313 630 4371 bello
684 4334 895 4389 pacem,
932 4332 1032 4391 pro
1088 4323 1265 4371 morte
1312 4312 1629 4381 victoriam,
1674 4314 1788 4369 Deo
1836 4312 2076 4381 favente,

484 4405 688 4462 attulit.
731 4409 885 4466 Unde
914 4416 967 4464 et
997 4401 1398 4463 Melchisedech
1429 4400 1631 4458 summi
1681 4401 1781 4458 Dei
1811 4401 2077 4459 sacerdoti

484 4493 726 4553 decimas
755 4496 1017 4555 exsolvit.
1050 4493 1319 4549 Denarius
1353 4508 1482 4563 ergo
1510 4506 1774 4548 numerus
1803 4492 2078 4565 perfectus

483 4598 564 4647 est
593 4599 646 4646 et
702 4595 976 4649 unitatem
1026 4585 1296 4658 designat.
1357 4585 1751 4653 Quaternarius
1780 4601 1999 4659 quoque
2027 4595 2081 4643 et

482 4680 598 4753 ipse
654 4683 925 4754 mysticus
968 4683 1073 4741 est,
1122 4682 1177 4730 et
1218 4677 1278 4731 in
1316 4676 1601 4748 Scriptura
1629 4675 2076 4732 commendatur:

483 4786 609 4826 nam
653 4772 957 4842 speciosam
1003 4765 1158 4820 illam
1189 4765 1389 4835 lucem,
1440 4782 1560 4838 quae
1615 4765 1847 4838 seipsam
1890 4773 1945 4820 et
1982 4781 2079 4820 cae-

482 4868 601 4916 tera
628 4860 969 4922 manifestat,
1000 4854 1230 4912 luminis
1264 4854 1537 4929 genitores
1583 4856 1754 4913 solem
1784 4864 1839 4912 et
1866 4855 2076 4924 lunam,

483 4965 547 5004 ac
584 4946 977 5020 praefulgidum
1023 4945 1307 5003 stellarum
1354 4944 1611 5016 chorum,
1660 4962 1781 5019 quae
1838 4952 2076 5013 noctem,

483 5038 762 5108 diemque,
807 5052 1044 5106 menses,
1089 5052 1368 5110 annosque
1405 5036 1636 5093 oriendo
1692 5043 1747 5092 et
1775 5034 2079 5093 occidendo

482 5125 803 5192 terminant,
862 5124 952 5181 die
1002 5134 1194 5198 quarto
1240 5133 1423 5183 creata
1451 5142 1566 5182 esse
1596 5141 1775 5182 sermo
1802 5123 2077 5197 propheti-

481 5231 580 5272 cus
622 5213 881 5271 declarat.
925 5215 1118 5273 Mundi
1163 5216 1373 5273 radices
1421 5226 1657 5290 quatuor
1694 5223 2075 5282 numerantur,

482 5317 649 5374 terra,
697 5325 857 5382 aqua,
913 5311 1056 5385 ignis
1084 5322 1138 5370 et
1195 5330 1304 5370 aer.
1338 5312 1383 5368 3
1411 5314 1484 5369 Et
1536 5328 1733 5367 annuas
1767 5319 2075 5382 temporum

484 5397 630 5454 vices
677 5408 805 5457 sunt
858 5402 1108 5472 totidem,
1160 5402 1359 5469 hiems,
1403 5409 1584 5467 aestas,
1606 5416 1705 5455 ver
1747 5407 1801 5455 et
1847 5406 2077 5454 autum—

482 5502 607 5542 nus.
640 5488 888 5565 Denique
941 5491 1008 5549 de
1062 5501 1223 5550 terrae
1274 5492 1551 5548 fructibus
1604 5491 1718 5545 Deo
1771 5487 2076 5544 oblationes

482 5590 689 5634 annum
735 5588 861 5638 ante
913 5589 1169 5656 quartum
1223 5581 1342 5637 ﬁeri
1374 5578 1744 5653 prohibetur:
1807 5577 1897 5634 Sic
1924 5575 2074 5632 enim

480 5664 744 5739 scriptum
778 5679 859 5728 est
893 5689 905 5727 ε
952 5697 969 5716 σι
1019 5672 1256 5726 Fructus
1284 5677 1444 5723 terra;
1473 5674 1584 5721 tres
1613 5682 1787 5722 annos
1836 5665 1941 5721 erit
1978 5682 2071 5720 vo-

2203 1883 2304 1939 Dei
2334 1899 2549 1956 nempe,
2580 1891 2637 1939 et
2671 1883 2911 1956 proximi
2946 1901 2957 1939 :
3009 1907 3027 1930 ι
3058 1884 3119 1939 In
3149 1883 3238 1940 his
3265 1883 3503 1953 duobus,
3534 1883 3673 1940 dicit
3699 1887 3815 1942 Do-

2205 1971 2409 2042 minus,
2459 1972 2719 2030 universa
2745 1974 2859 2030 Lex
2910 1971 3112 2047 pendet
3149 1982 3204 2031 et
3249 1974 3534 2047 Propheta
3585 1975 3811 2045 (Matth.

2201 2076 2349 2130 xxn,
2381 2064 2498 2137 40).
2551 2092 2571 2115 ι
2635 2065 2948 2122 Mansiones
2999 2065 3169 2138 igitur
3219 2065 3461 2122 ﬁliorum
3519 2066 3685 2123 Israel
3740 2067 3815 2124 ab

2204 2154 2433 2227 Egypti
2488 2153 2716 2223 ﬁnibus,
2758 2170 2932 2228 usque
2984 2154 3053 2211 ad
3099 2155 3544 2228 repromissionis
3598 2163 3811 2213 terram

2204 2245 2567 2320 quadraginta
2596 2244 2717 2301 duae
2765 2261 2795 2301 a
2840 2246 3031 2319 Moyse
3066 2254 3441 2303 recensentur.
3474 2244 3565 2303 Sic
3600 2252 3655 2301 et
3683 2262 3814 2303 san-

2203 2344 2325 2391 ctus
2382 2334 2677 2391 Matthaeus
2724 2333 2932 2392 Christi
2998 2334 3403 2407 generationem
3463 2334 3811 2405 describens,

2204 2423 2566 2497 quadraginta
2620 2424 2755 2481 duas
2813 2430 3116 2479 enumerat.
3172 2422 3365 2494 Inquit
3393 2421 3593 2480 enim:
3638 2447 3659 2471 α
3718 2425 3813 2482 Ab

2202 2515 2481 2572 Abraham
2511 2532 2683 2588 usque
2714 2513 2785 2570 ad
2812 2512 3011 2582 David,
3042 2512 3420 2585 generationes
3473 2514 3811 2587 quatuorde-

2202 2603 2344 2671 cim;
2380 2620 2411 2669 a
2463 2603 2642 2659 David
2674 2618 2847 2676 usque
2873 2601 2941 2658 ad
2997 2601 3534 2675 transmigrationem
3565 2602 3807 2675 Babylo-

2201 2694 2311 2763 nis,
2334 2693 2710 2767 generationes
2733 2692 3150 2767 quatuordecim
3170 2713 3185 2763 ;
3202 2692 3808 2768 etatransmigratione

2202 2783 2504 2856 Babylonis
2550 2800 2722 2857 usque
2767 2783 2837 2840 ad
2894 2783 3200 2851 Christum,
3249 2784 3625 2858 generationes
3666 2799 3806 2858 qua-

2200 2872 2507 2928 tuordecim
2542 2874 2755 2946 (Matth.
2790 2889 2828 2941 ι,
2862 2873 2953 2945 17)
2995 2892 3007 2930 :
3040 2898 3059 2923 ιι
3102 2882 3165 2930 ut
3193 2873 3503 2931 ostenderet
3530 2872 3681 2946 quod
3707 2890 3806 2931 ve~

2199 2977 2295 3017 rus
2326 2960 2574 3016 Israelita
2602 2960 2696 3033 qui
2727 2960 2794 3017 de
2823 2962 3011 3018 saeculi
3036 2960 3206 3034 hujus
3223 2963 3467 3035 Egypto
3482 2962 3551 3019 ad
3569 2964 3803 3034 omium,

2199 3065 2385 3105 veram
2415 3049 2724 3106 viventium
2757 3057 2980 3119 terram,
3008 3068 3106 3124 per
3149 3058 3232 3107 tot
3259 3067 3445 3108 rerum
3475 3051 3805 3111 discrimina

2197 3146 2251 3195 et
2279 3138 2636 3196 inimicorum
2670 3146 3032 3210 tentameuta,
3072 3140 3362 3213 pervenire
3390 3140 3635 3211 festinat,
3665 3157 3804 3215 pace

2197 3245 2295 3301 per
2323 3228 2633 3299 denarium,
2659 3229 2881 3303 justitia
2911 3247 3007 3304 per
3044 3231 3478 3306 quaternarium,
3528 3232 3802 3291 charitate

2197 3335 2293 3391 per
2320 3318 2620 3389 binarium,
2657 3319 2858 3376 armari
2901 3328 3136 3394 oportet.
3175 3321 3334 3392 Pace,
3366 3322 3497 3396 quia
3526 3322 3800 3395 scriptum

2196 3415 2278 3464 est
2310 3426 2322 3465 :
2364 3433 2384 3456 ι
2414 3410 2477 3465 In
2502 3425 2632 3482 pace
2672 3410 2892 3466 vocavit
2919 3427 3023 3467 nos
3047 3413 3193 3468 Deus
3225 3413 3283 3483 (Ι
3319 3412 3443 3469 Cor.
3474 3427 3574 3479 vn,
3610 3411 3726 3483 15).
3770 3437 3789 3461 ι

2196 3496 2440 3567 Iustitia,
2470 3498 2600 3571 quia
2629 3497 2767 3555 dicit
2796 3499 2942 3555 idem
2971 3500 3268 3573 Apostolus
3300 3516 3311 3553 :
3358 3522 3376 3545 ι
3406 3499 3555 3556 State
3609 3498 3799 3556 induti

2196 3584 2423 3642 loricam
2447 3585 2679 3658 justitiae
2711 3588 2930 3660 (Ephes.
2962 3606 3042 3654 v1,
3073 3588 3186 3659 14).
3218 3612 3238 3636 ι
3271 3585 3569 3651 Charitate,
3618 3610 3637 3635 ι
3664 3589 3803 3660 quia

2196 3673 2435 3731 Charitas
2462 3676 2639 3748 operit
2668 3676 3083 3734 multitudinem
3099 3681 3448 3748 peccatorum
3471 3674 3531 3745 (Ι
3555 3675 3799 3747 Petr.rv,

2194 3763 2276 3835 8).
2302 3763 2554 3822 Christus
2579 3782 2708 3838 ergo
2737 3764 2807 3822 ad
2836 3764 3145 3837 Virginem,
3175 3761 3341 3818 Israel
3378 3761 3449 3818 ad
3473 3763 3798 3836 Iordanem,

2146 3866 2159 3878 '
2194 3851 2543 3911 Christianus
2595 3854 2665 3911 ad
2718 3854 2919 3911 coelum
2974 3850 3092 3924 pari
3148 3850 3499 3908 mansionum
3558 3869 3797 3912 numero

2191 3942 2527 4012 deveniunt;
2561 3942 2657 3999 sed
2679 3941 2796 4013 jam
2826 3940 2974 4013 ipsas
2998 3938 3216 3997 Israelis
3243 3939 3614 4012 profectiones
3641 3942 3796 4018 sigil-

2191 4033 2345 4090 latim
2366 4031 2800 4091 consideremus.

2259 4145 2308 4200 Ῑι
2362 4142 2590 4210 mansio,
2661 4141 2963 4196 Ramnssss.
3022 4168 3093 4179 —
3142 4137 3560 4197 Profectionum
3629 4140 3790 4210 ordo,

2188 4232 2649 4302 mansionumque
2674 4225 2959 4285 distinctio
2989 4225 3233 4285 ﬁliorum
3261 4229 3425 4286 Israel
3453 4245 3523 4285 ex
3544 4229 3793 4304 Egypto

2188 4322 2510 4379 exeuntium
2538 4320 2605 4376 ad
2650 4328 2850 4377 terram
2890 4333 3063 4392 usque
3093 4318 3343 4391 patribus
3371 4318 3786 4391 repromissam,

2174 4412 2257 4468 iis
2294 4411 2388 4485 qui
2418 4420 2542 4483 post
2576 4413 2748 4467 Deum
2780 4408 3061 4466 ambulare
3108 4408 3473 4475 contendunt,
3504 4408 3573 4465 ad
3599 4410 3793 4468 virtu-

2186 4509 2412 4573 tumque
2463 4498 2738 4572 profectus
2778 4498 3042 4571 aspirant,
3087 4506 3309 4571 propter
3362 4498 3627 4571 mysteria
3665 4516 3790 4573 quae

2189 4589 2553 4646 includuntur
2607 4589 2667 4645 in
2714 4588 2849 4658 illis,
2909 4588 3053 4645 scitu
3082 4588 3243 4644 valde
3297 4588 3607 4645 necessaria
3656 4598 3792 4645 sunt

2192 4677 2392 4751 (Orig.,
2445 4678 2596 4735 hom.
2648 4680 2714 4736 27
2744 4695 2814 4735 ex
2843 4694 2987 4734 vers.
3046 4677 3227 4748 Ruﬁ).
3268 4678 3347 4733 Ea
3398 4677 3545 4734 enim
3576 4693 3696 4751 quae
3726 4679 3788 4735 in

2189 4769 2392 4841 popqu
2420 4776 2638 4842 patrum
2693 4768 3051 4842 corporaliter
3079 4777 3225 4842 gesta
3276 4775 3426 4836 sunt,
3453 4767 3657 4824 nedum
3688 4766 3791 4824 hi-

2189 4856 2438 4927 storiam,
2478 4873 2772 4931 rerumque
2822 4864 3096 4931 gestarum
3132 4856 3329 4913 seriem
3386 4856 3547 4913 nobis
3603 4863 3787 4915 osten-

2188 4944 2364 5014 dunt;
2395 4945 2491 5002 sed
2521 4944 2872 5003 instructioni
2918 4952 3119 5001 nostrae
3147 4944 3477 5016 spiritaliter
3503 4944 3788 5003 intellecta

2188 5034 2430 5093 maxime
2467 5034 2783 5108 proﬁciunt.
2828 5034 2948 5090 Huc
2976 5033 3258 5106 spectabat
3294 5035 3619 5107 Apostolus,
3650 5034 3786 5091 dum

2187 5126 2247 5182 in
2288 5124 2521 5198 epistola
2573 5123 2643 5180 ad
2693 5124 2971 5181 Romanos
3027 5121 3280 5178 dicebat:
3345 5145 3364 5169 ι
3423 5122 3780 5196 Quaecunque

2185 5214 2389 5289 scripta
2429 5220 2576 5283 sunt,
2633 5213 2701 5269 ad
2731 5219 2978 5268 nostram
3033 5209 3343 5267 doctrinam
3400 5211 3605 5285 scripta
3652 5221 3787 5270 sunt

2189 5307 2363 5371 (Rom.
2392 5321 2492 5370 xv,
2521 5303 2601 5375 4).
2654 5327 2673 5351 ι
2715 5301 2788 5356 Et
2819 5300 2888 5357 ad
2934 5299 3288 5357 Timotheum
3315 5318 3327 5357 :
3376 5324 3393 5348 ι
3423 5301 3616 5358 Omnis
3644 5302 3785 5360 Scri-

2184 5402 2344 5467 ptura
2372 5393 2643 5449 divinitus
2672 5390 2960 5464 inspirata,
2993 5389 3148 5447 utilis
3182 5401 3281 5453 est,
3306 5391 3376 5446 ad
3441 5390 3778 5461 docendum,

2184 5483 2253 5539 ad
2277 5481 2642 5556 arguendum,
2673 5479 2743 5537 ad
2768 5478 3181 5551 corripiendum
3205 5487 3260 5535 et
3284 5478 3355 5534 ad
3384 5479 3779 5537 erudiendum:

2184 5572 2242 5630 in
2268 5571 2504 5645 iustitia,
2548 5577 2610 5626 ut
2661 5569 2937 5643 perfectus
2991 5570 3064 5626 sit
3119 5570 3288 5626 homo
3333 5569 3458 5639 Dei,
3515 5569 3583 5627 ad
3616 5587 3782 5629 omne

2183 5681 2320 5737 opus
2372 5665 2581 5721 bonum
2641 5662 2943 5719 instructus
2993 5663 3083 5732 (II
3139 5662 3275 5718 Tim.
3318 5678 3404 5731 III,
3460 5663 3545 5732 16,
3590 5664 3702 5736 17).
3752 5690 3769 5712 ι
