3932 6210
138 311 203 369 13
1041 308 1136 365 DE
1176 307 1322 364 XLII
1356 306 1828 364 MANSIONIBUS
1864 306 2200 365 FILIORUM
2238 307 2509 365 ISRAEL.
3383 311 3449 367 Ib.

136 433 394 508 Legimus
422 449 549 506 ergo
579 430 727 506 quod
757 431 861 488 ﬁlii
902 433 1090 501 Israel,
1122 442 1410 506 postquam
1459 432 1733 503 Egyptus
1766 436 1817 493 A
1844 431 2093 500 aﬁ'ectus,
2124 442 2179 489 et
2206 432 2478 489 desideria
2522 433 2667 489 mala
2709 449 2830 506 quae
2879 433 3124 491 militant
3174 434 3443 492 adversus

133 521 398 580 universa
422 522 591 579 tantis
629 521 802 595 plagis
830 536 1087 594 percussa
1125 529 1228 590 est,
1256 530 1503 592 tempore
1536 519 1743 575 caelesti

134 613 361 669 oraculo
416 611 723 686 designato,
780 620 844 667 ut
906 609 973 665 ad
1037 609 1436 665 immolandum
1507 607 1743 663 Domino

132 703 251 759 Deo
274 703 334 759 in
366 703 729 761 solitudinem
754 702 1252 775 proﬁciscerentur,
1282 688 1485 757 terram
1516 699 1740 767 Gessen,

132 806 300 863 quam
356 793 424 849 ad
482 792 841 851 incolendum
899 799 1242 862 acceperant.
1289 789 1619 858 deserentes,
1682 789 1742 844 in

133 879 451 938 Ramessem
494 882 688 938 urbem
731 880 909 953 primo
934 889 1348 947 convenerunt;
1401 880 1478 935 ibi
1529 878 1744 935 substi—

131 978 346 1039 terunt,
389 970 581 1045 ibique
610 971 844 1043 primam
876 967 1120 1024 ﬁxerunt
1157 967 1742 1023 mansionem.Rames-

129 1071 221 1110 ses
250 1056 483 1130 Egypti
511 1055 711 1113 civitas
743 1063 842 1122 est,
866 1054 933 1109 ab
966 1053 1205 1110 Hebraeis
1237 1054 1471 1122 munita,
1521 1053 1742 1127 quando

127 1144 404 1201 saeviente
431 1145 492 1202 in
517 1161 610 1201 eos
638 1143 937 1209 Pharaone,
980 1143 1117 1211 luto,
1152 1143 1320 1199 latere
1348 1152 1402 1199 et
1432 1142 1602 1215 paleis
1632 1159 1742 1215 op-

126 1234 525 1309 primebantur
555 1252 566 1290 :
596 1234 687 1291 Sic
713 1231 859 1289 enim
898 1230 1165 1304 scriptum
1206 1241 1287 1288 est
1318 1251 1331 1288 :
1394 1255 1412 1280 ι
1441 1233 1511 1289 Ει
1553 1231 1743 1288 aediﬁ-

122 1331 407 1381 caverunt
453 1323 703 1380 civitates
744 1319 985 1379 munitas
1021 1321 1343 1391 Pharaonis,
1394 1322 1596 1378 Philon
1621 1324 1741 1380 Ra-

125 1429 349 1471 messen
379 1422 429 1469 et
458 1412 542 1470 On
570 1412 777 1484 (Exod.
813 1429 852 1481 ι,
886 1410 1001 1482 11).
1027 1436 1046 1460 ι
1088 1410 1189 1467 Est
1218 1410 1459 1485 denique
1480 1410 1538 1468 in
1555 1421 1736 1469 extre-

126 1502 242 1560 mis
288 1501 441 1559 illius
489 1500 645 1575 regni
691 1499 897 1557 ﬁnibus
937 1499 1067 1567 sita,
1100 1506 1163 1555 ut
1204 1498 1437 1557 habetur
1479 1500 1538 1557 in
1593 1500 1738 1557 libro

126 1601 317 1659 Exodi
343 1602 548 1675 (Exod.
579 1618 685 1668 xn,
717 1601 833 1673 37).
866 1601 929 1657 In
955 1599 1061 1658 hac
1086 1601 1373 1658 mansione
1390 1600 1628 1671 populus
1648 1614 1737 1671 pa-

129 1702 308 1757 trum,
345 1700 582 1748 mactato
643 1706 805 1764 agno,
859 1688 1085 1763 ejusque
1129 1688 1395 1763 sanguine
1444 1687 1737 1744 domorum

1854 521 2116 578 animam.
2168 524 2615 596 Exstingnuntur
2652 538 2785 579 vero
2831 520 3106 595 Egyptii,
3153 523 3285 580 dum
3336 541 3446 581 non

1854 609 1969 681 agis
1998 626 2162 682 opera
2190 612 2533 669 tenebrarum
2570 632 2583 680 ;
2613 613 3015 686 extinguuntur
3036 614 3284 687 zEgyptii
3315 615 3447 671 dum

1854 718 1963 757 non
2020 704 2332 769 carnaliter,
2384 706 2480 762 sed
2535 706 2895 779 spiritualiter
2957 707 3145 774 vivis;
3224 707 3448 764 exstin—

1854 800 2099 863 guuntur
2182 794 2454 867 Egyptii,
2550 797 2680 852 dum
2775 796 3018 869 impuras
3091 797 3448 871 sordidasque

1852 881 2214 953 cogitationes
2288 886 2375 941 vel
2450 884 2680 958 depellis
2748 906 2776 945 e
2848 888 3033 956 corde,
3106 889 3195 943 vel
3272 891 3446 945 omni-

1852 986 1926 1026 no
1998 988 2112 1028 non
2189 974 2408 1047 recipis.
2488 975 2617 1032 Ideo
2691 978 3003 1049 quaerenti:
3093 1002 3111 1023 ι
3149 978 3285 1045 Quis
3359 996 3446 1034 me

1852 1061 2109 1119 liberabit
2180 1062 2250 1119 de
2323 1081 2551 1137 corpore
2627 1067 2821 1122 mortis
2898 1066 3182 1140 (hujus)?
3237 1095 3256 1119 ι
3354 1087 3449 1125 re—

1851 1151 2076 1224 spondit
2105 1154 2403 1223 Apostolus
2437 1173 2449 1210 :
2488 1175 2515 1208 «
2548 1154 2738 1212 Gratia
2785 1156 2884 1212 Dei
2916 1173 3014 1229 per
3062 1158 3249 1213 Iesum
3275 1157 3449 1215 Chri-

1849 1252 1997 1299 stum
2042 1243 2340 1300 Dominum
2365 1253 2616 1301 nostrum
2645 1246 2822 1315 (Rom.
2866 1264 2967 1316 vn,
3019 1246 3107 1315 24,
3146 1247 3262 1315 25).
3306 1273 3324 1296 ι
3383 1249 3447 1304 In

1849 1331 1952 1389 hac
1982 1333 2265 1389 mansione
2295 1332 2494 1402 farina,
2531 1342 2817 1406 argentum
2850 1344 2902 1390 et
2932 1351 3129 1391 aurum
3151 1336 3453 1392 cumulan-

1851 1431 1961 1479 tur.
2024 1422 2242 1492 Farina,
2300 1439 2370 1479 ex
2427 1440 2536 1496 qua
2585 1424 2744 1496 panis
2807 1422 3122 1493 conﬁcitur,
3199 1424 3452 1482 doctrina

1848 1511 2055 1570 Christi
2086 1520 2204 1581 est;
2237 1513 2366 1585 quia
2386 1512 2543 1585 panis
2570 1512 2822 1570 Christus
2842 1521 2944 1581 est,
2976 1511 3194 1569 dicente
3219 1514 3445 1570 Joanne:

1862 1626 1881 1650 ι
1912 1605 2030 1675 Ego
2056 1619 2179 1659 sum
2210 1602 2367 1675 panis
2394 1602 2561 1657 vivus
2592 1602 2775 1672 (Joan.
2808 1619 2889 1668 vr,
2920 1602 3038 1671 51).
3059 1628 3078 1650 ν
3121 1605 3445 1673 Argentum,

1852 1692 2108 1749 divinum
2153 1692 2402 1763 designat
2441 1691 2723 1762 eloquium
2764 1709 2775 1746 :
2842 1714 2860 1735 ι
2892 1691 3129 1762 Eloquia
3157 1691 3304 1745 enim
3345 1692 3449 1747 Do-

128 1783 444 1852 liminibus,
475 1800 539 1840 ac
567 1782 817 1857 utrisque
845 1782 1097 1855 postibus
1131 1782 1315 1853 illitis,
1347 1780 1737 1839 exterminato-
1766 1792 1815 1853 Β
1851 1782 2011 1851 mini,
2053 1781 2273 1856 eloquia
2329 1789 2497 1851 casta,
2555 1788 2844 1853 argentum
2884 1781 3007 1852 igne
3050 1781 3447 1851 examinatum,

132 1873 211 1929 ris
238 1880 532 1928 evaserunt
558 1873 774 1945 plagam
803 1890 815 1928 :
849 1871 908 1927 in
941 1871 1044 1929 hac
1072 1872 1346 1945 Egyptus
1377 1870 1742 1945 primogenita

131 1978 235 2018 sua
264 1960 407 2018 vidit
436 1959 744 2017 exstincta:
794 1959 852 2015 in
892 1959 995 2016 hac
1027 1960 1260 2016 farinam
1291 1975 1403 2016 non
1450 1959 1739 2016 fermenta-

132 2062 269 2119 tam,
305 2066 540 2126 vasaque
566 2056 820 2123 argentea
848 2056 902 2105 et
936 2065 1099 2105 aurea
1128 2050 1195 2105 ab
1222 2049 1501 2124 IEgyptiis
1545 2059 1742 2105 mutuo

133 2149 385 2212 accepta,
447 2138 616 2195 verbo
681 2138 801 2206 Dei,
851 2137 958 2194 sibi
1020 2140 1255 2211 populus
1319 2147 1739 2212 congregarunt.

130 2230 349 2286 Horum
380 2244 501 2303 quas
540 2227 690 2284 dicta
732 2235 882 2297 sunt,
931 2228 1147 2296 fratres,
1202 2228 1421 2300 singula
1462 2228 1742 2300 mysteriis

135 2318 342 2375 referta
404 2324 574 2385 sunt,
657 2325 712 2373 et
775 2325 978 2373 nostra}
1042 2316 1342 2390 proﬁciunt
1407 2316 1737 2389 disciplinae.

134 2409 200 2464 In
236 2406 433 2480 primis
460 2406 591 2479 quia
638 2406 923 2463 Ramesses
968 2405 1273 2463 secundum
1319 2405 1533 2478 aliquos
1576 2405 1741 2462 inter-

134 2506 387 2571 pretatur
421 2495 725 2554 commotio
769 2494 1112 2563 turbulenta,
1153 2511 1273 2569 quae
1317 2493 1590 2567 signiﬁcat
1630 2511 1739 2567 poe-

136 2586 473 2643 nitentiam:
533 2602 630 2659 per
696 2584 870 2658 ipsam
946 2583 1093 2640 enim
1170 2583 1491 2640 turbulenta
1556 2583 1620 2639 ﬁt
1684 2584 1742 2639 in

134 2682 423 2749 peccatore
447 2673 769 2744 commotio,
818 2682 883 2731 ut
928 2674 1212 2731 aboleatur
1242 2682 1488 2729 vetustas
1531 2682 1741 2745 peccati

129 2774 187 2822 et
242 2765 541 2822 inducatur
595 2763 815 2822 novitas
899 2763 1085 2837 gratiae
1129 2782 1141 2821 :
1220 2771 1284 2819 ut
1340 2762 1510 2818 homo
1583 2770 1743 2819 vetus

129 2854 413 2928 afﬁigatur
440 2853 611 2923 cruci,
647 2862 700 2910 et
750 2860 931 2910 novus
983 2852 1150 2909 homo
1196 2860 1478 2924 resurgat:
1524 2859 1587 2908 ut
1634 2867 1740 2907 ve-

130 2956 247 3003 tere
282 2942 503 3000 tandem
533 2943 793 3016 deposita
822 2941 1238 3000 conversatione
1264 2941 1469 3009 carnis,
1523 2940 1741 2997 novitas

130 3034 434 3091 inducatur
462 3033 710 3106 spiritus.
746 3031 1079 3089 Pmnitentia
1107 3048 1234 3105 ergo
1276 3047 1530 3105 magnam
1577 3046 1743 3089 com-

134 3124 441 3183 motionem
484 3122 968 3197 turbationemque
1014 3122 1207 3195 gignit.
1255 3120 1383 3177 Ideo
1429 3119 1736 3193 propheta:
1774 3160 1818 3220 Ο

144 3238 164 3259 ι
206 3213 505 3287 Postquam
538 3213 798 3285 cognovi,
840 3228 969 3283 ergo
1010 3211 1257 3283 ingemui
1308 3210 1527 3282 (Jerem.
1575 3225 1739 3276 XXXI,

130 3303 214 3376 3).
251 3329 269 3351 υ
315 3302 422 3371 Qui
453 3318 582 3373 ergo
613 3299 681 3355 ad
711 3299 1098 3370 repromissam
1137 3307 1354 3355 aeterna
1402 3296 1744 3354 haereditatis

130 3394 370 3466 patriam
404 3388 689 3465 proﬁcisci
731 3388 1027 3457 desiderat,
1058 3404 1120 3444 ac
1163 3388 1402 3444 Domino
1445 3388 1562 3444 Deo
1604 3387 1742 3459 seip-

130 3500 254 3539 sum
287 3492 354 3538 ut
384 3479 623 3536 hostiam
651 3479 959 3547 viventem,
981 3486 1247 3546 sanctam,
1276 3484 1326 3540 4
1352 3477 1504 3535 Patri
1528 3478 1742 3550 placen-

130 3590 242 3637 tem
275 3578 668 3634 immolaturus
698 3575 928 3644 recedit,
951 3575 1114 3633 debet
1144 3577 1323 3648 primo
1350 3575 1504 3632 adire
1525 3576 1743 3634 Rames-

128 3686 252 3739 sen,
286 3669 398 3724 hoc
423 3674 507 3723 est
549 3666 1004 3736 commotionem,
1044 3682 1165 3740 qua
1214 3666 1278 3722 ﬁt
1318 3682 1414 3739 per
1456 3668 1741 3739 poeniten-

130 3760 291 3827 tiam,
321 3757 512 3829 ibique
540 3772 696 3813 suam
727 3756 892 3829 ﬁgere
910 3755 1276 3812 mansionem.
1308 3756 1389 3811 Ibi
1412 3771 1568 3812 suam
1588 3772 1739 3811 man-

128 3848 347 3905 sionem
378 3846 507 3903 ﬁxit
537 3846 745 3915 Achab,
780 3844 999 3920 quando
1024 3846 1194 3903 scissa
1226 3854 1377 3901 veste
1396 3861 1514 3912 sua,
1543 3844 1740 3902 induto

128 3936 343 4006 cilicio,
368 3934 664 4008 jejunavit,
689 3934 957 3992 dormivit
984 3933 1044 3991 in
1073 3950 1252 4003 sacco,
1270 3941 1324 3991 et
1356 3932 1595 3989 demisso
1624 3951 1737 3990 am—

129 4026 356 4085 bulavit
385 4025 564 4099 capite
596 4027 717 4100 (III
744 4028 869 4098 Reg.
917 4040 1037 4095 xxr,
1091 4023 1206 4096 26).
1246 4024 1329 4080 Ibi
1370 4024 1574 4081 Ninive
1622 4025 1739 4082 Rex

131 4117 260 4174 ﬁxit
307 4116 673 4184 mansionem,
717 4113 942 4188 quando
990 4129 1218 4187 surgens
1257 4111 1325 4171 de
1362 4113 1568 4171 throno
1615 4130 1735 4183 suo,

130 4206 367 4267 abstulit
394 4207 591 4262 stolam
620 4205 921 4280 propriam,
954 4212 1008 4261 et
1045 4221 1202 4262 sacco
1237 4203 1467 4261 indutus
1509 4203 1652 4261 sedit
1679 4204 1738 4260 in

131 4298 320 4355 cinere
351 4295 527 4368 (1011.,
549 4310 634 4359 m,
651 4294 707 4365 6)
720 4293 821 4350 .lbi
839 4291 1121 4350 Corinthii
1134 4294 1477 4350 mansionem
1495 4292 1739 4349 ﬁxerunt

131 4384 356 4461 quando
385 4383 695 4441 contristati
724 4391 855 4439 sunt
886 4381 1187 4439 secundum
1218 4385 1393 4441 Deum
1420 4401 1431 4439 :
1476 4399 1596 4457 quae
1626 4384 1739 4440 tri-

132 4475 309 4543 stitia,
342 4480 408 4528 ut
435 4472 628 4529 scribit
656 4471 980 4545 Apostolus,
1020 4495 1038 4518 ι
1068 4472 1456 4530 Paenitentiam
1488 4473 1544 4528 in
1575 4474 1732 4529 salu-

133 4575 241 4623 tem
263 4563 520 4622 stabilem
568 4572 823 4637 operatur
858 4563 944 4636 (ΙΙ
974 4562 1100 4620 Cor.
1149 4578 1251 4631 vn,
1302 4562 1414 4634 10).
1447 4587 1466 4611 ι
1521 4563 1732 4620 Deinde

132 4658 258 4732 agni
279 4656 541 4714 mactatio
571 4655 705 4729 quid
734 4654 885 4712 aliud
910 4662 994 4712 est
1038 4670 1200 4728 quam
1250 4653 1433 4727 passio
1484 4653 1729 4722 Christi;

133 4750 250 4822 qui,
282 4755 346 4805 ut
367 4747 647 4820 Propheta
669 4746 827 4817 dicit,
890 4771 907 4794 ι
936 4754 1198 4820 tanquam
1246 4763 1419 4819 agnus
1466 4746 1732 4803 innocens

132 4836 404 4894 abductus
442 4845 528 4894 est
582 4845 645 4893 ut
696 4837 1035 4893 sacriﬁcetur
1084 4838 1299 4908 (Jerem.
1356 4852 1435 4904 χι,
1489 4835 1579 4906 19)
1626 4835 1654 4891 ?
1700 4862 1719 4885 ι

134 4925 305 4999 Cujus
366 4925 634 4999 sanguine
691 4940 855 4996 super
924 4924 1215 4980 domorum
1293 4931 1474 4995 postes
1536 4922 1729 4993 eﬁ‘uso,

134 5016 439 5073 liberamur
468 5016 537 5072 ab
580 5015 1041 5081 Exterminatore;
1080 5012 1211 5086 quia
1245 5009 1451 5069 Christi
1483 5013 1734 5085 passione

134 5124 230 5181 per
285 5115 631 5163 sacramenta
673 5106 835 5162 nobis
863 5104 1210 5178 participata,
1243 5101 1544 5159 liberamur
1570 5103 1639 5158 ab
1670 5120 1734 5160 eo

134 5199 228 5272 qui
252 5199 497 5255 habebat
535 5199 728 5254 mortis
775 5198 1090 5271 imperium,
1137 5194 1193 5251 id
1241 5203 1343 5263 est,
1386 5195 1631 5264 diabolo,
1674 5204 1736 5251 ut

133 5288 200 5344 ad
230 5289 491 5346 Hebraeos
521 5287 713 5343 scribit
742 5288 1040 5359 Apostolus
1096 5285 1280 5359 (Hebr.
1330 5301 1393 5352 ιι,
1448 5284 1560 5355 14).
1605 5283 1734 5340 Ideo

133 5380 189 5435 in
218 5379 329 5436 alio
354 5380 478 5436 loco
502 5377 640 5434 dicit
676 5396 688 5435 :
737 5403 755 5425 α
787 5378 1041 5435 Christus
1066 5385 1128 5433 ut
1154 5392 1249 5450 per
1290 5391 1451 5431 suum
1503 5375 1736 5446 sangui-

134 5486 256 5527 ncm
289 5467 664 5526 sanctiﬁcaret
693 5468 956 5541 populum
988 5476 1146 5523 extra
1164 5473 1380 5538 portam
1422 5482 1612 5539 passus
1655 5472 1738 5520 est

135 5559 313 5632 (Hebr.
354 5576 484 5628 xm,
519 5556 660 5632 (12).
694 5558 758 5613 In
802 5556 906 5612 hac
953 5556 1119 5613 etiam
1168 5555 1452 5611 mansione
1507 5554 1737 5627 ngypti

136 5647 503 5723 primogenita
550 5645 1019 5720 exstinguuntur;
1060 5643 1165 5701 hoc
1198 5652 1302 5711 est,
1345 5643 1503 5718 pravi
1552 5642 1736 5701 carnis

1764 4517 1811 4576 D

1850 1871 2141 1945 probatum
2185 1880 2363 1940 terrae,
2421 1878 2713 1943 purgatum
2767 1870 3082 1943 septuplum
3140 1871 3314 1942 (Psal.
3366 1887 3446 1940 xr,

1852 1963 1931 2035 7).
1963 1988 1983 2012 ι
2023 1964 2262 2031 Aurum,
2294 1978 2449 2017 mens
2489 1962 2635 2017 bona
2682 1970 2763 2017 est
2796 1980 2807 2017 :
2851 1977 2969 2034 quae
3009 1976 3121 2017 non
3169 1961 3447 2018 immerito

1850 2060 2197 2125 comparatur
2235 2068 2407 2119 auro;
2442 2067 2567 2107 nam
2597 2050 2742 2108 sicut
2770 2067 2967 2107 aurum
2988 2051 3199 2108 caeteris
3227 2058 3447 2124 praestat

1850 2145 2115 2212 metallis,
2146 2144 2223 2199 ita
2264 2159 2419 2199 mens
2455 2143 2599 2199 bona
2642 2141 2700 2197 in
2744 2141 2968 2198 homine
3011 2142 3222 2198 caeteris
3266 2141 3447 2215 potior

1851 2244 1931 2291 est
1960 2234 2216 2291 humanae
2244 2233 2565 2291 substantiae
2604 2234 2974 2306 portionibus.
3025 2233 3154 2289 'I‘ria
3207 2250 3336 2305 ergo
3387 2234 3446 2289 in

1852 2325 2104 2382 Ramesse
2132 2334 2547 2395 coacervantur,
2575 2324 2775 2394 farina,
2811 2332 3096 2397 argentum
3126 2333 3180 2380 et
3208 2340 3402 2380 aurum
3430 2343 3442 2382 :

1851 2411 2126 2483 doctrina,
2155 2415 2461 2488 eloquium,
2493 2422 2547 2471 et
2583 2430 2736 2470 mens
2760 2412 2922 2470 bona:
2944 2413 3002 2470 in
3023 2412 3224 2486 quibus
3252 2430 3448 2472 census

1850 2499 2113 2574 sapientis
2142 2504 2396 2560 consistit
2425 2521 2437 2559 :
2475 2502 2571 2559 sed
2600 2502 2823 2559 interim
2860 2502 3154 2575 pretiosam
3202 2519 3446 2560 commu-

1852 2590 2116 2646 tationem
2145 2589 2573 2646 consideremus.
2608 2590 2737 2646 Filii
2765 2592 2928 2647 Israel
2957 2589 3230 2646 dederunt
3267 2592 3447 2663 paleas

1851 2695 1973 2752 quae
2002 2678 2451 2750 inexstinguibili
2481 2678 2888 2736 comburuntur
2919 2680 3068 2749 igne,
3116 2688 3170 2735 et
3217 2696 3447 2752 recepe-

1850 2776 1983 2825 runt
2006 2767 2265 2837 farinam,
2297 2768 2355 2823 in
2384 2783 2491 2841 qua
2518 2767 2737 2839 sapiens
2765 2768 2862 2823 illa
2888 2768 3091 2823 mulier
3114 2768 3445 2825 fermentum

1849 2857 2156 2915 abscondit.
2175 2856 2456 2914 Dederunt
2480 2857 2680 2924 lutum,
2699 2855 2845 2930 quod
2874 2856 3111 2924 deletur,
3130 2856 3260 2929 quia
3279 2856 3446 2929 scrip-

1848 2954 1967 3002 tum
1994 2954 2076 3003 est
2110 2965 2121 3003 :
2186 2970 2206 2996 ι
2237 2948 2307 3004 Ut
2338 2948 2515 3003 lutum
2559 2946 2861 3019 platearum
2895 2944 3088 3001 delebo
3131 2961 3225 3002 eos
3269 2946 3443 3018 (Psal.

1850 3051 1993 3103 xvn,
2020 3036 2113 3108 43)
2146 3054 2156 3092 :
2184 3062 2202 3087 ι
2246 3045 2301 3094 et
2328 3044 2653 3110 receperunt
2687 3043 2995 3109 argentum,
3037 3034 3185 3107 quod
3215 3042 3297 3091 est
3323 3051 3445 3091 ser-

1850 3140 1942 3180 mo
1956 3122 2115 3195 justi.
2138 3125 2417 3197 Scriptum
2443 3134 2525 3181 est
2554 3125 2704 3181 enim
2731 3145 2747 3180 :
2796 3150 2814 3173 ‹
2833 3128 3136 3197 Argentum
3167 3125 3291 3197 igne
3321 3143 3444 3182 exa-

1849 3213 2122 3270 minatum
2152 3214 2341 3286 lingua
2362 3214 2501 3286 justi
2543 3216 2729 3287 (Prov.
2759 3230 2819 3281 x,
2844 3214 2961 3285 20).
2994 3240 3012 3263 ι
3048 3214 3329 3271 Dederunt
3357 3216 3446 3271 la-

1850 3307 2013 3371 teres,
2047 3302 2141 3375 qui
2178 3304 2383 3359 cadunt
2414 3322 2428 3369 ;
2457 3302 2586 3375 quia
2614 3303 2879 3374 scriptum
2908 3310 3025 3359 est:
3072 3325 3091 3349 ι
3119 3302 3338 3360 Lateres
3363 3322 3445 3362 ce-

1853 3391 2129 3460 ciderunt,
2158 3400 2213 3447 et
2242 3401 2565 3465 receperunt
2589 3408 2785 3448 aurum
2821 3393 2953 3464 (Isa.
2988 3409 3070 3458 rx,
3103 3393 3214 3464 10),
3249 3420 3267 3442 ι
3300 3394 3446 3466 quod

1852 3499 1934 3547 est
1965 3506 2120 3547 mens
2152 3490 2299 3546 bona
2329 3505 2437 3562 qua
2480 3488 2756 3545 servimus
2802 3486 2909 3559 legi
2949 3485 3068 3542 Dei.
3120 3486 3273 3541 Bona
3318 3501 3445 3557 ergo

1850 3578 2211 3638 commutatio
2246 3596 2260 3646 ;
2297 3577 2444 3634 unde
2472 3576 2610 3633 dicit
2638 3576 2967 3648 Apostolus:
3024 3574 3177 3631 -Jam
3208 3576 3441 3631 saturati

1849 3671 2001 3740 estis,
2026 3669 2140 3743 jam
2164 3669 2363 3726 divites
2392 3668 2524 3725 facti
2555 3668 2687 3723 estis
2729 3668 2788 3737 (Ι
2831 3668 2957 3724 Cor.
3017 3684 3095 3735 xv,
3139 3666 3219 3737 8).
3255 3692 3273 3715 ι
3336 3667 3445 3722 Has

1848 3776 1961 3818 non
1990 3760 2216 3817 divitias
2244 3756 2817 3832 comparemusnobis,
2836 3756 3039 3830 quibus
3064 3755 3444 3827 intelligibiles

1848 3853 2045 3908 animas
2071 3858 2270 3907 nostra
2300 3849 2587 3906 thesauros
2606 3848 2913 3923 repleamus
2939 3864 2950 3901 :
2980 3845 3074 3902 sed
3099 3846 3213 3918 ipse
3242 3846 3443 3901 Domi-

1847 3960 1952 4000 nus
1980 3942 2073 4000 dat
2102 3942 2263 3999 nobis
2293 3942 2546 4015 gratiam,
2572 3949 2636 3998 ut
2665 3939 2732 3995 ab
2761 3936 3042 4011 Egyptiis
3072 3936 3201 3993 illac
3229 3936 3440 4009 eripere

1847 4032 2155 4106 possimus:
2188 4031 2318 4088 Ideo
2361 4030 2640 4087 benedicit
2689 4028 2984 4100 Apostolus
3030 4024 3098 4081 ad
3147 4024 3437 4081 Hebraeos:

1861 4145 1880 4170 ι
1915 4122 2200 4196 Optimum
2230 4129 2312 4178 est
2342 4122 2516 4194 gratia
2552 4117 2800 4174 stabilire
2825 4133 2920 4175 cor
2941 4116 3124 4189 (Hebr.
3166 4130 3291 4183 xm,
3320 4115 3427 4186 9).-

1846 4211 1998 4268 Bona
2028 4211 2196 4283 igitur
2232 4209 2448 4266 mansio
2478 4210 2754 4266 Ramesse.

1918 4303 2009 4359 IIll
2049 4301 2274 4369 mansio,
2305 4299 2561 4357 Socorm.
2605 4329 2675 4340 —
2711 4295 2960 4354 Secunda
2985 4295 3225 4352 ﬁliorum
3271 4294 3435 4351 Israel

1845 4392 2112 4466 profectio
2132 4390 2241 4447 fuit
2271 4391 2329 4447 in
2359 4389 2562 4447 Socoth
2596 4407 2609 4457 ;
2666 4388 2852 4462 ibique
2898 4387 3155 4452 tentoria,
3199 4385 3441 4457 [Egypto

1843 4482 2055 4550 relicta,
2086 4481 2334 4555 ﬁgentes,
2371 4480 2670 4538 secundam
2719 4477 3058 4534 mansionem
3106 4474 3436 4532 habuerunt.

1840 4572 1969 4629 Ideo
1997 4572 2134 4630 dicit
2166 4588 2177 4627 :
2225 4594 2243 4618 ι
2270 4570 2506 4629 Profecti
2537 4576 2718 4626 autem
2736 4568 2840 4624 ﬁlii
2875 4567 3038 4624 Israel
3068 4583 3137 4623 ex
3167 4567 3441 4632 Ramesse,

1838 4661 2207 4719 castrametati
2237 4670 2365 4718 sunt
2385 4661 2442 4717 in
2461 4657 2663 4715 Socoth
2696 4658 2884 4729 (Num.
2908 4655 3235 4725 xxxm,3).-
3261 4656 3439 4710 Inten-

1839 4751 1920 4809 tio
1948 4752 2124 4808 sancti
2156 4750 2442 4823 Prophetae
2470 4748 2668 4820 Moysi,
2714 4746 2808 4818 qui
2836 4745 2935 4801 Dei
2967 4744 3226 4799 mandato
3253 4740 3441 4811 populi

1840 4854 2153 4912 processum
2183 4855 2252 4895 ex
2283 4838 2525 4911 ngypto
2555 4850 2726 4907 usque
2754 4832 2821 4887 ad
2855 4831 3147 4886 Iordanem
3190 4827 3441 4898 descrip-

1843 4927 1937 4996 sit,
1961 4944 2072 4983 non
2103 4927 2210 4983 fuit
2239 4927 2455 4997 singula
2484 4934 2675 4980 notare
2704 4923 2825 4975 loca
2854 4918 2921 4973 ad
2970 4934 3091 4989 quae
3138 4916 3190 4971 ei
3221 4916 3279 4972 in
3310 4918 3441 4972 uni.

1841 5033 2001 5074 verso
2030 5018 2226 5073 itinere
2262 5017 2536 5071 divertere
2577 5009 2902 5082 contigerit;
2951 5008 3046 5065 sed
3087 5008 3183 5064 illa
3222 5016 3437 5065 tantum

1842 5105 1900 5161 in
1929 5104 2132 5177 quibus
2156 5104 2340 5177 aliqua
2370 5099 2634 5173 mysteria
2665 5098 2806 5154 facta
2857 5107 3005 5155 sunt.
3056 5097 3257 5154 Socoth
3308 5096 3439 5153 urbs

1844 5206 1925 5254 est
1953 5196 2012 5251 in
2042 5195 2339 5261 montanis,
2373 5199 2531 5248 extra
2573 5199 2773 5249 terram
2826 5188 3057 5262 ngypti
3092 5206 3106 5256 ;
3167 5188 3216 5243 ei
3258 5196 3440 5243 tamen

1842 5284 2083 5342 ﬁnitima
2109 5290 2175 5338 ut
2208 5282 2409 5356 legitur
2445 5282 2503 5337 in
2553 5281 2694 5337 libro
2725 5281 2855 5337 Iesu
2888 5281 3036 5335 Nave
3081 5279 3264 5350 (Iosue
3315 5294 3437 5347 xm,

1844 5374 1960 5448 27).
2019 5372 2268 5444 Denique
2324 5372 2527 5431 Socoth
2598 5371 2994 5444 interpretatur
3067 5368 3438 5423 tabernacula.

1844 5463 2003 5521 Unde
2028 5460 2194 5519 Iacob
2220 5463 2439 5535 quando
2468 5464 2536 5520 ab
2564 5464 2711 5519 Esau
2754 5460 2850 5533 qui
2882 5460 2933 5515 ei
2978 5474 3009 5513 a
3046 5457 3444 5527 Mesopotamia

1844 5550 2145 5609 revertenti
2174 5555 2432 5623 occurrit,
2460 5570 2516 5611 se
2532 5551 2744 5609 divisit.
2780 5572 2799 5596 ι
2830 5549 3098 5605 Reversus
3126 5554 3230 5614 est,
3261 5544 3444 5618 inquit

1845 5641 2149 5726 Scriptura,
2174 5638 2231 5695 in
2260 5640 2612 5699 tabernacula
2641 5639 2797 5715 (Gen.
2830 5652 3013 5706 xxxn,
3038 5634 3178 5709 17).»
3207 5630 3313 5691 Ubi
3335 5630 3444 5688 alia
