3932 6210
561 395 628 452 15
1538 396 1634 450 ΑΙ)
1674 395 1906 452 OPEBA
1945 394 1999 450 S.
2040 393 2372 451 AMBROSII
2412 394 2793 452 APPENDIX.
3812 399 3880 453 16

556 517 845 574 translatio
875 487 1040 574 habet
1072 536 1082 574 :
1154 541 1172 564 ι
1205 519 1475 574 Reversus
1528 525 1609 573 est
1661 518 1884 575 Socoth.
1910 520 1980 574 Et
2010 517 2152 573 sub-
2180 522 2231 580 A
2257 517 2300 573 ti
2329 517 2536 573 dicitur
2565 517 2711 592 quod
2741 517 2936 574 debeat
2964 519 3110 574 sicut
3140 516 3384 573 hirundo
3412 519 3676 588 clamare,
3715 527 3774 575 et
3812 520 3879 576 si-

553 606 738 678 jungit
765 605 840 661 ibi
876 624 887 661 :
922 607 991 661 Et
1012 605 1142 661 fecit
1169 605 1335 662 Iacob
1365 606 1469 662 sibi
1511 607 1723 675 domos,
1767 615 1820 662 et
1867 607 2156 678 pecoribus

558 696 672 750 suis
702 695 830 750 fecit
861 694 1212 751 tabernacula
1243 715 1257 761 ;
1315 705 1536 767 propter
1564 696 1670 750 hoc
1697 697 1918 752 vocavit
1953 713 2152 753 nomen

561 785 666 840 loci
715 783 889 846 illius.
938 784 1310 840 Tabernacula
1337 785 1548 855 (Ibid).
1575 785 1644 840 Et
1665 784 1740 840 ibi
1772 785 1880 840 alia
1908 787 2154 842 transla-

559 871 638 928 tio
694 873 829 929 dicit
858 890 868 927 :
906 896 924 917 α
954 875 1268 944 Appellavit
1301 889 1502 928 nomen
1533 873 1637 928 loci
1678 873 1830 929 illius
1864 875 2089 940 Socoth,
2121 900 2139 923 ρ

558 961 614 1017 id
643 970 724 1018 est
751 963 1120 1019 tabernacula.
1174 965 1233 1018 In
1271 963 1374 1019 hac
1412 979 1629 1034 quoque
1679 964 1964 1019 mansione
1993 981 2150 1019 coxe-

555 1061 686 1106 runt
724 1051 953 1106 farinam
991 1069 1002 1105 :
1039 1051 1256 1107 Dicitur
1307 1053 1454 1107 enim
1503 1051 1559 1106 in
1611 1051 1753 1107 libro
1809 1052 2035 1108 Exodi:
2082 1053 2153 1108 Et

554 1141 802 1199 fecerunt
831 1159 900 1197 ex
929 1143 1532 1198 farina’subcinericios
1562 1160 1784 1216 azymos
1809 1145 2012 1214 (Exod.
2045 1161 2150 1212 χιι,

554 1230 686 1302 39);
720 1256 739 1280 ι
782 1231 903 1287 Νοιι
933 1231 1080 1285 enim
1113 1231 1437 1287 fermentata
1467 1231 1610 1287 fuit:
1674 1231 1953 1304 ejecerunt
2002 1249 2152 1288 nam-

553 1334 657 1393 que
687 1335 778 1374 eos
803 1318 1072 1390 Egyptii.
1116 1321 1176 1374 In
1209 1319 1310 1376 hac
1340 1321 1402 1376 ﬁt
1431 1321 1656 1391 insuper
1705 1337 1976 1377 annorum
2007 1338 2154 1377 com-

553 1408 765 1480 putatio
799 1407 1000 1479 quibus
1029 1410 1190 1464 Israel
1224 1410 1330 1465 fuit
1363 1410 1421 1466 in
1452 1411 1714 1482 Egypto.
1748 1411 1934 1484 Inquit
1963 1411 2109 1466 enim
2137 1430 2149 1468 :

569 1520 586 1541 ι
643 1497 722 1552 At
788 1496 1059 1552 habitatio
1122 1497 1362 1554 ﬁliorum
1418 1501 1582 1555 Israel
1641 1518 1801 1573 quam
1878 1499 2153 1555 habitave-

552 1594 683 1642 runt
732 1587 838 1659 ipsi
890 1598 942 1644 et
987 1599 1163 1660 patres
1205 1605 1393 1644 eorum
1445 1591 1499 1646 in
1543 1598 1687 1645 terra
1747 1590 2000 1661 1Egypti,
2047 1598 2149 1645 etc.

555 1675 717 1744 (Ibid.
759 1675 876 1746 40).
911 1702 930 1726 ›
974 1679 1034 1732 Ιιι
1065 1679 1167 1733 hac
1195 1679 1414 1734 tandem
1445 1678 1766 1750 praecipitur
1785 1687 1846 1734 ut
1885 1676 2055 1749 hujus
2085 1693 2154 1732 ex

551 1767 793 1837 Egypto
828 1766 1172 1822 liberationis
1200 1777 1527 1840 perpetuum
1559 1775 1738 1822 exstet
1764 1765 1908 1838 apud
1935 1782 2028 1822 eos
2045 1781 2153 1821 me-

553 1855 800 1910 moriale.
835 1855 1022 1927 Inquit
1056 1857 1201 1911 enim
1239 1875 1250 1912 :

553 1945 936 2002 Recordamini
965 1945 1077 2000 diei
1127 1945 1314 2017 hujus,
1364 1947 1423 2002 in
1465 1964 1572 2019 qua
1616 1946 1821 2018 egressi
1853 1952 1898 2007 5
1927 1945 2060 2001 estis
2088 1961 2158 1999 ex

553 2044 818 2116 Egypto,
849 2059 916 2098 ex
946 2043 1110 2098 domo
1152 2045 1468 2101 servitutis:
1526 2045 1582 2100 in
1614 2061 1781 2100 manu
1830 2045 1977 2100 enim
2026 2043 2155 2098 forti

552 2133 747 2189 eduxit
804 2151 900 2189 vos
954 2133 1086 2190 hinc
1139 2135 1409 2190 Dominus
1468 2136 1670 2207 (Exod.
1728 2151 1852 2200 xm,
1893 2135 1971 2206 3).
2007 2160 2024 2182 ι
2090 2133 2153 2188 In

553 2226 655 2283 hac
683 2226 903 2281 demum
944 2227 1262 2283 solemnitas
1290 2244 1629 2299 azymorum,
1663 2227 1910 2300 ritusque
1961 2243 2153 2298 azyma

551 2316 874 2376 comedendi
912 2316 1307 2388 praescribitur.
1354 2319 1488 2374 Nam
1547 2318 1768 2389 inquit:
1833 2341 1850 2363 ι
1880 2317 1985 2372 Sex
2035 2316 2151 2372 dies

551 2407 849 2465 comedetis
905 2423 1142 2479 azyma;
1223 2417 1277 2462 at
1332 2407 1421 2462 die
1496 2407 1726 2479 septima
1771 2406 1970 2462 festum
2029 2409 2149 2463 Do-

552 2497 741 2563 mino;
776 2513 886 2552 non
911 2497 1193 2568 apparebit
1223 2497 1300 2552 ibi
1341 2497 1730 2553 fermentatum
1777 2497 1938 2568 (Ibid.
1984 2496 2063 2566 6).
2116 2523 2133 2545 ι

552 2586 679 2642 Haec
707 2585 888 2659 quoad
918 2587 1178 2643 litteram.
1211 2585 1400 2654 Quoad
1431 2588 1694 2659 mysteria
1733 2602 1886 2654 vero,
1907 2585 2144 2643 dicimus

550 2676 695 2748 quod
728 2677 1005 2748 profectus
1062 2678 1302 2733 ﬁliorum
1359 2680 1521 2734 Israel
1579 2679 1638 2733 in
1695 2677 1921 2746 Socoth,
1968 2677 2141 2734 inter-

548 2773 794 2836 pretatur
849 2766 1238 2835 Tabernacula,
1298 2767 1547 2838 designat
1594 2767 1742 2838 quod
1806 2766 1901 2840 qui
1975 2782 2140 2821 man-

539 2853 752 2908 sionem
785 2853 982 2909 habuit
1010 2856 1065 2909 in
1097 2857 1373 2923 Ramesse,
1405 2855 1510 2912 hoc
1551 2863 1634 2911 est
1681 2855 1737 2910 in
1769 2855 2138 2912 commotione

541 2941 903 3012 poenitentiae,
940 2943 1103 2998 debet
1130 2945 1405 3015 proﬁcisci
1438 2945 1495 2999 in
1543 2944 1744 3000 Socoth
1794 2943 1899 3000 hoc
1945 2953 2027 3001 est
2078 2945 2137 3001 in

541 3029 889 3086 tabernacula
937 3032 1091 3104 quasi
1136 3049 1230 3104 per
1278 3023 1772 3090 considerationem
1831 3034 2132 3090 ambulare.

540 3118 699 3186 Quod
732 3119 874 3175 sicut
903 3120 997 3174 ille
1029 3121 1123 3192 qui
1154 3122 1262 3177 alio
1309 3123 1506 3192 tendit,
1553 3141 1652 3179 nec
1699 3123 1913 3179 ﬁrmam
1970 3123 2135 3178 habet

2269 614 2362 662 cut
2387 607 2640 663 columba
2689 607 2942 663 meditari
2991 623 3165 668 annos
3223 606 3341 679 ejus
3373 607 3432 662 in
3498 609 3878 664 amaritudine

2264 695 2461 750 animae
2489 713 2599 752 sum
2633 697 2770 764 (Isa.
2804 713 3047 762 xxxvm,
3084 696 3174 768 15)
3211 714 3222 751 :
3257 712 3356 752 nec
3381 695 3448 752 de
3479 697 3877 768 propitiatione

2264 785 2469 854 peccati
2501 800 2615 839 esse
2642 785 2760 839 sine
2792 784 2992 839 timore
3025 785 3220 853 (Eccli.
3257 802 3315 852 v,
3360 785 3419 856 5)
3456 803 3470 852 ;
3521 785 3617 841 sed
3663 785 3874 852 dolere,

2263 880 2317 927 et
2345 889 2470 927 cum
2493 871 2766 944 Pmpheta
2794 871 2978 929 dicere
3005 892 3014 929 :
3062 897 3078 919 ι
3101 874 3170 928 Et
3201 883 3482 944 peceatum
3517 890 3696 929 meum
3732 891 3876 932 con-

2262 967 2347 1016 tra
2377 978 2464 1017 me
2493 970 2572 1017 est
2597 978 2816 1032 semper
2867 963 3042 1032 (Psal.
3091 979 3143 1029 1.,
3184 963 3264 1032 5).
3300 987 3318 1010 ι
3379 961 3538 1029 Quod
3566 979 3676 1019 non
3727 971 3875 1018 retro

2263 1051 2513 1122 aspiciat,
2585 1051 2847 1123 pristinas
2890 1051 3195 1122 appetendo
3258 1050 3552 1118 vanitates,
3610 1059 3672 1106 ut
3729 1069 3875 1108 uxor

2263 1141 2384 1208 Lot,
2419 1147 2473 1195 et
2504 1148 2565 1194 ut
2595 1141 2746 1196 canis
2779 1151 3058 1196 revertens
3085 1140 3153 1195 ad
3184 1141 3476 1198 vomitum.
3508 1141 3652 1210 Quin
3683 1145 3873 1215 potius

2263 1231 2405 1286 sicut
2437 1230 2791 1303 semetipsum
2825 1229 3193 1287 immunditiae
3225 1239 3280 1288 et
3327 1231 3609 1306 iniquitati
3655 1234 3873 1305 prosti-

2264 1321 2393 1387 tuit,
2426 1321 2503 1376 ita
2532 1321 2791 1378 exhibeat
2840 1323 3085 1378 membra
3130 1340 3230 1379 sua
3275 1325 3482 1380 servire
3525 1323 3769 1397 justitiaa
3818 1328 3871 1382 in

2264 1410 2778 1481 sanctificationem,
2811 1419 2871 1467 ut
2893 1422 3160 1484 quantum
3187 1430 3244 1470 se
3275 1414 3668 1486 gloriﬁcaverit
3715 1425 3776 1472 et
3815 1418 3866 1474 in

2265 1500 2479 1557 deliciis
2527 1501 2732 1568 fuerit;
2794 1509 3010 1558 tantum
3067 1511 3245 1559 errata
3313 1505 3756 1579 sua.corrigens
3819 1518 3866 1564 et

2267 1591 2322 1646 in
2345 1608 2401 1646 se
2429 1590 2743 1659 vindicans,
2774 1591 2974 1646 sentiat
3003 1600 3341 1650 tormentum
3379 1603 3432 1650 et
3485 1595 3717 1652 luctum.
3752 1598 3869 1654 De-

2265 1695 2416 1734 mum
2475 1679 2675 1734 festum
2729 1688 2782 1736 et
2839 1691 3103 1752 perpetua
3167 1699 3485 1755 azymorum
3543 1685 3866 1742 solemnitas

2265 1769 2657 1842 praescribitur,
2692 1769 2797 1827 hoc
2826 1778 2926 1840 est,
2959 1771 3336 1828 meditationis
3365 1783 3419 1831 et
3465 1791 3703 1846 operum
3752 1793 3865 1850 per-

1299 1882 1315 1903 ε
1346 1856 1502 1912 Dixit
1531 1857 1746 1929 Moyses
1774 1855 1839 1912 ad
1863 1856 2145 1927 populum:
2179 1877 2226 1938 Β
2262 1859 2569 1915 severantia
2604 1858 2868 1915 indicitur
2893 1877 2905 1915 :
2971 1883 2989 1906 ι
3020 1860 3150 1933 quia
3177 1861 3272 1934 qui
3303 1865 3733 1933 perseveraverit
3767 1883 3865 1923 us-

2271 1966 2374 2022 que
2404 1949 2461 2004 in
2492 1949 2684 2018 ﬁnem,
2717 1949 2808 2006 hic
2837 1951 3024 2006 salvus
3054 1951 3159 2007 erit
3182 1953 3401 2023 (Matth.
3434 1969 3492 2018 χ,
3524 1953 3640 2024 22).
3661 1981 3679 2002 ι
3709 1955 3865 2013 Unde
3895 1989 3897 2000 ‹

2267 2042 2598 2112 Apostolus:
2647 2066 2664 2087 ε
2697 2042 2758 2097 In
2788 2041 3082 2114 disciplina
3119 2050 3480 2114 perseverate,
3522 2043 3624 2099 ﬁlii
3675 2045 3862 2117 (Hebr.

2265 2145 2367 2197 xu,
2401 2131 2476 2202 7).
2513 2156 2530 2178 ι
2571 2130 2844 2187 Profectio
2874 2131 3044 2204 igitur
3071 2148 3139 2187 ex
3167 2132 3419 2189 Ramesse
3447 2131 3517 2190 ad
3550 2133 3756 2190 Socoth
3787 2145 3864 2192 est

2263 2219 2329 2276 ad
2361 2222 2606 2278 meliora.

2331 2310 2427 2366 III-1
2458 2313 2683 2381 mansio,
2713 2313 2929 2370 Erum.
2953 2344 3022 2355 —
3052 2313 3236 2370 Tertia
3274 2313 3488 2370 mansio
3535 2320 3616 2370 est
3649 2315 3858 2374 Ethan.

2256 2398 2390 2454 Nam
2423 2415 2453 2454 a
2481 2400 2682 2457 Socoth
2715 2401 3029 2458 recedentes
3054 2401 3156 2456 ﬁlii
3188 2403 3374 2470 Israel,
3407 2413 3784 2475 pervenerunt
3806 2408 3860 2463 in

2257 2488 2476 2557 Ethan;
2527 2490 2716 2563 ibique
2755 2491 2983 2563 ﬁgentes
3022 2493 3242 2548 tertiam
3277 2493 3570 2550 stationem
3621 2511 3860 2569 perege-

2254 2587 2403 2634 runt.
2433 2579 2620 2651 Inquit
2649 2580 2798 2634 enim
2830 2598 2841 2636 :
2907 2604 2926 2626 ι
2955 2582 3026 2636 Et
3056 2582 3288 2653 profecti
3317 2599 3347 2638 e
3385 2582 3610 2655 Socoth,
3642 2594 3862 2642 castra—

2253 2668 2592 2725 metatisunt
2616 2668 2672 2724 in
2693 2669 2876 2726 Ethan
2901 2672 3083 2742 (Num.
3106 2689 3312 2741 xxxm,
3345 2673 3450 2744 6).»
3491 2673 3674 2729 Ethan
3706 2677 3859 2748 regio

2251 2764 2333 2812 est
2357 2757 2503 2812 inter
2530 2758 2834 2832 IEgyptum
2857 2767 2912 2816 et
2937 2761 3295 2818 solitudinem
3327 2762 3386 2817 in
3415 2779 3523 2835 qua
3563 2770 3645 2818 est
3694 2763 3857 2821 Petra

2251 2847 2536 2918 oppidum,
2567 2848 2624 2903 in
2653 2848 2810 2921 cujus
2840 2853 3103 2923 spelunca
3130 2851 3403 2908 habitavit
3447 2853 3676 2908 Samson
3724 2872 3854 2911 cum

2248 2935 2318 2992 ab
2343 2937 2663 3010 Allophylis
2695 2939 3084 2999 infestaretur:
3147 2966 3164 2988 ι
3210 2943 3281 2998 Et
3326 2941 3487 3011 sedit,
3535 2943 3745 3016 inquit,
3796 2946 3850 3000 in

2247 3027 2508 3098 spelunca
2539 3030 2708 3086 Petrae
2740 3031 2926 3086 Ethan
2975 3032 3175 3102 (Judic.
3208 3049 3303 3099 xv,
3344 3032 3426 3102 8),
3459 3058 3477 3080 ι
3543 3033 3639 3105 qui
3697 3034 3856 3091 locus

2245 3127 2362 3173 erat
2415 3118 2574 3173 valde
2618 3119 2888 3187 minutus,
2937 3127 2999 3174 ut
3037 3127 3267 3175 testatur
3312 3121 3581 3192 Iosephus
3632 3123 3848 3196 (Antiq.

540 3207 790 3273 domum,
872 3218 1118 3266 moratur
1189 3213 1247 3267 in
1316 3213 1701 3270 tabernaculis.
1775 3212 1929 3269 Unde
1999 3210 2133 3284 quid
2165 3242 2208 3302 ϐ
2242 3221 2361 3276 cap.
2401 3205 2512 3276 10).
2544 3206 2678 3262 Erat
2705 3215 2884 3262 autem
2919 3207 3037 3264 haec
3067 3208 3215 3280 regio
3246 3208 3304 3263 in
3335 3209 3609 3282 principio
3637 3212 3851 3270 solitu-

538 3294 689 3350 aliud
741 3305 820 3350 est
886 3297 943 3352 in
1001 3299 1366 3357 tabernaculis
1425 3301 1692 3370 habitare,
1752 3317 1915 3374 quam
1976 3315 2132 3372 pere-

539 3384 743 3455 grinari
775 3385 803 3440 ‘I
850 3386 994 3442 sicut
1046 3389 1345 3459 Apostolus
1400 3391 1468 3448 ad
1518 3391 1771 3447 Hebraeos
1827 3390 1894 3445 de
1950 3388 2134 3461 patri-

537 3471 640 3527 bus
670 3475 898 3545 loquens
929 3483 1180 3534 testatur.
1230 3479 1417 3552 Inquit
1469 3480 1664 3537 enim:
1734 3505 1752 3526 ι
1797 3479 2133 3536 Conﬁtentes

538 3563 687 3635 quod
735 3565 1006 3636 peregrini
1064 3575 1116 3623 et
1175 3567 1416 3642 hospites
1471 3579 1650 3627 essent
1706 3586 1869 3642 super
1931 3577 2129 3622 terram

542 3654 726 3724 (Hebr.
759 3671 840 3722 χι,
876 3657 987 3726 13),
1019 3684 1036 3706 ›
1079 3668 1131 3715 et
1167 3659 1359 3716 videns
1385 3677 1440 3717 se
1467 3662 1820 3734 peregrinum
1877 3658 1936 3712 in
1966 3664 2128 3722 terra,

538 3740 688 3798 dicat
715 3759 839 3798 cum
880 3745 1192 3817 Propheta:
1249 3774 1266 3796 ι
1303 3750 1532 3806 Advena
1573 3765 1672 3820 ego
1717 3762 1838 3802 sum
1879 3744 1937 3798 in
1987 3751 2132 3798 terra

541 3833 716 3904 (Psal.
750 3848 992 3900 xxxvni,
1027 3837 1136 3909 13).
1183 3838 1504 3896 Consideret
1543 3839 1673 3893 item
1723 3833 1974 3905 Apostoli
2020 3832 2131 3889 dic-

537 3929 655 3976 tum
694 3938 704 3975 :
751 3946 770 3967 ι
787 3923 906 3978 Non
924 3923 1184 3984 habemus
1200 3928 1292 3985 hic
1308 3935 1619 3984 manentem
1642 3923 1921 3980 civitatem
1944 3922 2127 3993 (Hebr.

540 4033 664 4080 χιιι,
698 4016 808 4086 14).
855 4045 872 4068 ι
915 4020 1215 4094 Cognoscat
1271 4024 1510 4095 denique
1559 4019 1706 4092 quod
1755 4017 2000 4091 quandiu
2051 4027 2131 4075 est

539 4105 594 4159 in
633 4123 879 4178 corpore,
923 4115 1301 4184 peregrinatur
1328 4130 1360 4168 a
1400 4110 1657 4178 Domino,
1722 4107 1868 4164 unde
1921 4107 2130 4180 rejiciat

537 4212 600 4251 ea
653 4213 772 4268 quae
852 4200 909 4255 in
980 4203 1188 4260 mundo
1249 4211 1409 4268 sunt;
1487 4200 1615 4272 quia
1684 4199 2130 4270 concupiscentia

536 4286 717 4342 carnis
786 4296 906 4356 est;
965 4291 1095 4363 quia
1157 4289 1602 4362 concupiscentia
1663 4290 1993 4345 oculorum:
2073 4296 2128 4344 et

537 4375 666 4447 quia
738 4380 990 4450 superbia
1063 4383 1209 4437 vitaz.
1285 4381 1554 4451 Sequatur
1627 4380 1878 4452 Apostoli
1953 4381 2128 4436 consi-

537 4465 672 4520 lium
722 4485 733 4522 :
807 4493 826 4515 ι
879 4471 956 4526 ΝΘ
1012 4469 1328 4542 tetigeritis,
1387 4485 1455 4524 ne
1521 4469 1893 4540 gustaveritis,
1952 4486 2129 4543 neque

535 4557 1012 4626 attaminaveritis,
1043 4576 1163 4630 quae
1191 4563 1321 4611 sunt
1341 4557 1528 4612 omnia
1555 4558 1612 4612 in
1672 4558 1979 4625 interitum,
2012 4558 2130 4630 ipso

537 4661 637 4700 usu
669 4663 680 4700 :
717 4647 810 4701 sed
858 4648 1181 4719 ingemiscat
1209 4645 1603 4702 habitationem
1633 4664 1753 4720 qua:
1776 4647 1842 4703 de
1866 4649 2004 4704 coelo
2025 4658 2125 4717 est,

534 4751 747 4806 semper
772 4735 1108 4791 contendens
1138 4734 1348 4804 placere
1389 4737 1502 4790 Deo
1535 4737 1763 4807 (Coloss.
1800 4739 1970 4802 11,21,
2009 4737 2076 4793 22
2110 4755 2122 4804 ;

539 4826 663 4880 Cor.
697 4841 754 4892 v,
785 4824 864 4893 2).
899 4850 916 4872 ›
960 4821 1464 4878 Subcinericiorum
1494 4826 1672 4880 coctio
1693 4841 2011 4896 azymorum
2033 4825 2126 4881 do-

534 4921 640 4982 cet,
671 4914 818 4985 quod
849 4917 1150 4983 expurgato
1181 4911 1228 4965 is
1258 4912 1428 4967 veteri
1460 4913 1915 4985 phil030phorum
1939 4914 2126 4987 nequi-

533 5003 624 5058 tia:
679 5011 733 5057 et
782 5000 1098 5057 Iudaeorum
1147 5001 1372 5057 malitiae
1417 5003 1709 5071 fermento,
1763 5004 2015 5076 epuletur
2069 5003 2125 5058 in

533 5090 742 5163 azymis
789 5089 1123 5145 sinceritatis
1168 5098 1221 5145 et
1273 5091 1539 5149 veritatis.
1606 5093 1869 5148 Memoria
1921 5092 2128 5163 jugiter

534 5177 911 5250 unusquisque
950 5186 1198 5233 nostrum
1225 5187 1408 5236 teneat
1438 5181 1577 5237 illud
1625 5182 1849 5238 Domini
1881 5197 2129 5254 praecep-

531 5278 651 5324 tum
683 5265 944 5322 dicentis:
989 5293 1005 5313 ε
1030 5270 1328 5325 Intuemini
1357 5279 1410 5326 et
1429 5282 1614 5328 cavete
1644 5289 1675 5326 a
1701 5272 1970 5327 fermento
1993 5269 2125 5326 Pha-

535 5361 816 5413 risaeorum
853 5358 1062 5427 (Matth.
1095 5375 1210 5427 xvr,
1235 5361 1315 5433 6),
1336 5386 1354 5410 ι
1398 5371 1451 5418 et
1477 5363 1710 5433 apostoli
1741 5379 1808 5417 ne
1837 5359 2127 5417 oblivisca-

536 5457 625 5501 tur
661 5446 1003 5505 cautionem:
1070 5473 1088 5496 ε
1121 5449 1314 5507 Videte
1361 5468 1429 5507 ne
1470 5453 1594 5523 quis
1639 5470 1738 5508 vos
1784 5449 2128 5522 deprmdetur

535 5553 631 5606 per
663 5536 1066 5611 philosophiam
1113 5549 1168 5596 et
1213 5541 1430 5598 inanem
1470 5541 1747 5597 fallaciam
1790 5542 2019 5613 (Coloss.
2062 5556 2124 5607 ιι,

533 5627 613 5695 8).
646 5651 664 5673 ρ
712 5627 918 5686 Deinde
943 5630 1001 5685 in
1035 5630 1235 5687 Socoth
1259 5631 1527 5687 indicitur
1557 5630 1895 5702 computatio
1943 5643 2127 5683 anno-

532 5735 653 5775 rum
681 5720 880 5792 quibus
909 5723 1144 5794 populus
1179 5722 1282 5778 fuit
1310 5722 1363 5777 in
1393 5721 1636 5791 .Egypto
1662 5739 1672 5775 :
1698 5721 1830 5791 quia
1860 5719 2124 5791 pmniten-

2245 3293 2415 3350 dinis.
2448 3295 2575 3352 Ideo
2604 3295 2773 3352 dicit:
2819 3299 3017 3354 «Etest
3048 3314 3170 3370 pars
3191 3298 3391 3355 deserti
3423 3299 3608 3371 (Num.
3633 3317 3849 3367 χχχιιι,
3894 3371 3895 3376 η

2245 3383 2324 3457 6).
2359 3408 2378 3432 ι
2421 3386 2682 3457 Regionis
2731 3385 2897 3458 hujus
2945 3387 3200 3443 meminit
3243 3387 3420 3444 David
3462 3387 3730 3460 propheta
3766 3391 3846 3446 di-
3894 3411 3895 3420 *

2245 3489 2371 3530 cens
2395 3493 2406 3530 :
2451 3499 2469 3522 ι
2492 3476 2572 3531 Tu
2601 3476 2818 3533 siccasti
2847 3477 3045 3535 fluvios
3072 3478 3253 3534 Ethan
3286 3480 3459 3551 (Psal.
3479 3481 3837 3553 ιχχιιι,15).›
3894 3495 3895 3500 ‘

2244 3566 2305 3620 In
2343 3564 2445 3621 hac
2483 3567 2768 3624 mansione
2797 3571 3037 3641 primum
3065 3570 3318 3641 apparuit
3365 3568 3635 3625 Dominus
3677 3581 3846 3628 nocte

2245 3652 2302 3709 in
2333 3655 2590 3712 columna
2620 3657 2782 3730 ignis,
2800 3668 2853 3714 et
2885 3659 2974 3714 die
2999 3659 3056 3714 in
3073 3659 3332 3714 columna
3347 3656 3532 3724 nubis,
3549 3657 3851 3715 ostendens

2243 3743 2349 3800 iter
2375 3747 2598 3819 populo,
2630 3747 2698 3802 ad
2725 3757 2926 3803 terram
2986 3764 3158 3820 usque
3205 3743 3564 3802 successionis
3601 3763 3796 3804 eorum
3836 3768 3844 3804 :

2257 3857 2275 3881 ι
2296 3835 2367 3890 Et
2403 3852 2515 3891 non
2543 3837 2764 3904 defecit,
2811 3837 3016 3909 inquit,
3059 3836 3316 3892 columna
3351 3833 3514 3890 nubis
3561 3834 3618 3890 in
3649 3837 3763 3906 die,
3796 3849 3848 3894 et

2243 3926 2502 3983 columna
2531 3925 2674 3998 ignis
2704 3927 2760 3982 in
2791 3935 2971 3995 nocte,
3003 3943 3186 3984 coram
3217 3927 3369 3983 omni
3399 3927 3602 4000 populo
3634 3927 3845 3999 (Exod.

2243 4031 2366 4084 xm,
2396 4015 2511 4084 22).
2533 4040 2550 4061 -
2596 4015 2800 4071 Verum
2831 4015 2959 4088 quia
2983 4014 3165 4071 Ethan
3192 4014 3351 4072 nobis
3371 4026 3529 4072 sonat
3547 4016 3842 4074 fortitudo:

2242 4104 2388 4160 unde
2417 4103 2678 4159 adversus
2707 4103 2994 4160 Ieroboam
3025 4120 3222 4176 parans
3251 4120 3306 4159 se
3359 4104 3601 4161 Roboam
3636 4105 3846 4162 defen-

2242 4192 2400 4248 dere:
2449 4192 2824 4261 «IEdiﬁcavit,
2857 4194 3056 4267 inquit,
3081 4193 3334 4250 civitates
3363 4193 3624 4250 munitas.
3657 4194 3844 4251 Ethan

2243 4291 2296 4340 et
2325 4284 2539 4340 Thecue
2565 4286 2651 4352 (II
2677 4287 2866 4342 Paral.
2910 4303 2989 4355 χι,
3022 4286 3100 4356 6),
3126 4311 3143 4334 ι
3191 4285 3296 4342 hoc
3323 4294 3404 4341 est
3433 4285 3684 4341 civitates
3717 4286 3844 4342 for-

2242 4371 2518 4442 titudinis,
2542 4374 2804 4430 docemur
2831 4375 2979 4449 quod
3019 4375 3116 4432 ubi
3160 4375 3216 4430 in
3253 4373 3454 4432 Socoth
3486 4372 3652 4445 hujus
3682 4389 3843 4445 pere-

2243 4461 2586 4533 grinationis,
2649 4465 2706 4520 in
2756 4465 3110 4521 meditatione
3169 4473 3222 4520 et
3261 4462 3527 4520 exercitio
3558 4463 3838 4519 bonorum

2241 4569 2464 4624 operum
2497 4571 2668 4626 usque
2707 4554 2765 4608 in
2809 4553 2973 4609 ﬁnem
3023 4567 3369 4624 perseverare
3408 4552 3532 4624 quis
3560 4554 3840 4634 statuerit,

2236 4643 2479 4699 ascendit
2512 4643 2577 4698 ad
2601 4640 2803 4708 Ethan,
2854 4639 2960 4695 hoc
3001 4647 3102 4707 est,
3142 4639 3214 4695 ad
3251 4638 3634 4696 fortitudinem
3669 4642 3842 4712 ;quia

2238 4733 2349 4804 ipse
2379 4732 2652 4786 Dominus
2680 4731 2773 4784 dat
2822 4729 3107 4798 virtutem,
3152 4737 3205 4784 et
3259 4728 3642 4784 fortitudinem
3689 4731 3841 4801 plebi

2235 4839 2366 4877 suae.
2401 4821 2542 4876 llinc
2571 4819 2787 4876 dicebat
2819 4818 3150 4890 Apostolus:
3217 4845 3234 4866 ι
3270 4819 3468 4875 Omnia
3508 4835 3731 4891 possum
3779 4821 3836 4874 in

2235 4928 2299 4968 eo
2329 4911 2422 4983 qui
2455 4926 2540 4964 me
2561 4910 2835 4964 confortat
2858 4909 3108 4965 Christus
3130 4911 3642 4981 Iesus(Ph~£lipp.1v,
3665 4910 3784 4979 13),
3812 4937 3827 4958 ι

2237 5001 2349 5056 imo
2381 5016 2476 5071 per
2507 4999 2706 5054 nubem
2739 5007 2792 5054 et
2817 4999 2995 5071 ignem
3037 4999 3213 5071 aperit
3249 4999 3300 5053 ei
3328 4999 3496 5068 viam,
3528 5009 3581 5056 et
3611 5000 3673 5057 ﬁt
3719 5001 3840 5058 dux

2237 5091 2454 5148 itineris
2483 5088 2622 5162 ejus,
2658 5089 2833 5147 donec
2865 5090 3048 5146 videat
3074 5090 3220 5144 bona
3243 5090 3467 5145 Domini
3498 5091 3554 5146 in
3583 5099 3731 5147 terra
3757 5094 3837 5148 vi-

2236 5183 2506 5238 ventium.
2541 5182 2914 5238 Ascendamus
2941 5181 3110 5253 igitur
3126 5189 3180 5236 et
3207 5197 3307 5238 nos
3331 5181 3389 5237 in
3411 5182 3618 5252 Ethan,
3639 5191 3702 5240 ut
3721 5183 3836 5239 dia-

2235 5273 2361 5330 bolo
2392 5273 2707 5328 resistamus
2739 5273 2907 5327 fortes
2936 5270 2992 5324 in
3025 5269 3150 5326 ﬁde.

2305 5363 2406 5419 IV!-
2435 5362 2658 5428 mansio,
2693 5362 2764 5417 Os
2794 5361 3005 5417 Enoru.
3031 5392 3101 5402 —
3129 5360 3332 5428 Quarta
3358 5361 3572 5417 mansio
3603 5359 3833 5420 dicitur:

2236 5454 2308 5510 Os
2329 5453 2520 5509 Eroth.
2551 5453 2704 5509 Unde
2732 5451 2982 5525 sequitur
3012 5472 3022 5510 :
3071 5478 3088 5500 ε
3122 5453 3193 5508 Et
3221 5453 3451 5525 profecti
3504 5470 3574 5508 ex
3619 5454 3830 5524 Ethan,

2235 5543 2598 5600 castrametati
2625 5549 2753 5597 sunt
2781 5541 2846 5597 ad
2877 5542 2948 5598 Os
2972 5541 3166 5609 Eroth,
3202 5559 3323 5614 qua:
3349 5549 3427 5597 est
3457 5549 3654 5599 contra
3680 5545 3832 5600 Beel-

2234 5631 2463 5703 sephon,
2495 5641 2547 5689 et
2574 5641 2764 5688 contra
2791 5631 3076 5704 Magdalon
3115 5630 3300 5702 (Num.
3345 5645 3549 5700 χχχιιι,
3582 5633 3660 5704 7).
3697 5659 3714 5682 ι
3763 5635 3834 5689 Os

2236 5719 2408 5776 Eroth
2468 5721 2574 5776 alia
2600 5721 2958 5778 translatione
2983 5719 3190 5780 dicitur
3219 5717 3536 5788 Phiairoth;
3570 5720 3728 5778 vicus
3755 5733 3834 5780 est
