3932 6210
81 265 143 319 17
988 261 1082 316 DE
1121 260 1270 316 XLII
1306 257 1777 316 MANSIONIBUS
1816 258 2151 318 FILIOBUM
2191 261 2460 320 ISRAEL.
3330 270 3396 327 18

78 397 132 445 et
160 387 496 444 suburbium
535 386 794 460 Magdali,
827 391 872 450 6
915 401 1107 443 versus
1135 403 1284 443 mare
1319 385 1591 449 Rubrum,
1622 391 1688 440 ut
1721 384 1764 447 A
1797 392 1896 453 est,
1956 385 2208 443 diabolus
2261 405 2386 444 cum
2431 396 2697 461 potestate
2757 400 2867 447 tam
2912 392 3067 460 forti,
3117 402 3199 463 ut,
3253 395 3398 453 sicut

85 483 325 540 habetur
349 484 406 540 in
441 483 583 541 libro
608 483 788 540 Exodi
817 483 1020 558 (Exod.
1053 500 1174 552 xxv,
1207 483 1287 554 2).
1320 484 1380 539 In
1409 480 1513 537 hac
1541 496 1690 535 man-

79 573 238 629 sione
268 573 587 646 indignatus
620 573 832 629 Pharao
871 573 1019 646 quod
1056 574 1219 629 Israel
1255 573 1557 644 Egyptum
1587 569 1692 625 de-

79 670 309 729 sereret,
351 671 666 734 comparato
703 661 953 718 exercitu
985 661 1200 733 grandi,
1239 676 1332 715 eos
1361 659 1688 732 insequitur,

81 749 275 808 dicens
317 769 328 806 :
402 775 419 798 ε
459 749 606 818 Quid
653 750 910 817 fecimus,
966 756 1030 803 ut
1079 747 1483 804 dimitteremus
1548 747 1692 802 ﬁlios

80 839 274 906 Israel,
320 845 381 895 ut
425 856 538 896 non
590 839 865 895 servirent
899 837 1060 893 nobis
1107 837 1270 907 (Ibid.
1310 837 1363 904 5,
1401 838 1456 906 6)
1486 836 1514 892 ‘i
1544 861 1561 882 -
1622 835 1694 889 Et

72 927 405 1002 subjungit:
464 954 482 976 ι
510 929 708 986 Junxit
739 946 866 998 ergo
905 929 1115 985 Pharao
1159 944 1353 984 currus
1394 944 1541 994 suos,
1583 935 1687 981 etc.

77 1017 252 1086 (Ibid.
283 1019 362 1090 6).
395 1043 414 1066 ι
458 1019 580 1086 Quo
606 1034 736 1073 vero
757 1017 820 1072 ad
853 1018 1088 1072 morale:
1114 1033 1208 1088 per
1229 1017 1302 1074 Os
1323 1018 1519 1085 Eroth,
1544 1019 1690 1090 quod

73 1122 140 1162 os
172 1107 451 1163 nobilium
488 1108 878 1178 interpretatur
911 1107 1242 1177 (Hieronym.
1285 1124 1364 1178 ep.
1411 1107 1558 1176 I27),
1589 1125 1688 1163 os-

70 1195 335 1252 tenditur
401 1196 549 1270 quod
614 1205 890 1266 assumpta
963 1194 1291 1251 fortitudine
1354 1196 1410 1251 in
1477 1198 1683 1267 Ethan,

66 1285 439 1341 ascendimus
481 1285 537 1341 in
576 1285 647 1341 Os
686 1284 882 1353 Eroth,
913 1285 1044 1356 quia
1087 1286 1450 1341 nobilitamur
1480 1287 1535 1342 in
1565 1288 1688 1342 Do-

67 1373 256 1429 mino.
309 1373 466 1440 Quod
506 1389 638 1429 vero
685 1374 760 1431 Os
810 1373 985 1430 Eroth
1032 1375 1106 1430 sit
1147 1373 1323 1444 vicus,
1373 1391 1484 1431 non
1538 1383 1687 1432 caret

71 1463 350 1536 mysterio
385 1481 397 1519 :
439 1470 501 1518 ut
543 1463 724 1536 primo
773 1481 943 1537 parva
970 1480 1200 1537 quasque
1231 1465 1563 1536 capiantur;
1605 1475 1687 1522 est

73 1553 231 1609 enim
275 1551 409 1609 ordo
439 1559 501 1608 ut
528 1568 558 1607 a
588 1553 772 1625 parvis
811 1551 879 1608 ad
911 1568 1107 1625 magna
1134 1553 1425 1622 veniatur;
1460 1556 1686 1628 pericu—

72 1645 197 1700 losa
249 1658 486 1717 namque
542 1659 760 1715 semper
814 1642 922 1698 fuit
979 1643 1037 1697 in
1095 1642 1274 1699 initiis
1327 1644 1687 1703 immoderata

74 1733 417 1805 prosperitas
461 1749 616 1806 atque
664 1749 727 1790 ac
771 1731 1076 1788 adversitas
1116 1733 1293 1805 (Orig.
1331 1733 1483 1790 hom.
1533 1735 1600 1791 27
1629 1737 1686 1791 in
1717 1752 1762 1812 B

72 1823 243 1878 Num.
281 1837 350 1877 ex
379 1821 505 1878 Ruf.
539 1822 733 1893 vers.).
766 1821 922 1879 Sicut
950 1837 1078 1894 ergo
1125 1839 1221 1895 per
1249 1821 1575 1880 suburbium
1617 1825 1684 1881 ad

74 1910 273 1968 urbem
306 1911 711 1985 progredimur,
743 1912 820 1968 ita
860 1929 955 1984 per
984 1913 1096 1968 ima
1134 1911 1201 1968 ad
1233 1929 1448 1969 summa
1481 1931 1682 1972 ascen—

73 2001 284 2057 dimus.
332 2000 578 2074 Denique
628 1999 989 2074 Beelsephon,
1042 2001 1191 2074 quod
1237 2011 1319 2059 est
1363 2003 1683 2076 interpreta-

76 2099 223 2156 tum,
256 2089 528 2145 Dominus
557 2089 874 2163 Aquilonis,
903 2088 1186 2147 diabolum
1216 2089 1466 2164 designat
1498 2111 1512 2161 ;
1554 2095 1685 2167 quia

75 2177 250 2243 dixit,
309 2185 373 2233 ut
419 2185 648 2234 testatur
691 2177 856 2235 Isaias
911 2179 1226 2252 propheta:
1294 2203 1312 2226 ι
1361 2181 1572 2239 Sedebo
1624 2184 1682 2239 in

78 2276 272 2324 monte
293 2265 543 2333 sublimi,
566 2283 730 2339 super
747 2276 958 2324 montes
979 2269 1225 2326 excelsos
1255 2268 1320 2325 ad
1347 2269 1681 2344 Aquilonem

83 2356 222 2420 (Isa.
257 2371 376 2423 xiv,
411 2355 524 2427 13).
559 2381 578 2404 ι
618 2355 719 2412 Est
747 2355 918 2428 igitur
946 2356 1018 2413 Os
1049 2358 1223 2414 Eroth
1256 2367 1446 2415 contra
1473 2360 1680 2417 Beelse-

74 2445 252 2518 phon,
302 2444 359 2502 id
389 2454 490 2514 est,
537 2453 729 2502 contra
768 2445 1076 2515 diabolum,
1107 2447 1200 2521 qui
1237 2456 1344 2504 stat
1381 2465 1595 2523 semper
1622 2457 1683 2506 ut

78 2537 404 2594 adversetur
449 2537 709 2595 euntibus
750 2538 810 2594 in
852 2538 1216 2608 Hierusalem,
1263 2556 1384 2613 quae
1428 2538 1487 2594 in
1544 2540 1682 2597 coelo

81 2635 185 2684 est.
214 2627 347 2683 Ideo
381 2626 596 2685 dicebat
625 2628 953 2701 Apostolus:
1001 2653 1018 2675 ι
1049 2629 1269 2685 Induite
1298 2646 1397 2685 vos
1426 2637 1679 2687 armatu-

73 2733 194 2774 ram
230 2716 333 2774 Dei
363 2724 426 2772 ut
460 2718 683 2790 possitis
729 2727 872 2776 stare
908 2718 1170 2776 adversus
1218 2719 1445 2776 insidias
1474 2719 1680 2776 diaboli

77 2806 304 2878 (Ephes.
335 2823 416 2876 v1,
449 2806 559 2878 13).
593 2833 612 2856 ι
651 2807 800 2865 Idem
831 2824 1048 2882 quoque
1077 2808 1392 2881 designatur
1423 2825 1518 2882 per
1544 2808 1680 2867 Pha-

77 2913 308 2953 raonem
331 2898 596 2971 populum
627 2898 1026 2971 insequentem.

145 3003 222 3062 ν·
239 3005 466 3073 mansio,
487 3005 713 3063 MABAH.
735 3037 807 3048 —-
821 3005 1008 3062 Marah
1031 3006 1224 3080 quinta
1243 3013 1324 3063 est
1344 3005 1576 3063 mansio.
1592 3005 1683 3063 Sic

77 3093 231 3150 enim
265 3093 440 3152 dicit:
489 3119 507 3142 ι
531 3097 603 3153 Et
630 3097 861 3168 profecti
889 3105 1079 3153 contra
1109 3097 1182 3154 Os
1215 3096 1410 3165 Eroth,
1443 3097 1685 3153 transie-
1718 3119 1760 3178 ο

75 3191 210 3240 runt
272 3200 370 3256 per
433 3184 678 3241 medium
741 3186 907 3242 maris
973 3187 1032 3241 in
1089 3185 1386 3254 desertum,
1450 3195 1504 3242 et
1558 3202 1688 3240 am-

73 3272 418 3330 bulaverunt
490 3274 639 3329 viam
714 3274 886 3329 trium
961 3273 1174 3329 dierum
1241 3290 1338 3344 per
1409 3274 1685 3330 desertum

77 3362 214 3435 ipsi,
255 3370 311 3418 et
354 3360 729 3419 castrametati
760 3368 890 3416 sunt
935 3362 993 3416 in
1037 3361 1223 3417 Marah
1258 3363 1444 3434 (Num.
1478 3379 1685 3432 xxxm,

73 3451 156 3521 8).
195 3475 214 3498 ›
257 3450 452 3506 Marah
498 3449 650 3503 locus
693 3456 775 3504 est
822 3447 879 3503 in
914 3447 1128 3504 deserto
1159 3448 1283 3518 Sur,
1315 3449 1412 3504 tali
1461 3458 1687 3505 vocatus

73 3544 307 3600 nomine
329 3542 402 3598 ob
429 3555 694 3614 aquarum
721 3540 1144 3596 amaritudinem
1173 3541 1286 3608 ;sic
1314 3542 1461 3598 enim
1495 3541 1684 3599 scribi-

75 3642 166 3688 tur
197 3633 258 3688 in
289 3632 438 3687 libro
461 3628 646 3686 Exodi
677 3647 688 3685 :
733 3652 750 3674 ι
783 3629 1066 3686 Venerunt
1100 3639 1279 3686 autem
1313 3631 1369 3686 in
1399 3629 1607 3699 Marah,
1630 3637 1684 3685 et

74 3739 186 3778 non
210 3729 512 3793 potuerunt
530 3719 718 3775 bibere
734 3735 927 3791 aquam
951 3718 1017 3775 de
1037 3719 1222 3775 Marah
1243 3720 1445 3791 (Exod.
1465 3737 1562 3785 xv,
1587 3719 1678 3792 23)

71 3827 263 3869 amara
304 3810 451 3866 enim
497 3817 634 3877 erat,
673 3816 894 3881 propter
928 3809 1031 3865 hoc
1060 3817 1316 3865 vocatum
1363 3817 1445 3865 est
1479 3827 1681 3866 nomen

73 3902 183 3959 loci
216 3900 394 3968 illius,
444 3898 794 3955 Amaritudo.
828 3898 987 3957 Circa
1033 3899 1176 3956 hanc
1205 3900 1545 3956 mansionem
1576 3901 1681 3958 tria

72 4000 205 4050 sunt
262 3989 676 4058 consideranda,
727 3989 1016 4062 profectio,
1066 3991 1280 4046 mansio
1310 3998 1364 4046 et
1411 3992 1676 4064 operatio.

75 4079 378 4147 Profectio,
411 4080 541 4152 quia
572 4078 630 4134 in
671 4077 837 4150 hujus
865 4078 1064 4134 itinere
1099 4078 1202 4134 ﬁlii
1232 4080 1398 4136 Israel
1430 4081 1677 4137 Rubrum

74 4184 228 4225 mare
275 4166 423 4223 sicco
465 4165 695 4239 vestigio
747 4166 1124 4233 transierunt;
1178 4183 1305 4223 nam
1356 4167 1493 4224 dicit
1539 4168 1678 4226 Scri-

74 4269 277 4333 ptura:
325 4281 343 4304 ι
374 4259 447 4314 At
485 4257 615 4314 Filii
656 4258 820 4314 Israel
863 4265 1225 4330 perrexerunt
1257 4275 1353 4331 per
1383 4259 1588 4316 siccum
1620 4259 1678 4316 in

73 4349 261 4407 medio
306 4347 509 4404 maris:
569 4356 622 4404 et
669 4363 808 4420 aqua
851 4355 968 4403 erat
996 4348 1075 4403 eis
1122 4364 1313 4403 murus
1362 4365 1394 4404 a
1445 4348 1677 4418 dextris,

75 4447 126 4496 et
156 4453 356 4496 murus
382 4453 414 4492 a
439 4435 698 4493 sinistris.
731 4437 944 4494 Pharao
983 4453 1114 4493 vero
1149 4454 1274 4493 cum
1306 4455 1405 4494 suo
1433 4439 1679 4495 exercitu
1709 4477 1757 4535 D

74 4529 397 4586 submersus
425 4534 507 4584 est
555 4528 611 4583 in
641 4527 799 4602 aquis
845 4525 1267 4584 vehementibus
1313 4528 1515 4598 (Exod.
1560 4545 1676 4598 xxv,

77 4619 166 4688 22,
195 4619 292 4689 27)
321 4637 335 4686 ;
368 4642 387 4666 ι
440 4617 520 4674 sic
549 4618 696 4673 enim
733 4617 800 4673 de
840 4633 904 4673 eo
934 4617 1196 4674 scribitur
1223 4635 1234 4674 :
1296 4642 1314 4665 ι
1345 4619 1417 4674 Et
1463 4635 1680 4675 reversa

76 4727 214 4784 aqua
263 4709 549 4782 cooperuit
593 4725 792 4766 currus
848 4716 902 4764 et
953 4724 1289 4777 ascensores,
1346 4718 1400 4766 et
1455 4725 1674 4766 onmem

76 4799 382 4857 exercitum
456 4796 778 4867 Pharaonis,
838 4798 930 4870 qui
989 4799 1219 4871 ingressi
1276 4798 1500 4855 fuerunt
1555 4806 1676 4870 post

76 4903 164 4944 eos
197 4888 258 4943 in
283 4902 456 4951 mare,
487 4895 539 4942 et
560 4902 672 4942 non
703 4885 929 4942 relictus
957 4895 1038 4942 est
1065 4902 1131 4941 ex
1155 4885 1232 4940 eis
1257 4885 1405 4941 ullus
1432 4887 1535 4958 (Ib.
1555 4887 1669 4958 28).

75 4977 325 5044 Mansio;
382 4977 514 5049 quia
565 4976 902 5032 invenerunt
947 4992 1114 5048 aquas
1162 4991 1390 5043 amaras,
1439 4993 1673 5049 quarum

55 5056 507 5121 amaritudinem
551 5065 868 5134 sentientes,
899 5064 1087 5121 bibere
1126 5065 1514 5137 nequiverunt,
1547 5066 1674 5123 licet

77 5171 271 5228 magna
324 5161 662 5209 vexarentur
716 5153 829 5210 siti.
880 5153 1176 5226 Operatio;
1233 5152 1365 5225 quia
1418 5154 1674 5210 mandato

77 5244 298 5301 Domini
344 5243 563 5315 Moyses
612 5243 761 5316 ligno
801 5243 984 5316 tetigit
1018 5258 1223 5315 aquas:
1275 5249 1328 5297 et
1356 5257 1475 5314 quae
1523 5243 1675 5314 prius

78 5341 225 5389 erant
255 5347 480 5399 amarae,
513 5331 570 5386 in
597 5329 947 5387 dulcedinem
978 5347 1147 5387 versae
1174 5329 1442 5403 potabiles
1469 5331 1673 5387 effectae

79 5431 216 5491 sunt,
264 5419 415 5478 unde
463 5420 614 5476 sitim
659 5420 1009 5492 exstinguere
1051 5427 1369 5493 potuerunt.
1411 5421 1512 5476 Per
1551 5437 1672 5494 quae

80 5512 248 5581 primo
289 5509 638 5584 signiﬁcatur
683 5510 844 5566 nobis
888 5509 1036 5582 quod
1077 5510 1145 5566 ad
1188 5510 1416 5582 gratiam
1465 5525 1672 5583 prope-

83 5602 320 5658 rantibus
375 5599 620 5657 occurrit
664 5597 876 5657 Pharao
921 5613 1046 5654 cum
1095 5597 1342 5655 exercitu
1388 5614 1508 5667 suo,
1568 5598 1674 5654 hoc

1803 474 2070 546 scripturn
2114 485 2193 532 est
2224 478 2312 547 (II
2344 479 2518 533 Thess.
2558 497 2616 546 ιι,
2651 479 2702 547 li,
2735 481 2815 551 9),
2849 497 2960 537 non
2990 481 3062 538 sit
3095 482 3395 557 quidquam

1804 564 1860 618 in
1907 571 2052 619 terra
2082 564 2264 621 simile
2292 566 2495 622 factum
2534 569 2617 624 illi
2654 588 2665 625 :
2711 569 2806 625 sed
2834 571 3054 627 tandem
3087 581 3149 628 ut
3185 573 3396 632 Pharao

1801 668 1926 708 cum
1959 654 2206 708 exercitu
2247 653 2616 726 submergitur
2660 658 2719 712 in
2764 659 2922 731 aquis
2949 660 3394 730 vehementibus,

1802 740 1880 796 ita
1909 749 1962 797 et
1994 741 2247 798 diabolus
2295 745 2536 800 mittitur
2586 749 2643 802 in
2688 758 2938 821 stagnum
2989 751 3130 822 ignis
3176 761 3230 808 et
3273 753 3397 809 sul-

1802 830 1996 902 phuris
2028 834 2217 904 (Apoc.
2250 851 2350 903 xx,
2390 835 2470 904 9).
2503 836 2657 892 Unde
2699 854 2800 894 nec
2829 839 2952 894 ideo
2981 849 3303 910 terreamur,
3336 851 3397 899 ut

1801 921 2166 980 desertionem
2216 925 2500 981 faciamus.
2549 926 2758 983 Deinde
2809 928 2866 983 in
2914 931 3196 988 mansione
3242 949 3394 1005 aqua}

1801 1020 2090 1082 gustantur
2150 1031 2368 1081 amarae,
2429 1019 2687 1087 quoniam
2751 1017 2932 1072 adhuc
2987 1021 3282 1075 existentes
3339 1021 3393 1076 in

1800 1100 1973 1170 gratia
2006 1101 2343 1172 multiplices
2376 1112 2599 1158 manent
2629 1105 3052 1161 tribulationum
3079 1110 3396 1166 amaritudi-

1799 1202 1913 1244 nes.
1949 1189 2101 1244 Unde
2132 1190 2367 1246 Joannes
2415 1193 2691 1262 apostolus
2735 1193 2987 1251 dicebat:
3037 1220 3054 1240 ‹
3083 1198 3198 1267 Ego
3225 1199 3399 1253 Joan-

1797 1294 1895 1333 nes
1931 1287 2110 1335 vester
2137 1287 2192 1335 et
2234 1283 2506 1353 particeps
2546 1283 2600 1337 in
2633 1284 2992 1340 tribulatione
3023 1287 3212 1356 (Apoc.
3243 1305 3282 1354 ι,
3315 1289 3396 1357 9).

1798 1368 1915 1424 Imo
1970 1371 2249 1442 apostolus
2294 1371 2498 1427 Paulus
2550 1371 2806 1428 dicebat:
2875 1397 2892 1418 ε
2923 1373 2979 1429 Si
3027 1384 3183 1430 extra
3237 1375 3400 1433 disci-

1797 1456 2003 1528 plinam
2055 1459 2206 1528 estis,
2263 1459 2560 1516 adulterini
2609 1469 2662 1517 et
2705 1477 2816 1516 non
2864 1461 2965 1517 ﬁlii
3022 1462 3153 1518 estis
3207 1465 3392 1533 (Hebr.

1796 1563 1899 1615 xu,
1929 1548 1983 1615 8,
2018 1550 2131 1620 12).
2166 1576 2184 1598 ι
2217 1553 2464 1624 Denique
2495 1554 2552 1607 in
2575 1553 2914 1624 operatione,
2944 1554 3087 1610 sicut
3111 1555 3278 1612 verbo
3297 1574 3398 1614 suo

1795 1635 1947 1691 adest
1974 1639 2265 1708 Dominus,
2309 1650 2371 1696 ut
2399 1640 2713 1697 dulcescant
2753 1658 2927 1713 aquze,
2972 1643 3047 1696 ita
3091 1652 3311 1714 prastat
3339 1645 3397 1701 in

1794 1723 2250 1784 tribulationibus
2309 1746 2464 1784 suam
2522 1729 2682 1784 nobis
2747 1731 3113 1802 praesentiam,
3182 1732 3398 1790 dicente

1799 1813 2106 1886 Propheta:
2150 1840 2168 1863 ε
2203 1816 2339 1873 Cum
2373 1818 2490 1890 ipso
2535 1835 2658 1874 sum
2706 1819 2764 1874 in
2809 1819 3168 1876 tribulatione
3218 1823 3393 1894 (Psal.

1797 1919 1888 1972 xc,
1941 1905 2053 1975 I5),
2090 1929 2108 1954 ι
2168 1913 2231 1961 ut
2285 1907 2610 1964 aﬂlictiones
2658 1907 2966 1965 mitescant.
3017 1909 3159 1966 Hinc
3208 1911 3397 1968 Esaias

1798 1995 2100 2066 proclamat
2154 1997 2463 2069 Propheta:
2535 2021 2552 2044 ε
2584 1999 2640 2055 Si
2687 1999 2971 2056 transieris
3027 2016 3123 2073 per
3175 2017 3393 2074 aquam,

1795 2091 1976 2140 tecum
2027 2102 2170 2154 sum,
2219 2094 2274 2142 et
2314 2086 2545 2144 ﬂumina
2585 2099 2696 2145 no‘n
2743 2090 3061 2162 cooperient
3107 2097 3198 2147 te:
3253 2100 3307 2147 et
3349 2091 3394 2148 si

1797 2175 2083 2232 transieris
2131 2193 2227 2249 per
2273 2178 2476 2250 ignem,
2512 2196 2620 2236 non
2659 2180 3002 2236 combureris
3047 2180 3182 2252 (Isa.
3237 2198 3393 2250 XLIII,

1797 2265 1876 2336 2).
1914 2291 1932 2314 ι
1976 2266 2104 2324 Ideo
2140 2267 2416 2341 Stephano
2447 2270 2503 2326 in
2524 2269 2873 2326 dulcedinem
2892 2271 3117 2326 fuerunt
3136 2271 3396 2326 torrentis

1795 2357 2004 2430 lapides
2032 2378 2043 2415 :
2078 2368 2132 2416 et
2158 2361 2454 2418 Laurentio
2493 2361 2549 2417 in
2583 2363 2924 2434 refrigerium
2957 2379 3166 2434 prunas.
3200 2362 3394 2419 Merito

1795 2447 1966 2518 igitur
1994 2449 2132 2505 dicit
2168 2451 2497 2525 Apostolus:
2546 2475 2563 2496 ι
2594 2451 2909 2508 Gloriamur
2939 2451 2998 2508 in
3026 2451 3393 2509 tribulationi-

1793 2537 1897 2592 bus
1927 2540 2102 2610 (Rom.
2136 2557 2190 2608 v,
2223 2541 2302 2612 3).
2337 2566 2355 2588 ι

1869 2643 1969 2699 VIal
1993 2647 2218 2712 mansio,
2245 2647 2410 2703 ELIM.
2435 2649 2729 2704 —Mansio
2770 2655 2924 2704 sexta
2951 2655 3181 2704 vocatur
3209 2647 3389 2702 Elim:

1794 2731 1842 2786 A
1871 2731 2059 2788 Marah
2091 2735 2240 2790 enim
2290 2736 2603 2792 recedentes
2644 2735 2748 2791 filii
2787 2737 2973 2803 Israel,
3024 2743 3295 2791 venerunt
3337 2736 3394 2792 in

1793 2825 1940 2881 Elim
1969 2845 1980 2882 :
2013 2827 2091 2883 ibi
2119 2828 2504 2896 substiterunt,
2536 2837 2589 2884 et
2612 2829 2689 2884 ibi
2711 2829 3061 2885 tabernacula
3079 2837 3391 2885 erexerunt.

1795 2915 1949 2971 Unde
1979 2916 2152 2974 dicit:
2217 2941 2236 2964 ε
2266 2919 2337 2974 Et
2377 2919 2607 2991 profecti
2657 2936 2724 2975 ex
2775 2919 2980 2987 Marah,
3035 2926 3305 2974 venerunt
3336 2919 3392 2975 in
3433 2915 3436 2928 '

1797 3004 1965 3060 Elim.
1991 3007 2052 3060 In
2082 3007 2227 3063 Elim
2250 3025 2381 3063 vero
2411 3017 2566 3065 erant
2587 3009 2876 3065 duodecim
2909 3009 3088 3064 fontes
3103 3024 3390 3081 aquarum,

1795 3102 1848 3149 et
1877 3099 2221 3169 septuaginta
2250 3100 2471 3156 arbores
2500 3101 2805 3173 palmarum
2831 3119 2844 3167 ;
2877 3101 3242 3157 castrametati
3265 3108 3394 3156 sunt

1795 3184 1911 3240 illic
1959 3186 2101 3256 apud
2143 3204 2308 3258 aquas
2367 3190 2552 3258 (Num.
2603 3206 2804 3255 xxxm,
2863 3189 2943 3258 9).
3001 3189 3149 3244 Idem
3192 3189 3393 3260 legitur

1796 3270 1855 3325 in
1887 3271 2027 3327 libro
2073 3274 2255 3328 Exodi
2299 3276 2500 3346 (Exod.
2536 3291 2632 3342 xv,
2664 3275 2757 3341 27)
2787 3293 2798 3330 :
2831 3275 2934 3330 Sed
2975 3277 3205 3346 pulcher
3233 3277 3388 3345 ordo,

1796 3359 2043 3432 felixque
2074 3362 2297 3418 virtutis
2329 3379 2664 3434 progressus,
2713 3363 2804 3434 qui
2850 3380 3061 3435 semper
3105 3364 3281 3420 tendit
3323 3365 3390 3421 ad

1795 3451 2040 3522 optima:
2103 3469 2172 3508 ex
2219 3452 2458 3509 tenebris
2515 3453 2581 3509 ad
2640 3455 2840 3521 lucem,
2890 3469 2954 3508 ex
3011 3454 3272 3510 aerumnis
3321 3456 3387 3511 ad

1794 3539 2135 3598 felicitatem.
2196 3543 2337 3598 Ecce
2393 3542 2497 3598 filii
2553 3544 2740 3612 Israel,
2798 3551 2918 3616 post
2980 3543 3278 3600 Pharaonis
3335 3553 3389 3601 et

1792 3631 2186 3703 Egyptiorum
2221 3632 2480 3699 saevitias,
2515 3642 2634 3706 post
2661 3635 2828 3690 maris
2857 3634 3166 3708 desertique
3195 3635 3385 3693 discri-

1792 3719 1962 3787 mina,
1995 3728 2118 3793 post
2150 3722 2414 3778 triduana
2455 3723 2576 3778 sitis
2604 3724 2878 3791 ardorem,
2929 3732 2982 3779 et
3010 3725 3195 3779 Marah
3228 3742 3386 3782 ama-

1791 3809 2084 3878 ritudines,
2117 3819 2390 3867 venerunt
2420 3812 2638 3868 tandem
2669 3813 2735 3869 ad
2767 3814 2994 3884 palmas,
3026 3802 3302 3870 venerunt
3317 3815 3385 3870 ad

1793 3897 1993 3954 fontes.
2028 3900 2129 3955 Per
2159 3901 2304 3973 quod
2337 3902 2666 3958 instruimur
2696 3903 2844 3975 quod
2872 3903 2966 3975 qni
3001 3903 3385 3975 asperitatibus

1789 3999 2223 4059 praegravantur,
2272 4007 2363 4047 eos
2407 3991 2627 4046 tandem
2669 3991 2793 4048 laeta
2835 3998 2889 4046 et
2916 4007 3131 4047 ammna
3173 3997 3218 4053 7
3266 3992 3385 4047 loca

1791 4085 2148 4157 suscipiunt:
2207 4087 2467 4158 quoniam
2530 4087 2597 4141 ad
2655 4088 2897 4158 requiem
2961 4103 3072 4142 non
3130 4088 3236 4143 nisi
3289 4103 3385 4158 per

1789 4173 2054 4241 laborem,
2087 4183 2141 4230 et
2187 4174 2256 4230 ad
2299 4175 2496 4247 gaudia
2526 4190 2638 4232 non
2686 4175 2792 4231 nisi
2842 4191 2938 4248 per
2983 4176 3164 4231 tristia
3196 4193 3381 4248 perve-

1788 4262 1961 4320 nitur.
2005 4264 2175 4320 Venit
2217 4265 2450 4337 populus
2491 4265 2558 4321 ad
2594 4264 2844 4336 palmas:
2897 4263 2992 4320 sed
3036 4266 3190 4337 prius
3213 4265 3380 4337 ngy-

1791 4354 2031 4423 ptiorum
2090 4353 2355 4424 plurimas
2409 4353 2677 4410 sustinuit
2735 4354 3032 4426 angustias.
3091 4355 3258 4411 Venit
3313 4355 3380 4411 ad

1788 4441 2004 4509 fontes;
2054 4441 2151 4498 sed
2193 4444 2345 4514 prius
2374 4443 2541 4498 trium
2584 4443 2800 4500 dierum
2829 4443 3000 4511 sitim,
3033 4451 3086 4498 et
3116 4461 3377 4517 aquarum

1788 4531 2184 4588 amaritudines
2227 4549 2416 4604 passus
2453 4541 2553 4589 est.
2603 4534 2715 4589 Nec
2749 4542 2932 4589 tamen
2981 4533 3038 4589 in
3084 4534 3170 4590 his
3199 4533 3378 4591 adhuc

1787 4619 1915 4675 ﬁnis
1945 4630 2026 4676 est
2057 4621 2294 4690 itineris,
2331 4638 2431 4679 nec
2458 4623 2655 4678 ultima
2685 4621 2934 4678 laborum
2966 4623 3215 4695 requies;
3251 4624 3380 4695 quia

1785 4715 1838 4763 et
1894 4710 2146 4780 graviora
2199 4718 2465 4778 manent;
2515 4710 2610 4766 sed
2663 4718 2986 4768 cunctorum
3036 4710 3378 4780 dispensator

1784 4801 1948 4867 Deus,
1980 4802 2073 4872 qui
2107 4801 2293 4856 omnia
2313 4801 2556 4857 suaviter
2584 4801 2847 4873 disponit,
2881 4800 3159 4855 interserit
3180 4799 3236 4852 in
3260 4799 3378 4869 ipso

1784 4890 1947 4946 etiam
1977 4891 2178 4948 itinere
2206 4892 2492 4963 refrigeria
2507 4891 2778 4963 quaedam,
2808 4899 2870 4946 ut
2894 4890 2962 4944 iis
2991 4889 3185 4954 refota,
3211 4888 3376 4961 vique

1784 4991 2030 5054 reparata
2049 4980 2233 5036 anima
2262 4981 2567 5051 promptior
2595 4979 2662 5032 ad
2693 4978 2934 5050 reliquos
2959 4976 3140 5033 redeat
3166 4975 3376 5034 labores

1785 5069 1960 5141 (Orig.
2011 5069 2161 5124 hom.
2211 5069 2279 5124 27
2327 5070 2382 5122 in
2419 5068 2581 5123 Num.
2615 5082 2683 5120 ex
2726 5083 2868 5123 vers.
2905 5067 3080 5139 Ruf).
3128 5067 3374 5142 Denique

1783 5159 2184 5215 observandum
2234 5167 2314 5214 est
2360 5157 2508 5231 quod
2537 5155 2684 5212 Elim
2717 5156 3107 5233 interpretatur
3135 5162 3370 5218 Arietes.

1781 5246 1996 5302 Arietes
2046 5261 2176 5300 vero
2231 5244 2398 5302 duces
2453 5254 2582 5302 sunt
2639 5247 2845 5303 ovium.
2905 5247 3033 5304 Ideo
3081 5246 3370 5303 duodecim

1782 5334 1982 5402 fontes,
2027 5342 2082 5390 et
2110 5335 2456 5407 septuaginta
2503 5334 2696 5406 palma:
2744 5334 3033 5408 designant
3071 5334 3371 5392 Christiani

1783 5423 1958 5494 gregis
2005 5420 2302 5479 ductores:
2354 5439 2550 5497 nempe
2597 5422 2891 5479 duodecim
2944 5423 3255 5496 Apostolos,
3304 5421 3371 5478 de

1781 5509 1984 5581 quibus
2009 5509 2084 5565 ita
2110 5511 2302 5568 scribit
2327 5514 2498 5571 Lucas
2524 5530 2536 5568 :
2575 5535 2594 5557 ε
2611 5511 2791 5582 Elegit
2811 5510 3100 5567 duodecim
3124 5525 3193 5566 ex
3214 5511 3368 5584 ipsis,

1780 5614 1918 5670 quos
1946 5599 2218 5670 apostolos
2246 5602 2558 5660 nominavit
2587 5600 2740 5671 (Luc.
2762 5615 2844 5665 vr,
2868 5595 2984 5666 43),
3017 5623 3035 5646 ι
3076 5604 3130 5653 et
3158 5605 3368 5672 septua-
