  <div class='ocr_page' id='page_1' title='image "/cluster/home/n/w/nwhite01/storage/ocr_20150623/17/uva.x000826553/017.png"; bbox 0 0 3932 6210; ppageno 0'>
   <div class='ocr_carea' id='block_1_1' title="bbox 509 326 2140 416">
    <p class='ocr_par' dir='ltr' id='par_1_1' title="bbox 509 333 2140 416">
     <span class='ocr_line' id='line_1_1' title="bbox 509 333 2140 416; baseline -0.017 0"><span class='ocrx_word' id='word_1_1' title='bbox 509 358 575 416; x_wconf 83' lang='grc'>19</span> <span class='ocrx_word' id='word_1_2' title='bbox 1477 343 1574 398; x_wconf 83' lang='grc' dir='ltr'>ΑΙ)</span> <span class='ocrx_word' id='word_1_3' title='bbox 1613 338 1850 397; x_wconf 79' lang='grc' dir='ltr'><strong>ΟΡΕΒΑ</strong></span> <span class='ocrx_word' id='word_1_4' title='bbox 1888 336 1942 392; x_wconf 87' lang='lat' dir='ltr'>S.</span> <span class='ocrx_word' id='word_1_5' title='bbox 1978 333 2140 391; x_wconf 85' lang='grc' dir='ltr'>ΑΜΒ]</span> 
     </span>
    </p>
   </div>
   <div class='ocr_carea' id='block_1_2' title="bbox 2255 326 2743 416">
    <p class='ocr_par' dir='ltr' id='par_1_2' title="bbox 2255 326 2743 386">
     <span class='ocr_line' id='line_1_2' title="bbox 2255 326 2743 386; baseline 0.004 -6"><span class='ocrx_word' id='word_1_6' title='bbox 2255 330 2311 386; x_wconf 66' lang='grc' dir='ltr'>,ΙΙ</span> <span class='ocrx_word' id='word_1_7' title='bbox 2349 326 2713 385; x_wconf 82' lang='lat' dir='ltr'>APPENDIX</span> <span class='ocrx_word' id='word_1_8' title='bbox 2728 367 2743 382; x_wconf 92' lang='lat'>.</span> 
     </span>
    </p>
   </div>
   <div class='ocr_carea' id='block_1_3' title="bbox 3772 319 3858 377">
    <p class='ocr_par' dir='ltr' id='par_1_3' title="bbox 3772 319 3858 377">
     <span class='ocr_line' id='line_1_3' title="bbox 3772 319 3858 377; baseline -0.035 0"><span class='ocrx_word' id='word_1_9' title='bbox 3772 319 3858 377; x_wconf 79' lang='lat'><strong>20</strong></span> 
     </span>
    </p>
   </div>
   <div class='ocr_carea' id='block_1_4' title="bbox 510 447 3855 554">
    <p class='ocr_par' dir='ltr' id='par_1_4' title="bbox 510 447 3855 554">
     <span class='ocr_line' id='line_1_4' title="bbox 510 447 3855 554; baseline -0.01 -16"><span class='ocrx_word' id='word_1_10' title='bbox 510 481 663 554; x_wconf 80' lang='lat' dir='ltr'>ginta</span> <span class='ocrx_word' id='word_1_11' title='bbox 704 476 1005 549; x_wconf 83' lang='lat' dir='ltr'>discipulos</span> <span class='ocrx_word' id='word_1_12' title='bbox 1052 489 1189 546; x_wconf 91' lang='lat' dir='ltr'>quos</span> <span class='ocrx_word' id='word_1_13' title='bbox 1234 477 1454 528; x_wconf 87' lang='lat' dir='ltr'>sanctus</span> <span class='ocrx_word' id='word_1_14' title='bbox 1496 467 1669 523; x_wconf 90' lang='lat' dir='ltr'>Lucas</span> <span class='ocrx_word' id='word_1_15' title='bbox 1716 462 1852 519; x_wconf 88' lang='lat' dir='ltr'>alibi</span> <span class='ocrx_word' id='word_1_16' title='bbox 1902 458 2113 516; x_wconf 91' lang='lat' dir='ltr'>memi—</span> <span class='ocrx_word' id='word_1_17' title='bbox 2139 460 2191 520; x_wconf 85' lang='grc' dir='ltr'><strong>Α</strong></span> <span class='ocrx_word' id='word_1_18' title='bbox 2224 472 2348 523; x_wconf 83' lang='lat' dir='ltr'>vni,</span> <span class='ocrx_word' id='word_1_19' title='bbox 2404 452 2521 525; x_wconf 91' lang='lat'><strong>23).</strong></span> <span class='ocrx_word' id='word_1_20' title='bbox 2566 477 2585 503; x_wconf 78' lang='grc' dir='ltr'>ι</span> <span class='ocrx_word' id='word_1_21' title='bbox 2639 452 2713 508; x_wconf 91' lang='lat' dir='ltr'>Et</span> <span class='ocrx_word' id='word_1_22' title='bbox 2759 449 2926 507; x_wconf 83' lang='lat' dir='ltr'>alibi:</span> <span class='ocrx_word' id='word_1_23' title='bbox 2989 472 3010 499; x_wconf 71' lang='grc' dir='ltr'>ι</span> <span class='ocrx_word' id='word_1_24' title='bbox 3053 447 3395 506; x_wconf 86' lang='lat' dir='ltr'>Salvatorem</span> <span class='ocrx_word' id='word_1_25' title='bbox 3441 452 3855 519; x_wconf 80' lang='lat' dir='ltr'>exspectamus</span> 
     </span>
    </p>
   </div>
   <div class='ocr_carea' id='block_1_5' title="bbox 511 553 2123 639">
    <p class='ocr_par' dir='ltr' id='par_1_5' title="bbox 511 553 2123 639">
     <span class='ocr_line' id='line_1_5' title="bbox 511 553 2123 639; baseline -0.017 -10"><span class='ocrx_word' id='word_1_26' title='bbox 511 553 621 639; x_wconf 86' lang='lat' dir='ltr'>nit,</span> <span class='ocrx_word' id='word_1_27' title='bbox 653 570 843 627; x_wconf 92' lang='lat' dir='ltr'>dicens</span> <span class='ocrx_word' id='word_1_28' title='bbox 874 585 885 622; x_wconf 93' lang='lat'>:</span> <span class='ocrx_word' id='word_1_29' title='bbox 933 590 951 613; x_wconf 77' lang='grc' dir='ltr'>ι</span> <span class='ocrx_word' id='word_1_30' title='bbox 982 560 1303 634; x_wconf 85' lang='lat' dir='ltr'>Designavit</span> <span class='ocrx_word' id='word_1_31' title='bbox 1342 557 1614 615; x_wconf 83' lang='lat' dir='ltr'>Dominus</span> <span class='ocrx_word' id='word_1_32' title='bbox 1643 563 1697 610; x_wconf 91' lang='lat' dir='ltr'>et</span> <span class='ocrx_word' id='word_1_33' title='bbox 1726 553 1864 608; x_wconf 87' lang='lat' dir='ltr'>alios</span> <span class='ocrx_word' id='word_1_34' title='bbox 1892 556 2123 622; x_wconf 90' lang='lat' dir='ltr'>septua—</span> 
     </span>
    </p>
   </div>
   <div class='ocr_carea' id='block_1_6' title="bbox 515 638 2119 734">
    <p class='ocr_par' dir='ltr' id='par_1_6' title="bbox 515 638 2119 734">
     <span class='ocr_line' id='line_1_6' title="bbox 515 638 2119 734; baseline -0.014 -16"><span class='ocrx_word' id='word_1_35' title='bbox 515 660 687 734; x_wconf 83' lang='lat' dir='ltr'>ginta,</span> <span class='ocrx_word' id='word_1_36' title='bbox 717 666 773 715; x_wconf 92' lang='lat' dir='ltr'>et</span> <span class='ocrx_word' id='word_1_37' title='bbox 806 654 961 713; x_wconf 80' lang='lat' dir='ltr'>misit</span> <span class='ocrx_word' id='word_1_38' title='bbox 999 654 1124 710; x_wconf 90' lang='lat' dir='ltr'>illos</span> <span class='ocrx_word' id='word_1_39' title='bbox 1164 650 1326 706; x_wconf 89' lang='lat' dir='ltr'>binos</span> <span class='ocrx_word' id='word_1_40' title='bbox 1374 655 1498 703; x_wconf 89' lang='lat' dir='ltr'>ante</span> <span class='ocrx_word' id='word_1_41' title='bbox 1537 643 1734 701; x_wconf 83' lang='lat' dir='ltr'>faciem</span> <span class='ocrx_word' id='word_1_42' title='bbox 1778 656 1931 696; x_wconf 88' lang='lat' dir='ltr'>suam</span> <span class='ocrx_word' id='word_1_43' title='bbox 1966 638 2119 710; x_wconf 80' lang='lat' dir='ltr'>(Luc.</span> 
     </span>
    </p>
   </div>
   <div class='ocr_carea' id='block_1_7' title="bbox 512 731 2123 822">
    <p class='ocr_par' dir='ltr' id='par_1_7' title="bbox 512 731 2123 822">
     <span class='ocr_line' id='line_1_7' title="bbox 512 731 2123 822; baseline -0.016 -15"><span class='ocrx_word' id='word_1_44' title='bbox 512 731 574 820; x_wconf 77' lang='grc' dir='ltr'><strong>χ,</strong></span> <span class='ocrx_word' id='word_1_45' title='bbox 601 751 677 822; x_wconf 98' lang='grc'>1).</span> <span class='ocrx_word' id='word_1_46' title='bbox 701 774 720 797; x_wconf 78' lang='grc' dir='ltr'>ι</span> <span class='ocrx_word' id='word_1_47' title='bbox 750 748 996 815; x_wconf 91' lang='lat' dir='ltr'>Quorum</span> <span class='ocrx_word' id='word_1_48' title='bbox 1010 740 1421 801; x_wconf 78' lang='lat' dir='ltr'>distinctionem</span> <span class='ocrx_word' id='word_1_49' title='bbox 1441 734 1598 808; x_wconf 84' lang='lat' dir='ltr'>ponit</span> <span class='ocrx_word' id='word_1_50' title='bbox 1618 731 1936 805; x_wconf 85' lang='lat' dir='ltr'>Apostolus,</span> <span class='ocrx_word' id='word_1_51' title='bbox 1958 744 2123 822; x_wconf 86' lang='lat' dir='ltr'>agens</span> 
     </span>
    </p>
   </div>
   <div class='ocr_carea' id='block_1_8' title="bbox 517 817 2119 908">
    <p class='ocr_par' dir='ltr' id='par_1_8' title="bbox 517 817 2119 908">
     <span class='ocr_line' id='line_1_8' title="bbox 517 817 2119 908; baseline -0.016 -12"><span class='ocrx_word' id='word_1_52' title='bbox 517 817 585 895; x_wconf 84' lang='lat' dir='ltr'>de</span> <span class='ocrx_word' id='word_1_53' title='bbox 614 817 841 895; x_wconf 79' lang='lat' dir='ltr'>Domini</span> <span class='ocrx_word' id='word_1_54' title='bbox 868 842 991 908; x_wconf 91' lang='lat' dir='ltr'>post</span> <span class='ocrx_word' id='word_1_55' title='bbox 1029 832 1148 904; x_wconf 84' lang='lat' dir='ltr'>ejus</span> <span class='ocrx_word' id='word_1_56' title='bbox 1176 826 1628 886; x_wconf 86' lang='lat' dir='ltr'>resurrectionem</span> <span class='ocrx_word' id='word_1_57' title='bbox 1660 817 2119 895; x_wconf 83' lang='lat' dir='ltr'>apparitionibus.</span> 
     </span>
    </p>
   </div>
   <div class='ocr_carea' id='block_1_9' title="bbox 517 908 2120 1001">
    <p class='ocr_par' dir='ltr' id='par_1_9' title="bbox 517 908 2120 1001">
     <span class='ocr_line' id='line_1_9' title="bbox 517 908 2120 1001; baseline -0.014 -17"><span class='ocrx_word' id='word_1_58' title='bbox 517 927 706 1001; x_wconf 88' lang='lat' dir='ltr'>Inquit</span> <span class='ocrx_word' id='word_1_59' title='bbox 752 925 899 981; x_wconf 89' lang='lat' dir='ltr'>enim</span> <span class='ocrx_word' id='word_1_60' title='bbox 948 922 1018 978; x_wconf 89' lang='lat' dir='ltr'>ad</span> <span class='ocrx_word' id='word_1_61' title='bbox 1061 918 1424 978; x_wconf 85' lang='lat' dir='ltr'>Corinthios:</span> <span class='ocrx_word' id='word_1_62' title='bbox 1495 939 1513 962; x_wconf 74' lang='grc' dir='ltr'>ι</span> <span class='ocrx_word' id='word_1_63' title='bbox 1560 914 1727 971; x_wconf 81' lang='lat' dir='ltr'>Visus</span> <span class='ocrx_word' id='word_1_64' title='bbox 1780 918 1873 1001; x_wconf 87' lang='lat' dir='ltr'>est</span> <span class='ocrx_word' id='word_1_65' title='bbox 1901 908 2120 1001; x_wconf 67' lang='lat' dir='ltr'>Cephaz,</span> 
     </span>
    </p>
   </div>
   <div class='ocr_carea' id='block_1_10' title="bbox 515 997 2125 1088">
    <p class='ocr_par' dir='ltr' id='par_1_10' title="bbox 515 997 2125 1088">
     <span class='ocr_line' id='line_1_10' title="bbox 515 997 2125 1088; baseline -0.011 -15"><span class='ocrx_word' id='word_1_66' title='bbox 515 1026 570 1073; x_wconf 90' lang='lat' dir='ltr'>et</span> <span class='ocrx_word' id='word_1_67' title='bbox 598 997 737 1088; x_wconf 63' lang='lat' dir='ltr'>post</span> <span class='ocrx_word' id='word_1_68' title='bbox 768 1014 873 1070; x_wconf 89' lang='lat' dir='ltr'>hoc</span> <span class='ocrx_word' id='word_1_69' title='bbox 914 1009 1190 1076; x_wconf 86' lang='lat' dir='ltr'>undecim,</span> <span class='ocrx_word' id='word_1_70' title='bbox 1230 1016 1283 1063; x_wconf 92' lang='lat' dir='ltr'>et</span> <span class='ocrx_word' id='word_1_71' title='bbox 1321 1004 1519 1063; x_wconf 90' lang='lat' dir='ltr'>deinde</span> <span class='ocrx_word' id='word_1_72' title='bbox 1557 1003 1711 1058; x_wconf 90' lang='lat' dir='ltr'>visus</span> <span class='ocrx_word' id='word_1_73' title='bbox 1737 1009 1818 1058; x_wconf 87' lang='lat' dir='ltr'>est</span> <span class='ocrx_word' id='word_1_74' title='bbox 1844 997 2125 1072; x_wconf 82' lang='lat' dir='ltr'>Apostolis</span> 
     </span>
    </p>
   </div>
   <div class='ocr_carea' id='block_1_11' title="bbox 517 1088 2125 1174">
    <p class='ocr_par' dir='ltr' id='par_1_11' title="bbox 517 1088 2125 1174">
     <span class='ocr_line' id='line_1_11' title="bbox 517 1088 2125 1174; baseline -0.013 -11"><span class='ocrx_word' id='word_1_75' title='bbox 517 1106 774 1163; x_wconf 88' lang='lat' dir='ltr'>omnibus</span> <span class='ocrx_word' id='word_1_76' title='bbox 806 1104 862 1174; x_wconf 90' lang='grc' dir='ltr'>(Ι</span> <span class='ocrx_word' id='word_1_77' title='bbox 881 1102 1007 1158; x_wconf 85' lang='lat' dir='ltr'>Cor.</span> <span class='ocrx_word' id='word_1_78' title='bbox 1040 1117 1141 1168; x_wconf 86' lang='lat' dir='ltr'>xv,</span> <span class='ocrx_word' id='word_1_79' title='bbox 1169 1099 1224 1166; x_wconf 82' lang='lat'>5,</span> <span class='ocrx_word' id='word_1_80' title='bbox 1243 1098 1317 1169; x_wconf 93' lang='grc'>7).</span> <span class='ocrx_word' id='word_1_81' title='bbox 1351 1121 1371 1145; x_wconf 73' lang='grc' dir='ltr'>ι</span> <span class='ocrx_word' id='word_1_82' title='bbox 1404 1094 1510 1163; x_wconf 85' lang='lat' dir='ltr'>Qui</span> <span class='ocrx_word' id='word_1_83' title='bbox 1535 1101 1716 1149; x_wconf 89' lang='lat' dir='ltr'>tamen</span> <span class='ocrx_word' id='word_1_84' title='bbox 1746 1106 1938 1147; x_wconf 90' lang='lat' dir='ltr'>omnes</span> <span class='ocrx_word' id='word_1_85' title='bbox 1959 1088 2125 1144; x_wconf 90' lang='lat' dir='ltr'>duces</span> 
     </span>
    </p>
   </div>
   <div class='ocr_carea' id='block_1_12' title="bbox 516 1175 2124 1267">
    <p class='ocr_par' dir='ltr' id='par_1_12' title="bbox 516 1175 2124 1267">
     <span class='ocr_line' id='line_1_12' title="bbox 516 1175 2124 1267; baseline -0.012 -15"><span class='ocrx_word' id='word_1_86' title='bbox 516 1204 570 1252; x_wconf 88' lang='lat' dir='ltr'>et</span> <span class='ocrx_word' id='word_1_87' title='bbox 618 1192 865 1267; x_wconf 79' lang='lat' dir='ltr'>magistri</span> <span class='ocrx_word' id='word_1_88' title='bbox 925 1198 1055 1248; x_wconf 89' lang='lat' dir='ltr'>sunt</span> <span class='ocrx_word' id='word_1_89' title='bbox 1112 1187 1290 1262; x_wconf 81' lang='lat' dir='ltr'>gregis</span> <span class='ocrx_word' id='word_1_90' title='bbox 1342 1182 1642 1242; x_wconf 91' lang='lat' dir='ltr'>Dominici.</span> <span class='ocrx_word' id='word_1_91' title='bbox 1703 1182 1880 1248; x_wconf 86' lang='lat' dir='ltr'>Quare</span> <span class='ocrx_word' id='word_1_92' title='bbox 1934 1177 2002 1233; x_wconf 91' lang='lat' dir='ltr'>de</span> <span class='ocrx_word' id='word_1_93' title='bbox 2054 1175 2124 1232; x_wconf 92' lang='lat' dir='ltr'>iis</span> 
     </span>
    </p>
   </div>
   <div class='ocr_carea' id='block_1_13' title="bbox 516 1266 2124 1356">
    <p class='ocr_par' dir='ltr' id='par_1_13' title="bbox 516 1266 2124 1356">
     <span class='ocr_line' id='line_1_13' title="bbox 516 1266 2124 1356; baseline -0.014 -15"><span class='ocrx_word' id='word_1_94' title='bbox 516 1266 781 1356; x_wconf 88' lang='lat' dir='ltr'>scriptum</span> <span class='ocrx_word' id='word_1_95' title='bbox 812 1290 930 1339; x_wconf 88' lang='lat' dir='ltr'>est:</span> <span class='ocrx_word' id='word_1_96' title='bbox 978 1305 997 1329; x_wconf 77' lang='grc' dir='ltr'>ι</span> <span class='ocrx_word' id='word_1_97' title='bbox 1026 1279 1135 1347; x_wconf 90' lang='lat' dir='ltr'>Qui</span> <span class='ocrx_word' id='word_1_98' title='bbox 1164 1294 1263 1333; x_wconf 91' lang='lat' dir='ltr'>vos</span> <span class='ocrx_word' id='word_1_99' title='bbox 1291 1274 1468 1342; x_wconf 86' lang='lat' dir='ltr'>audit,</span> <span class='ocrx_word' id='word_1_100' title='bbox 1501 1289 1587 1328; x_wconf 89' lang='lat' dir='ltr'>me</span> <span class='ocrx_word' id='word_1_101' title='bbox 1607 1270 1790 1336; x_wconf 88' lang='lat' dir='ltr'>audit;</span> <span class='ocrx_word' id='word_1_102' title='bbox 1823 1274 1877 1324; x_wconf 92' lang='lat' dir='ltr'>et</span> <span class='ocrx_word' id='word_1_103' title='bbox 1900 1266 1996 1341; x_wconf 87' lang='lat' dir='ltr'>qui</span> <span class='ocrx_word' id='word_1_104' title='bbox 2027 1279 2124 1320; x_wconf 83' lang='lat' dir='ltr'>vos</span> 
     </span>
    </p>
   </div>
   <div class='ocr_carea' id='block_1_14' title="bbox 516 1354 2126 1446">
    <p class='ocr_par' dir='ltr' id='par_1_14' title="bbox 516 1354 2126 1446">
     <span class='ocr_line' id='line_1_14' title="bbox 516 1354 2126 1446; baseline -0.014 -16"><span class='ocrx_word' id='word_1_105' title='bbox 516 1354 747 1446; x_wconf 78' lang='lat' dir='ltr'>spernit,</span> <span class='ocrx_word' id='word_1_106' title='bbox 778 1388 866 1426; x_wconf 89' lang='lat' dir='ltr'>me</span> <span class='ocrx_word' id='word_1_107' title='bbox 894 1368 1105 1441; x_wconf 89' lang='lat' dir='ltr'>spernit</span> <span class='ocrx_word' id='word_1_108' title='bbox 1135 1368 1287 1436; x_wconf 81' lang='lat' dir='ltr'>(Luc.</span> <span class='ocrx_word' id='word_1_109' title='bbox 1320 1381 1381 1433; x_wconf 84' lang='grc' dir='ltr'><strong>χ,</strong></span> <span class='ocrx_word' id='word_1_110' title='bbox 1406 1363 1519 1435; x_wconf 87' lang='grc'>16).</span> <span class='ocrx_word' id='word_1_111' title='bbox 1554 1386 1572 1409; x_wconf 77' lang='grc' dir='ltr'>ι</span> <span class='ocrx_word' id='word_1_112' title='bbox 1607 1358 1938 1416; x_wconf 86' lang='lat' dir='ltr'>Hauriamus</span> <span class='ocrx_word' id='word_1_113' title='bbox 1957 1354 2126 1426; x_wconf 83' lang='lat' dir='ltr'>igitur</span> 
     </span>
    </p>
   </div>
   <div class='ocr_carea' id='block_1_15' title="bbox 519 1446 2118 1528">
    <p class='ocr_par' dir='ltr' id='par_1_15' title="bbox 519 1446 2118 1528">
     <span class='ocr_line' id='line_1_15' title="bbox 519 1446 2118 1528; baseline -0.013 -8"><span class='ocrx_word' id='word_1_114' title='bbox 519 1480 622 1519; x_wconf 89' lang='lat' dir='ltr'>nos</span> <span class='ocrx_word' id='word_1_115' title='bbox 650 1461 717 1518; x_wconf 87' lang='lat' dir='ltr'>de</span> <span class='ocrx_word' id='word_1_116' title='bbox 753 1458 1050 1517; x_wconf 87' lang='lat' dir='ltr'>uberrimis</span> <span class='ocrx_word' id='word_1_117' title='bbox 1078 1453 1400 1528; x_wconf 89' lang='lat' dir='ltr'>hujusmodi</span> <span class='ocrx_word' id='word_1_118' title='bbox 1431 1449 1703 1517; x_wconf 82' lang='lat' dir='ltr'>fontibus,</span> <span class='ocrx_word' id='word_1_119' title='bbox 1735 1456 1789 1504; x_wconf 88' lang='lat' dir='ltr'>et</span> <span class='ocrx_word' id='word_1_120' title='bbox 1824 1446 2080 1503; x_wconf 85' lang='lat' dir='ltr'>bibamus</span> <span class='ocrx_word' id='word_1_121' title='bbox 2106 1462 2118 1499; x_wconf 88' lang='lat'>:</span> 
     </span>
    </p>
   </div>
   <div class='ocr_carea' id='block_1_16' title="bbox 521 1535 2124 1625">
    <p class='ocr_par' dir='ltr' id='par_1_16' title="bbox 521 1535 2124 1625">
     <span class='ocr_line' id='line_1_16' title="bbox 521 1535 2124 1625; baseline -0.013 -16"><span class='ocrx_word' id='word_1_122' title='bbox 521 1566 809 1625; x_wconf 86' lang='lat' dir='ltr'>carpamus</span> <span class='ocrx_word' id='word_1_123' title='bbox 847 1564 1066 1621; x_wconf 91' lang='lat' dir='ltr'>quoque</span> <span class='ocrx_word' id='word_1_124' title='bbox 1093 1545 1161 1601; x_wconf 92' lang='lat' dir='ltr'>de</span> <span class='ocrx_word' id='word_1_125' title='bbox 1190 1542 1383 1600; x_wconf 90' lang='lat' dir='ltr'>solidis</span> <span class='ocrx_word' id='word_1_126' title='bbox 1411 1540 1609 1596; x_wconf 90' lang='lat' dir='ltr'>harum</span> <span class='ocrx_word' id='word_1_127' title='bbox 1639 1536 1889 1595; x_wconf 63' lang='lat' dir='ltr'>victoriae</span> <span class='ocrx_word' id='word_1_128' title='bbox 1922 1535 2124 1607; x_wconf 89' lang='lat' dir='ltr'>palma-</span> 
     </span>
    </p>
   </div>
   <div class='ocr_carea' id='block_1_17' title="bbox 520 1624 2126 1705">
    <p class='ocr_par' dir='ltr' id='par_1_17' title="bbox 520 1624 2126 1705">
     <span class='ocr_line' id='line_1_17' title="bbox 520 1624 2126 1705; baseline -0.011 -8"><span class='ocrx_word' id='word_1_129' title='bbox 520 1624 641 1697; x_wconf 90' lang='lat' dir='ltr'>rum</span> <span class='ocrx_word' id='word_1_130' title='bbox 672 1638 969 1705; x_wconf 87' lang='lat' dir='ltr'>fructibus,</span> <span class='ocrx_word' id='word_1_131' title='bbox 1016 1643 1070 1692; x_wconf 87' lang='lat' dir='ltr'>et</span> <span class='ocrx_word' id='word_1_132' title='bbox 1099 1634 1498 1691; x_wconf 86' lang='lat' dir='ltr'>manducemus</span> <span class='ocrx_word' id='word_1_133' title='bbox 1527 1629 1800 1697; x_wconf 86' lang='lat' dir='ltr'>alacriter,</span> <span class='ocrx_word' id='word_1_134' title='bbox 1831 1633 1896 1683; x_wconf 89' lang='lat' dir='ltr'>ut</span> <span class='ocrx_word' id='word_1_135' title='bbox 1920 1624 2126 1681; x_wconf 87' lang='lat' dir='ltr'>talibus</span> 
     </span>
    </p>
   </div>
   <div class='ocr_carea' id='block_1_18' title="bbox 521 1715 2125 1803">
    <p class='ocr_par' dir='ltr' id='par_1_18' title="bbox 521 1715 2125 1803">
     <span class='ocr_line' id='line_1_18' title="bbox 521 1715 2125 1803; baseline -0.011 -15"><span class='ocrx_word' id='word_1_136' title='bbox 521 1730 646 1788; x_wconf 91' lang='lat' dir='ltr'>cibo</span> <span class='ocrx_word' id='word_1_137' title='bbox 675 1737 920 1803; x_wconf 90' lang='lat' dir='ltr'>potuque</span> <span class='ocrx_word' id='word_1_138' title='bbox 946 1725 1163 1793; x_wconf 88' lang='lat' dir='ltr'>refecti,</span> <span class='ocrx_word' id='word_1_139' title='bbox 1187 1722 1486 1779; x_wconf 71' lang='lat' dir='ltr'>Validiores</span> <span class='ocrx_word' id='word_1_140' title='bbox 1512 1720 1582 1776; x_wconf 89' lang='lat' dir='ltr'>ad</span> <span class='ocrx_word' id='word_1_141' title='bbox 1607 1719 1844 1792; x_wconf 88' lang='lat' dir='ltr'>reliquas</span> <span class='ocrx_word' id='word_1_142' title='bbox 1872 1715 2125 1772; x_wconf 89' lang='lat' dir='ltr'>mansio-</span> 
     </span>
    </p>
   </div>
   <div class='ocr_carea' id='block_1_19' title="bbox 524 1807 2049 1894">
    <p class='ocr_par' dir='ltr' id='par_1_19' title="bbox 524 1807 2049 1894">
     <span class='ocr_line' id='line_1_19' title="bbox 524 1807 2049 1894; baseline -0.011 -15"><span class='ocrx_word' id='word_1_143' title='bbox 524 1838 623 1880; x_wconf 90' lang='lat' dir='ltr'>nes</span> <span class='ocrx_word' id='word_1_144' title='bbox 651 1816 989 1894; x_wconf 90' lang='lat' dir='ltr'>peragendas</span> <span class='ocrx_word' id='word_1_145' title='bbox 1019 1813 1371 1871; x_wconf 79' lang='lat' dir='ltr'>inveniamur</span> <span class='ocrx_word' id='word_1_146' title='bbox 1400 1811 1748 1885; x_wconf 81' lang='lat' dir='ltr'>(Hieronym.</span> <span class='ocrx_word' id='word_1_147' title='bbox 1782 1823 1867 1881; x_wconf 89' lang='lat' dir='ltr'>ep.</span> <span class='ocrx_word' id='word_1_148' title='bbox 1902 1807 2049 1879; x_wconf 85' lang='lat' dir='ltr'><strong>I27).</strong></span> 
     </span>
    </p>
   </div>
   <div class='ocr_carea' id='block_1_20' title="bbox 596 1914 2129 1996">
    <p class='ocr_par' dir='ltr' id='par_1_20' title="bbox 596 1914 2129 1996">
     <span class='ocr_line' id='line_1_20' title="bbox 596 1914 2129 1996; baseline -0.01 -9"><span class='ocrx_word' id='word_1_149' title='bbox 596 1930 724 1989; x_wconf 76' lang='lat' dir='ltr'>VII&#39;I</span> <span class='ocrx_word' id='word_1_150' title='bbox 753 1925 980 1996; x_wconf 80' lang='lat' dir='ltr'>mansio,</span> <span class='ocrx_word' id='word_1_151' title='bbox 1027 1925 1194 1981; x_wconf 78' lang='lat' dir='ltr'><strong>MARE</strong></span> <span class='ocrx_word' id='word_1_152' title='bbox 1235 1922 1494 1979; x_wconf 72' lang='lat' dir='ltr'>Bormum.</span> <span class='ocrx_word' id='word_1_153' title='bbox 1537 1949 1611 1961; x_wconf 96' lang='lat'><strong>—</strong></span> <span class='ocrx_word' id='word_1_154' title='bbox 1642 1916 1887 1989; x_wconf 91' lang='lat' dir='ltr'>Septima</span> <span class='ocrx_word' id='word_1_155' title='bbox 1916 1914 2129 1971; x_wconf 88' lang='lat' dir='ltr'>mansio</span> 
     </span>
    </p>
   </div>
   <div class='ocr_carea' id='block_1_21' title="bbox 528 2001 2127 2093">
    <p class='ocr_par' dir='ltr' id='par_1_21' title="bbox 528 2001 2127 2093">
     <span class='ocr_line' id='line_1_21' title="bbox 528 2001 2127 2093; baseline -0.011 -15"><span class='ocrx_word' id='word_1_156' title='bbox 528 2029 610 2079; x_wconf 92' lang='lat' dir='ltr'>est</span> <span class='ocrx_word' id='word_1_157' title='bbox 632 2019 796 2093; x_wconf 83' lang='lat' dir='ltr'>juxta</span> <span class='ocrx_word' id='word_1_158' title='bbox 824 2032 973 2072; x_wconf 90' lang='lat' dir='ltr'>mare</span> <span class='ocrx_word' id='word_1_159' title='bbox 1000 2014 1249 2072; x_wconf 84' lang='lat' dir='ltr'>Rubrum</span> <span class='ocrx_word' id='word_1_160' title='bbox 1278 2029 1290 2067; x_wconf 92' lang='lat'>:</span> <span class='ocrx_word' id='word_1_161' title='bbox 1332 2027 1460 2067; x_wconf 91' lang='lat' dir='ltr'>nam</span> <span class='ocrx_word' id='word_1_162' title='bbox 1488 2007 1721 2065; x_wconf 88' lang='lat' dir='ltr'>transito</span> <span class='ocrx_word' id='word_1_163' title='bbox 1752 2004 1892 2063; x_wconf 89' lang='lat' dir='ltr'>mari</span> <span class='ocrx_word' id='word_1_164' title='bbox 1920 2001 2127 2073; x_wconf 84' lang='lat' dir='ltr'>Rubro,</span> 
     </span>
    </p>
   </div>
   <div class='ocr_carea' id='block_1_22' title="bbox 529 2099 2135 2175">
    <p class='ocr_par' dir='ltr' id='par_1_22' title="bbox 529 2099 2135 2175">
     <span class='ocr_line' id='line_1_22' title="bbox 529 2099 2135 2175; baseline -0.012 -4"><span class='ocrx_word' id='word_1_165' title='bbox 529 2123 584 2172; x_wconf 90' lang='lat' dir='ltr'>et</span> <span class='ocrx_word' id='word_1_166' title='bbox 619 2111 809 2170; x_wconf 85' lang='lat' dir='ltr'>Marah</span> <span class='ocrx_word' id='word_1_167' title='bbox 853 2118 908 2166; x_wconf 92' lang='lat' dir='ltr'>et</span> <span class='ocrx_word' id='word_1_168' title='bbox 955 2108 1105 2164; x_wconf 88' lang='lat' dir='ltr'>Elim</span> <span class='ocrx_word' id='word_1_169' title='bbox 1156 2104 1538 2161; x_wconf 89' lang='lat' dir='ltr'>mansionibus</span> <span class='ocrx_word' id='word_1_170' title='bbox 1584 2099 1903 2175; x_wconf 81' lang='lat' dir='ltr'>peragratis,</span> <span class='ocrx_word' id='word_1_171' title='bbox 1942 2111 2135 2154; x_wconf 83' lang='lat' dir='ltr'>oecur-</span> 
     </span>
    </p>
   </div>
   <div class='ocr_carea' id='block_1_23' title="bbox 530 2184 2133 2266">
    <p class='ocr_par' dir='ltr' id='par_1_23' title="bbox 530 2184 2133 2266">
     <span class='ocr_line' id='line_1_23' title="bbox 530 2184 2133 2266; baseline -0.012 -6"><span class='ocrx_word' id='word_1_172' title='bbox 530 2204 605 2261; x_wconf 91' lang='lat' dir='ltr'>rit</span> <span class='ocrx_word' id='word_1_173' title='bbox 652 2202 855 2258; x_wconf 88' lang='lat' dir='ltr'>iterum</span> <span class='ocrx_word' id='word_1_174' title='bbox 902 2198 1036 2254; x_wconf 89' lang='lat' dir='ltr'>ﬁliis</span> <span class='ocrx_word' id='word_1_175' title='bbox 1070 2197 1235 2253; x_wconf 87' lang='lat' dir='ltr'>Israel</span> <span class='ocrx_word' id='word_1_176' title='bbox 1270 2194 1433 2250; x_wconf 51' lang='lat' dir='ltr'>&#39;sinus</span> <span class='ocrx_word' id='word_1_177' title='bbox 1479 2191 1701 2266; x_wconf 87' lang='lat' dir='ltr'>quidam</span> <span class='ocrx_word' id='word_1_178' title='bbox 1752 2188 1924 2261; x_wconf 86' lang='lat' dir='ltr'>ipsius</span> <span class='ocrx_word' id='word_1_179' title='bbox 1966 2184 2133 2241; x_wconf 89' lang='lat' dir='ltr'>maris</span> 
     </span>
    </p>
   </div>
   <div class='ocr_carea' id='block_1_24' title="bbox 533 2280 2135 2364">
    <p class='ocr_par' dir='ltr' id='par_1_24' title="bbox 533 2280 2135 2364">
     <span class='ocr_line' id='line_1_24' title="bbox 533 2280 2135 2364; baseline -0.009 -18"><span class='ocrx_word' id='word_1_180' title='bbox 533 2291 712 2364; x_wconf 85' lang='lat' dir='ltr'>(Hier.</span> <span class='ocrx_word' id='word_1_181' title='bbox 745 2287 906 2361; x_wconf 90' lang='lat' dir='ltr'>epist.</span> <span class='ocrx_word' id='word_1_182' title='bbox 941 2286 1089 2357; x_wconf 90' lang='grc'>127).</span> <span class='ocrx_word' id='word_1_183' title='bbox 1123 2286 1195 2341; x_wconf 91' lang='lat' dir='ltr'>Et</span> <span class='ocrx_word' id='word_1_184' title='bbox 1236 2282 1365 2358; x_wconf 86' lang='lat' dir='ltr'>quia</span> <span class='ocrx_word' id='word_1_185' title='bbox 1404 2281 1481 2338; x_wconf 87' lang='lat' dir='ltr'>ibi</span> <span class='ocrx_word' id='word_1_186' title='bbox 1528 2280 1915 2354; x_wconf 86' lang='lat' dir='ltr'>applicuerunt</span> <span class='ocrx_word' id='word_1_187' title='bbox 1944 2283 2135 2333; x_wconf 84' lang='lat' dir='ltr'>tento-</span> 
     </span>
    </p>
   </div>
   <div class='ocr_carea' id='block_1_25' title="bbox 532 2365 2136 2453">
    <p class='ocr_par' dir='ltr' id='par_1_25' title="bbox 532 2365 2136 2453">
     <span class='ocr_line' id='line_1_25' title="bbox 532 2365 2136 2453; baseline -0.011 -16"><span class='ocrx_word' id='word_1_188' title='bbox 532 2381 724 2453; x_wconf 89' lang='lat' dir='ltr'>riaque</span> <span class='ocrx_word' id='word_1_189' title='bbox 757 2383 1075 2444; x_wconf 88' lang='lat' dir='ltr'>erexerunt,</span> <span class='ocrx_word' id='word_1_190' title='bbox 1118 2374 1243 2431; x_wconf 91' lang='lat' dir='ltr'>ideo</span> <span class='ocrx_word' id='word_1_191' title='bbox 1290 2389 1439 2430; x_wconf 89' lang='lat' dir='ltr'>nunc</span> <span class='ocrx_word' id='word_1_192' title='bbox 1478 2371 1545 2427; x_wconf 89' lang='lat' dir='ltr'>ad</span> <span class='ocrx_word' id='word_1_193' title='bbox 1584 2386 1734 2426; x_wconf 89' lang='lat' dir='ltr'>mare</span> <span class='ocrx_word' id='word_1_194' title='bbox 1762 2365 2136 2425; x_wconf 87' lang='lat' dir='ltr'>castrametari</span> 
     </span>
    </p>
   </div>
   <div class='ocr_carea' id='block_1_26' title="bbox 535 2457 2137 2534">
    <p class='ocr_par' dir='ltr' id='par_1_26' title="bbox 535 2457 2137 2534">
     <span class='ocr_line' id='line_1_26' title="bbox 535 2457 2137 2534; baseline -0.008 -9"><span class='ocrx_word' id='word_1_195' title='bbox 535 2469 818 2525; x_wconf 88' lang='lat' dir='ltr'>dicuntur.</span> <span class='ocrx_word' id='word_1_196' title='bbox 853 2466 1002 2523; x_wconf 89' lang='lat' dir='ltr'>Dicit</span> <span class='ocrx_word' id='word_1_197' title='bbox 1030 2464 1215 2522; x_wconf 90' lang='lat' dir='ltr'>enim:</span> <span class='ocrx_word' id='word_1_198' title='bbox 1270 2485 1289 2511; x_wconf 76' lang='grc' dir='ltr'>ι</span> <span class='ocrx_word' id='word_1_199' title='bbox 1321 2463 1393 2518; x_wconf 91' lang='lat' dir='ltr'>Et</span> <span class='ocrx_word' id='word_1_200' title='bbox 1422 2459 1656 2534; x_wconf 83' lang='lat' dir='ltr'>profecti</span> <span class='ocrx_word' id='word_1_201' title='bbox 1699 2475 1769 2514; x_wconf 86' lang='lat' dir='ltr'>ex</span> <span class='ocrx_word' id='word_1_202' title='bbox 1809 2457 1979 2525; x_wconf 89' lang='lat' dir='ltr'>Elim,</span> <span class='ocrx_word' id='word_1_203' title='bbox 2009 2472 2137 2513; x_wconf 90' lang='lat' dir='ltr'>cas-</span> 
     </span>
    </p>
   </div>
   <div class='ocr_carea' id='block_1_27' title="bbox 533 2547 2134 2626">
    <p class='ocr_par' dir='ltr' id='par_1_27' title="bbox 533 2547 2134 2626">
     <span class='ocr_line' id='line_1_27' title="bbox 533 2547 2134 2626; baseline -0.007 -12"><span class='ocrx_word' id='word_1_204' title='bbox 533 2557 815 2613; x_wconf 89' lang='lat' dir='ltr'>trametati</span> <span class='ocrx_word' id='word_1_205' title='bbox 861 2562 992 2611; x_wconf 91' lang='lat' dir='ltr'>sunt</span> <span class='ocrx_word' id='word_1_206' title='bbox 1034 2569 1196 2626; x_wconf 89' lang='lat' dir='ltr'>super</span> <span class='ocrx_word' id='word_1_207' title='bbox 1243 2566 1391 2608; x_wconf 91' lang='lat' dir='ltr'>mare</span> <span class='ocrx_word' id='word_1_208' title='bbox 1422 2550 1669 2606; x_wconf 82' lang='lat' dir='ltr'>Rubrum</span> <span class='ocrx_word' id='word_1_209' title='bbox 1702 2547 1887 2620; x_wconf 86' lang='lat' dir='ltr'>(Num.</span> <span class='ocrx_word' id='word_1_210' title='bbox 1927 2561 2134 2603; x_wconf 77' lang='grc' dir='ltr'><strong>χχχιιι,</strong></span> 
     </span>
    </p>
   </div>
   <div class='ocr_carea' id='block_1_28' title="bbox 543 2640 2138 2719">
    <p class='ocr_par' dir='ltr' id='par_1_28' title="bbox 543 2640 2138 2719">
     <span class='ocr_line' id='line_1_28' title="bbox 543 2640 2138 2719; baseline -0.01 -14"><span class='ocrx_word' id='word_1_211' title='bbox 543 2648 657 2719; x_wconf 90' lang='grc'>10).</span> <span class='ocrx_word' id='word_1_212' title='bbox 692 2671 710 2697; x_wconf 78' lang='grc' dir='ltr'>ι</span> <span class='ocrx_word' id='word_1_213' title='bbox 754 2645 860 2703; x_wconf 88' lang='lat' dir='ltr'>Sed</span> <span class='ocrx_word' id='word_1_214' title='bbox 909 2644 1138 2701; x_wconf 87' lang='lat' dir='ltr'>observa</span> <span class='ocrx_word' id='word_1_215' title='bbox 1169 2641 1316 2715; x_wconf 91' lang='lat' dir='ltr'>quod</span> <span class='ocrx_word' id='word_1_216' title='bbox 1359 2640 1551 2697; x_wconf 90' lang='lat' dir='ltr'>vident</span> <span class='ocrx_word' id='word_1_217' title='bbox 1593 2655 1764 2707; x_wconf 90' lang='lat' dir='ltr'>mare,</span> <span class='ocrx_word' id='word_1_218' title='bbox 1812 2653 1925 2693; x_wconf 89' lang='lat' dir='ltr'>non</span> <span class='ocrx_word' id='word_1_219' title='bbox 1953 2643 2138 2691; x_wconf 89' lang='lat' dir='ltr'>tamen</span> 
     </span>
    </p>
   </div>
   <div class='ocr_carea' id='block_1_29' title="bbox 537 2725 2140 2803">
    <p class='ocr_par' dir='ltr' id='par_1_29' title="bbox 537 2725 2140 2803">
     <span class='ocr_line' id='line_1_29' title="bbox 537 2725 2140 2803; baseline -0.009 -10"><span class='ocrx_word' id='word_1_220' title='bbox 537 2737 677 2794; x_wconf 90' lang='lat' dir='ltr'>illud</span> <span class='ocrx_word' id='word_1_221' title='bbox 723 2736 952 2803; x_wconf 89' lang='lat' dir='ltr'>intrant,</span> <span class='ocrx_word' id='word_1_222' title='bbox 1002 2749 1128 2789; x_wconf 90' lang='lat' dir='ltr'>nam</span> <span class='ocrx_word' id='word_1_223' title='bbox 1181 2730 1387 2789; x_wconf 75' lang='lat' dir='ltr'>sufﬁcit</span> <span class='ocrx_word' id='word_1_224' title='bbox 1433 2728 1601 2786; x_wconf 89' lang='lat' dir='ltr'>semel</span> <span class='ocrx_word' id='word_1_225' title='bbox 1644 2734 1860 2783; x_wconf 88' lang='lat' dir='ltr'>tantum</span> <span class='ocrx_word' id='word_1_226' title='bbox 1906 2725 2140 2781; x_wconf 86' lang='lat' dir='ltr'>intrasse</span> 
     </span>
    </p>
   </div>
   <div class='ocr_carea' id='block_1_30' title="bbox 543 2815 2140 2897">
    <p class='ocr_par' dir='ltr' id='par_1_30' title="bbox 543 2815 2140 2897">
     <span class='ocr_line' id='line_1_30' title="bbox 543 2815 2140 2897; baseline -0.006 -16"><span class='ocrx_word' id='word_1_227' title='bbox 543 2833 597 2880; x_wconf 91' lang='lat' dir='ltr'>et</span> <span class='ocrx_word' id='word_1_228' title='bbox 624 2823 1007 2897; x_wconf 87' lang='lat' dir='ltr'>pertransisse,</span> <span class='ocrx_word' id='word_1_229' title='bbox 1038 2822 1304 2895; x_wconf 89' lang='lat' dir='ltr'>quoniam</span> <span class='ocrx_word' id='word_1_230' title='bbox 1333 2819 1476 2877; x_wconf 92' lang='lat' dir='ltr'>illud</span> <span class='ocrx_word' id='word_1_231' title='bbox 1500 2834 1650 2875; x_wconf 90' lang='lat' dir='ltr'>mare</span> <span class='ocrx_word' id='word_1_232' title='bbox 1677 2816 1937 2890; x_wconf 89' lang='lat' dir='ltr'>baptismi</span> <span class='ocrx_word' id='word_1_233' title='bbox 1965 2815 2140 2872; x_wconf 88' lang='lat' dir='ltr'>nostri</span> 
     </span>
    </p>
   </div>
   <div class='ocr_carea' id='block_1_31' title="bbox 538 2906 2140 2985">
    <p class='ocr_par' dir='ltr' id='par_1_31' title="bbox 538 2906 2140 2985">
     <span class='ocr_line' id='line_1_31' title="bbox 538 2906 2140 2985; baseline -0.006 -16"><span class='ocrx_word' id='word_1_234' title='bbox 538 2915 714 2985; x_wconf 89' lang='lat' dir='ltr'>ﬁgura</span> <span class='ocrx_word' id='word_1_235' title='bbox 742 2913 851 2969; x_wconf 85' lang='lat' dir='ltr'>fuit</span> <span class='ocrx_word' id='word_1_236' title='bbox 885 2912 1061 2983; x_wconf 88' lang='lat' dir='ltr'>(Orig.</span> <span class='ocrx_word' id='word_1_237' title='bbox 1093 2911 1248 2967; x_wconf 89' lang='lat' dir='ltr'>hom.</span> <span class='ocrx_word' id='word_1_238' title='bbox 1281 2910 1348 2965; x_wconf 92' lang='lat'><strong>27</strong></span> <span class='ocrx_word' id='word_1_239' title='bbox 1387 2910 1445 2965; x_wconf 80' lang='lat' dir='ltr'>in</span> <span class='ocrx_word' id='word_1_240' title='bbox 1473 2910 1636 2966; x_wconf 86' lang='lat' dir='ltr'>Num.</span> <span class='ocrx_word' id='word_1_241' title='bbox 1669 2924 1740 2963; x_wconf 88' lang='lat' dir='ltr'>ex</span> <span class='ocrx_word' id='word_1_242' title='bbox 1785 2922 1929 2963; x_wconf 87' lang='lat' dir='ltr'>vers.</span> <span class='ocrx_word' id='word_1_243' title='bbox 1961 2906 2140 2978; x_wconf 64' lang='lat' dir='ltr'>Ruﬁ),</span> 
     </span>
    </p>
   </div>
   <div class='ocr_carea' id='block_1_32' title="bbox 538 2995 2143 3076">
    <p class='ocr_par' dir='ltr' id='par_1_32' title="bbox 538 2995 2143 3076">
     <span class='ocr_line' id='line_1_32' title="bbox 538 2995 2143 3076; baseline -0.006 -16"><span class='ocrx_word' id='word_1_244' title='bbox 538 3012 603 3060; x_wconf 91' lang='lat' dir='ltr'>ut</span> <span class='ocrx_word' id='word_1_245' title='bbox 632 3003 931 3076; x_wconf 85' lang='lat' dir='ltr'>Apostolus</span> <span class='ocrx_word' id='word_1_246' title='bbox 961 3001 1030 3058; x_wconf 90' lang='lat' dir='ltr'>ad</span> <span class='ocrx_word' id='word_1_247' title='bbox 1074 3000 1394 3058; x_wconf 87' lang='lat' dir='ltr'>Corinthios</span> <span class='ocrx_word' id='word_1_248' title='bbox 1430 2999 1625 3056; x_wconf 87' lang='lat' dir='ltr'>scribit</span> <span class='ocrx_word' id='word_1_249' title='bbox 1671 2997 1858 3054; x_wconf 86' lang='lat' dir='ltr'>dicens</span> <span class='ocrx_word' id='word_1_250' title='bbox 1887 3015 1898 3052; x_wconf 92' lang='lat'>:</span> <span class='ocrx_word' id='word_1_251' title='bbox 1954 3019 1972 3043; x_wconf 75' lang='grc' dir='ltr'>ι</span> <span class='ocrx_word' id='word_1_252' title='bbox 2003 2995 2143 3064; x_wconf 88' lang='lat' dir='ltr'>Quia</span> 
     </span>
    </p>
   </div>
   <div class='ocr_carea' id='block_1_33' title="bbox 538 3084 2143 3166">
    <p class='ocr_par' dir='ltr' id='par_1_33' title="bbox 538 3084 2143 3166">
     <span class='ocr_line' id='line_1_33' title="bbox 538 3084 2143 3166; baseline -0.006 -16"><span class='ocrx_word' id='word_1_253' title='bbox 538 3100 719 3166; x_wconf 85' lang='lat' dir='ltr'>patres</span> <span class='ocrx_word' id='word_1_254' title='bbox 765 3093 942 3149; x_wconf 87' lang='lat' dir='ltr'>nostri</span> <span class='ocrx_word' id='word_1_255' title='bbox 987 3107 1180 3146; x_wconf 89' lang='lat' dir='ltr'>omnes</span> <span class='ocrx_word' id='word_1_256' title='bbox 1215 3088 1475 3161; x_wconf 88' lang='lat' dir='ltr'>baptizati</span> <span class='ocrx_word' id='word_1_257' title='bbox 1525 3096 1657 3145; x_wconf 91' lang='lat' dir='ltr'>sunt</span> <span class='ocrx_word' id='word_1_258' title='bbox 1706 3087 1764 3143; x_wconf 90' lang='lat' dir='ltr'>in</span> <span class='ocrx_word' id='word_1_259' title='bbox 1813 3087 1956 3144; x_wconf 90' lang='lat' dir='ltr'>nube</span> <span class='ocrx_word' id='word_1_260' title='bbox 2002 3093 2057 3141; x_wconf 92' lang='lat' dir='ltr'>et</span> <span class='ocrx_word' id='word_1_261' title='bbox 2084 3084 2143 3140; x_wconf 91' lang='lat' dir='ltr'>in</span> 
     </span>
    </p>
   </div>
   <div class='ocr_carea' id='block_1_34' title="bbox 2228 536 3899 611">
    <p class='ocr_par' dir='ltr' id='par_1_34' title="bbox 2228 536 3899 611">
     <span class='ocr_line' id='line_1_34' title="bbox 2228 536 3899 611; baseline -0.005 -9"><span class='ocrx_word' id='word_1_262' title='bbox 2228 544 2528 603; x_wconf 90' lang='lat' dir='ltr'>Dominum</span> <span class='ocrx_word' id='word_1_263' title='bbox 2556 551 2808 600; x_wconf 91' lang='lat' dir='ltr'>nostrum</span> <span class='ocrx_word' id='word_1_264' title='bbox 2839 541 3024 598; x_wconf 80' lang='lat' dir='ltr'>Iesum</span> <span class='ocrx_word' id='word_1_265' title='bbox 3057 537 3364 605; x_wconf 89' lang='lat' dir='ltr'>Christum,</span> <span class='ocrx_word' id='word_1_266' title='bbox 3392 538 3485 611; x_wconf 89' lang='lat' dir='ltr'>qui</span> <span class='ocrx_word' id='word_1_267' title='bbox 3507 536 3859 594; x_wconf 85' lang='lat' dir='ltr'>reformabit</span> <span class='ocrx_word' id='word_1_268' title='bbox 3898 540 3899 611; x_wconf 50' lang='grc' dir='ltr'><em>ξ</em></span> 
     </span>
    </p>
   </div>
   <div class='ocr_carea' id='block_1_35' title="bbox 2230 627 3857 707">
    <p class='ocr_par' dir='ltr' id='par_1_35' title="bbox 2230 627 3857 707">
     <span class='ocr_line' id='line_1_35' title="bbox 2230 627 3857 707; baseline -0.005 -16"><span class='ocrx_word' id='word_1_269' title='bbox 2230 651 2428 707; x_wconf 90' lang='lat' dir='ltr'>corpus</span> <span class='ocrx_word' id='word_1_270' title='bbox 2483 631 2821 688; x_wconf 88' lang='lat' dir='ltr'>humilitatis</span> <span class='ocrx_word' id='word_1_271' title='bbox 2872 636 3075 686; x_wconf 74' lang='lat' dir='ltr'>nostrae</span> <span class='ocrx_word' id='word_1_272' title='bbox 3141 627 3542 700; x_wconf 88' lang='lat' dir='ltr'>conﬁguratum</span> <span class='ocrx_word' id='word_1_273' title='bbox 3611 627 3857 700; x_wconf 88' lang='lat' dir='ltr'>corpori</span> 
     </span>
    </p>
   </div>
   <div class='ocr_carea' id='block_1_36' title="bbox 2228 716 3858 794">
    <p class='ocr_par' dir='ltr' id='par_1_36' title="bbox 2228 716 3858 794">
     <span class='ocr_line' id='line_1_36' title="bbox 2228 716 3858 794; baseline -0.006 -12"><span class='ocrx_word' id='word_1_274' title='bbox 2228 723 2576 782; x_wconf 88' lang='lat' dir='ltr'>claritudinis</span> <span class='ocrx_word' id='word_1_275' title='bbox 2596 739 2707 779; x_wconf 62' lang='lat' dir='ltr'>sua:</span> <span class='ocrx_word' id='word_1_276' title='bbox 2731 719 2993 794; x_wconf 81' lang='lat' dir='ltr'>(Philipp.</span> <span class='ocrx_word' id='word_1_277' title='bbox 3018 736 3104 788; x_wconf 86' lang='lat' dir='ltr'>iu,</span> <span class='ocrx_word' id='word_1_278' title='bbox 3126 717 3218 788; x_wconf 90' lang='lat'>20,</span> <span class='ocrx_word' id='word_1_279' title='bbox 3240 717 3356 789; x_wconf 86' lang='grc'>21).</span> <span class='ocrx_word' id='word_1_280' title='bbox 3378 743 3395 767; x_wconf 77' lang='grc' dir='ltr'>ι</span> <span class='ocrx_word' id='word_1_281' title='bbox 3429 718 3501 774; x_wconf 88' lang='lat' dir='ltr'>Et</span> <span class='ocrx_word' id='word_1_282' title='bbox 3526 725 3663 774; x_wconf 91' lang='lat' dir='ltr'>tunc</span> <span class='ocrx_word' id='word_1_283' title='bbox 3680 716 3858 773; x_wconf 80' lang='lat' dir='ltr'>vide-</span> 
     </span>
    </p>
   </div>
   <div class='ocr_carea' id='block_1_37' title="bbox 2229 807 3857 880">
    <p class='ocr_par' dir='ltr' id='par_1_37' title="bbox 2229 807 3857 880">
     <span class='ocr_line' id='line_1_37' title="bbox 2229 807 3857 880; baseline -0.004 -10"><span class='ocrx_word' id='word_1_284' title='bbox 2229 814 2413 871; x_wconf 90' lang='lat' dir='ltr'>bimus</span> <span class='ocrx_word' id='word_1_285' title='bbox 2460 813 2661 869; x_wconf 90' lang='lat' dir='ltr'>rubum</span> <span class='ocrx_word' id='word_1_286' title='bbox 2709 810 2899 868; x_wconf 87' lang='lat' dir='ltr'>ardere</span> <span class='ocrx_word' id='word_1_287' title='bbox 2952 819 3006 868; x_wconf 91' lang='lat' dir='ltr'>et</span> <span class='ocrx_word' id='word_1_288' title='bbox 3044 825 3156 865; x_wconf 89' lang='lat' dir='ltr'>non</span> <span class='ocrx_word' id='word_1_289' title='bbox 3185 808 3474 875; x_wconf 87' lang='lat' dir='ltr'>comburi;</span> <span class='ocrx_word' id='word_1_290' title='bbox 3526 807 3657 880; x_wconf 89' lang='lat' dir='ltr'>quia</span> <span class='ocrx_word' id='word_1_291' title='bbox 3703 825 3857 864; x_wconf 90' lang='lat' dir='ltr'>cor-</span> 
     </span>
    </p>
   </div>
   <div class='ocr_carea' id='block_1_38' title="bbox 2230 896 3859 977">
    <p class='ocr_par' dir='ltr' id='par_1_38' title="bbox 2230 896 3859 977">
     <span class='ocr_line' id='line_1_38' title="bbox 2230 896 3859 977; baseline -0.004 -17"><span class='ocrx_word' id='word_1_292' title='bbox 2230 920 2332 977; x_wconf 90' lang='lat' dir='ltr'>pus</span> <span class='ocrx_word' id='word_1_293' title='bbox 2377 901 2739 959; x_wconf 86' lang='lat' dir='ltr'>humanitatis</span> <span class='ocrx_word' id='word_1_294' title='bbox 2768 907 2970 956; x_wconf 63' lang='lat' dir='ltr'>nostraz</span> <span class='ocrx_word' id='word_1_295' title='bbox 3010 899 3297 966; x_wconf 89' lang='lat' dir='ltr'>morietur,</span> <span class='ocrx_word' id='word_1_296' title='bbox 3338 896 3432 954; x_wconf 90' lang='lat' dir='ltr'>sed</span> <span class='ocrx_word' id='word_1_297' title='bbox 3479 913 3592 953; x_wconf 89' lang='lat' dir='ltr'>non</span> <span class='ocrx_word' id='word_1_298' title='bbox 3622 913 3859 955; x_wconf 81' lang='lat' dir='ltr'>consu-</span> 
     </span>
    </p>
   </div>
   <div class='ocr_carea' id='block_1_39' title="bbox 2232 988 3859 1065">
    <p class='ocr_par' dir='ltr' id='par_1_39' title="bbox 2232 988 3859 1065">
     <span class='ocr_line' id='line_1_39' title="bbox 2232 988 3859 1065; baseline -0.006 -12"><span class='ocrx_word' id='word_1_299' title='bbox 2232 1003 2450 1063; x_wconf 89' lang='lat' dir='ltr'>metur;</span> <span class='ocrx_word' id='word_1_300' title='bbox 2491 994 2606 1051; x_wconf 90' lang='lat' dir='ltr'>imo</span> <span class='ocrx_word' id='word_1_301' title='bbox 2636 1000 2879 1065; x_wconf 90' lang='lat' dir='ltr'>resurget</span> <span class='ocrx_word' id='word_1_302' title='bbox 2920 990 2990 1048; x_wconf 91' lang='lat' dir='ltr'>ad</span> <span class='ocrx_word' id='word_1_303' title='bbox 3032 990 3295 1063; x_wconf 87' lang='lat' dir='ltr'>majorem</span> <span class='ocrx_word' id='word_1_304' title='bbox 3328 988 3653 1046; x_wconf 85' lang='lat' dir='ltr'>claritatem.</span> <span class='ocrx_word' id='word_1_305' title='bbox 3686 989 3859 1046; x_wconf 89' lang='lat' dir='ltr'>Dicit</span> 
     </span>
    </p>
   </div>
   <div class='ocr_carea' id='block_1_40' title="bbox 2231 1079 3856 1159">
    <p class='ocr_par' dir='ltr' id='par_1_40' title="bbox 2231 1079 3856 1159">
     <span class='ocr_line' id='line_1_40' title="bbox 2231 1079 3856 1159; baseline -0.004 -17"><span class='ocrx_word' id='word_1_306' title='bbox 2231 1085 2567 1159; x_wconf 86' lang='lat' dir='ltr'>Apostolus:</span> <span class='ocrx_word' id='word_1_307' title='bbox 2632 1108 2651 1131; x_wconf 72' lang='grc' dir='ltr'><strong>ε</strong></span> <span class='ocrx_word' id='word_1_308' title='bbox 2681 1082 2996 1140; x_wconf 88' lang='lat' dir='ltr'>Seminatur</span> <span class='ocrx_word' id='word_1_309' title='bbox 3036 1080 3095 1137; x_wconf 93' lang='lat' dir='ltr'>in</span> <span class='ocrx_word' id='word_1_310' title='bbox 3138 1079 3505 1152; x_wconf 88' lang='lat' dir='ltr'>ignobilitate,</span> <span class='ocrx_word' id='word_1_311' title='bbox 3541 1087 3734 1153; x_wconf 89' lang='lat' dir='ltr'>surget</span> <span class='ocrx_word' id='word_1_312' title='bbox 3794 1080 3856 1137; x_wconf 92' lang='lat' dir='ltr'>in</span> 
     </span>
    </p>
   </div>
   <div class='ocr_carea' id='block_1_41' title="bbox 2232 1168 3857 1248">
    <p class='ocr_par' dir='ltr' id='par_1_41' title="bbox 2232 1168 3857 1248">
     <span class='ocr_line' id='line_1_41' title="bbox 2232 1168 3857 1248; baseline -0.002 -18"><span class='ocrx_word' id='word_1_313' title='bbox 2232 1174 2443 1248; x_wconf 85' lang='lat' dir='ltr'>gloria:</span> <span class='ocrx_word' id='word_1_314' title='bbox 2492 1172 2799 1230; x_wconf 89' lang='lat' dir='ltr'>seminatur</span> <span class='ocrx_word' id='word_1_315' title='bbox 2842 1172 2899 1227; x_wconf 89' lang='lat' dir='ltr'>in</span> <span class='ocrx_word' id='word_1_316' title='bbox 2933 1170 3277 1237; x_wconf 89' lang='lat' dir='ltr'>inﬁrmitate,</span> <span class='ocrx_word' id='word_1_317' title='bbox 3323 1177 3507 1241; x_wconf 89' lang='lat' dir='ltr'>surget</span> <span class='ocrx_word' id='word_1_318' title='bbox 3536 1169 3593 1223; x_wconf 91' lang='lat' dir='ltr'>in</span> <span class='ocrx_word' id='word_1_319' title='bbox 3626 1168 3857 1226; x_wconf 83' lang='lat' dir='ltr'>virtute</span> 
     </span>
    </p>
   </div>
   <div class='ocr_carea' id='block_1_42' title="bbox 2235 1258 3858 1338">
    <p class='ocr_par' dir='ltr' id='par_1_42' title="bbox 2235 1258 3858 1338">
     <span class='ocr_line' id='line_1_42' title="bbox 2235 1258 3858 1338; baseline -0.004 -16"><span class='ocrx_word' id='word_1_320' title='bbox 2235 1268 2293 1338; x_wconf 92' lang='grc' dir='ltr'>(Ι</span> <span class='ocrx_word' id='word_1_321' title='bbox 2320 1267 2445 1322; x_wconf 84' lang='lat' dir='ltr'>Cor.</span> <span class='ocrx_word' id='word_1_322' title='bbox 2478 1282 2577 1333; x_wconf 88' lang='lat' dir='ltr'>xv,</span> <span class='ocrx_word' id='word_1_323' title='bbox 2607 1263 2723 1337; x_wconf 88' lang='lat'><strong>43).</strong></span> <span class='ocrx_word' id='word_1_324' title='bbox 2757 1288 2775 1313; x_wconf 73' lang='grc' dir='ltr'>ι</span> <span class='ocrx_word' id='word_1_325' title='bbox 2816 1262 3047 1320; x_wconf 90' lang='lat' dir='ltr'>Oremus</span> <span class='ocrx_word' id='word_1_326' title='bbox 3077 1260 3247 1333; x_wconf 83' lang='lat' dir='ltr'>igitur</span> <span class='ocrx_word' id='word_1_327' title='bbox 3284 1262 3460 1317; x_wconf 90' lang='lat' dir='ltr'>Deum</span> <span class='ocrx_word' id='word_1_328' title='bbox 3490 1266 3552 1315; x_wconf 90' lang='lat' dir='ltr'>ut</span> <span class='ocrx_word' id='word_1_329' title='bbox 3580 1258 3649 1315; x_wconf 87' lang='lat' dir='ltr'>ad</span> <span class='ocrx_word' id='word_1_330' title='bbox 3674 1267 3858 1317; x_wconf 88' lang='lat' dir='ltr'>octa-</span> 
     </span>
    </p>
   </div>
   <div class='ocr_carea' id='block_1_43' title="bbox 2231 1347 3855 1422">
    <p class='ocr_par' dir='ltr' id='par_1_43' title="bbox 2231 1347 3855 1422">
     <span class='ocr_line' id='line_1_43' title="bbox 2231 1347 3855 1422; baseline -0.005 -10"><span class='ocrx_word' id='word_1_331' title='bbox 2231 1372 2358 1412; x_wconf 88' lang='lat' dir='ltr'>vam</span> <span class='ocrx_word' id='word_1_332' title='bbox 2403 1354 2743 1411; x_wconf 89' lang='lat' dir='ltr'>mansionem</span> <span class='ocrx_word' id='word_1_333' title='bbox 2793 1351 2984 1408; x_wconf 91' lang='lat' dir='ltr'>venire</span> <span class='ocrx_word' id='word_1_334' title='bbox 3016 1349 3320 1420; x_wconf 87' lang='lat' dir='ltr'>valeamus,</span> <span class='ocrx_word' id='word_1_335' title='bbox 3368 1349 3457 1405; x_wconf 91' lang='lat' dir='ltr'>vel</span> <span class='ocrx_word' id='word_1_336' title='bbox 3504 1347 3689 1422; x_wconf 86' lang='lat' dir='ltr'>potius</span> <span class='ocrx_word' id='word_1_337' title='bbox 3725 1348 3855 1422; x_wconf 86' lang='lat' dir='ltr'>ipsa</span> 
     </span>
    </p>
   </div>
   <div class='ocr_carea' id='block_1_44' title="bbox 2233 1441 2809 1502">
    <p class='ocr_par' dir='ltr' id='par_1_44' title="bbox 2233 1441 2809 1502">
     <span class='ocr_line' id='line_1_44' title="bbox 2233 1441 2809 1502; baseline -0.009 0"><span class='ocrx_word' id='word_1_338' title='bbox 2233 1444 2303 1502; x_wconf 81' lang='lat' dir='ltr'>ad</span> <span class='ocrx_word' id='word_1_339' title='bbox 2332 1461 2433 1501; x_wconf 90' lang='lat' dir='ltr'>nos</span> <span class='ocrx_word' id='word_1_340' title='bbox 2466 1443 2578 1500; x_wconf 92' lang='lat' dir='ltr'>cito</span> <span class='ocrx_word' id='word_1_341' title='bbox 2604 1441 2809 1498; x_wconf 79' lang='lat' dir='ltr'>veniat.</span> 
     </span>
    </p>
   </div>
   <div class='ocr_carea' id='block_1_45' title="bbox 2303 1514 3857 1597">
    <p class='ocr_par' dir='ltr' id='par_1_45' title="bbox 2303 1514 3857 1597">
     <span class='ocr_line' id='line_1_45' title="bbox 2303 1514 3857 1597; baseline -0.004 -8"><span class='ocrx_word' id='word_1_342' title='bbox 2303 1532 2407 1589; x_wconf 83' lang='grc' dir='ltr'>ΙΧ·</span> <span class='ocrx_word' id='word_1_343' title='bbox 2451 1530 2681 1597; x_wconf 78' lang='lat' dir='ltr'>mansio,</span> <span class='ocrx_word' id='word_1_344' title='bbox 2728 1530 3015 1586; x_wconf 66' lang='lat' dir='ltr'>anacna.</span> <span class='ocrx_word' id='word_1_345' title='bbox 3063 1558 3134 1570; x_wconf 95' lang='lat'><strong>—</strong></span> <span class='ocrx_word' id='word_1_346' title='bbox 3179 1526 3335 1585; x_wconf 90' lang='lat' dir='ltr'>Nona</span> <span class='ocrx_word' id='word_1_347' title='bbox 3380 1514 3594 1584; x_wconf 89' lang='lat' dir='ltr'>mansio</span> <span class='ocrx_word' id='word_1_348' title='bbox 3631 1525 3857 1584; x_wconf 87' lang='lat' dir='ltr'>dicitur</span> 
     </span>
    </p>
   </div>
   <div class='ocr_carea' id='block_1_46' title="bbox 2230 1614 3857 1695">
    <p class='ocr_par' dir='ltr' id='par_1_46' title="bbox 2230 1614 3857 1695">
     <span class='ocr_line' id='line_1_46' title="bbox 2230 1614 3857 1695; baseline -0.004 -16"><span class='ocrx_word' id='word_1_349' title='bbox 2230 1620 2525 1695; x_wconf 86' lang='lat' dir='ltr'>Dephcha:</span> <span class='ocrx_word' id='word_1_350' title='bbox 2579 1636 2700 1693; x_wconf 67' lang='lat' dir='ltr'>quae</span> <span class='ocrx_word' id='word_1_351' title='bbox 2745 1618 2804 1675; x_wconf 91' lang='lat' dir='ltr'>in</span> <span class='ocrx_word' id='word_1_352' title='bbox 2852 1616 3237 1675; x_wconf 89' lang='lat' dir='ltr'>mansionibus</span> <span class='ocrx_word' id='word_1_353' title='bbox 3278 1615 3480 1674; x_wconf 89' lang='lat' dir='ltr'>deserti</span> <span class='ocrx_word' id='word_1_354' title='bbox 3526 1614 3625 1673; x_wconf 89' lang='lat' dir='ltr'>Sin</span> <span class='ocrx_word' id='word_1_355' title='bbox 3677 1616 3857 1672; x_wconf 87' lang='lat' dir='ltr'>tertia</span> 
     </span>
    </p>
   </div>
   <div class='ocr_carea' id='block_1_47' title="bbox 2231 1704 3855 1792">
    <p class='ocr_par' dir='ltr' id='par_1_47' title="bbox 2231 1704 3855 1792">
     <span class='ocr_line' id='line_1_47' title="bbox 2231 1704 3855 1792; baseline -0.005 -24"><span class='ocrx_word' id='word_1_356' title='bbox 2231 1717 2586 1783; x_wconf 88' lang='lat' dir='ltr'>computatur</span> <span class='ocrx_word' id='word_1_357' title='bbox 2610 1727 2623 1777; x_wconf 88' lang='lat'><strong>;</strong></span> <span class='ocrx_word' id='word_1_358' title='bbox 2657 1707 2973 1792; x_wconf 85' lang='lat' dir='ltr'>recedentes</span> <span class='ocrx_word' id='word_1_359' title='bbox 3002 1705 3152 1762; x_wconf 90' lang='lat' dir='ltr'>enim</span> <span class='ocrx_word' id='word_1_360' title='bbox 3174 1704 3277 1761; x_wconf 88' lang='lat' dir='ltr'>ﬁlii</span> <span class='ocrx_word' id='word_1_361' title='bbox 3307 1705 3471 1761; x_wconf 87' lang='lat' dir='ltr'>Israel</span> <span class='ocrx_word' id='word_1_362' title='bbox 3494 1720 3527 1760; x_wconf 89' lang='lat' dir='ltr'>a</span> <span class='ocrx_word' id='word_1_363' title='bbox 3554 1704 3855 1762; x_wconf 90' lang='lat' dir='ltr'>mansione</span> 
     </span>
    </p>
   </div>
   <div class='ocr_carea' id='block_1_48' title="bbox 2154 1794 3855 1889">
    <p class='ocr_par' dir='ltr' id='par_1_48' title="bbox 2154 1794 3855 1889">
     <span class='ocr_line' id='line_1_48' title="bbox 2154 1794 3855 1889; baseline -0.006 -30"><span class='ocrx_word' id='word_1_364' title='bbox 2154 1827 2202 1889; x_wconf 80' lang='grc' dir='ltr'>Β</span> <span class='ocrx_word' id='word_1_365' title='bbox 2233 1817 2355 1876; x_wconf 77' lang='lat' dir='ltr'>quae</span> <span class='ocrx_word' id='word_1_366' title='bbox 2411 1816 2443 1857; x_wconf 91' lang='lat' dir='ltr'>a</span> <span class='ocrx_word' id='word_1_367' title='bbox 2514 1797 2800 1857; x_wconf 89' lang='lat' dir='ltr'>communi</span> <span class='ocrx_word' id='word_1_368' title='bbox 2849 1794 3097 1865; x_wconf 91' lang='lat' dir='ltr'>nomine,</span> <span class='ocrx_word' id='word_1_369' title='bbox 3164 1794 3439 1851; x_wconf 87' lang='lat' dir='ltr'>desertum</span> <span class='ocrx_word' id='word_1_370' title='bbox 3510 1794 3855 1866; x_wconf 89' lang='lat' dir='ltr'>appellatur,</span> 
     </span>
    </p>
   </div>
   <div class='ocr_carea' id='block_1_49' title="bbox 2240 1882 3858 1957">
    <p class='ocr_par' dir='ltr' id='par_1_49' title="bbox 2240 1882 3858 1957">
     <span class='ocr_line' id='line_1_49' title="bbox 2240 1882 3858 1957; baseline -0.005 -10"><span class='ocrx_word' id='word_1_371' title='bbox 2240 1896 2513 1947; x_wconf 89' lang='lat' dir='ltr'>venerunt</span> <span class='ocrx_word' id='word_1_372' title='bbox 2555 1888 2625 1945; x_wconf 90' lang='lat' dir='ltr'>ad</span> <span class='ocrx_word' id='word_1_373' title='bbox 2668 1888 2831 1945; x_wconf 89' lang='lat' dir='ltr'>hanc.</span> <span class='ocrx_word' id='word_1_374' title='bbox 2864 1888 3043 1955; x_wconf 88' lang='lat' dir='ltr'>Quare</span> <span class='ocrx_word' id='word_1_375' title='bbox 3080 1882 3401 1957; x_wconf 87' lang='lat' dir='ltr'>subjungit:</span> <span class='ocrx_word' id='word_1_376' title='bbox 3462 1908 3481 1930; x_wconf 78' lang='grc' dir='ltr'>ι</span> <span class='ocrx_word' id='word_1_377' title='bbox 3510 1884 3582 1940; x_wconf 82' lang='grc' dir='ltr'>Εῐ</span> <span class='ocrx_word' id='word_1_378' title='bbox 3610 1884 3858 1957; x_wconf 87' lang='lat' dir='ltr'>profecti</span> 
     </span>
    </p>
   </div>
   <div class='ocr_carea' id='block_1_50' title="bbox 2240 1972 3859 2046">
    <p class='ocr_par' dir='ltr' id='par_1_50' title="bbox 2240 1972 3859 2046">
     <span class='ocr_line' id='line_1_50' title="bbox 2240 1972 3859 2046; baseline -0.006 -7"><span class='ocrx_word' id='word_1_379' title='bbox 2240 1981 2307 2038; x_wconf 93' lang='lat' dir='ltr'>de</span> <span class='ocrx_word' id='word_1_380' title='bbox 2360 1980 2577 2038; x_wconf 89' lang='lat' dir='ltr'>deserto</span> <span class='ocrx_word' id='word_1_381' title='bbox 2634 1979 2752 2046; x_wconf 90' lang='lat' dir='ltr'>Sin,</span> <span class='ocrx_word' id='word_1_382' title='bbox 2825 1974 3195 2035; x_wconf 85' lang='lat' dir='ltr'>castrametati</span> <span class='ocrx_word' id='word_1_383' title='bbox 3254 1981 3385 2030; x_wconf 91' lang='lat' dir='ltr'>sunt</span> <span class='ocrx_word' id='word_1_384' title='bbox 3455 1973 3513 2029; x_wconf 92' lang='lat' dir='ltr'>in</span> <span class='ocrx_word' id='word_1_385' title='bbox 3580 1972 3859 2045; x_wconf 88' lang='lat' dir='ltr'>Dephcha</span> 
     </span>
    </p>
   </div>
   <div class='ocr_carea' id='block_1_51' title="bbox 2244 2061 3858 2142">
    <p class='ocr_par' dir='ltr' id='par_1_51' title="bbox 2244 2061 3858 2142">
     <span class='ocr_line' id='line_1_51' title="bbox 2244 2061 3858 2142; baseline -0.006 -16"><span class='ocrx_word' id='word_1_386' title='bbox 2244 2070 2428 2142; x_wconf 84' lang='lat' dir='ltr'>(Num.</span> <span class='ocrx_word' id='word_1_387' title='bbox 2478 2086 2689 2137; x_wconf 83' lang='lat' dir='ltr'>xxxm,</span> <span class='ocrx_word' id='word_1_388' title='bbox 2738 2068 2852 2138; x_wconf 89' lang='grc'>12).</span> <span class='ocrx_word' id='word_1_389' title='bbox 2897 2091 2916 2115; x_wconf 74' lang='grc' dir='ltr'>ι</span> <span class='ocrx_word' id='word_1_390' title='bbox 2977 2065 3106 2122; x_wconf 72' lang='lat' dir='ltr'>Haec</span> <span class='ocrx_word' id='word_1_391' title='bbox 3151 2064 3364 2120; x_wconf 89' lang='lat' dir='ltr'>mansio</span> <span class='ocrx_word' id='word_1_392' title='bbox 3410 2062 3469 2118; x_wconf 93' lang='lat' dir='ltr'>in</span> <span class='ocrx_word' id='word_1_393' title='bbox 3500 2061 3699 2119; x_wconf 85' lang='lat' dir='ltr'>Exodo</span> <span class='ocrx_word' id='word_1_394' title='bbox 3738 2079 3858 2119; x_wconf 91' lang='lat' dir='ltr'>non</span> 
     </span>
    </p>
   </div>
   <div class='ocr_carea' id='block_1_52' title="bbox 2242 2151 3857 2225">
    <p class='ocr_par' dir='ltr' id='par_1_52' title="bbox 2242 2151 3857 2225">
     <span class='ocr_line' id='line_1_52' title="bbox 2242 2151 3857 2225; baseline -0.004 -11"><span class='ocrx_word' id='word_1_395' title='bbox 2242 2158 2508 2215; x_wconf 90' lang='lat' dir='ltr'>habetur:</span> <span class='ocrx_word' id='word_1_396' title='bbox 2560 2156 2657 2213; x_wconf 90' lang='lat' dir='ltr'>sed</span> <span class='ocrx_word' id='word_1_397' title='bbox 2697 2173 2728 2213; x_wconf 89' lang='lat' dir='ltr'>a</span> <span class='ocrx_word' id='word_1_398' title='bbox 2762 2155 2979 2212; x_wconf 90' lang='lat' dir='ltr'>deserto</span> <span class='ocrx_word' id='word_1_399' title='bbox 3026 2153 3095 2209; x_wconf 92' lang='lat' dir='ltr'>ad</span> <span class='ocrx_word' id='word_1_400' title='bbox 3134 2151 3431 2225; x_wconf 82' lang='lat' dir='ltr'>Baphidim</span> <span class='ocrx_word' id='word_1_401' title='bbox 3477 2158 3696 2208; x_wconf 88' lang='lat' dir='ltr'>tantum</span> <span class='ocrx_word' id='word_1_402' title='bbox 3728 2167 3857 2223; x_wconf 89' lang='lat' dir='ltr'>pro-</span> 
     </span>
    </p>
   </div>
   <div class='ocr_carea' id='block_1_53' title="bbox 2243 2239 3860 2315">
    <p class='ocr_par' dir='ltr' id='par_1_53' title="bbox 2243 2239 3860 2315">
     <span class='ocr_line' id='line_1_53' title="bbox 2243 2239 3860 2315; baseline -0.004 -11"><span class='ocrx_word' id='word_1_403' title='bbox 2243 2248 2408 2304; x_wconf 86' lang='lat' dir='ltr'>fectio</span> <span class='ocrx_word' id='word_1_404' title='bbox 2447 2245 2729 2304; x_wconf 90' lang='lat' dir='ltr'>scribitur.</span> <span class='ocrx_word' id='word_1_405' title='bbox 2771 2244 2883 2302; x_wconf 91' lang='lat' dir='ltr'>Sub</span> <span class='ocrx_word' id='word_1_406' title='bbox 2931 2242 3154 2300; x_wconf 91' lang='lat' dir='ltr'>silentio</span> <span class='ocrx_word' id='word_1_407' title='bbox 3184 2241 3352 2315; x_wconf 87' lang='lat' dir='ltr'>igitur</span> <span class='ocrx_word' id='word_1_408' title='bbox 3390 2239 3705 2314; x_wconf 70' lang='lat' dir='ltr'>praeteritur</span> <span class='ocrx_word' id='word_1_409' title='bbox 3735 2241 3860 2298; x_wconf 68' lang='lat' dir='ltr'>haec</span> 
     </span>
    </p>
   </div>
   <div class='ocr_carea' id='block_1_54' title="bbox 2243 2328 3858 2410">
    <p class='ocr_par' dir='ltr' id='par_1_54' title="bbox 2243 2328 3858 2410">
     <span class='ocr_line' id='line_1_54' title="bbox 2243 2328 3858 2410; baseline -0.004 -16"><span class='ocrx_word' id='word_1_410' title='bbox 2243 2348 2299 2396; x_wconf 91' lang='lat' dir='ltr'>et</span> <span class='ocrx_word' id='word_1_411' title='bbox 2326 2352 2561 2410; x_wconf 89' lang='lat' dir='ltr'>sequens</span> <span class='ocrx_word' id='word_1_412' title='bbox 2589 2334 2840 2403; x_wconf 84' lang='lat' dir='ltr'>mansio;</span> <span class='ocrx_word' id='word_1_413' title='bbox 2888 2332 3017 2406; x_wconf 89' lang='lat' dir='ltr'>quia</span> <span class='ocrx_word' id='word_1_414' title='bbox 3046 2347 3156 2387; x_wconf 91' lang='lat' dir='ltr'>non</span> <span class='ocrx_word' id='word_1_415' title='bbox 3200 2330 3295 2385; x_wconf 92' lang='lat' dir='ltr'>ille</span> <span class='ocrx_word' id='word_1_416' title='bbox 3325 2335 3441 2384; x_wconf 88' lang='lat' dir='ltr'>erat</span> <span class='ocrx_word' id='word_1_417' title='bbox 3465 2329 3621 2385; x_wconf 89' lang='lat' dir='ltr'>locus</span> <span class='ocrx_word' id='word_1_418' title='bbox 3649 2328 3711 2384; x_wconf 90' lang='lat' dir='ltr'>in</span> <span class='ocrx_word' id='word_1_419' title='bbox 3743 2346 3858 2403; x_wconf 93' lang='lat' dir='ltr'>quo</span> 
     </span>
    </p>
   </div>
   <div class='ocr_carea' id='block_1_55' title="bbox 2244 2417 3860 2500">
    <p class='ocr_par' dir='ltr' id='par_1_55' title="bbox 2244 2417 3860 2500">
     <span class='ocr_line' id='line_1_55' title="bbox 2244 2417 3860 2500; baseline -0.007 -15"><span class='ocrx_word' id='word_1_420' title='bbox 2244 2444 2342 2500; x_wconf 91' lang='lat' dir='ltr'>per</span> <span class='ocrx_word' id='word_1_421' title='bbox 2388 2427 2621 2484; x_wconf 90' lang='lat' dir='ltr'>verbum</span> <span class='ocrx_word' id='word_1_422' title='bbox 2672 2425 2773 2482; x_wconf 92' lang='lat' dir='ltr'>Dei</span> <span class='ocrx_word' id='word_1_423' title='bbox 2826 2420 3196 2496; x_wconf 84' lang='lat' dir='ltr'>profectiones</span> <span class='ocrx_word' id='word_1_424' title='bbox 3234 2423 3280 2481; x_wconf 90' lang='lat'><strong>8</strong></span> <span class='ocrx_word' id='word_1_425' title='bbox 3334 2417 3575 2475; x_wconf 85' lang='lat' dir='ltr'>feriatim</span> <span class='ocrx_word' id='word_1_426' title='bbox 3633 2418 3860 2491; x_wconf 80' lang='lat' dir='ltr'>Moyses</span> 
     </span>
    </p>
   </div>
   <div class='ocr_carea' id='block_1_56' title="bbox 2246 2513 3859 2594">
    <p class='ocr_par' dir='ltr' id='par_1_56' title="bbox 2246 2513 3859 2594">
     <span class='ocr_line' id='line_1_56' title="bbox 2246 2513 3859 2594; baseline -0.008 -12"><span class='ocrx_word' id='word_1_427' title='bbox 2246 2530 2570 2583; x_wconf 90' lang='lat' dir='ltr'>recenseret.</span> <span class='ocrx_word' id='word_1_428' title='bbox 2619 2521 2868 2594; x_wconf 90' lang='lat' dir='ltr'>Denique</span> <span class='ocrx_word' id='word_1_429' title='bbox 2908 2517 3171 2591; x_wconf 89' lang='lat' dir='ltr'>Dephcha</span> <span class='ocrx_word' id='word_1_430' title='bbox 3208 2514 3414 2573; x_wconf 85' lang='lat' dir='ltr'>sanitas</span> <span class='ocrx_word' id='word_1_431' title='bbox 3459 2513 3859 2586; x_wconf 87' lang='lat' dir='ltr'>interpretatur</span> 
     </span>
    </p>
   </div>
   <div class='ocr_carea' id='block_1_57' title="bbox 2250 2603 3860 2687">
    <p class='ocr_par' dir='ltr' id='par_1_57' title="bbox 2250 2603 3860 2687">
     <span class='ocr_line' id='line_1_57' title="bbox 2250 2603 3860 2687; baseline -0.006 -15"><span class='ocrx_word' id='word_1_432' title='bbox 2250 2614 2427 2687; x_wconf 87' lang='lat' dir='ltr'>(Orig.</span> <span class='ocrx_word' id='word_1_433' title='bbox 2470 2612 2622 2669; x_wconf 91' lang='lat' dir='ltr'>hom.</span> <span class='ocrx_word' id='word_1_434' title='bbox 2674 2610 2743 2669; x_wconf 90' lang='lat'>27</span> <span class='ocrx_word' id='word_1_435' title='bbox 2784 2610 2842 2667; x_wconf 78' lang='lat' dir='ltr'>in</span> <span class='ocrx_word' id='word_1_436' title='bbox 2886 2610 3050 2667; x_wconf 83' lang='lat' dir='ltr'>Num.</span> <span class='ocrx_word' id='word_1_437' title='bbox 3091 2624 3161 2664; x_wconf 83' lang='lat' dir='ltr'>ex</span> <span class='ocrx_word' id='word_1_438' title='bbox 3202 2623 3345 2664; x_wconf 90' lang='lat' dir='ltr'>vers.</span> <span class='ocrx_word' id='word_1_439' title='bbox 3379 2603 3556 2677; x_wconf 63' lang='lat' dir='ltr'>Ruﬁ).</span> <span class='ocrx_word' id='word_1_440' title='bbox 3604 2605 3860 2662; x_wconf 82' lang='lat' dir='ltr'>Perfecta</span> 
     </span>
    </p>
   </div>
   <div class='ocr_carea' id='block_1_58' title="bbox 2247 2702 3859 2772">
    <p class='ocr_par' dir='ltr' id='par_1_58' title="bbox 2247 2702 3859 2772">
     <span class='ocr_line' id='line_1_58' title="bbox 2247 2702 3859 2772; baseline -0.007 -9"><span class='ocrx_word' id='word_1_441' title='bbox 2247 2716 2430 2764; x_wconf 88' lang='lat' dir='ltr'>autem</span> <span class='ocrx_word' id='word_1_442' title='bbox 2474 2705 2671 2761; x_wconf 74' lang='lat' dir='ltr'>animai</span> <span class='ocrx_word' id='word_1_443' title='bbox 2702 2702 2905 2759; x_wconf 87' lang='lat' dir='ltr'>sanitas</span> <span class='ocrx_word' id='word_1_444' title='bbox 2951 2708 3033 2757; x_wconf 90' lang='lat' dir='ltr'>est</span> <span class='ocrx_word' id='word_1_445' title='bbox 3080 2715 3188 2772; x_wconf 90' lang='lat' dir='ltr'>qua</span> <span class='ocrx_word' id='word_1_446' title='bbox 3235 2715 3348 2755; x_wconf 90' lang='lat' dir='ltr'>non</span> <span class='ocrx_word' id='word_1_447' title='bbox 3396 2704 3575 2771; x_wconf 88' lang='lat' dir='ltr'>potest</span> <span class='ocrx_word' id='word_1_448' title='bbox 3602 2712 3859 2769; x_wconf 87' lang='lat' dir='ltr'>peccare,</span> 
     </span>
    </p>
   </div>
   <div class='ocr_carea' id='block_1_59' title="bbox 2249 2788 3859 2870">
    <p class='ocr_par' dir='ltr' id='par_1_59' title="bbox 2249 2788 3859 2870">
     <span class='ocr_line' id='line_1_59' title="bbox 2249 2788 3859 2870; baseline -0.007 -15"><span class='ocrx_word' id='word_1_449' title='bbox 2249 2797 2392 2855; x_wconf 88' lang='lat' dir='ltr'>sicut</span> <span class='ocrx_word' id='word_1_450' title='bbox 2421 2795 2661 2870; x_wconf 84' lang='lat' dir='ltr'>perfecta</span> <span class='ocrx_word' id='word_1_451' title='bbox 2707 2790 2952 2866; x_wconf 90' lang='lat' dir='ltr'>corporis</span> <span class='ocrx_word' id='word_1_452' title='bbox 2983 2790 3188 2848; x_wconf 85' lang='lat' dir='ltr'>sanitas</span> <span class='ocrx_word' id='word_1_453' title='bbox 3232 2797 3313 2847; x_wconf 88' lang='lat' dir='ltr'>est</span> <span class='ocrx_word' id='word_1_454' title='bbox 3341 2805 3450 2862; x_wconf 89' lang='lat' dir='ltr'>qua</span> <span class='ocrx_word' id='word_1_455' title='bbox 3478 2804 3590 2844; x_wconf 92' lang='lat' dir='ltr'>non</span> <span class='ocrx_word' id='word_1_456' title='bbox 3618 2788 3859 2860; x_wconf 88' lang='lat' dir='ltr'>contigit</span> 
     </span>
    </p>
   </div>
   <div class='ocr_carea' id='block_1_60' title="bbox 2251 2876 3857 2962">
    <p class='ocr_par' dir='ltr' id='par_1_60' title="bbox 2251 2876 3857 2962">
     <span class='ocr_line' id='line_1_60' title="bbox 2251 2876 3857 2962; baseline -0.006 -21"><span class='ocrx_word' id='word_1_457' title='bbox 2251 2894 2515 2962; x_wconf 52' lang='lat' dir='ltr'>aegrotare</span> <span class='ocrx_word' id='word_1_458' title='bbox 2539 2904 2552 2953; x_wconf 89' lang='lat'>;</span> <span class='ocrx_word' id='word_1_459' title='bbox 2585 2882 2735 2957; x_wconf 89' lang='lat' dir='ltr'>quod</span> <span class='ocrx_word' id='word_1_460' title='bbox 2764 2899 2874 2938; x_wconf 91' lang='lat' dir='ltr'>non</span> <span class='ocrx_word' id='word_1_461' title='bbox 2902 2879 3012 2937; x_wconf 91' lang='lat' dir='ltr'>nisi</span> <span class='ocrx_word' id='word_1_462' title='bbox 3039 2880 3097 2936; x_wconf 92' lang='lat' dir='ltr'>in</span> <span class='ocrx_word' id='word_1_463' title='bbox 3126 2878 3528 2937; x_wconf 90' lang='lat' dir='ltr'>resurrectione</span> <span class='ocrx_word' id='word_1_464' title='bbox 3554 2876 3814 2933; x_wconf 89' lang='lat' dir='ltr'>succedit</span> <span class='ocrx_word' id='word_1_465' title='bbox 3846 2894 3857 2932; x_wconf 88' lang='lat'>:</span> 
     </span>
    </p>
   </div>
   <div class='ocr_carea' id='block_1_61' title="bbox 2250 2964 3859 3043">
    <p class='ocr_par' dir='ltr' id='par_1_61' title="bbox 2250 2964 3859 3043">
     <span class='ocr_line' id='line_1_61' title="bbox 2250 2964 3859 3043; baseline -0.008 -11"><span class='ocrx_word' id='word_1_466' title='bbox 2250 2983 2384 3032; x_wconf 90' lang='lat' dir='ltr'>tunc</span> <span class='ocrx_word' id='word_1_467' title='bbox 2412 2973 2584 3043; x_wconf 90' lang='lat' dir='ltr'>enim,</span> <span class='ocrx_word' id='word_1_468' title='bbox 2628 2974 2772 3030; x_wconf 91' lang='lat' dir='ltr'>sicut</span> <span class='ocrx_word' id='word_1_469' title='bbox 2811 2971 2950 3028; x_wconf 89' lang='lat' dir='ltr'>dicit</span> <span class='ocrx_word' id='word_1_470' title='bbox 2978 2968 3143 3025; x_wconf 87' lang='lat' dir='ltr'>Isaias</span> <span class='ocrx_word' id='word_1_471' title='bbox 3183 2966 3484 3041; x_wconf 88' lang='lat' dir='ltr'>propheta:</span> <span class='ocrx_word' id='word_1_472' title='bbox 3532 2989 3550 3011; x_wconf 76' lang='grc' dir='ltr'>ι</span> <span class='ocrx_word' id='word_1_473' title='bbox 3580 2965 3643 3020; x_wconf 90' lang='lat' dir='ltr'>In</span> <span class='ocrx_word' id='word_1_474' title='bbox 3677 2964 3859 3038; x_wconf 87' lang='lat' dir='ltr'>capite</span> 
     </span>
    </p>
   </div>
   <div class='ocr_carea' id='block_1_62' title="bbox 2252 3053 3860 3132">
    <p class='ocr_par' dir='ltr' id='par_1_62' title="bbox 2252 3053 3860 3132">
     <span class='ocr_line' id='line_1_62' title="bbox 2252 3053 3860 3132; baseline -0.007 -11"><span class='ocrx_word' id='word_1_475' title='bbox 2252 3082 2442 3121; x_wconf 90' lang='lat' dir='ltr'>eorum</span> <span class='ocrx_word' id='word_1_476' title='bbox 2477 3065 2596 3122; x_wconf 89' lang='lat' dir='ltr'>laus</span> <span class='ocrx_word' id='word_1_477' title='bbox 2621 3070 2676 3120; x_wconf 89' lang='lat' dir='ltr'>et</span> <span class='ocrx_word' id='word_1_478' title='bbox 2701 3061 2894 3118; x_wconf 72' lang='lat' dir='ltr'>laetitia</span> <span class='ocrx_word' id='word_1_479' title='bbox 2922 3057 3292 3132; x_wconf 89' lang='lat' dir='ltr'>apprehendet</span> <span class='ocrx_word' id='word_1_480' title='bbox 3317 3072 3442 3113; x_wconf 88' lang='lat' dir='ltr'>eos:</span> <span class='ocrx_word' id='word_1_481' title='bbox 3469 3053 3644 3127; x_wconf 88' lang='lat' dir='ltr'>fugiet</span> <span class='ocrx_word' id='word_1_482' title='bbox 3674 3053 3860 3121; x_wconf 87' lang='lat' dir='ltr'>dolor,</span> 
     </span>
    </p>
   </div>
   <div class='ocr_carea' id='block_1_63' title="bbox 539 3142 2140 3254">
    <p class='ocr_par' dir='ltr' id='par_1_63' title="bbox 539 3142 2140 3254">
     <span class='ocr_line' id='line_1_63' title="bbox 539 3142 2140 3254; baseline -0.004 -16"><span class='ocrx_word' id='word_1_483' title='bbox 539 3142 1013 3254; x_wconf 47' lang='grc' dir='ltr'>ἶῖἇᾶἶίιξ</span> <span class='ocrx_word' id='word_1_484' title='bbox 1025 3142 1177 3249; x_wconf 26' lang='grc' dir='ltr'>τι.</span> <span class='ocrx_word' id='word_1_485' title='bbox 1669 3142 1943 3233; x_wconf 27' lang='grc' dir='ltr'><strong>εὸιιιιιιηὶιι</strong></span> <span class='ocrx_word' id='word_1_486' title='bbox 1970 3174 2140 3248; x_wconf 86' lang='lat' dir='ltr'>ﬁgura</span> 
     </span>
    </p>
   </div>
   <div class='ocr_carea' id='block_1_64' title="bbox 2255 3142 3863 3254">
    <p class='ocr_par' dir='ltr' id='par_1_64' title="bbox 2259 3142 3863 3226">
     <span class='ocr_line' id='line_1_64' title="bbox 2259 3142 3863 3226; baseline -0.008 -14"><span class='ocrx_word' id='word_1_487' title='bbox 2259 3171 2461 3211; x_wconf 74' lang='lat' dir='ltr'>mmror</span> <span class='ocrx_word' id='word_1_488' title='bbox 2508 3162 2562 3210; x_wconf 94' lang='lat' dir='ltr'>et</span> <span class='ocrx_word' id='word_1_489' title='bbox 2609 3150 2843 3226; x_wconf 87' lang='lat' dir='ltr'>gemitus</span> <span class='ocrx_word' id='word_1_490' title='bbox 2893 3148 3051 3221; x_wconf 84' lang='lat' dir='ltr'>(Isai.</span> <span class='ocrx_word' id='word_1_491' title='bbox 3098 3164 3173 3215; x_wconf 83' lang='lat' dir='ltr'>Li,</span> <span class='ocrx_word' id='word_1_492' title='bbox 3233 3146 3346 3219; x_wconf 92' lang='grc'>11).</span> <span class='ocrx_word' id='word_1_493' title='bbox 3393 3168 3413 3195; x_wconf 73' lang='grc' dir='ltr'>ι</span> <span class='ocrx_word' id='word_1_494' title='bbox 3475 3142 3648 3201; x_wconf 84' lang='lat' dir='ltr'>Vides</span> <span class='ocrx_word' id='word_1_495' title='bbox 3691 3144 3863 3217; x_wconf 88' lang='lat' dir='ltr'>igitur</span> 
     </span>
    </p>
   </div>
   <div class='ocr_carea' id='block_1_65' title="bbox 539 3264 2140 3340">
    <p class='ocr_par' dir='ltr' id='par_1_65' title="bbox 539 3264 2140 3340">
     <span class='ocr_line' id='line_1_65' title="bbox 539 3264 2140 3340; baseline -0.004 -14"><span class='ocrx_word' id='word_1_496' title='bbox 539 3271 667 3340; x_wconf 82' lang='lat' dir='ltr'>fuit,</span> <span class='ocrx_word' id='word_1_497' title='bbox 700 3278 953 3327; x_wconf 88' lang='lat' dir='ltr'>nostrum</span> <span class='ocrx_word' id='word_1_498' title='bbox 989 3276 1171 3325; x_wconf 87' lang='lat' dir='ltr'>autem</span> <span class='ocrx_word' id='word_1_499' title='bbox 1203 3267 1263 3324; x_wconf 90' lang='lat' dir='ltr'>in</span> <span class='ocrx_word' id='word_1_500' title='bbox 1292 3267 1543 3324; x_wconf 89' lang='lat' dir='ltr'>veritate.</span> <span class='ocrx_word' id='word_1_501' title='bbox 1574 3268 1646 3323; x_wconf 88' lang='lat' dir='ltr'>Et</span> <span class='ocrx_word' id='word_1_502' title='bbox 1679 3265 1807 3339; x_wconf 90' lang='lat' dir='ltr'>quia</span> <span class='ocrx_word' id='word_1_503' title='bbox 1836 3264 2140 3338; x_wconf 89' lang='lat' dir='ltr'>baptismus</span> 
     </span>
    </p>
   </div>
   <div class='ocr_carea' id='block_1_66' title="bbox 540 3354 2148 3429">
    <p class='ocr_par' dir='ltr' id='par_1_66' title="bbox 540 3354 2148 3429">
     <span class='ocr_line' id='line_1_66' title="bbox 540 3354 2148 3429; baseline -0.004 -14"><span class='ocrx_word' id='word_1_504' title='bbox 540 3361 830 3427; x_wconf 79' lang='lat' dir='ltr'>iterandus</span> <span class='ocrx_word' id='word_1_505' title='bbox 860 3376 972 3416; x_wconf 91' lang='lat' dir='ltr'>non</span> <span class='ocrx_word' id='word_1_506' title='bbox 1002 3366 1103 3426; x_wconf 89' lang='lat' dir='ltr'>est,</span> <span class='ocrx_word' id='word_1_507' title='bbox 1134 3374 1260 3414; x_wconf 88' lang='lat' dir='ltr'>cum</span> <span class='ocrx_word' id='word_1_508' title='bbox 1293 3357 1556 3429; x_wconf 90' lang='lat' dir='ltr'>scriptum</span> <span class='ocrx_word' id='word_1_509' title='bbox 1590 3357 1664 3412; x_wconf 91' lang='lat' dir='ltr'>sit</span> <span class='ocrx_word' id='word_1_510' title='bbox 1693 3375 1705 3412; x_wconf 91' lang='lat'>:</span> <span class='ocrx_word' id='word_1_511' title='bbox 1752 3379 1771 3403; x_wconf 76' lang='grc' dir='ltr'>ι</span> <span class='ocrx_word' id='word_1_512' title='bbox 1802 3355 1954 3412; x_wconf 89' lang='lat' dir='ltr'>Unus</span> <span class='ocrx_word' id='word_1_513' title='bbox 1980 3354 2148 3411; x_wconf 62' lang='lat' dir='ltr'>Deus,</span> 
     </span>
    </p>
   </div>
   <div class='ocr_carea' id='block_1_67' title="bbox 541 3445 2148 3521">
    <p class='ocr_par' dir='ltr' id='par_1_67' title="bbox 541 3445 2148 3521">
     <span class='ocr_line' id='line_1_67' title="bbox 541 3445 2148 3521; baseline -0.004 -17"><span class='ocrx_word' id='word_1_514' title='bbox 541 3466 651 3507; x_wconf 88' lang='lat' dir='ltr'>una</span> <span class='ocrx_word' id='word_1_515' title='bbox 681 3451 838 3520; x_wconf 91' lang='lat' dir='ltr'>ﬁdes,</span> <span class='ocrx_word' id='word_1_516' title='bbox 862 3467 1035 3507; x_wconf 88' lang='lat' dir='ltr'>unum</span> <span class='ocrx_word' id='word_1_517' title='bbox 1066 3448 1338 3521; x_wconf 90' lang='lat' dir='ltr'>baptisma</span> <span class='ocrx_word' id='word_1_518' title='bbox 1368 3449 1587 3519; x_wconf 80' lang='lat' dir='ltr'>(Ephes.</span> <span class='ocrx_word' id='word_1_519' title='bbox 1610 3464 1685 3515; x_wconf 77' lang='grc' dir='ltr'>ιν,</span> <span class='ocrx_word' id='word_1_520' title='bbox 1703 3446 1787 3519; x_wconf 84' lang='grc'>5),</span> <span class='ocrx_word' id='word_1_521' title='bbox 1816 3445 1961 3502; x_wconf 89' lang='lat' dir='ltr'>sicut</span> <span class='ocrx_word' id='word_1_522' title='bbox 1980 3451 2148 3505; x_wconf 86' lang='lat' dir='ltr'>semel</span> 
     </span>
    </p>
   </div>
   <div class='ocr_carea' id='block_1_68' title="bbox 540 3528 2151 3610">
    <p class='ocr_par' dir='ltr' id='par_1_68' title="bbox 540 3528 2151 3610">
     <span class='ocr_line' id='line_1_68' title="bbox 540 3528 2151 3610; baseline -0.006 -16"><span class='ocrx_word' id='word_1_523' title='bbox 540 3538 813 3610; x_wconf 88' lang='lat' dir='ltr'>baptizari</span> <span class='ocrx_word' id='word_1_524' title='bbox 842 3536 1110 3610; x_wconf 91' lang='lat' dir='ltr'>oportuit,</span> <span class='ocrx_word' id='word_1_525' title='bbox 1159 3537 1236 3592; x_wconf 88' lang='lat' dir='ltr'>ita</span> <span class='ocrx_word' id='word_1_526' title='bbox 1283 3544 1338 3592; x_wconf 90' lang='lat' dir='ltr'>et</span> <span class='ocrx_word' id='word_1_527' title='bbox 1372 3536 1536 3592; x_wconf 89' lang='lat' dir='ltr'>semel</span> <span class='ocrx_word' id='word_1_528' title='bbox 1567 3551 1717 3591; x_wconf 90' lang='lat' dir='ltr'>mare</span> <span class='ocrx_word' id='word_1_529' title='bbox 1760 3533 1991 3589; x_wconf 87' lang='lat' dir='ltr'>intrasse</span> <span class='ocrx_word' id='word_1_530' title='bbox 2020 3528 2151 3587; x_wconf 90' lang='lat' dir='ltr'>satis</span> 
     </span>
    </p>
   </div>
   <div class='ocr_carea' id='block_1_69' title="bbox 549 3620 2154 3699">
    <p class='ocr_par' dir='ltr' id='par_1_69' title="bbox 549 3620 2154 3699">
     <span class='ocr_line' id='line_1_69' title="bbox 549 3620 2154 3699; baseline -0.007 -13"><span class='ocrx_word' id='word_1_531' title='bbox 549 3629 678 3686; x_wconf 81' lang='lat' dir='ltr'>fuit.</span> <span class='ocrx_word' id='word_1_532' title='bbox 723 3629 884 3684; x_wconf 86' lang='lat' dir='ltr'>Nunc</span> <span class='ocrx_word' id='word_1_533' title='bbox 932 3626 1100 3699; x_wconf 90' lang='lat' dir='ltr'>igitur</span> <span class='ocrx_word' id='word_1_534' title='bbox 1127 3625 1372 3699; x_wconf 88' lang='lat' dir='ltr'>pergenti</span> <span class='ocrx_word' id='word_1_535' title='bbox 1402 3625 1469 3682; x_wconf 91' lang='lat' dir='ltr'>ad</span> <span class='ocrx_word' id='word_1_536' title='bbox 1498 3625 1825 3699; x_wconf 87' lang='lat' dir='ltr'>promissam</span> <span class='ocrx_word' id='word_1_537' title='bbox 1852 3620 2154 3678; x_wconf 74' lang='lat' dir='ltr'>haeredita-</span> 
     </span>
    </p>
   </div>
   <div class='ocr_carea' id='block_1_70' title="bbox 544 3709 2150 3788">
    <p class='ocr_par' dir='ltr' id='par_1_70' title="bbox 544 3709 2150 3788">
     <span class='ocr_line' id='line_1_70' title="bbox 544 3709 2150 3788; baseline -0.005 -15"><span class='ocrx_word' id='word_1_538' title='bbox 544 3726 657 3773; x_wconf 86' lang='lat' dir='ltr'>tcm</span> <span class='ocrx_word' id='word_1_539' title='bbox 688 3716 894 3788; x_wconf 88' lang='lat' dir='ltr'>populo</span> <span class='ocrx_word' id='word_1_540' title='bbox 942 3715 1140 3771; x_wconf 88' lang='lat' dir='ltr'>iterum</span> <span class='ocrx_word' id='word_1_541' title='bbox 1184 3731 1331 3772; x_wconf 90' lang='lat' dir='ltr'>mare</span> <span class='ocrx_word' id='word_1_542' title='bbox 1360 3716 1621 3782; x_wconf 89' lang='lat' dir='ltr'>occurrit,</span> <span class='ocrx_word' id='word_1_543' title='bbox 1670 3719 1734 3768; x_wconf 93' lang='lat' dir='ltr'>ut</span> <span class='ocrx_word' id='word_1_544' title='bbox 1768 3710 1908 3766; x_wconf 92' lang='lat' dir='ltr'>illud</span> <span class='ocrx_word' id='word_1_545' title='bbox 1935 3709 2150 3778; x_wconf 89' lang='lat' dir='ltr'>videns,</span> 
     </span>
    </p>
   </div>
   <div class='ocr_carea' id='block_1_71' title="bbox 547 3797 2151 3879">
    <p class='ocr_par' dir='ltr' id='par_1_71' title="bbox 547 3797 2151 3879">
     <span class='ocr_line' id='line_1_71' title="bbox 547 3797 2151 3879; baseline -0.003 -19"><span class='ocrx_word' id='word_1_546' title='bbox 547 3805 813 3879; x_wconf 90' lang='lat' dir='ltr'>illiusque</span> <span class='ocrx_word' id='word_1_547' title='bbox 858 3804 1034 3861; x_wconf 89' lang='lat' dir='ltr'>undas</span> <span class='ocrx_word' id='word_1_548' title='bbox 1080 3804 1371 3877; x_wconf 89' lang='lat' dir='ltr'>aspiciens,</span> <span class='ocrx_word' id='word_1_549' title='bbox 1412 3804 1629 3861; x_wconf 90' lang='lat' dir='ltr'>cautius</span> <span class='ocrx_word' id='word_1_550' title='bbox 1674 3798 1914 3867; x_wconf 89' lang='lat' dir='ltr'>incedat,</span> <span class='ocrx_word' id='word_1_551' title='bbox 1954 3812 2023 3855; x_wconf 92' lang='lat' dir='ltr'>ne</span> <span class='ocrx_word' id='word_1_552' title='bbox 2062 3797 2151 3855; x_wconf 89' lang='lat' dir='ltr'>de-</span> 
     </span>
    </p>
   </div>
   <div class='ocr_carea' id='block_1_72' title="bbox 550 3892 1373 3967">
    <p class='ocr_par' dir='ltr' id='par_1_72' title="bbox 550 3892 1373 3967">
     <span class='ocr_line' id='line_1_72' title="bbox 550 3892 1373 3967; baseline -0.004 -16"><span class='ocrx_word' id='word_1_553' title='bbox 550 3894 724 3952; x_wconf 91' lang='lat' dir='ltr'>terius</span> <span class='ocrx_word' id='word_1_554' title='bbox 754 3892 965 3967; x_wconf 89' lang='lat' dir='ltr'>aliquid</span> <span class='ocrx_word' id='word_1_555' title='bbox 993 3893 1043 3949; x_wconf 92' lang='lat' dir='ltr'>ei</span> <span class='ocrx_word' id='word_1_556' title='bbox 1071 3894 1373 3967; x_wconf 88' lang='lat' dir='ltr'>contingat.</span> 
     </span>
    </p>
   </div>
   <div class='ocr_carea' id='block_1_73' title="bbox 626 3992 2154 4070">
    <p class='ocr_par' dir='ltr' id='par_1_73' title="bbox 626 3992 2154 4070">
     <span class='ocr_line' id='line_1_73' title="bbox 626 3992 2154 4070; baseline -0.006 -10"><span class='ocrx_word' id='word_1_557' title='bbox 626 4002 771 4060; x_wconf 83' lang='lat' dir='ltr'>VIII-</span> <span class='ocrx_word' id='word_1_558' title='bbox 809 4002 1036 4070; x_wconf 79' lang='lat' dir='ltr'>mansio,</span> <span class='ocrx_word' id='word_1_559' title='bbox 1088 4003 1349 4058; x_wconf 78' lang='lat' dir='ltr'>desertum</span> <span class='ocrx_word' id='word_1_560' title='bbox 1399 4001 1516 4056; x_wconf 83' lang='lat' dir='ltr'>SIN.</span> <span class='ocrx_word' id='word_1_561' title='bbox 1565 4027 1636 4039; x_wconf 93' lang='lat'><strong><em>——</em></strong></span> <span class='ocrx_word' id='word_1_562' title='bbox 1686 3995 1897 4054; x_wconf 87' lang='lat' dir='ltr'>Octava</span> <span class='ocrx_word' id='word_1_563' title='bbox 1941 3992 2154 4051; x_wconf 90' lang='lat' dir='ltr'>mansio</span> 
     </span>
    </p>
   </div>
   <div class='ocr_carea' id='block_1_74' title="bbox 552 4083 2155 4158">
    <p class='ocr_par' dir='ltr' id='par_1_74' title="bbox 552 4083 2155 4158">
     <span class='ocr_line' id='line_1_74' title="bbox 552 4083 2155 4158; baseline -0.006 -8"><span class='ocrx_word' id='word_1_564' title='bbox 552 4100 636 4150; x_wconf 89' lang='lat' dir='ltr'>est</span> <span class='ocrx_word' id='word_1_565' title='bbox 663 4092 940 4148; x_wconf 90' lang='lat' dir='ltr'>desertum</span> <span class='ocrx_word' id='word_1_566' title='bbox 972 4092 1089 4149; x_wconf 92' lang='lat' dir='ltr'>Sin.</span> <span class='ocrx_word' id='word_1_567' title='bbox 1134 4093 1264 4149; x_wconf 90' lang='lat' dir='ltr'>Ideo</span> <span class='ocrx_word' id='word_1_568' title='bbox 1293 4088 1464 4146; x_wconf 89' lang='lat' dir='ltr'>dicit:</span> <span class='ocrx_word' id='word_1_569' title='bbox 1527 4112 1544 4133; x_wconf 77' lang='grc' dir='ltr'>ι</span> <span class='ocrx_word' id='word_1_570' title='bbox 1573 4086 1646 4143; x_wconf 88' lang='lat' dir='ltr'>Et</span> <span class='ocrx_word' id='word_1_571' title='bbox 1682 4084 1915 4158; x_wconf 83' lang='lat' dir='ltr'>profecti</span> <span class='ocrx_word' id='word_1_572' title='bbox 1956 4101 1989 4141; x_wconf 90' lang='lat' dir='ltr'>a</span> <span class='ocrx_word' id='word_1_573' title='bbox 2016 4083 2155 4140; x_wconf 88' lang='lat' dir='ltr'>mari</span> 
     </span>
    </p>
   </div>
   <div class='ocr_carea' id='block_1_75' title="bbox 549 4175 2151 4252">
    <p class='ocr_par' dir='ltr' id='par_1_75' title="bbox 549 4175 2151 4252">
     <span class='ocr_line' id='line_1_75' title="bbox 549 4175 2151 4252; baseline -0.006 -11"><span class='ocrx_word' id='word_1_574' title='bbox 549 4183 761 4252; x_wconf 81' lang='lat' dir='ltr'>Rubro,</span> <span class='ocrx_word' id='word_1_575' title='bbox 806 4183 1179 4240; x_wconf 88' lang='lat' dir='ltr'>castrametati</span> <span class='ocrx_word' id='word_1_576' title='bbox 1223 4189 1355 4238; x_wconf 91' lang='lat' dir='ltr'>sunt</span> <span class='ocrx_word' id='word_1_577' title='bbox 1392 4179 1450 4234; x_wconf 89' lang='lat' dir='ltr'>in</span> <span class='ocrx_word' id='word_1_578' title='bbox 1496 4177 1769 4234; x_wconf 89' lang='lat' dir='ltr'>desertum</span> <span class='ocrx_word' id='word_1_579' title='bbox 1817 4175 1915 4233; x_wconf 89' lang='lat' dir='ltr'>Sin</span> <span class='ocrx_word' id='word_1_580' title='bbox 1965 4176 2151 4248; x_wconf 86' lang='lat' dir='ltr'>(Num.</span> 
     </span>
    </p>
   </div>
   <div class='ocr_carea' id='block_1_76' title="bbox 552 4265 2154 4345">
    <p class='ocr_par' dir='ltr' id='par_1_76' title="bbox 552 4265 2154 4345">
     <span class='ocr_line' id='line_1_76' title="bbox 552 4265 2154 4345; baseline -0.003 -17"><span class='ocrx_word' id='word_1_581' title='bbox 552 4289 758 4341; x_wconf 76' lang='grc' dir='ltr'><strong>χχχιιι,</strong></span> <span class='ocrx_word' id='word_1_582' title='bbox 792 4273 881 4345; x_wconf 87' lang='grc'>11)</span> <span class='ocrx_word' id='word_1_583' title='bbox 908 4291 920 4328; x_wconf 89' lang='lat'>:</span> <span class='ocrx_word' id='word_1_584' title='bbox 954 4298 973 4321; x_wconf 73' lang='grc' dir='ltr'>ι</span> <span class='ocrx_word' id='word_1_585' title='bbox 1015 4270 1111 4328; x_wconf 91' lang='lat' dir='ltr'>sed</span> <span class='ocrx_word' id='word_1_586' title='bbox 1138 4267 1545 4327; x_wconf 86' lang='lat' dir='ltr'>observandum</span> <span class='ocrx_word' id='word_1_587' title='bbox 1568 4266 1714 4340; x_wconf 89' lang='lat' dir='ltr'>quod</span> <span class='ocrx_word' id='word_1_588' title='bbox 1747 4273 1864 4323; x_wconf 90' lang='lat' dir='ltr'>tota</span> <span class='ocrx_word' id='word_1_589' title='bbox 1884 4266 2001 4323; x_wconf 84' lang='lat' dir='ltr'>haec</span> <span class='ocrx_word' id='word_1_590' title='bbox 2028 4265 2154 4323; x_wconf 89' lang='lat' dir='ltr'>soli-</span> 
     </span>
    </p>
   </div>
   <div class='ocr_carea' id='block_1_77' title="bbox 552 4353 2157 4430">
    <p class='ocr_par' dir='ltr' id='par_1_77' title="bbox 552 4353 2157 4430">
     <span class='ocr_line' id='line_1_77' title="bbox 552 4353 2157 4430; baseline -0.006 -12"><span class='ocrx_word' id='word_1_591' title='bbox 552 4361 688 4417; x_wconf 89' lang='lat' dir='ltr'>tudo</span> <span class='ocrx_word' id='word_1_592' title='bbox 716 4378 748 4417; x_wconf 91' lang='lat' dir='ltr'>a</span> <span class='ocrx_word' id='word_1_593' title='bbox 776 4362 913 4418; x_wconf 90' lang='lat' dir='ltr'>mari</span> <span class='ocrx_word' id='word_1_594' title='bbox 957 4360 1165 4427; x_wconf 81' lang='lat' dir='ltr'>Rubro,</span> <span class='ocrx_word' id='word_1_595' title='bbox 1201 4372 1372 4430; x_wconf 90' lang='lat' dir='ltr'>usque</span> <span class='ocrx_word' id='word_1_596' title='bbox 1401 4355 1469 4412; x_wconf 89' lang='lat' dir='ltr'>ad</span> <span class='ocrx_word' id='word_1_597' title='bbox 1499 4362 1740 4417; x_wconf 88' lang='lat' dir='ltr'>montem</span> <span class='ocrx_word' id='word_1_598' title='bbox 1774 4353 1927 4412; x_wconf 88' lang='lat' dir='ltr'>Sinai</span> <span class='ocrx_word' id='word_1_599' title='bbox 1960 4354 2157 4427; x_wconf 90' lang='lat' dir='ltr'>appel-</span> 
     </span>
    </p>
   </div>
   <div class='ocr_carea' id='block_1_78' title="bbox 553 4443 2155 4522">
    <p class='ocr_par' dir='ltr' id='par_1_78' title="bbox 553 4443 2155 4522">
     <span class='ocr_line' id='line_1_78' title="bbox 553 4443 2155 4522; baseline -0.004 -15"><span class='ocrx_word' id='word_1_600' title='bbox 553 4452 698 4508; x_wconf 88' lang='lat' dir='ltr'>latur</span> <span class='ocrx_word' id='word_1_601' title='bbox 726 4451 822 4507; x_wconf 89' lang='lat' dir='ltr'>Sin</span> <span class='ocrx_word' id='word_1_602' title='bbox 855 4450 1032 4522; x_wconf 88' lang='lat' dir='ltr'>(Hier.</span> <span class='ocrx_word' id='word_1_603' title='bbox 1066 4448 1227 4519; x_wconf 91' lang='lat' dir='ltr'>epist.</span> <span class='ocrx_word' id='word_1_604' title='bbox 1264 4446 1413 4515; x_wconf 91' lang='grc'>127).</span> <span class='ocrx_word' id='word_1_605' title='bbox 1448 4446 1509 4501; x_wconf 92' lang='lat' dir='ltr'>In</span> <span class='ocrx_word' id='word_1_606' title='bbox 1539 4461 1645 4516; x_wconf 90' lang='lat' dir='ltr'>qua</span> <span class='ocrx_word' id='word_1_607' title='bbox 1668 4443 1771 4500; x_wconf 90' lang='lat' dir='ltr'>ﬁlii</span> <span class='ocrx_word' id='word_1_608' title='bbox 1804 4444 1964 4501; x_wconf 90' lang='lat' dir='ltr'>Israel</span> <span class='ocrx_word' id='word_1_609' title='bbox 1997 4444 2155 4517; x_wconf 89' lang='lat' dir='ltr'>quin-</span> 
     </span>
    </p>
   </div>
   <div class='ocr_carea' id='block_1_79' title="bbox 552 4532 2239 4614">
    <p class='ocr_par' dir='ltr' id='par_1_79' title="bbox 552 4532 2239 4614">
     <span class='ocr_line' id='line_1_79' title="bbox 552 4532 2239 4614; baseline -0.005 -17"><span class='ocrx_word' id='word_1_610' title='bbox 552 4558 657 4614; x_wconf 89' lang='lat' dir='ltr'>que</span> <span class='ocrx_word' id='word_1_611' title='bbox 700 4540 1015 4597; x_wconf 86' lang='lat' dir='ltr'>habuerunt</span> <span class='ocrx_word' id='word_1_612' title='bbox 1061 4535 1396 4600; x_wconf 89' lang='lat' dir='ltr'>mansiones,</span> <span class='ocrx_word' id='word_1_613' title='bbox 1446 4548 1641 4604; x_wconf 90' lang='lat' dir='ltr'>nempe</span> <span class='ocrx_word' id='word_1_614' title='bbox 1691 4549 1839 4589; x_wconf 89' lang='lat' dir='ltr'>mare</span> <span class='ocrx_word' id='word_1_615' title='bbox 1884 4532 2154 4601; x_wconf 81' lang='lat' dir='ltr'>Rubrum,</span> <span class='ocrx_word' id='word_1_616' title='bbox 2189 4555 2239 4614; x_wconf 77' lang='grc' dir='ltr'><strong>ι)</strong></span> 
     </span>
    </p>
   </div>
   <div class='ocr_carea' id='block_1_80' title="bbox 555 4620 2155 4702">
    <p class='ocr_par' dir='ltr' id='par_1_80' title="bbox 555 4620 2155 4702">
     <span class='ocr_line' id='line_1_80' title="bbox 555 4620 2155 4702; baseline -0.006 -15"><span class='ocrx_word' id='word_1_617' title='bbox 555 4638 618 4687; x_wconf 90' lang='lat' dir='ltr'>ut</span> <span class='ocrx_word' id='word_1_618' title='bbox 659 4646 824 4702; x_wconf 88' lang='lat' dir='ltr'>supra</span> <span class='ocrx_word' id='word_1_619' title='bbox 867 4627 1011 4684; x_wconf 91' lang='lat' dir='ltr'>hanc</span> <span class='ocrx_word' id='word_1_620' title='bbox 1053 4623 1121 4680; x_wconf 93' lang='lat' dir='ltr'>de</span> <span class='ocrx_word' id='word_1_621' title='bbox 1169 4638 1278 4695; x_wconf 91' lang='lat' dir='ltr'>qua</span> <span class='ocrx_word' id='word_1_622' title='bbox 1323 4620 1557 4693; x_wconf 88' lang='lat' dir='ltr'>agimus,</span> <span class='ocrx_word' id='word_1_623' title='bbox 1591 4628 1643 4677; x_wconf 90' lang='lat' dir='ltr'>et</span> <span class='ocrx_word' id='word_1_624' title='bbox 1690 4630 1801 4677; x_wconf 88' lang='lat' dir='ltr'>tres</span> <span class='ocrx_word' id='word_1_625' title='bbox 1849 4630 2155 4693; x_wconf 89' lang='lat' dir='ltr'>sequentes.</span> 
     </span>
    </p>
   </div>
   <div class='ocr_carea' id='block_1_81' title="bbox 554 4710 2158 4786">
    <p class='ocr_par' dir='ltr' id='par_1_81' title="bbox 554 4710 2158 4786">
     <span class='ocr_line' id='line_1_81' title="bbox 554 4710 2158 4786; baseline -0.006 -10"><span class='ocrx_word' id='word_1_626' title='bbox 554 4720 683 4776; x_wconf 69' lang='lat' dir='ltr'>Hazc</span> <span class='ocrx_word' id='word_1_627' title='bbox 709 4725 892 4775; x_wconf 90' lang='lat' dir='ltr'>autem</span> <span class='ocrx_word' id='word_1_628' title='bbox 926 4710 1179 4786; x_wconf 84' lang='lat' dir='ltr'>specialis</span> <span class='ocrx_word' id='word_1_629' title='bbox 1199 4719 1316 4778; x_wconf 89' lang='lat' dir='ltr'>est;</span> <span class='ocrx_word' id='word_1_630' title='bbox 1349 4710 1498 4777; x_wconf 89' lang='lat' dir='ltr'>licet,</span> <span class='ocrx_word' id='word_1_631' title='bbox 1521 4710 1803 4767; x_wconf 90' lang='lat' dir='ltr'>communi</span> <span class='ocrx_word' id='word_1_632' title='bbox 1824 4710 2049 4768; x_wconf 91' lang='lat' dir='ltr'>nomine</span> <span class='ocrx_word' id='word_1_633' title='bbox 2066 4728 2158 4784; x_wconf 90' lang='lat' dir='ltr'>ap-</span> 
     </span>
    </p>
   </div>
   <div class='ocr_carea' id='block_1_82' title="bbox 557 4798 2161 4882">
    <p class='ocr_par' dir='ltr' id='par_1_82' title="bbox 557 4798 2161 4882">
     <span class='ocr_line' id='line_1_82' title="bbox 557 4798 2161 4882; baseline -0.004 -17"><span class='ocrx_word' id='word_1_634' title='bbox 557 4808 795 4882; x_wconf 87' lang='lat' dir='ltr'>pellatur</span> <span class='ocrx_word' id='word_1_635' title='bbox 810 4804 1090 4861; x_wconf 89' lang='lat' dir='ltr'>desertum</span> <span class='ocrx_word' id='word_1_636' title='bbox 1105 4799 1225 4868; x_wconf 90' lang='lat' dir='ltr'>Sin,</span> <span class='ocrx_word' id='word_1_637' title='bbox 1238 4816 1307 4856; x_wconf 88' lang='lat' dir='ltr'>ex</span> <span class='ocrx_word' id='word_1_638' title='bbox 1328 4799 1552 4855; x_wconf 88' lang='lat' dir='ltr'>nomine</span> <span class='ocrx_word' id='word_1_639' title='bbox 1566 4800 1740 4856; x_wconf 87' lang='lat' dir='ltr'>totius</span> <span class='ocrx_word' id='word_1_640' title='bbox 1760 4798 1959 4858; x_wconf 89' lang='lat' dir='ltr'>deserti</span> <span class='ocrx_word' id='word_1_641' title='bbox 1978 4819 1991 4857; x_wconf 88' lang='lat'>:</span> <span class='ocrx_word' id='word_1_642' title='bbox 2014 4803 2161 4860; x_wconf 90' lang='lat' dir='ltr'>sicut</span> 
     </span>
    </p>
   </div>
   <div class='ocr_carea' id='block_1_83' title="bbox 558 4888 2158 4961">
    <p class='ocr_par' dir='ltr' id='par_1_83' title="bbox 558 4888 2158 4961">
     <span class='ocr_line' id='line_1_83' title="bbox 558 4888 2158 4961; baseline -0.004 -7"><span class='ocrx_word' id='word_1_643' title='bbox 558 4906 612 4954; x_wconf 91' lang='lat' dir='ltr'>et</span> <span class='ocrx_word' id='word_1_644' title='bbox 658 4895 821 4953; x_wconf 87' lang='lat' dir='ltr'>Moab</span> <span class='ocrx_word' id='word_1_645' title='bbox 867 4904 1073 4950; x_wconf 89' lang='lat' dir='ltr'>nomen</span> <span class='ocrx_word' id='word_1_646' title='bbox 1119 4896 1201 4945; x_wconf 88' lang='lat' dir='ltr'>est</span> <span class='ocrx_word' id='word_1_647' title='bbox 1226 4888 1471 4947; x_wconf 84' lang='lat' dir='ltr'>civitatis</span> <span class='ocrx_word' id='word_1_648' title='bbox 1516 4896 1571 4945; x_wconf 90' lang='lat' dir='ltr'>et</span> <span class='ocrx_word' id='word_1_649' title='bbox 1598 4890 1918 4961; x_wconf 68' lang='lat' dir='ltr'>provinciae.</span> <span class='ocrx_word' id='word_1_650' title='bbox 1951 4890 2158 4948; x_wconf 86' lang='lat' dir='ltr'>Verum</span> 
     </span>
    </p>
   </div>
   <div class='ocr_carea' id='block_1_84' title="bbox 560 4978 2160 5059">
    <p class='ocr_par' dir='ltr' id='par_1_84' title="bbox 560 4978 2160 5059">
     <span class='ocr_line' id='line_1_84' title="bbox 560 4978 2160 5059; baseline -0.002 -19"><span class='ocrx_word' id='word_1_651' title='bbox 560 4986 692 5059; x_wconf 89' lang='lat' dir='ltr'>quia</span> <span class='ocrx_word' id='word_1_652' title='bbox 733 4983 831 5040; x_wconf 90' lang='lat' dir='ltr'>Sin</span> <span class='ocrx_word' id='word_1_653' title='bbox 873 4982 1265 5050; x_wconf 89' lang='lat' dir='ltr'>interpretatur</span> <span class='ocrx_word' id='word_1_654' title='bbox 1291 4978 1473 5048; x_wconf 89' lang='lat' dir='ltr'>rebus,</span> <span class='ocrx_word' id='word_1_655' title='bbox 1506 4979 1780 5053; x_wconf 90' lang='lat' dir='ltr'>signiﬁcat</span> <span class='ocrx_word' id='word_1_656' title='bbox 1823 4979 1984 5038; x_wconf 92' lang='lat' dir='ltr'>nobis</span> <span class='ocrx_word' id='word_1_657' title='bbox 2012 4980 2160 5054; x_wconf 89' lang='lat' dir='ltr'>quod</span> 
     </span>
    </p>
   </div>
   <div class='ocr_carea' id='block_1_85' title="bbox 561 5067 2161 5137">
    <p class='ocr_par' dir='ltr' id='par_1_85' title="bbox 561 5067 2161 5137">
     <span class='ocr_line' id='line_1_85' title="bbox 561 5067 2161 5137; baseline -0.003 -8"><span class='ocrx_word' id='word_1_658' title='bbox 561 5073 708 5129; x_wconf 90' lang='lat' dir='ltr'>sicut</span> <span class='ocrx_word' id='word_1_659' title='bbox 736 5078 931 5126; x_wconf 89' lang='lat' dir='ltr'>octava</span> <span class='ocrx_word' id='word_1_660' title='bbox 970 5068 1253 5125; x_wconf 89' lang='lat' dir='ltr'>mansione</span> <span class='ocrx_word' id='word_1_661' title='bbox 1279 5068 1534 5126; x_wconf 89' lang='lat' dir='ltr'>venimus</span> <span class='ocrx_word' id='word_1_662' title='bbox 1576 5069 1645 5126; x_wconf 91' lang='lat' dir='ltr'>ad</span> <span class='ocrx_word' id='word_1_663' title='bbox 1683 5068 1801 5137; x_wconf 92' lang='lat' dir='ltr'>Sin,</span> <span class='ocrx_word' id='word_1_664' title='bbox 1849 5067 1956 5127; x_wconf 91' lang='lat' dir='ltr'>hoc</span> <span class='ocrx_word' id='word_1_665' title='bbox 1983 5078 2065 5126; x_wconf 91' lang='lat' dir='ltr'>est</span> <span class='ocrx_word' id='word_1_666' title='bbox 2091 5067 2161 5125; x_wconf 89' lang='lat' dir='ltr'>ad</span> 
     </span>
    </p>
   </div>
   <div class='ocr_carea' id='block_1_86' title="bbox 561 5156 2160 5229">
    <p class='ocr_par' dir='ltr' id='par_1_86' title="bbox 561 5156 2160 5229">
     <span class='ocr_line' id='line_1_86' title="bbox 561 5156 2160 5229; baseline -0.002 -13"><span class='ocrx_word' id='word_1_667' title='bbox 561 5160 815 5225; x_wconf 87' lang='lat' dir='ltr'>rubrum,</span> <span class='ocrx_word' id='word_1_668' title='bbox 865 5156 925 5212; x_wconf 90' lang='lat' dir='ltr'>in</span> <span class='ocrx_word' id='word_1_669' title='bbox 973 5172 1082 5229; x_wconf 87' lang='lat' dir='ltr'>quo</span> <span class='ocrx_word' id='word_1_670' title='bbox 1128 5165 1311 5214; x_wconf 89' lang='lat' dir='ltr'>actum</span> <span class='ocrx_word' id='word_1_671' title='bbox 1358 5166 1440 5216; x_wconf 90' lang='lat' dir='ltr'>est</span> <span class='ocrx_word' id='word_1_672' title='bbox 1467 5157 1534 5216; x_wconf 89' lang='lat' dir='ltr'>de</span> <span class='ocrx_word' id='word_1_673' title='bbox 1564 5158 1889 5216; x_wconf 90' lang='lat' dir='ltr'>liberatione</span> <span class='ocrx_word' id='word_1_674' title='bbox 1916 5157 2160 5215; x_wconf 89' lang='lat' dir='ltr'>ﬁliorum</span> 
     </span>
    </p>
   </div>
   <div class='ocr_carea' id='block_1_87' title="bbox 563 5244 2161 5320">
    <p class='ocr_par' dir='ltr' id='par_1_87' title="bbox 563 5244 2161 5320">
     <span class='ocr_line' id='line_1_87' title="bbox 563 5244 2161 5320; baseline 0.001 -16"><span class='ocrx_word' id='word_1_675' title='bbox 563 5246 728 5304; x_wconf 90' lang='lat' dir='ltr'>Israel</span> <span class='ocrx_word' id='word_1_676' title='bbox 773 5261 806 5301; x_wconf 88' lang='lat' dir='ltr'>a</span> <span class='ocrx_word' id='word_1_677' title='bbox 850 5244 1116 5302; x_wconf 86' lang='lat' dir='ltr'>servitute</span> <span class='ocrx_word' id='word_1_678' title='bbox 1170 5247 1434 5320; x_wconf 65' lang='lat' dir='ltr'>JEgypti:</span> <span class='ocrx_word' id='word_1_679' title='bbox 1491 5249 1567 5305; x_wconf 88' lang='lat' dir='ltr'>ita</span> <span class='ocrx_word' id='word_1_680' title='bbox 1621 5249 1681 5305; x_wconf 91' lang='lat' dir='ltr'>in</span> <span class='ocrx_word' id='word_1_681' title='bbox 1740 5247 2161 5316; x_wconf 89' lang='lat' dir='ltr'>resurrectione,</span> 
     </span>
    </p>
   </div>
   <div class='ocr_carea' id='block_1_88' title="bbox 568 5335 2161 5410">
    <p class='ocr_par' dir='ltr' id='par_1_88' title="bbox 568 5335 2161 5410">
     <span class='ocr_line' id='line_1_88' title="bbox 568 5335 2161 5410; baseline 0 -18"><span class='ocrx_word' id='word_1_682' title='bbox 568 5353 689 5409; x_wconf 74' lang='lat' dir='ltr'>quze</span> <span class='ocrx_word' id='word_1_683' title='bbox 720 5351 815 5408; x_wconf 91' lang='lat' dir='ltr'>per</span> <span class='ocrx_word' id='word_1_684' title='bbox 851 5341 1100 5391; x_wconf 89' lang='lat' dir='ltr'>octavam</span> <span class='ocrx_word' id='word_1_685' title='bbox 1146 5336 1494 5410; x_wconf 89' lang='lat' dir='ltr'>intelligitur,</span> <span class='ocrx_word' id='word_1_686' title='bbox 1527 5338 1815 5395; x_wconf 88' lang='lat' dir='ltr'>veniemus</span> <span class='ocrx_word' id='word_1_687' title='bbox 1840 5336 1911 5394; x_wconf 88' lang='lat' dir='ltr'>ad</span> <span class='ocrx_word' id='word_1_688' title='bbox 1938 5335 2161 5406; x_wconf 90' lang='lat' dir='ltr'>rubum,</span> 
     </span>
    </p>
   </div>
   <div class='ocr_carea' id='block_1_89' title="bbox 569 5423 2165 5497">
    <p class='ocr_par' dir='ltr' id='par_1_89' title="bbox 569 5423 2165 5497">
     <span class='ocr_line' id='line_1_89' title="bbox 569 5423 2165 5497; baseline 0.001 -17"><span class='ocrx_word' id='word_1_689' title='bbox 569 5424 628 5480; x_wconf 91' lang='lat' dir='ltr'>in</span> <span class='ocrx_word' id='word_1_690' title='bbox 684 5440 793 5496; x_wconf 91' lang='lat' dir='ltr'>quo</span> <span class='ocrx_word' id='word_1_691' title='bbox 848 5431 1038 5497; x_wconf 87' lang='lat' dir='ltr'>agetur</span> <span class='ocrx_word' id='word_1_692' title='bbox 1085 5424 1153 5482; x_wconf 92' lang='lat' dir='ltr'>de</span> <span class='ocrx_word' id='word_1_693' title='bbox 1201 5425 1526 5484; x_wconf 88' lang='lat' dir='ltr'>liberatione</span> <span class='ocrx_word' id='word_1_694' title='bbox 1583 5434 1771 5485; x_wconf 90' lang='lat' dir='ltr'>nostra</span> <span class='ocrx_word' id='word_1_695' title='bbox 1820 5442 1852 5482; x_wconf 90' lang='lat' dir='ltr'>a</span> <span class='ocrx_word' id='word_1_696' title='bbox 1900 5423 2165 5482; x_wconf 87' lang='lat' dir='ltr'>servitute</span> 
     </span>
    </p>
   </div>
   <div class='ocr_carea' id='block_1_90' title="bbox 571 5513 2167 5590">
    <p class='ocr_par' dir='ltr' id='par_1_90' title="bbox 571 5513 2167 5590">
     <span class='ocr_line' id='line_1_90' title="bbox 571 5513 2167 5590; baseline 0.003 -22"><span class='ocrx_word' id='word_1_697' title='bbox 571 5513 976 5586; x_wconf 88' lang='lat' dir='ltr'>corruptionis:</span> <span class='ocrx_word' id='word_1_698' title='bbox 1051 5531 1215 5589; x_wconf 90' lang='lat' dir='ltr'>quam</span> <span class='ocrx_word' id='word_1_699' title='bbox 1288 5524 1665 5590; x_wconf 84' lang='lat' dir='ltr'>expectamus,</span> <span class='ocrx_word' id='word_1_700' title='bbox 1736 5524 1800 5573; x_wconf 92' lang='lat' dir='ltr'>ut</span> <span class='ocrx_word' id='word_1_701' title='bbox 1867 5515 2167 5587; x_wconf 78' lang='lat' dir='ltr'>Apostolus</span> 
     </span>
    </p>
   </div>
   <div class='ocr_carea' id='block_1_91' title="bbox 571 5601 2166 5680">
    <p class='ocr_par' dir='ltr' id='par_1_91' title="bbox 571 5601 2166 5680">
     <span class='ocr_line' id='line_1_91' title="bbox 571 5601 2166 5680; baseline 0.002 -23"><span class='ocrx_word' id='word_1_702' title='bbox 571 5601 710 5659; x_wconf 89' lang='lat' dir='ltr'>dicit</span> <span class='ocrx_word' id='word_1_703' title='bbox 732 5620 745 5659; x_wconf 94' lang='lat'>:</span> <span class='ocrx_word' id='word_1_704' title='bbox 793 5626 812 5650; x_wconf 77' lang='grc' dir='ltr'>ι</span> <span class='ocrx_word' id='word_1_705' title='bbox 827 5605 899 5660; x_wconf 87' lang='lat' dir='ltr'>Et</span> <span class='ocrx_word' id='word_1_706' title='bbox 918 5604 1022 5677; x_wconf 90' lang='lat' dir='ltr'>ipsi</span> <span class='ocrx_word' id='word_1_707' title='bbox 1050 5605 1196 5663; x_wconf 90' lang='lat' dir='ltr'>intra</span> <span class='ocrx_word' id='word_1_708' title='bbox 1216 5623 1317 5664; x_wconf 89' lang='lat' dir='ltr'>nos</span> <span class='ocrx_word' id='word_1_709' title='bbox 1337 5605 1626 5680; x_wconf 84' lang='lat' dir='ltr'>gemimus,</span> <span class='ocrx_word' id='word_1_710' title='bbox 1651 5604 2005 5679; x_wconf 85' lang='lat' dir='ltr'>adoptionem</span> <span class='ocrx_word' id='word_1_711' title='bbox 2025 5603 2166 5660; x_wconf 91' lang='lat' dir='ltr'>ﬁlio-</span> 
     </span>
    </p>
   </div>
   <div class='ocr_carea' id='block_1_92' title="bbox 572 5690 2163 5768">
    <p class='ocr_par' dir='ltr' id='par_1_92' title="bbox 572 5690 2163 5768">
     <span class='ocr_line' id='line_1_92' title="bbox 572 5690 2163 5768; baseline 0.001 -21"><span class='ocrx_word' id='word_1_712' title='bbox 572 5708 695 5748; x_wconf 86' lang='lat' dir='ltr'>rum</span> <span class='ocrx_word' id='word_1_713' title='bbox 725 5700 1099 5767; x_wconf 82' lang='lat' dir='ltr'>exspectantes</span> <span class='ocrx_word' id='word_1_714' title='bbox 1119 5693 1495 5768; x_wconf 89' lang='lat' dir='ltr'>redemptione</span> <span class='ocrx_word' id='word_1_715' title='bbox 1514 5693 1760 5764; x_wconf 87' lang='lat' dir='ltr'>corporis</span> <span class='ocrx_word' id='word_1_716' title='bbox 1784 5690 1959 5748; x_wconf 90' lang='lat' dir='ltr'>nostri</span> <span class='ocrx_word' id='word_1_717' title='bbox 1989 5692 2163 5763; x_wconf 87' lang='lat' dir='ltr'>(Rom.</span> 
     </span>
    </p>
   </div>
   <div class='ocr_carea' id='block_1_93' title="bbox 2260 3235 3862 3316">
    <p class='ocr_par' dir='ltr' id='par_1_93' title="bbox 2260 3235 3862 3316">
     <span class='ocr_line' id='line_1_93' title="bbox 2260 3235 3862 3316; baseline -0.007 -15"><span class='ocrx_word' id='word_1_718' title='bbox 2260 3245 2511 3303; x_wconf 89' lang='lat' dir='ltr'>ordinem</span> <span class='ocrx_word' id='word_1_719' title='bbox 2541 3242 2909 3316; x_wconf 89' lang='lat' dir='ltr'>profectuum.</span> <span class='ocrx_word' id='word_1_720' title='bbox 2940 3237 3071 3295; x_wconf 90' lang='lat' dir='ltr'>Filii</span> <span class='ocrx_word' id='word_1_721' title='bbox 3101 3236 3267 3295; x_wconf 90' lang='lat' dir='ltr'>Israel</span> <span class='ocrx_word' id='word_1_722' title='bbox 3298 3235 3366 3293; x_wconf 92' lang='lat' dir='ltr'>de</span> <span class='ocrx_word' id='word_1_723' title='bbox 3394 3243 3590 3293; x_wconf 89' lang='lat' dir='ltr'>octava</span> <span class='ocrx_word' id='word_1_724' title='bbox 3619 3236 3862 3292; x_wconf 84' lang='lat' dir='ltr'>mansio-</span> 
     </span>
    </p>
   </div>
   <div class='ocr_carea' id='block_1_94' title="bbox 2260 3325 3864 3409">
    <p class='ocr_par' dir='ltr' id='par_1_94' title="bbox 2260 3325 3864 3409">
     <span class='ocr_line' id='line_1_94' title="bbox 2260 3325 3864 3409; baseline -0.007 -19"><span class='ocrx_word' id='word_1_725' title='bbox 2260 3351 2329 3391; x_wconf 91' lang='lat' dir='ltr'>ne</span> <span class='ocrx_word' id='word_1_726' title='bbox 2375 3340 2743 3409; x_wconf 89' lang='lat' dir='ltr'>assequuntur</span> <span class='ocrx_word' id='word_1_727' title='bbox 2787 3329 3089 3405; x_wconf 89' lang='lat' dir='ltr'>Dephcha:</span> <span class='ocrx_word' id='word_1_728' title='bbox 3141 3335 3195 3384; x_wconf 91' lang='lat' dir='ltr'>et</span> <span class='ocrx_word' id='word_1_729' title='bbox 3244 3343 3344 3385; x_wconf 92' lang='lat' dir='ltr'>nos</span> <span class='ocrx_word' id='word_1_730' title='bbox 3393 3342 3426 3381; x_wconf 92' lang='lat' dir='ltr'>a</span> <span class='ocrx_word' id='word_1_731' title='bbox 3454 3325 3864 3381; x_wconf 85' lang='lat' dir='ltr'>resurrectione</span> 
     </span>
    </p>
   </div>
   <div class='ocr_carea' id='block_1_95' title="bbox 2260 3413 3865 3498">
    <p class='ocr_par' dir='ltr' id='par_1_95' title="bbox 2260 3413 3865 3498">
     <span class='ocr_line' id='line_1_95' title="bbox 2260 3413 3865 3498; baseline -0.008 -18"><span class='ocrx_word' id='word_1_732' title='bbox 2260 3423 2563 3498; x_wconf 86' lang='lat' dir='ltr'>perfectam</span> <span class='ocrx_word' id='word_1_733' title='bbox 2594 3423 2794 3480; x_wconf 66' lang='lat' dir='ltr'>animae</span> <span class='ocrx_word' id='word_1_734' title='bbox 2821 3429 2876 3478; x_wconf 92' lang='lat' dir='ltr'>et</span> <span class='ocrx_word' id='word_1_735' title='bbox 2902 3417 3152 3493; x_wconf 83' lang='lat' dir='ltr'>corporis</span> <span class='ocrx_word' id='word_1_736' title='bbox 3172 3414 3529 3489; x_wconf 90' lang='lat' dir='ltr'>adipiscimur</span> <span class='ocrx_word' id='word_1_737' title='bbox 3547 3413 3865 3478; x_wconf 87' lang='lat' dir='ltr'>sanitatem,</span> 
     </span>
    </p>
   </div>
   <div class='ocr_carea' id='block_1_96' title="bbox 2261 3507 3863 3584">
    <p class='ocr_par' dir='ltr' id='par_1_96' title="bbox 2261 3507 3863 3584">
     <span class='ocr_line' id='line_1_96' title="bbox 2261 3507 3863 3584; baseline -0.007 -13"><span class='ocrx_word' id='word_1_738' title='bbox 2261 3523 2317 3570; x_wconf 85' lang='lat' dir='ltr'>at</span> <span class='ocrx_word' id='word_1_739' title='bbox 2387 3516 2625 3570; x_wconf 85' lang='lat' dir='ltr'>Joannes</span> <span class='ocrx_word' id='word_1_740' title='bbox 2705 3512 2986 3584; x_wconf 89' lang='lat' dir='ltr'>apostolus</span> <span class='ocrx_word' id='word_1_741' title='bbox 3066 3510 3125 3566; x_wconf 90' lang='lat' dir='ltr'>in</span> <span class='ocrx_word' id='word_1_742' title='bbox 3206 3507 3537 3581; x_wconf 85' lang='lat' dir='ltr'>Apocalypsi</span> <span class='ocrx_word' id='word_1_743' title='bbox 3604 3512 3863 3571; x_wconf 88' lang='lat' dir='ltr'>testatur,</span> 
     </span>
    </p>
   </div>
   <div class='ocr_carea' id='block_1_97' title="bbox 2261 3593 3866 3672">
    <p class='ocr_par' dir='ltr' id='par_1_97' title="bbox 2261 3593 3866 3672">
     <span class='ocr_line' id='line_1_97' title="bbox 2261 3593 3866 3672; baseline -0.006 -14"><span class='ocrx_word' id='word_1_744' title='bbox 2261 3602 2451 3659; x_wconf 87' lang='lat' dir='ltr'>dicens</span> <span class='ocrx_word' id='word_1_745' title='bbox 2480 3621 2492 3659; x_wconf 92' lang='lat'>:</span> <span class='ocrx_word' id='word_1_746' title='bbox 2556 3625 2575 3651; x_wconf 74' lang='grc' dir='ltr'><strong>σ</strong></span> <span class='ocrx_word' id='word_1_747' title='bbox 2606 3602 2677 3658; x_wconf 91' lang='lat' dir='ltr'>Et</span> <span class='ocrx_word' id='word_1_748' title='bbox 2722 3602 2993 3672; x_wconf 86' lang='lat' dir='ltr'>absterget</span> <span class='ocrx_word' id='word_1_749' title='bbox 3021 3601 3167 3655; x_wconf 92' lang='lat' dir='ltr'>Deus</span> <span class='ocrx_word' id='word_1_750' title='bbox 3197 3613 3415 3653; x_wconf 92' lang='lat' dir='ltr'>omnem</span> <span class='ocrx_word' id='word_1_751' title='bbox 3462 3596 3771 3667; x_wconf 86' lang='lat' dir='ltr'>lacrymam</span> <span class='ocrx_word' id='word_1_752' title='bbox 3803 3593 3866 3649; x_wconf 90' lang='lat' dir='ltr'>ab</span> 
     </span>
    </p>
   </div>
   <div class='ocr_carea' id='block_1_98' title="bbox 2262 3683 3865 3758">
    <p class='ocr_par' dir='ltr' id='par_1_98' title="bbox 2262 3683 3865 3758">
     <span class='ocr_line' id='line_1_98' title="bbox 2262 3683 3865 3758; baseline -0.007 -9"><span class='ocrx_word' id='word_1_753' title='bbox 2262 3691 2443 3749; x_wconf 91' lang='lat' dir='ltr'>oculis</span> <span class='ocrx_word' id='word_1_754' title='bbox 2472 3707 2687 3758; x_wconf 91' lang='lat' dir='ltr'>eorum,</span> <span class='ocrx_word' id='word_1_755' title='bbox 2720 3697 2774 3746; x_wconf 88' lang='lat' dir='ltr'>et</span> <span class='ocrx_word' id='word_1_756' title='bbox 2805 3705 2955 3745; x_wconf 88' lang='lat' dir='ltr'>mors</span> <span class='ocrx_word' id='word_1_757' title='bbox 2980 3688 3129 3743; x_wconf 90' lang='lat' dir='ltr'>ultra</span> <span class='ocrx_word' id='word_1_758' title='bbox 3156 3701 3267 3741; x_wconf 91' lang='lat' dir='ltr'>non</span> <span class='ocrx_word' id='word_1_759' title='bbox 3296 3685 3422 3752; x_wconf 89' lang='lat' dir='ltr'>erit,</span> <span class='ocrx_word' id='word_1_760' title='bbox 3454 3699 3632 3756; x_wconf 89' lang='lat' dir='ltr'>neque</span> <span class='ocrx_word' id='word_1_761' title='bbox 3656 3683 3865 3749; x_wconf 89' lang='lat' dir='ltr'>luctus,</span> 
     </span>
    </p>
   </div>
   <div class='ocr_carea' id='block_1_99' title="bbox 2262 3771 3866 3854">
    <p class='ocr_par' dir='ltr' id='par_1_99' title="bbox 2262 3771 3866 3854">
     <span class='ocr_line' id='line_1_99' title="bbox 2262 3771 3866 3854; baseline -0.007 -16"><span class='ocrx_word' id='word_1_762' title='bbox 2262 3796 2437 3854; x_wconf 90' lang='lat' dir='ltr'>neque</span> <span class='ocrx_word' id='word_1_763' title='bbox 2469 3780 2699 3846; x_wconf 88' lang='lat' dir='ltr'>clamor,</span> <span class='ocrx_word' id='word_1_764' title='bbox 2748 3793 2927 3851; x_wconf 91' lang='lat' dir='ltr'>neque</span> <span class='ocrx_word' id='word_1_765' title='bbox 2968 3774 3127 3831; x_wconf 92' lang='lat' dir='ltr'>dolor</span> <span class='ocrx_word' id='word_1_766' title='bbox 3171 3771 3276 3829; x_wconf 91' lang='lat' dir='ltr'>erit</span> <span class='ocrx_word' id='word_1_767' title='bbox 3322 3774 3467 3829; x_wconf 90' lang='lat' dir='ltr'>ultra</span> <span class='ocrx_word' id='word_1_768' title='bbox 3508 3771 3697 3846; x_wconf 72' lang='lat' dir='ltr'>(Apoc.</span> <span class='ocrx_word' id='word_1_769' title='bbox 3749 3789 3866 3837; x_wconf 82' lang='grc' dir='ltr'><strong>χχι,</strong></span> 
     </span>
    </p>
   </div>
   <div class='ocr_carea' id='block_1_100' title="bbox 2262 3862 3865 3943">
    <p class='ocr_par' dir='ltr' id='par_1_100' title="bbox 2262 3862 3865 3943">
     <span class='ocr_line' id='line_1_100' title="bbox 2262 3862 3865 3943; baseline -0.007 -17"><span class='ocrx_word' id='word_1_770' title='bbox 2262 3869 2342 3943; x_wconf 84' lang='grc'>4).</span> <span class='ocrx_word' id='word_1_771' title='bbox 2388 3868 2492 3926; x_wconf 90' lang='lat' dir='ltr'>Sed</span> <span class='ocrx_word' id='word_1_772' title='bbox 2516 3868 2646 3942; x_wconf 91' lang='lat' dir='ltr'>quia</span> <span class='ocrx_word' id='word_1_773' title='bbox 2668 3867 2865 3923; x_wconf 65' lang='lat' dir='ltr'>anime</span> <span class='ocrx_word' id='word_1_774' title='bbox 2897 3866 3128 3938; x_wconf 88' lang='lat' dir='ltr'>languor</span> <span class='ocrx_word' id='word_1_775' title='bbox 3146 3872 3428 3937; x_wconf 90' lang='lat' dir='ltr'>peccatum</span> <span class='ocrx_word' id='word_1_776' title='bbox 3452 3870 3533 3920; x_wconf 88' lang='lat' dir='ltr'>est</span> <span class='ocrx_word' id='word_1_777' title='bbox 3552 3862 3700 3919; x_wconf 90' lang='lat' dir='ltr'>unde</span> <span class='ocrx_word' id='word_1_778' title='bbox 3720 3862 3865 3918; x_wconf 84' lang='lat' dir='ltr'>dixit</span> 
     </span>
    </p>
   </div>
   <div class='ocr_carea' id='block_1_101' title="bbox 2263 3947 3899 4033">
    <p class='ocr_par' dir='ltr' id='par_1_101' title="bbox 2263 3947 3899 4033">
     <span class='ocr_line' id='line_1_101' title="bbox 2263 3947 3899 4033; baseline -0.008 -17"><span class='ocrx_word' id='word_1_779' title='bbox 2263 3958 2577 4033; x_wconf 90' lang='lat' dir='ltr'>Propheta:</span> <span class='ocrx_word' id='word_1_780' title='bbox 2644 3980 2663 4003; x_wconf 74' lang='grc' dir='ltr'>ι</span> <span class='ocrx_word' id='word_1_781' title='bbox 2713 3956 2857 4012; x_wconf 85' lang='lat' dir='ltr'>Sana</span> <span class='ocrx_word' id='word_1_782' title='bbox 2908 3954 3149 4011; x_wconf 90' lang='lat' dir='ltr'>animam</span> <span class='ocrx_word' id='word_1_783' title='bbox 3206 3968 3405 4019; x_wconf 91' lang='lat' dir='ltr'>meam,</span> <span class='ocrx_word' id='word_1_784' title='bbox 3461 3949 3590 4025; x_wconf 89' lang='lat' dir='ltr'>quia</span> <span class='ocrx_word' id='word_1_785' title='bbox 3641 3947 3899 4029; x_wconf 63' lang='lat' dir='ltr'>peccavi}</span> 
     </span>
    </p>
   </div>
   <div class='ocr_carea' id='block_1_102' title="bbox 2263 4038 3899 4119">
    <p class='ocr_par' dir='ltr' id='par_1_102' title="bbox 2263 4038 3899 4119">
     <span class='ocr_line' id='line_1_102' title="bbox 2263 4038 3899 4119; baseline -0.007 -14"><span class='ocrx_word' id='word_1_786' title='bbox 2263 4046 2366 4105; x_wconf 93' lang='lat' dir='ltr'>tibi</span> <span class='ocrx_word' id='word_1_787' title='bbox 2427 4048 2601 4119; x_wconf 86' lang='lat' dir='ltr'>(Psal.</span> <span class='ocrx_word' id='word_1_788' title='bbox 2658 4062 2753 4113; x_wconf 78' lang='grc' dir='ltr'><strong>χι,</strong></span> <span class='ocrx_word' id='word_1_789' title='bbox 2822 4044 2881 4115; x_wconf 82' lang='lat'>5)</span> <span class='ocrx_word' id='word_1_790' title='bbox 2934 4054 2948 4100; x_wconf 86' lang='lat'>:</span> <span class='ocrx_word' id='word_1_791' title='bbox 3009 4068 3028 4093; x_wconf 74' lang='grc' dir='ltr'>ι</span> <span class='ocrx_word' id='word_1_792' title='bbox 3114 4042 3344 4115; x_wconf 89' lang='lat' dir='ltr'>languor</span> <span class='ocrx_word' id='word_1_793' title='bbox 3412 4038 3609 4096; x_wconf 63' lang='lat' dir='ltr'>animae</span> <span class='ocrx_word' id='word_1_794' title='bbox 3663 4048 3899 4119; x_wconf 43' lang='lat' dir='ltr'>nostra:1</span> 
     </span>
    </p>
   </div>
   <div class='ocr_carea' id='block_1_103' title="bbox 2264 4129 3868 4209">
    <p class='ocr_par' dir='ltr' id='par_1_103' title="bbox 2264 4129 3868 4209">
     <span class='ocr_line' id='line_1_103' title="bbox 2264 4129 3868 4209; baseline -0.007 -14"><span class='ocrx_word' id='word_1_795' title='bbox 2264 4137 2523 4209; x_wconf 64' lang='lat' dir='ltr'>superbia</span> <span class='ocrx_word' id='word_1_796' title='bbox 2564 4143 2665 4206; x_wconf 89' lang='lat' dir='ltr'>est,</span> <span class='ocrx_word' id='word_1_797' title='bbox 2709 4136 2791 4193; x_wconf 91' lang='lat' dir='ltr'>ira</span> <span class='ocrx_word' id='word_1_798' title='bbox 2820 4142 2923 4204; x_wconf 90' lang='lat' dir='ltr'>est,</span> <span class='ocrx_word' id='word_1_799' title='bbox 2972 4132 3206 4190; x_wconf 88' lang='lat' dir='ltr'>avaritia</span> <span class='ocrx_word' id='word_1_800' title='bbox 3236 4140 3353 4188; x_wconf 91' lang='lat' dir='ltr'>est:</span> <span class='ocrx_word' id='word_1_801' title='bbox 3400 4129 3524 4187; x_wconf 89' lang='lat' dir='ltr'>ideo</span> <span class='ocrx_word' id='word_1_802' title='bbox 3554 4129 3868 4204; x_wconf 88' lang='lat' dir='ltr'>unusquis-</span> 
     </span>
    </p>
   </div>
   <div class='ocr_carea' id='block_1_104' title="bbox 2265 4215 3869 4299">
    <p class='ocr_par' dir='ltr' id='par_1_104' title="bbox 2265 4215 3869 4299">
     <span class='ocr_line' id='line_1_104' title="bbox 2265 4215 3869 4299; baseline -0.007 -19"><span class='ocrx_word' id='word_1_803' title='bbox 2265 4242 2368 4299; x_wconf 90' lang='lat' dir='ltr'>que</span> <span class='ocrx_word' id='word_1_804' title='bbox 2415 4233 2665 4282; x_wconf 88' lang='lat' dir='ltr'>nostrum</span> <span class='ocrx_word' id='word_1_805' title='bbox 2710 4222 2894 4281; x_wconf 88' lang='lat' dir='ltr'>cordis</span> <span class='ocrx_word' id='word_1_806' title='bbox 2922 4229 2976 4278; x_wconf 90' lang='lat' dir='ltr'>et</span> <span class='ocrx_word' id='word_1_807' title='bbox 3016 4220 3262 4295; x_wconf 90' lang='lat' dir='ltr'>corporis</span> <span class='ocrx_word' id='word_1_808' title='bbox 3292 4234 3463 4291; x_wconf 88' lang='lat' dir='ltr'>genua</span> <span class='ocrx_word' id='word_1_809' title='bbox 3493 4215 3723 4273; x_wconf 88' lang='lat' dir='ltr'>ﬂectens</span> <span class='ocrx_word' id='word_1_810' title='bbox 3755 4222 3869 4273; x_wconf 86' lang='lat' dir='ltr'>oret</span> 
     </span>
    </p>
   </div>
   <div class='ocr_carea' id='block_1_105' title="bbox 2264 4306 3867 4379">
    <p class='ocr_par' dir='ltr' id='par_1_105' title="bbox 2264 4306 3867 4379">
     <span class='ocr_line' id='line_1_105' title="bbox 2264 4306 3867 4379; baseline -0.009 -7"><span class='ocrx_word' id='word_1_811' title='bbox 2264 4315 2563 4373; x_wconf 88' lang='lat' dir='ltr'>Dominum</span> <span class='ocrx_word' id='word_1_812' title='bbox 2622 4321 2872 4371; x_wconf 90' lang='lat' dir='ltr'>nostrum</span> <span class='ocrx_word' id='word_1_813' title='bbox 2927 4312 3112 4369; x_wconf 88' lang='lat' dir='ltr'>Jesum</span> <span class='ocrx_word' id='word_1_814' title='bbox 3169 4307 3477 4372; x_wconf 88' lang='lat' dir='ltr'>Christum,</span> <span class='ocrx_word' id='word_1_815' title='bbox 3553 4306 3648 4379; x_wconf 92' lang='lat' dir='ltr'>qui</span> <span class='ocrx_word' id='word_1_816' title='bbox 3710 4311 3867 4363; x_wconf 85' lang='lat' dir='ltr'>sanat</span> 
     </span>
    </p>
   </div>
   <div class='ocr_carea' id='block_1_106' title="bbox 2266 4396 3865 4471">
    <p class='ocr_par' dir='ltr' id='par_1_106' title="bbox 2266 4396 3865 4471">
     <span class='ocr_line' id='line_1_106' title="bbox 2266 4396 3865 4471; baseline -0.01 -7"><span class='ocrx_word' id='word_1_817' title='bbox 2266 4424 2456 4465; x_wconf 91' lang='lat' dir='ltr'>omnes</span> <span class='ocrx_word' id='word_1_818' title='bbox 2481 4406 2832 4463; x_wconf 88' lang='lat' dir='ltr'>inﬁrmitates</span> <span class='ocrx_word' id='word_1_819' title='bbox 2859 4412 3076 4461; x_wconf 88' lang='lat' dir='ltr'>nostras</span> <span class='ocrx_word' id='word_1_820' title='bbox 3101 4420 3112 4458; x_wconf 91' lang='lat'>:</span> <span class='ocrx_word' id='word_1_821' title='bbox 3146 4410 3199 4458; x_wconf 91' lang='lat' dir='ltr'>et</span> <span class='ocrx_word' id='word_1_822' title='bbox 3226 4417 3352 4457; x_wconf 90' lang='lat' dir='ltr'>cum</span> <span class='ocrx_word' id='word_1_823' title='bbox 3380 4397 3645 4471; x_wconf 89' lang='lat' dir='ltr'>propheta</span> <span class='ocrx_word' id='word_1_824' title='bbox 3673 4396 3865 4455; x_wconf 87' lang='lat' dir='ltr'>dicat:</span> 
     </span>
    </p>
   </div>
   <div class='ocr_carea' id='block_1_107' title="bbox 2282 4476 3899 4565">
    <p class='ocr_par' dir='ltr' id='par_1_107' title="bbox 2282 4476 3899 4565">
     <span class='ocr_line' id='line_1_107' title="bbox 2282 4476 3899 4565; baseline -0.009 -10"><span class='ocrx_word' id='word_1_825' title='bbox 2282 4523 2300 4544; x_wconf 74' lang='grc' dir='ltr'>ι</span> <span class='ocrx_word' id='word_1_826' title='bbox 2331 4497 2473 4555; x_wconf 90' lang='lat' dir='ltr'>Sana</span> <span class='ocrx_word' id='word_1_827' title='bbox 2500 4513 2607 4565; x_wconf 91' lang='lat' dir='ltr'>me,</span> <span class='ocrx_word' id='word_1_828' title='bbox 2640 4496 2897 4560; x_wconf 89' lang='lat' dir='ltr'>Domine,</span> <span class='ocrx_word' id='word_1_829' title='bbox 2928 4502 2983 4550; x_wconf 91' lang='lat' dir='ltr'>et</span> <span class='ocrx_word' id='word_1_830' title='bbox 3025 4492 3295 4558; x_wconf 87' lang='lat' dir='ltr'>sanabor;</span> <span class='ocrx_word' id='word_1_831' title='bbox 3328 4490 3478 4546; x_wconf 89' lang='lat' dir='ltr'>salva</span> <span class='ocrx_word' id='word_1_832' title='bbox 3509 4502 3614 4553; x_wconf 91' lang='lat' dir='ltr'>me,</span> <span class='ocrx_word' id='word_1_833' title='bbox 3663 4492 3719 4542; x_wconf 85' lang='lat' dir='ltr'>et</span> <span class='ocrx_word' id='word_1_834' title='bbox 3772 4485 3867 4543; x_wconf 84' lang='lat' dir='ltr'>sal-</span> <span class='ocrx_word' id='word_1_835' title='bbox 3898 4476 3899 4487; x_wconf 55' lang='grc'><em>“</em></span> 
     </span>
    </p>
   </div>
   <div class='ocr_carea' id='block_1_108' title="bbox 2270 4574 3864 4657">
    <p class='ocr_par' dir='ltr' id='par_1_108' title="bbox 2270 4574 3864 4657">
     <span class='ocr_line' id='line_1_108' title="bbox 2270 4574 3864 4657; baseline -0.009 -14"><span class='ocrx_word' id='word_1_836' title='bbox 2270 4587 2443 4643; x_wconf 90' lang='lat' dir='ltr'>vabor</span> <span class='ocrx_word' id='word_1_837' title='bbox 2491 4586 2707 4657; x_wconf 80' lang='lat' dir='ltr'>(Jerem.</span> <span class='ocrx_word' id='word_1_838' title='bbox 2760 4600 2904 4651; x_wconf 84' lang='lat' dir='ltr'>xvn,</span> <span class='ocrx_word' id='word_1_839' title='bbox 2958 4580 3071 4651; x_wconf 89' lang='grc'>14).</span> <span class='ocrx_word' id='word_1_840' title='bbox 3107 4604 3126 4629; x_wconf 71' lang='grc' dir='ltr'>ι</span> <span class='ocrx_word' id='word_1_841' title='bbox 3188 4578 3335 4634; x_wconf 91' lang='lat' dir='ltr'>dicat</span> <span class='ocrx_word' id='word_1_842' title='bbox 3385 4586 3439 4634; x_wconf 93' lang='lat' dir='ltr'>et</span> <span class='ocrx_word' id='word_1_843' title='bbox 3479 4592 3606 4633; x_wconf 92' lang='lat' dir='ltr'>cum</span> <span class='ocrx_word' id='word_1_844' title='bbox 3641 4574 3864 4633; x_wconf 85' lang='lat' dir='ltr'>David:</span> 
     </span>
    </p>
   </div>
   <div class='ocr_carea' id='block_1_109' title="bbox 2281 4665 3868 4744">
    <p class='ocr_par' dir='ltr' id='par_1_109' title="bbox 2281 4665 3868 4744">
     <span class='ocr_line' id='line_1_109' title="bbox 2281 4665 3868 4744; baseline -0.008 -10"><span class='ocrx_word' id='word_1_845' title='bbox 2281 4700 2301 4724; x_wconf 82' lang='grc' dir='ltr'>ι</span> <span class='ocrx_word' id='word_1_846' title='bbox 2332 4678 2475 4734; x_wconf 89' lang='lat' dir='ltr'>Sana</span> <span class='ocrx_word' id='word_1_847' title='bbox 2502 4690 2612 4744; x_wconf 89' lang='lat' dir='ltr'>me,</span> <span class='ocrx_word' id='word_1_848' title='bbox 2641 4671 2896 4738; x_wconf 88' lang='lat' dir='ltr'>Domine,</span> <span class='ocrx_word' id='word_1_849' title='bbox 2930 4667 3192 4742; x_wconf 88' lang='lat' dir='ltr'>quoniam</span> <span class='ocrx_word' id='word_1_850' title='bbox 3223 4665 3545 4725; x_wconf 88' lang='lat' dir='ltr'>conturbata</span> <span class='ocrx_word' id='word_1_851' title='bbox 3575 4670 3705 4720; x_wconf 90' lang='lat' dir='ltr'>sunt</span> <span class='ocrx_word' id='word_1_852' title='bbox 3740 4681 3868 4722; x_wconf 86' lang='lat' dir='ltr'>om—</span> 
     </span>
    </p>
   </div>
   <div class='ocr_carea' id='block_1_110' title="bbox 2268 4758 3137 4834">
    <p class='ocr_par' dir='ltr' id='par_1_110' title="bbox 2268 4758 3137 4834">
     <span class='ocr_line' id='line_1_110' title="bbox 2268 4758 3137 4834; baseline -0.009 -12"><span class='ocrx_word' id='word_1_853' title='bbox 2268 4766 2361 4822; x_wconf 87' lang='lat' dir='ltr'>nia</span> <span class='ocrx_word' id='word_1_854' title='bbox 2390 4781 2512 4821; x_wconf 89' lang='lat' dir='ltr'>ossa</span> <span class='ocrx_word' id='word_1_855' title='bbox 2540 4780 2662 4819; x_wconf 89' lang='lat' dir='ltr'>mea</span> <span class='ocrx_word' id='word_1_856' title='bbox 2695 4761 2867 4834; x_wconf 81' lang='lat' dir='ltr'>(Psal.</span> <span class='ocrx_word' id='word_1_857' title='bbox 2903 4776 2980 4828; x_wconf 79' lang='lat' dir='ltr'>vr,</span> <span class='ocrx_word' id='word_1_858' title='bbox 3008 4758 3089 4831; x_wconf 88' lang='lat'>3).</span> <span class='ocrx_word' id='word_1_859' title='bbox 3118 4781 3137 4807; x_wconf 77' lang='grc' dir='ltr'>ι</span> 
     </span>
    </p>
   </div>
   <div class='ocr_carea' id='block_1_111' title="bbox 2340 4870 3865 4948">
    <p class='ocr_par' dir='ltr' id='par_1_111' title="bbox 2340 4870 3865 4948">
     <span class='ocr_line' id='line_1_111' title="bbox 2340 4870 3865 4948; baseline -0.01 -10"><span class='ocrx_word' id='word_1_860' title='bbox 2340 4881 2418 4938; x_wconf 85' lang='grc' dir='ltr'>Χ·</span> <span class='ocrx_word' id='word_1_861' title='bbox 2447 4878 2674 4948; x_wconf 80' lang='lat' dir='ltr'>mansio,</span> <span class='ocrx_word' id='word_1_862' title='bbox 2704 4878 2910 4935; x_wconf 78' lang='lat' dir='ltr'><strong>HALUS.</strong></span> <span class='ocrx_word' id='word_1_863' title='bbox 2942 4906 3008 4918; x_wconf 93' lang='lat'><strong>-</strong></span> <span class='ocrx_word' id='word_1_864' title='bbox 3038 4873 3267 4933; x_wconf 87' lang='lat' dir='ltr'>Decima</span> <span class='ocrx_word' id='word_1_865' title='bbox 3298 4870 3510 4929; x_wconf 88' lang='lat' dir='ltr'>mansio</span> <span class='ocrx_word' id='word_1_866' title='bbox 3540 4870 3713 4928; x_wconf 86' lang='lat' dir='ltr'>Halus</span> <span class='ocrx_word' id='word_1_867' title='bbox 3747 4878 3865 4929; x_wconf 87' lang='lat' dir='ltr'>est:</span> 
     </span>
    </p>
   </div>
   <div class='ocr_carea' id='block_1_112' title="bbox 2268 4960 3869 5043">
    <p class='ocr_par' dir='ltr' id='par_1_112' title="bbox 2268 4960 3869 5043">
     <span class='ocr_line' id='line_1_112' title="bbox 2268 4960 3869 5043; baseline -0.009 -15"><span class='ocrx_word' id='word_1_868' title='bbox 2268 4970 2337 5028; x_wconf 89' lang='lat' dir='ltr'>ad</span> <span class='ocrx_word' id='word_1_869' title='bbox 2366 4984 2529 5043; x_wconf 87' lang='lat' dir='ltr'>quam</span> <span class='ocrx_word' id='word_1_870' title='bbox 2577 4983 2611 5024; x_wconf 85' lang='lat' dir='ltr'>a</span> <span class='ocrx_word' id='word_1_871' title='bbox 2654 4966 2918 5042; x_wconf 88' lang='lat' dir='ltr'>Dephcha</span> <span class='ocrx_word' id='word_1_872' title='bbox 2947 4965 3181 5040; x_wconf 82' lang='lat' dir='ltr'>profecti</span> <span class='ocrx_word' id='word_1_873' title='bbox 3210 4969 3340 5020; x_wconf 90' lang='lat' dir='ltr'>sunt</span> <span class='ocrx_word' id='word_1_874' title='bbox 3367 4960 3473 5018; x_wconf 89' lang='lat' dir='ltr'>ﬁlii</span> <span class='ocrx_word' id='word_1_875' title='bbox 3520 4960 3707 5042; x_wconf 78' lang='lat' dir='ltr'>Israel.</span> <span class='ocrx_word' id='word_1_876' title='bbox 3741 4960 3869 5019; x_wconf 87' lang='lat' dir='ltr'>Ideo</span> 
     </span>
    </p>
   </div>
   <div class='ocr_carea' id='block_1_113' title="bbox 2268 5050 3869 5133">
    <p class='ocr_par' dir='ltr' id='par_1_113' title="bbox 2268 5050 3869 5133">
     <span class='ocr_line' id='line_1_113' title="bbox 2268 5050 3869 5133; baseline -0.011 -15"><span class='ocrx_word' id='word_1_877' title='bbox 2268 5060 2440 5118; x_wconf 91' lang='lat' dir='ltr'>dicit:</span> <span class='ocrx_word' id='word_1_878' title='bbox 2486 5082 2505 5107; x_wconf 74' lang='grc' dir='ltr'>ι</span> <span class='ocrx_word' id='word_1_879' title='bbox 2533 5059 2606 5118; x_wconf 91' lang='lat' dir='ltr'>Et</span> <span class='ocrx_word' id='word_1_880' title='bbox 2632 5058 2868 5133; x_wconf 91' lang='lat' dir='ltr'>profecti</span> <span class='ocrx_word' id='word_1_881' title='bbox 2920 5056 2988 5113; x_wconf 93' lang='lat' dir='ltr'>de</span> <span class='ocrx_word' id='word_1_882' title='bbox 3029 5052 3313 5127; x_wconf 90' lang='lat' dir='ltr'>Dephcha,</span> <span class='ocrx_word' id='word_1_883' title='bbox 3342 5050 3713 5111; x_wconf 87' lang='lat' dir='ltr'>castrametati</span> <span class='ocrx_word' id='word_1_884' title='bbox 3744 5053 3869 5110; x_wconf 87' lang='lat' dir='ltr'>sunt</span> 
     </span>
    </p>
   </div>
   <div class='ocr_carea' id='block_1_114' title="bbox 2267 5141 3870 5223">
    <p class='ocr_par' dir='ltr' id='par_1_114' title="bbox 2267 5141 3870 5223">
     <span class='ocr_line' id='line_1_114' title="bbox 2267 5141 3870 5223; baseline -0.006 -16"><span class='ocrx_word' id='word_1_885' title='bbox 2267 5152 2329 5207; x_wconf 91' lang='lat' dir='ltr'>in</span> <span class='ocrx_word' id='word_1_886' title='bbox 2366 5150 2537 5208; x_wconf 87' lang='lat' dir='ltr'>Halus</span> <span class='ocrx_word' id='word_1_887' title='bbox 2586 5152 3011 5223; x_wconf 81' lang='lat' dir='ltr'>(Num.xxx1u,</span> <span class='ocrx_word' id='word_1_888' title='bbox 3062 5145 3174 5216; x_wconf 82' lang='lat' dir='ltr'>I3).</span> <span class='ocrx_word' id='word_1_889' title='bbox 3207 5168 3227 5193; x_wconf 77' lang='grc' dir='ltr'>ι</span> <span class='ocrx_word' id='word_1_890' title='bbox 3285 5143 3350 5200; x_wconf 93' lang='lat' dir='ltr'>In</span> <span class='ocrx_word' id='word_1_891' title='bbox 3395 5141 3592 5199; x_wconf 86' lang='lat' dir='ltr'>Exodo</span> <span class='ocrx_word' id='word_1_892' title='bbox 3640 5157 3746 5199; x_wconf 90' lang='lat' dir='ltr'>nec</span> <span class='ocrx_word' id='word_1_893' title='bbox 3775 5142 3870 5199; x_wconf 75' lang='lat' dir='ltr'>ista</span> 
     </span>
    </p>
   </div>
   <div class='ocr_carea' id='block_1_115' title="bbox 2271 5227 3868 5302">
    <p class='ocr_par' dir='ltr' id='par_1_115' title="bbox 2271 5227 3868 5302">
     <span class='ocr_line' id='line_1_115' title="bbox 2271 5227 3868 5302; baseline -0.008 -7"><span class='ocrx_word' id='word_1_894' title='bbox 2271 5241 2484 5298; x_wconf 89' lang='lat' dir='ltr'>mansio</span> <span class='ocrx_word' id='word_1_895' title='bbox 2525 5238 2788 5298; x_wconf 91' lang='lat' dir='ltr'>distincte</span> <span class='ocrx_word' id='word_1_896' title='bbox 2831 5234 3191 5302; x_wconf 85' lang='lat' dir='ltr'>nominatur;</span> <span class='ocrx_word' id='word_1_897' title='bbox 3240 5230 3335 5288; x_wconf 90' lang='lat' dir='ltr'>sed</span> <span class='ocrx_word' id='word_1_898' title='bbox 3380 5227 3868 5302; x_wconf 86' lang='lat' dir='ltr'>comprehenditur</span> 
     </span>
    </p>
   </div>
   <div class='ocr_carea' id='block_1_116' title="bbox 2272 5317 3864 5394">
    <p class='ocr_par' dir='ltr' id='par_1_116' title="bbox 2272 5317 3864 5394">
     <span class='ocr_line' id='line_1_116' title="bbox 2272 5317 3864 5394; baseline -0.011 -6"><span class='ocrx_word' id='word_1_899' title='bbox 2272 5330 2374 5388; x_wconf 89' lang='lat' dir='ltr'>sub</span> <span class='ocrx_word' id='word_1_900' title='bbox 2404 5328 2786 5387; x_wconf 89' lang='lat' dir='ltr'>mansionibus</span> <span class='ocrx_word' id='word_1_901' title='bbox 2814 5341 2847 5382; x_wconf 93' lang='lat' dir='ltr'>a</span> <span class='ocrx_word' id='word_1_902' title='bbox 2875 5323 3093 5381; x_wconf 89' lang='lat' dir='ltr'>deserto</span> <span class='ocrx_word' id='word_1_903' title='bbox 3120 5320 3217 5378; x_wconf 92' lang='lat' dir='ltr'>Sin</span> <span class='ocrx_word' id='word_1_904' title='bbox 3247 5336 3422 5394; x_wconf 88' lang='lat' dir='ltr'>usque</span> <span class='ocrx_word' id='word_1_905' title='bbox 3449 5317 3519 5376; x_wconf 88' lang='lat' dir='ltr'>ad</span> <span class='ocrx_word' id='word_1_906' title='bbox 3549 5318 3864 5393; x_wconf 81' lang='lat' dir='ltr'>Raphidim.</span> 
     </span>
    </p>
   </div>
   <div class='ocr_carea' id='block_1_117' title="bbox 2271 5412 3866 5491">
    <p class='ocr_par' dir='ltr' id='par_1_117' title="bbox 2271 5412 3866 5491">
     <span class='ocr_line' id='line_1_117' title="bbox 2271 5412 3866 5491; baseline -0.009 -11"><span class='ocrx_word' id='word_1_907' title='bbox 2271 5425 2415 5480; x_wconf 90' lang='lat' dir='ltr'>Dum</span> <span class='ocrx_word' id='word_1_908' title='bbox 2445 5422 2595 5480; x_wconf 90' lang='lat' dir='ltr'>enim</span> <span class='ocrx_word' id='word_1_909' title='bbox 2624 5420 2797 5479; x_wconf 89' lang='lat' dir='ltr'>dicit:</span> <span class='ocrx_word' id='word_1_910' title='bbox 2845 5442 2864 5466; x_wconf 78' lang='grc' dir='ltr'>ι</span> <span class='ocrx_word' id='word_1_911' title='bbox 2893 5418 2966 5475; x_wconf 88' lang='lat' dir='ltr'>Et</span> <span class='ocrx_word' id='word_1_912' title='bbox 2993 5416 3236 5491; x_wconf 79' lang='lat' dir='ltr'>profecta</span> <span class='ocrx_word' id='word_1_913' title='bbox 3263 5423 3347 5472; x_wconf 90' lang='lat' dir='ltr'>est</span> <span class='ocrx_word' id='word_1_914' title='bbox 3371 5412 3553 5473; x_wconf 88' lang='lat' dir='ltr'>omnis</span> <span class='ocrx_word' id='word_1_915' title='bbox 3580 5429 3866 5487; x_wconf 85' lang='lat' dir='ltr'>congrega-</span> 
     </span>
    </p>
   </div>
   <div class='ocr_carea' id='block_1_118' title="bbox 2272 5504 3865 5578">
    <p class='ocr_par' dir='ltr' id='par_1_118' title="bbox 2272 5504 3865 5578">
     <span class='ocr_line' id='line_1_118' title="bbox 2272 5504 3865 5578; baseline -0.008 -9"><span class='ocrx_word' id='word_1_916' title='bbox 2272 5512 2352 5569; x_wconf 90' lang='lat' dir='ltr'>tio</span> <span class='ocrx_word' id='word_1_917' title='bbox 2396 5512 2640 5570; x_wconf 87' lang='lat' dir='ltr'>ﬁliorum</span> <span class='ocrx_word' id='word_1_918' title='bbox 2686 5508 2851 5568; x_wconf 88' lang='lat' dir='ltr'>Israel</span> <span class='ocrx_word' id='word_1_919' title='bbox 2898 5524 2969 5566; x_wconf 86' lang='lat' dir='ltr'>ex</span> <span class='ocrx_word' id='word_1_920' title='bbox 3006 5506 3224 5565; x_wconf 88' lang='lat' dir='ltr'>deserto</span> <span class='ocrx_word' id='word_1_921' title='bbox 3266 5504 3363 5563; x_wconf 92' lang='lat' dir='ltr'>Sin</span> <span class='ocrx_word' id='word_1_922' title='bbox 3404 5520 3503 5578; x_wconf 89' lang='lat' dir='ltr'>per</span> <span class='ocrx_word' id='word_1_923' title='bbox 3547 5512 3729 5562; x_wconf 87' lang='lat' dir='ltr'>castra</span> <span class='ocrx_word' id='word_1_924' title='bbox 3756 5519 3865 5567; x_wconf 85' lang='lat' dir='ltr'>sua,</span> 
     </span>
    </p>
   </div>
   <div class='ocr_carea' id='block_1_119' title="bbox 2274 5589 3899 5671">
    <p class='ocr_par' dir='ltr' id='par_1_119' title="bbox 2274 5589 3899 5671">
     <span class='ocr_line' id='line_1_119' title="bbox 2274 5589 3899 5671; baseline -0.011 -12"><span class='ocrx_word' id='word_1_925' title='bbox 2274 5600 2577 5659; x_wconf 87' lang='lat' dir='ltr'>secundum</span> <span class='ocrx_word' id='word_1_926' title='bbox 2599 5600 2828 5659; x_wconf 88' lang='lat' dir='ltr'>verbum</span> <span class='ocrx_word' id='word_1_927' title='bbox 2858 5596 3083 5657; x_wconf 90' lang='lat' dir='ltr'>Domini</span> <span class='ocrx_word' id='word_1_928' title='bbox 3116 5594 3320 5667; x_wconf 70' lang='lat' dir='ltr'>(Exod.</span> <span class='ocrx_word' id='word_1_929' title='bbox 3348 5610 3490 5663; x_wconf 86' lang='lat' dir='ltr'>xvn,</span> <span class='ocrx_word' id='word_1_930' title='bbox 3516 5594 3570 5664; x_wconf 89' lang='grc'>1)</span> <span class='ocrx_word' id='word_1_931' title='bbox 3598 5611 3647 5661; x_wconf 78' lang='grc'>;›</span> <span class='ocrx_word' id='word_1_932' title='bbox 3690 5589 3868 5651; x_wconf 78' lang='lat' dir='ltr'>innuit</span> <span class='ocrx_word' id='word_1_933' title='bbox 3898 5620 3899 5671; x_wconf 38' lang='grc' dir='ltr'>ι</span> 
     </span>
    </p>
   </div>
   <div class='ocr_carea' id='block_1_120' title="bbox 2275 5681 3899 5766">
    <p class='ocr_par' dir='ltr' id='par_1_120' title="bbox 2275 5681 3899 5766">
     <span class='ocr_line' id='line_1_120' title="bbox 2275 5681 3899 5766; baseline -0.009 -17"><span class='ocrx_word' id='word_1_934' title='bbox 2275 5692 2423 5765; x_wconf 91' lang='lat' dir='ltr'>quod</span> <span class='ocrx_word' id='word_1_935' title='bbox 2471 5692 2656 5766; x_wconf 89' lang='lat' dir='ltr'>plures</span> <span class='ocrx_word' id='word_1_936' title='bbox 2703 5691 2911 5747; x_wconf 84' lang='lat' dir='ltr'>fuerint</span> <span class='ocrx_word' id='word_1_937' title='bbox 2958 5682 3464 5745; x_wconf 85' lang='lat' dir='ltr'>castrametationes</span> <span class='ocrx_word' id='word_1_938' title='bbox 3508 5690 3564 5741; x_wconf 90' lang='lat' dir='ltr'>et</span> <span class='ocrx_word' id='word_1_939' title='bbox 3610 5681 3865 5758; x_wconf 89' lang='lat' dir='ltr'>hospitia,</span> <span class='ocrx_word' id='word_1_940' title='bbox 3898 5692 3899 5743; x_wconf 83' lang='lat' dir='ltr'>j</span> 
     </span>
    </p>
   </div>
  </div>
