3932 6210
137 258 205 315 Si
1051 252 1145 309 DE
1185 251 1333 309 XLII
1369 249 1841 310 MANSIONIBUS
1880 250 2218 310 FILIORUM
2255 250 2530 310 ISRAEL.
3372 254 3443 315 22

140 382 272 439 Tria
297 382 360 439 in
408 380 511 439 hac
565 379 851 438 mansione
896 386 1181 453 geruntur.
1228 377 1437 447 Primo,
1493 378 1734 451 populus
1760 380 1812 441 Α
1840 392 1991 450 aqum
2018 384 2071 432 et
2099 384 2369 434 torrentes
2389 376 2806 435 inundaverunt
2829 380 3004 451 (Psal.
3036 396 3252 450 Lxxvn,
3283 381 3427 454 20)..

140 471 243 529 Dei
271 471 504 545 gloriam
525 471 809 529 intuetur:
837 486 967 527 nam
1005 470 1273 542 scriptum
1303 476 1388 525 est
1412 468 1472 523 in
1500 467 1734 525 Exodo:

155 581 173 606 ι
196 560 269 615 Et
323 558 497 633 gloria
552 558 779 617 Domini
825 559 1080 633 apparuit
1112 558 1171 614 in
1202 558 1348 615 nube
1382 556 1584 627 (Exod.
1616 573 1736 624 xvr,

145 648 236 721 10)
264 666 277 705 ;
302 674 322 698 ι
389 647 622 718 Deinde,
674 648 921 722 pascitur
966 646 1262 704 carnibus:
1340 670 1358 693 ι
1390 647 1618 703 Factum
1658 652 1740 702 est

142 755 391 813 vespere,
414 765 435 789 ι
505 748 570 797 ut
606 738 686 796 ibi
739 738 963 810 legitur,
1008 761 1027 787 ‹
1054 745 1109 793 et
1160 736 1408 794 ascendit
1455 736 1735 803 coturnix,

141 836 198 885 et
249 829 539 902 cooperuit
587 834 770 885 castra
821 825 1010 898 (Ibid.,
1078 825 1192 897 13).
1259 826 1462 893 Tertio,
1526 823 1740 882 cibatur

139 934 348 974 manna
371 917 442 974 de
468 918 630 975 cmlo.
662 915 752 972 Sic
779 915 927 970 enim
957 914 1172 986 Moyses
1213 914 1477 986 populum
1508 913 1736 985 alloqui-

140 1014 270 1064 tur:
317 1030 336 1054 ι
366 1006 471 1063 Hic
517 1012 601 1061 est
628 1003 785 1076 panis
812 1018 975 1076 quem
1006 1001 1160 1057 dedit
1188 1002 1348 1058 vobis
1367 1002 1640 1059 Dominus
1667 1003 1737 1059 ad

140 1094 598 1153 manducandum
629 1092 817 1165 (Ibid,
860 1091 986 1162 l5):
1021 1116 1040 1138 ι
1082 1089 1189 1147 hoc
1216 1098 1299 1147 est
1328 1091 1559 1146 verbum
1589 1091 1737 1163 quod

136 1184 440 1245 constituit
462 1182 747 1243 Dominus.
781 1182 884 1238 Per
910 1197 1031 1254 quae
1054 1196 1345 1237 monemur
1372 1180 1521 1254 quod
1541 1181 1636 1254 qui
1675 1182 1736 1237 in

136 1275 364 1334 decima
412 1272 643 1348 quiescit
675 1269 981 1338 mansione,
1039 1269 1098 1326 id
1141 1278 1223 1327 est
1264 1270 1323 1325 in
1350 1270 1736 1326 observatione

135 1366 300 1439 legis,
343 1382 441 1437 per
487 1362 770 1421 denarium
801 1360 952 1417 enim
997 1376 1289 1417 numerum
1320 1361 1410 1418 lex
1448 1361 1736 1435 signiﬁca-

136 1464 254 1523 tur,
284 1471 407 1529 quas
433 1453 494 1510 in
520 1452 709 1511 decem
730 1451 917 1509 verbis
943 1450 1219 1517 consistit,
1249 1458 1309 1508 ut
1329 1452 1596 1524 scriptum
1616 1460 1731 1510 est:

151 1545 267 1601 cEt
316 1543 540 1616 scripsit
579 1542 796 1614 Moyses
838 1540 1008 1597 verba
1036 1540 1164 1597 haec
1209 1539 1400 1597 decem
1440 1540 1499 1596 in
1532 1539 1734 1598 tabulis

138 1631 365 1691 hederis
411 1631 617 1704 (Emori.
642 1647 846 1699 xxxiv,
876 1630 969 1702 28)
994 1649 1009 1698 ;
1054 1628 1156 1686 Dei
1185 1629 1412 1703 gloriam
1440 1630 1730 1702 conspicit.

1846 466 2121 536 Secundo,
2174 468 2527 524 memoranda
2555 474 2748 525 contra
2777 467 3151 527 Amalechitas
3176 470 3432 530 victoria.

1845 555 1983 612 Nam
2015 558 2218 629 populo
2249 575 2401 614 suam
2424 557 2515 615 hic
2548 558 2843 615 stationem
2874 567 3089 633 agente,
3124 560 3434 618 Amalechi-

1848 653 2028 701 tarum
2050 653 2236 716 gentes
2251 646 2301 702 ei
2321 646 2603 715 obsistere,
2618 663 2742 703 eum
2758 664 2979 715 vexare,
2997 666 3233 723 eumque
3252 651 3438 709 valido

1847 743 2162 808 comparato
2186 736 2434 793 exercitu
2456 752 2767 809 oppugnare
2787 746 3094 810 coeperunt.
3113 742 3187 795 At
3199 741 3436 813 Moyses,
3497 790 3505 797 .

1846 833 2207 891 consideratis
2256 834 2445 907 populi
2494 833 2708 889 viribus
2735 834 2887 906 longi
2920 836 3133 891 itineris
3164 837 3438 911 defatiga-

1846 924 1996 980 tione
2029 928 2074 985 9
2096 922 2211 995 jam
2272 921 2479 989 fractis,
2543 929 2597 977 et
2653 921 2720 977 ad
2778 924 3143 995 repellendam
3192 926 3435 985 hostium

1846 1020 2128 1077 audaciam
2186 1036 2297 1076 non
2328 1021 2460 1076 satis
2516 1021 2678 1092 aptis,
2730 1020 2797 1076 ad
2856 1020 3109 1077 divinum
3142 1025 3438 1097 confugere

1844 1107 2090 1167 decrevit
2115 1109 2583 1167 auxilium.Unde
2613 1117 2663 1165 et
2695 1109 2985 1166 resistendi
3019 1111 3185 1179 hosti,
3218 1120 3272 1167 et
3302 1113 3432 1169 belli

1845 1198 2066 1269 gerendi
2096 1208 2212 1255 toto
2243 1199 2460 1270 negotio
2490 1215 2656 1269 penes
2683 1199 2846 1253 Josne
2871 1199 3083 1267 relicto,
3118 1199 3233 1271 ipse
3264 1203 3436 1257 Deum

1844 1296 2099 1344 oraturus
2141 1287 2201 1342 in
2253 1288 2450 1344 collem
2483 1286 2723 1342 secessit.
2756 1286 2862 1342 Sed
2920 1304 2952 1342 ο
2979 1289 3118 1342 mira
3174 1290 3440 1347 orationis

1844 1379 2118 1450 potentia!
2170 1377 2303 1433 dum
2332 1378 2549 1451 Moyses
2588 1377 2795 1450 palmas
2824 1376 3085 1433 tendebat
3115 1379 3183 1434 ad
3213 1381 3433 1451 ccelum,

1844 1466 2172 1539 praevalebat
2201 1469 2365 1524 Israel
2390 1486 2403 1534 ;
2437 1466 2569 1522 dum
2591 1483 2723 1523 vero
2748 1466 3083 1533 remittebat,
3117 1469 3436 1527 succumbe-

1843 1556 1953 1614 bat.
1974 1558 2158 1614 Aaron
2187 1567 2370 1614 autem
2398 1566 2452 1612 et
2484 1558 2601 1613 Hur
2631 1573 2823 1612 manus
2854 1557 2973 1629 ejus
3005 1574 3178 1629 usque
3207 1558 3275 1614 ad
3305 1560 3437 1616 solis

1845 1663 2101 1705 occasum
2149 1647 2610 1713 sustentantibus,
2673 1645 2901 1718 adeptus
2942 1654 3025 1702 est
3054 1647 3220 1703 Josue
3250 1649 3440 1705 victo-

137 1723 321 1793 Quam
369 1721 676 1780 θθίῧοίῐειῐηί
731 1720 1041 1794 Propheta:
1088 1720 1214 1794 quis
1272 1718 1621 1775 habitath
1674 1717 1732 1774 in
1771 1736 1817 1798 Β
1848 1736 2008 1805 riam,
2067 1744 2131 1793 ut
2187 1736 2472 1804 Scriptura
2518 1734 2690 1792 dicit:
2738 1717 3013 1807 «Fugavit
3065 1735 3333 1792 Amalech
3384 1744 3439 1793 et

135 1813 241 1872 Dei
315 1811 694 1880 tabernaculo,
741 1818 797 1868 et
845 1810 972 1885 quis
1027 1810 1088 1867 in
1145 1816 1332 1866 monte
1383 1815 1571 1866 sancto
1618 1807 1736 1881 ejus

137 1900 492 1975 requietum
519 1907 683 1970 esset,
723 1899 1087 1973 respondetur
1115 1898 1264 1973 quod
1290 1896 1524 1955 sedulus
1549 1896 1734 1954 obser-

137 1997 304 2048 vator
333 1989 486 2064 legis,
502 1988 638 2047 dum
666 1988 873 2046 dicitur
900 2006 912 2045 :
959 2013 977 2035 ι
1008 1987 1117 2056 Qui
1143 1986 1454 2062 ingreditur
1480 1986 1600 2044 sine
1626 2002 1737 2043 ma-

136 2080 285 2149 cula,
319 2087 376 2136 et
422 2088 678 2153 operatur
698 2078 1011 2159 justitiam:
1044 2079 1140 2154 qui
1178 2079 1424 2153 loquitur
1445 2077 1733 2135 veritatem

137 2170 200 2227 in
229 2170 395 2229 corde
418 2187 547 2239 suo,
602 2180 707 2229 etc.
733 2171 908 2245 (Psal.
931 2187 1052 2240 xiv,
1101 2171 1156 2239 2,
1188 2170 1268 2243 3).
1287 2171 1360 2226 Et
1388 2168 1537 2227 idem
1569 2184 1733 2226 carne

135 2269 198 2319 et
230 2278 435 2319 manna
466 2262 969 2335 ccelestLpascitur,
1004 2262 1110 2320 hoc
1154 2269 1259 2331 est,
1284 2261 1525 2335 pretioso
1546 2261 1733 2318 Domi-

136 2351 201 2408 ni
255 2351 431 2409 nostri
486 2351 616 2409 Jesu
644 2350 855 2411 Christi
907 2367 1154 2423 corpore.
1206 2350 1377 2425 Cujus
1405 2367 1605 2423 corpus
1652 2358 1735 2407 est

137 2456 277 2497 vera
329 2456 478 2510 caro,
531 2440 750 2499 dicente
802 2441 1012 2498 Joanne
1043 2440 1294 2514 apostolo
1326 2458 1338 2496 :
1397 2464 1415 2486 -
1446 2439 1585 2497 Caro
1616 2454 1735 2496 mea

138 2546 273 2588 vere
292 2538 379 2587 est
401 2530 558 2588 cibus
589 2532 768 2604 (Joan.
802 2548 884 2601 vr,
912 2530 1030 2603 56);
1049 2556 1068 2579 ι
1102 2536 1185 2586 est
1204 2545 1397 2585 verum
1417 2535 1500 2585 est
1512 2544 1733 2597 manna,

138 2636 257 2676 non
289 2620 349 2676 in
401 2627 556 2693 typo,
588 2620 683 2677 sed
716 2620 773 2676 in
826 2620 1089 2677 veritate:
1148 2641 1167 2666 ι
1199 2619 1315 2690 Ego
1352 2635 1497 2687 sum,
1529 2616 1732 2691 inquit,

138 2708 303 2781 panis
330 2707 495 2764 vivus
535 2708 631 2782 qui
685 2708 754 2766 de
782 2708 922 2766 cmlo
968 2707 1227 2766 descendi
1268 2708 1455 2780 (Ibid.,
1486 2707 1603 2779 51).
1636 2706 1735 2762 Est

136 2811 275 2852 vera
292 2811 419 2853 caro
437 2803 659 2870 propter
687 2812 874 2853 veram
895 2796 1299 2853 humanitatem
1324 2814 1337 2853 :
1370 2804 1451 2853 est
1472 2794 1628 2867 panis
1653 2794 1732 2849 vi-

136 2904 245 2946 vus
275 2897 498 2962 propter
519 2888 893 2947 divinitatem.
927 2888 1066 2948 Cum
1099 2889 1269 2963 igitur
1298 2887 1505 2946 Christi
1534 2901 1734 2958 corpus

144 2977 570 3047 manducamus,
622 2977 974 3035 divinitatem
1023 2986 1078 3035 et
1105 2977 1510 3034 humanitatem
1549 2975 1733 3049 parti—

1845 1842 2064 1884 omnem
2119 1827 2386 1900 populum
2428 1824 2546 1898 ejus
2597 1826 2658 1881 in
2710 1824 2985 1882 occisione
3028 1824 3196 1898 gladii
3228 1828 3433 1895 (Exod.

1843 1932 1987 1984 xvn,
2023 1915 2136 1988 13).
2164 1942 2183 1965 ι
2217 1915 2424 1984 Tertio,
2456 1914 2715 1988 prudenti
2743 1914 2978 1971 consilio
3008 1913 3064 1970 in
3088 1913 3437 1972 moderandis

1843 2007 2005 2065 rebus
2029 2006 2268 2079 publicis
2295 2006 2484 2063 Jethro
2512 2025 2524 2063 :
2575 2022 2701 2061 nam
2734 2022 2961 2063 cernens
2989 2004 3178 2062 Jethro
3206 2006 3434 2079 Moysen

1841 2096 1961 2170 ejus
1981 2113 2240 2170 generum
2265 2097 2325 2153 in
2345 2095 2636 2153 audiendis
2660 2095 2814 2167 vulgi
2835 2094 3013 2151 causis
3038 2094 3250 2151 diutius
3271 2110 3433 2167 quam

1842 2202 1940 2260 par
1987 2197 2129 2244 esset
2183 2184 2465 2260 occupari,
2498 2193 2551 2242 et
2594 2202 2627 2242 a
2651 2184 2901 2242 diluculo
2927 2200 3100 2257 usque
3128 2184 3197 2241 ad
3228 2200 3433 2256 vespe-

1842 2294 1966 2334 rum
1996 2280 2055 2335 in
2112 2278 2201 2334 his
2230 2287 2447 2350 tempus
2500 2293 2665 2334 omne
2719 2276 3000 2333 consumi:
3062 2276 3344 2333 consuluit
3374 2282 3436 2330 ut

1836 2366 2074 2440 judices,
2120 2367 2394 2436 tribunos,
2426 2376 2482 2425 et
2521 2367 2659 2424 alios
2688 2367 2823 2423 belli
2859 2366 3118 2439 pacisque
3146 2365 3435 2439 praefectos

1842 2456 2177 2525 institueret,
2198 2457 2295 2530 qui
2315 2456 2579 2529 populum
2594 2455 2928 2527 judicarent,
2950 2470 3141 2512 causas
3156 2452 3431 2520 audirent,

1843 2546 1968 2603 lites
1994 2545 2319 2602 dirimerent
2346 2555 2402 2603 et
2456 2545 2700 2603 breviter
2758 2546 2901 2601 levia
2929 2552 3128 2602 cuncta
3174 2545 3435 2602 absolve-

1842 2643 1985 2704 rent,
2017 2636 2180 2691 rebus
2210 2642 2425 2691 tantum
2443 2635 2702 2708 gravibus
2722 2634 2841 2706 ejus
2865 2634 3081 2706 judicio
3119 2634 3431 2690 reservatis.

1843 2725 1946 2783 Cui
1974 2724 2192 2796 Moyses
2219 2723 2473 2780 assensit.
2534 2723 2663 2778 Ideo
2692 2723 2960 2793 scriptum
2990 2729 3103 2778 est:
3152 2746 3171 2769 ι
3200 2722 3437 2778 Audivit

1841 2821 2022 2869 autem
2039 2814 2257 2885 Moyses
2288 2828 2479 2869 vocem
2502 2812 2675 2869 soceri
2701 2810 2808 2878 sui,
2839 2817 2892 2866 et
2920 2810 3055 2866 fecit
3097 2827 3435 2884 quaecunque

1840 2900 1986 2958 dixit
2012 2902 2064 2958 ei
2097 2902 2302 2974 (Exod.
2326 2917 2489 2970 xvm,
2523 2900 2637 2971 24).
2671 2924 2690 2948 ι
2730 2900 2803 2955 Et
2822 2900 2951 2972 quia
2981 2898 3279 2973 Raphidim
3311 2899 3431 2956 laus

1835 2989 2034 3061 judicii
2063 2991 2474 3064 interpretatur,
2507 2990 2705 3047 merito
2729 2988 2787 3045 in
2817 2987 2938 3060 ejus
2967 2988 3252 3045 mansione
3282 2996 3435 3063 petra

131 3067 411 3158 cipamus,
441 3067 828 3158 uthpostolus
856 3066 1484 3158 adCorinthiosscribit
1516 3066 1570 3158 (ΔΙ
1602 3066 1729 3158 Cor.

1842 3079 2068 3136 exhibet
2085 3097 2277 3154 aquam
2302 3098 2314 3136 :
2348 3078 2479 3152 quia
2498 3087 2649 3151 petra
2678 3078 2931 3136 Christus
2963 3078 3296 3135 custodienti
3348 3078 3435 3152 ju-

128 3173 218 3225 xr,
249 3155 458 3229 24—29).
515 3156 710 3214 Merito
735 3164 921 3212 autem
974 3156 1241 3214 beneﬁcia
1269 3156 1387 3212 haec
1432 3153 1647 3228 potiora
1674 3152 1732 3208 in

129 3246 243 3305 hoc
271 3247 395 3305 loco
414 3255 743 3321 praestantur
762 3266 775 3304 :
796 3248 935 3303 Nam
956 3248 1125 3304 Halus
1141 3247 1532 3318 interpretatur
1554 3244 1729 3310 labor;

130 3336 413 3393 laboranti
447 3344 634 3393 autem
686 3351 989 3407 congruum
1019 3343 1101 3392 est
1140 3343 1203 3390 ut
1230 3333 1455 3390 Domini
1482 3340 1737 3406 appareat

130 3424 333 3500 gloria,
368 3440 481 3497 quo
510 3421 726 3495 praemii
776 3421 993 3479 visione
1019 3421 1256 3479 alacrius
1308 3419 1522 3477 labores
1558 3419 1737 3477 susti-

129 3522 282 3572 neat.
368 3512 686 3586 Congruum
756 3522 840 3571 est
912 3511 1078 3569 etiam
1140 3520 1203 3568 ut
1282 3509 1736 3568 subministretur

129 3603 321 3672 cibus,
352 3618 465 3675 quo
495 3602 732 3660 refectus
784 3599 1107 3659 inchoatum
1141 3600 1342 3658 fortius
1372 3607 1734 3674 prosequatur

133 3693 258 3753 iter.

201 3793 313 3853 XI.
342 3794 572 3862 mansio,
624 3794 923 3852 ΒΔιιιιιυω.
950 3823 1021 3836 --
1044 3792 1345 3851 Undecima
1371 3790 1586 3849 mansio
1614 3807 1729 3863 per-

132 3884 322 3958 agitur
352 3883 412 3942 in
433 3882 731 3960 Rapbidim
756 3901 770 3941 :
818 3885 901 3942 Ibi
931 3883 1081 3941 enim
1110 3885 1346 3957 populus
1372 3882 1513 3941 duro
1539 3882 1730 3955 fatiga-

131 3983 224 4033 tus
268 3974 495 4043 itinere,
548 3975 899 4049 refrigerium
957 3975 1212 4048 sumpsit.
1262 3974 1393 4032 Ideo
1446 3973 1725 4047 sequitur:

144 4088 164 4113 ι
187 4067 263 4123 Εῑ
289 4065 528 4141 profecti
547 4082 619 4124 ex
647 4067 839 4133 Halus,
868 4066 1239 4124 castrametati
1289 4072 1419 4123 sunt
1446 4065 1505 4122 in
1530 4064 1729 4137 Raphi-

130 4154 287 4213 dim:
348 4163 404 4214 et
430 4172 542 4213 non
594 4164 712 4214 erat
755 4155 875 4213 illic
912 4172 1054 4230 aqua
1093 4157 1163 4215 ad
1202 4154 1507 4213 bibendum
1539 4156 1725 4227 (Num.

132 4261 345 4314 χχχιιι,
402 4244 515 4318 14).
548 4270 566 4294 ι
634 4245 841 4303 Eadem
871 4246 1083 4303 mansio
1130 4245 1393 4304 scribitur
1453 4242 1622 4300 etiam
1670 4243 1729 4300 in

130 4334 373 4393 Exodo:
437 4357 458 4383 ι
485 4336 559 4392 Et
585 4335 960 4394 castrametati
1004 4345 1156 4404 sunt,
1185 4334 1391 4408 inquit,
1424 4333 1483 4390 in
1512 4332 1729 4406 Raphi-

1841 3168 2051 3225 dicium
2080 3185 2192 3225 sum
2231 3185 2428 3241 aquam
2463 3168 2648 3239 gratim
2687 3167 2945 3223 exhibet:
2982 3184 3108 3223 nam
3161 3167 3432 3239 scriptum

1843 3264 1955 3313 est:
2001 3257 2191 3312 :Beati
2222 3256 2318 3328 qui
2342 3255 2664 3312 custodiunt
2683 3253 2958 3324 judicium
2981 3255 3156 3325 (Psal.
3187 3273 3279 3323 cv,
3305 3256 3383 3326 3);
3403 3282 3421 3304 ι

1844 3345 2090 3401 vincitur
2118 3343 2404 3411 Amalech,
2435 3343 2565 3415 quia
2587 3340 2804 3413 judicio
2832 3343 3128 3398 damnatur
3153 3343 3428 3401 diabolus:

1843 3434 2073 3491 docetur
2116 3439 2266 3489 recta
2298 3432 2487 3504 populi
2532 3430 2963 3500 administratio,
3008 3432 3138 3504 quia
3165 3432 3432 3504 scriptum

1841 3533 1957 3582 est:
2017 3523 2233 3581 ¢Judex
2284 3522 2500 3595 sapiens
2528 3522 2689 3579 docet
2740 3522 3006 3594 populum
3035 3539 3196 3579 suum
3236 3524 3429 3595 (Eccli.

1841 3631 1900 3683 χ,
1933 3614 1988 3685 1)
2017 3632 2029 3671 :
2056 3638 2075 3663 ι
2116 3613 2209 3671 hic
2226 3620 2309 3670 est
2337 3614 2429 3686 qui
2444 3611 2684 3684 judiciat
2702 3610 2908 3680 omnia,
2942 3619 2995 3667 et
3016 3613 3131 3685 ipse
3159 3630 3191 3669 a
3210 3613 3431 3670 nemine

1833 3704 2117 3777 judicatur
2148 3702 2207 3776 (Ι
2234 3702 2358 3760 Cor.
2389 3719 2453 3771 ιι,
2479 3702 2592 3774 l5).

1909 3811 2038 3868 ΧΙΙ·
2067 3809 2293 3878 mansio,
2324 3810 2584 3866 desertum
2614 3811 2788 3867 Sum.
2806 3839 2876 3851 —
2895 3810 3233 3869 Duodecima
3265 3828 3431 3867 man-

1838 3902 1922 3957 sio
1946 3899 2134 3957 habita
2155 3899 2319 3956 estin
2346 3899 2567 3955 desorto
2582 3899 2755 3957 Sinai.
2792 3899 2919 3956 Ideo
2954 3899 3274 3973 subjungit:
3322 3924 3339 3947 ι
3360 3902 3432 3957 Et

1840 3993 2070 4065 profecti
2098 4009 2169 4051 ex
2199 3992 2515 4065 Raphidim,
2567 3994 2936 4051 castrametati
2972 4002 3104 4050 sunt
3133 3994 3191 4049 in
3216 3993 3430 4050 deserto

1838 4084 1989 4142 Sinai
2018 4084 2202 4156 (Nam.
2226 4100 2432 4151 χχχιιι,
2454 4083 2566 4154 15).
2590 4108 2611 4132 ι
2644 4082 3082 4141 Celebratissima
3109 4091 3191 4139 est
3220 4086 3431 4142 mansio

1838 4175 1957 4233 hac
2010 4174 2108 4231 ubi
2135 4175 2283 4230 Deus
2325 4171 2610 4231 descendit
2664 4172 2724 4229 in
2754 4173 2898 4245 igne,
2953 4173 3012 4229 in
3054 4180 3320 4240 montem,
3378 4183 3432 4232 et

1836 4265 2054 4337 Moyses
2083 4262 2375 4337 puriﬁcato
2404 4260 2633 4336 populo,
2658 4262 2760 4319 Dei
2789 4261 3050 4320 mandato
3079 4263 3138 4319 in
3166 4263 3430 4321 verticem

1838 4354 2046 4412 montis
2096 4350 2364 4420 ascendit,
2395 4359 2449 4409 et
2481 4367 2607 4407 cum
2662 4366 2727 4408 eo
2758 4351 2977 4409 locutus
3004 4359 3106 4419 est,
3139 4359 3193 4407 et
3220 4351 3431 4424 accepit

133 4424 273 4524 (ξω,
307 4440 439 4524 ’Ποῦ
467 4433 603 4524 θηξλ
636 4433 822 4524 “Em
869 4442 1011 4499 aqua
1034 4426 1263 4524 ⁸βορξιιο
1425 4422 1727 4524 Ῑξίδῗῖξξξαω
1756 4460 1806 4519 D
1841 4449 2112 4516 praecepta
2137 4441 2405 4514 decalogi.
2437 4440 2521 4497 Ibi
2560 4438 2871 4497 ostenditur
2897 4439 3180 4513 exemplar
3206 4422 3431 4498 fabrica).

138 4514 344 4584 (Εωοάο
375 4530 520 4584 ινιι»
553 4514 632 4587 1)-
657 4539 677 4565 ι
713 4515 844 4573 Ηεθο
871 4514 1085 4572 mansio
1114 4513 1282 4572 trium
1316 4512 1727 4570 admirabilium
1756 4512 1799 4519 ”
1840 4512 2223 4600 'l‘aberbaculi,
2277 4512 2355 4588 ibi
2384 4528 2702 4602 prmcipitur
2744 4512 3099 4586 victimarum
3146 4530 3431 4603 multipli—

137 4620 363 4678 operum
424 4605 785 4678 praerogativa
850 4605 1091 4663 maxime
1146 4605 1456 4663 decoratur.
1519 4603 1725 4671 Primo,

136 4695 382 4753 mirabili
438 4694 766 4753 educatione
820 4712 975 4769 aqum
1003 4711 1033 4753 e
1060 4704 1249 4768 petra:
1309 4710 1437 4752 nam
1492 4693 1727 4766 populus

137 4786 411 4843 montium
479 4786 773 4859 asperitate
826 4795 882 4843 et
957 4785 1304 4859 longitudine
1364 4784 1469 4842 vim
1529 4782 1725 4848 fessus,

137 4888 334 4949 magno
362 4874 488 4933 sitis
515 4875 709 4933 ardore
736 4874 1020 4948 ﬂagrabat.
1040 4875 1282 4933 Veniens
1311 4882 1496 4932 autem
1526 4871 1725 4945 Raphi-

137 4960 270 5032 dim,
304 4964 536 5036 visoque
555 4964 678 5022 loco
705 4962 881 5031 arido,
910 4962 1176 5036 aquisque
1205 4970 1444 5032 carente,
1464 4961 1726 5018 adversus

137 5049 363 5125 Moysen
381 5051 557 5109 iratus
576 5052 903 5109 tumultuari
927 5051 1093 5124 coepit
1114 5051 1338 5123 (lbid.2,
1354 5051 1436 5121 3).
1469 5049 1624 5108 Unde
1649 5051 1726 5105 lo-

135 5140 414 5215 cusjurgii
436 5141 495 5197 in
510 5140 795 5214 Scriptura
808 5148 1159 5213 nuncupatus
1178 5148 1279 5197 est.
1302 5141 1376 5196 At
1395 5140 1491 5197 ille
1506 5149 1728 5213 accepta

138 5232 308 5306 virga,
338 5239 551 5307 petram
582 5232 806 5290 Domini
836 5231 1096 5289 mandato
1126 5230 1427 5302 percussit:
1462 5228 1560 5285 illa
1596 5244 1726 5284 vero

137 5338 391 5395 percussa
402 5331 521 5381 tam
552 5324 756 5395 largam
785 5338 1052 5397 aquarum
1073 5320 1270 5379 eﬂudit
1285 5320 1523 5393 copiam,
1555 5328 1616 5376 ut
1634 5336 1726 5391 po-

139 5421 295 5491 pulus
321 5439 388 5481 ac
412 5420 670 5496 jumenta
687 5436 910 5478 omnem
936 5420 1089 5477 sitim
1106 5418 1459 5491 exstinguere
1481 5426 1722 5491 possent.

138 5508 288 5575 Quod
345 5508 633 5567 admirans
659 5508 838 5566 David
894 5508 1177 5579 propheta,
1234 5507 1293 5563 in
1323 5507 1445 5563 haec
1475 5507 1730 5579 prorupit

140 5597 329 5657 verba:
403 5622 424 5648 ι
455 5598 732 5669 Quoniam
761 5593 1031 5671 percussit
1079 5602 1313 5670 petram,
1343 5602 1399 5652 et
1446 5595 1732 5653 ﬂuxerunt

1835 4621 1994 4690 citas,
2052 4636 2309 4678 vasorum
2371 4617 2682 4687 distinctio,
2742 4617 3066 4675 indumenta
3120 4619 3427 4687 Pontiﬁcis,

1834 4710 2193 4768 Sacerdotum
2222 4716 2276 4765 et
2304 4708 2627 4766 Levitarum
2672 4707 3020 4765 czeremonia.
3053 4706 3134 4762 Ibi
3165 4720 3428 4761 numerus

1835 4800 2163 4872 populorum
2220 4797 2668 4867 Levitarumque,
2710 4803 2764 4852 et
2818 4811 2915 4867 per
2967 4794 3213 4864 singulas
3249 4793 3428 4849 tribus

1837 4888 2024 4959 populi
2053 4886 2374 4944 distributio
2399 4904 2410 4942 :
2443 4883 2751 4941 oblationes
2769 4897 2988 4955 quoque
3020 4880 3336 4953 principum
3366 4880 3425 4936 in

1835 4975 1940 5033 hac
1959 4974 2244 5031 mansione
2271 4973 2560 5043 descriptas
2588 4977 2736 5026 sunt.
2766 4971 2898 5026 Duae
2914 4984 3132 5042 quoque
3159 4975 3424 5041 argentea:

1833 5063 1980 5120 tubae
2008 5062 2078 5120 ad
2108 5060 2482 5134 promovenda
2502 5064 2682 5114 castra
2735 5056 2942 5115 ibidem
2990 5058 3109 5115 ﬁeri
3136 5058 3422 5131 jubentur,

1834 5152 2021 5225 ibique
2066 5148 2384 5222 praecipitur
2410 5145 2715 5205 immundis
2751 5164 2915 5222 super
2942 5148 3127 5205 anima
3156 5147 3423 5214 hominis,

1834 5239 1932 5313 qui
1966 5236 2147 5311 primo
2172 5250 2357 5291 mense
2405 5235 2624 5294 Paschaa
2670 5236 2932 5294 interesse
2960 5253 3073 5293 non
3093 5237 3420 5308 potuissent,

1836 5337 1898 5385 ut
1952 5340 2139 5382 mense
2167 5324 2406 5382 secundo
2434 5326 2825 5383 convenirent:
2859 5333 2915 5382 et
2939 5325 3035 5398 qui
3064 5324 3285 5397 longius
3313 5324 3423 5380 ha-

1834 5414 2102 5480 bitabant,
2160 5412 2247 5468 vel
2266 5412 2541 5473 immundi
2570 5415 2807 5482 fuerant,
2849 5414 2908 5470 in
2935 5411 3179 5469 secundo
3235 5427 3421 5469 mense

1835 5504 2041 5562 Pascha
2059 5502 2201 5575 jussi
2253 5513 2381 5561 sunt
2409 5506 2604 5565 facere.
2637 5504 2795 5573 Quod
2836 5500 3106 5560 nimirum
3134 5502 3194 5559 in
3224 5510 3420 5576 typum

1837 5592 2167 5666 intelligitur
2214 5594 2404 5665 populi
2457 5594 2723 5671 gentium,
2776 5609 2898 5668 quae
2953 5608 3081 5651 cum
3131 5591 3423 5650 daemoniis
