3932 6210
510 302 580 363 23
1510 305 1609 361 AD
1649 302 1883 360 OPEBA
1921 303 1978 360 S.
2017 301 2378 360 AMBROISII
2417 304 2800 365 APPENDIX.
3750 311 3823 370 24

504 439 786 496 fornicata
834 435 1061 503 fuerint,
1095 433 1397 491 immunda
1428 435 1761 491 videbantur
1789 434 1845 489 in
1877 434 2084 499 anima,
2121 428 2173 488 Α
2203 428 2424 497 debeat,
2460 429 2514 486 in
2572 430 2660 488 his
2688 432 2919 489 omnino
2971 433 3371 509 exstinguitur,
3405 450 3476 493 ne
3519 436 3819 495 subsistat.

509 528 717 586 salubri
737 544 868 584 vero
893 525 1020 581 ﬁdei
1042 525 1385 581 confessione
1415 523 1474 580 in
1506 524 1749 580 secunda
1775 523 2096 592 nativitate,

510 619 665 693 quasi
723 618 780 675 in
838 614 1078 672 secundo
1136 631 1320 671 mense
1347 614 1627 686 puriﬁcari
1680 612 2097 686 pracipiuntur.

507 708 740 765 Jubetur
759 720 977 779 quoque
1006 705 1065 760 in
1082 703 1184 760 hac
1206 704 1490 761 mansione
1518 703 1785 760 Nazarais
1814 710 1876 758 nt
1904 704 2099 759 vinum

507 806 560 854 et
586 797 812 854 siceram
863 810 974 851 non
1013 793 1227 862 bibant,
1272 810 1374 851 nec
1402 801 1619 849 acetum
1648 794 1875 867 quidem
1908 809 1939 849 e
1966 795 2102 851 vino

508 887 593 943 vel
651 886 914 943 siceram:
950 901 1051 942 nec
1114 901 1279 940 uvam
1309 891 1582 942 recentem
1639 882 1953 953 comedant,
2001 900 2103 941 nec

506 994 644 1034 uvas
674 977 893 1049 quidem
931 992 1117 1049 passas
1170 976 1354 1048 (Num.
1388 993 1466 1043 vr,
1524 975 1684 1045 2-4);
1743 974 1892 1048 quod
1939 983 1995 1032 et
2043 977 2102 1033 in

508 1066 820 1124 Proverbiis
849 1066 1184 1139 pracipitur:
1218 1064 1533 1137 «Principes
1561 1064 1653 1137 qui
1683 1064 1934 1121 iracundi
1949 1075 2100 1136 sunt,

506 1157 699 1212 vinum
749 1173 858 1213 non
890 1156 1082 1213 bibant
1114 1175 1127 1222 ;
1160 1172 1228 1211 ne
1256 1171 1384 1210 cum
1412 1153 1678 1222 biberint,
1700 1154 2105 1211 obliviscantur

506 1245 785 1318 sapientia
807 1245 993 1316 (Prov.
1017 1261 1179 1310 xxxi,
1211 1243 1264 1311 4,
1287 1244 1369 1311 5).
1402 1242 1546 1309 Quid
1568 1258 1696 1314 ergo
1723 1243 2100 1299 Nazaraorum

475 1336 751 1402 ‘nomine,
805 1334 914 1391 nisi
965 1332 1362 1389 abstinentium
1412 1332 1932 1405 continentiumque
1986 1333 2105 1389 vita

507 1423 879 1495 signiﬁcatur;
924 1421 1126 1494 quibus
1165 1420 1223 1476 in
1252 1420 1384 1476 vino
1414 1420 1639 1476 luxuria
1666 1421 2009 1493 prohibetur,
2043 1422 2101 1477 in

507 1512 680 1569 sicera
710 1510 891 1568 omnis
941 1511 1198 1584 voluptas
1226 1518 1442 1568 terrena
1463 1511 1491 1567 (ι’
1520 1510 1704 1567 Sicera
1732 1512 1880 1568 enim
1912 1528 1980 1568 ex
2005 1512 2102 1569 di-

507 1619 665 1659 verso
719 1601 1013 1658 coniicitur
1041 1616 1258 1674 genere,
1315 1600 1459 1657 sicut
1489 1602 1745 1673 voluptas
1785 1617 1854 1657 ex
1884 1600 2103 1658 diversa

505 1691 770 1748 vitiorum
802 1690 980 1746 oritur
1008 1690 1267 1745 colluvie.
1301 1689 1455 1746 Unde
1478 1690 1561 1744 illi
1584 1692 1781 1746 vinum
1810 1690 1999 1747 bibere
2019 1690 2099 1746 di-

2210 519 2476 592 Pracepit
2542 520 2749 580 dehinc
2798 524 2890 581 lex
2920 524 3142 582 Levitas
3174 539 3390 582 omnes
3421 526 3567 598 pilos
3625 528 3822 585 carnis

2210 607 2400 664 radere
2431 609 2615 679 (Num.
2640 628 2764 680 VIII,
2797 613 2851 684 7)
2884 630 2897 668 :
2929 612 3060 686 quia
3088 613 3147 669 hi
3172 614 3268 686 qui
3299 613 3582 687 obsequiis
3602 615 3823 674 divinis

2210 705 2587 767 assumuntur,
2607 699 2810 757 debent
2837 710 2964 759 ante
2994 700 3093 759 Dei
3118 703 3307 760 oculos
3332 719 3364 759 a
3386 704 3604 762 cunctis
3628 707 3822 763 carnis

2211 787 2640 860 cogitationibus
2673 790 2870 848 mundi
2922 807 3202 865 apparere,
3262 809 3331 849 ne
3362 793 3588 851 illicitas
3605 795 3819 868 cogita-

2209 876 2389 932 tiones
2418 892 2573 934 mens
2609 878 2880 950 proferat;
2935 889 2989 937 et
3012 880 3301 953 pulchram
3332 880 3531 938 anima
3571 883 3818 955 speciem

2211 964 2369 1037 quasi
2398 965 2529 1037 pilis
2561 966 3011 1024 excrescentibus
3052 968 3355 1025 deformem
3385 969 3639 1028 reddant.
3670 972 3812 1031 Post

2212 1051 2331 1111 hac
2349 1053 2618 1126 iubentur
2672 1056 2838 1112 etiam
2868 1056 2987 1114 ﬁeri
3014 1056 3137 1114 dua
3174 1058 3343 1127 tuba,
3385 1074 3616 1133 quarum
3646 1061 3821 1118 clan-

2213 1158 2339 1213 gore
2389 1144 2579 1216 populi
2638 1152 2993 1201 moverentur
3055 1146 3122 1202 ad
3182 1146 3455 1220 pralium.
3516 1148 3607 1205 Sic
3655 1150 3814 1207 enim

2212 1233 2478 1304 scriptum
2529 1242 2610 1291 est
2661 1233 2727 1291 de
2759 1235 2846 1291 his
2896 1235 2966 1291 ad
3018 1235 3283 1308 Moysen:
3331 1261 3349 1283 ε
3380 1239 3488 1293 Fac
3534 1237 3642 1294 tibi
3672 1238 3817 1296 duas

2212 1323 2373 1379 tubas
2426 1330 2708 1396 argenteas
2763 1323 2998 1380 ductiles
3052 1326 3238 1396 (Num.
3267 1341 3329 1394 x,
3359 1326 3418 1397 2)
3445 1344 3459 1393 ;
3487 1350 3508 1376 ι

2212 1419 2336 1484 post
2367 1429 2379 1467 :
2453 1434 2473 1459 ι
2499 1412 2572 1468 Et
2599 1428 2723 1469 cum
2750 1413 3006 1470 concisus
3032 1414 3260 1485 clangor
3286 1413 3647 1487 increpuerit,
3679 1433 3816 1474 mo-

2212 1500 2492 1556 vebuntur
2540 1509 2717 1558 castra
2756 1502 2942 1574 (Ibid,
2970 1502 3052 1575 5).
3077 1527 3096 1550 ι
3141 1503 3244 1559 Per
3295 1502 3432 1561 duas
3461 1504 3609 1561 enim
3641 1504 3811 1564 tubas
3902 1506 3903 1561 ἰ

2210 1589 2488 1646 exercitus
2542 1589 2785 1658 ducitur,
2828 1590 2958 1663 quia
3003 1607 3101 1665 per
3127 1592 3238 1649 duo
3267 1591 3635 1660 Testamenta,
3691 1594 3815 1651 sive

2211 1695 2305 1752 per
2332 1679 2445 1737 duo
2482 1687 2748 1753 pracepta
2776 1680 3063 1738 charitatis
3092 1681 3160 1737 ad
3194 1681 3446 1755 pralium
3475 1681 3606 1739 ﬁdei
3635 1697 3816 1757 popu-

492 1777 726 1848 ‘ountur,
759 1778 853 1852 qui
905 1778 973 1834 ad
1004 1778 1358 1850 decipiendos
1387 1777 1642 1834 homines
1671 1778 1894 1836 umbras
1924 1797 2097 1853 quas-

2212 1767 2297 1823 lus
2316 1776 2565 1837 vocatur,
2586 1784 2708 1843 qua
2722 1768 2931 1827 idcirco
2947 1777 3215 1843 argentea
3233 1769 3353 1826 ﬁeri
3383 1770 3810 1844 pracipiuntur,

506 1869 629 1925 dam
653 1878 707 1924 et
735 1867 1002 1939 imagines
1030 1883 1087 1923 se
1115 1867 1381 1924 simulant
1420 1866 1620 1923 habere
1652 1869 1948 1926 virtutum.
1982 1870 2102 1927 Uva

506 1974 661 2031 passa
690 1956 773 2012 illi
811 1963 1129 2023 vescuntur,
1162 1956 1255 2029 qui
1312 1964 1535 2029 propter
1580 1956 1856 2014 humanos
1912 1960 2103 2016 oculos

505 2046 852 2104 abstinentia
895 2046 1102 2119 pallore
1134 2045 1482 2112 inﬁciuntur,
1529 2054 1591 2103 ut
1621 2047 1852 2119 gloriam
1884 2049 2103 2122 capiant

506 2137 574 2193 ab
605 2135 944 2193 hominibus.
1003 2135 1235 2192 Acetum
1267 2143 1447 2191 autem
1500 2135 1559 2192 hi
1585 2135 1804 2205 bibunt,
1853 2138 1949 2210 qui
1980 2145 2102 2210 post

507 2226 635 2282 vita
689 2225 1035 2282 sanctitatem
1064 2225 1123 2280 in
1153 2224 1445 2297 praeteritis
1474 2224 1797 2282 relabuntur
1842 2226 2015 2296 vitiis,
2049 2234 2103 2283 et

509 2314 861 2387 corruptione
890 2313 1091 2369 veteris
1118 2313 1381 2386 nequitia
1437 2314 1801 2371 delectantur.
1835 2314 2103 2389 Pracepit

507 2404 691 2479 itaque
717 2406 881 2472 Deus,
933 2410 996 2459 ut
1024 2403 1118 2476 qui
1175 2402 1488 2460 sanctitatis
1518 2404 1804 2461 induerint
1847 2405 2097 2474 titulum,

507 2495 721 2551 cunctis
750 2501 969 2550 careant
990 2492 1164 2561 vitiis,
1197 2494 1516 2566 nullamque
1536 2493 1855 2567 hujusmodi
1889 2502 2101 2566 pertur-

505 2586 787 2642 hationem
835 2601 955 2658 qua
986 2592 1185 2639 statum
1234 2584 1435 2640 mentis
1461 2591 1692 2653 evertat,
1724 2592 2001 2656 appetant.
2036 2586 2099 2641 In

505 2673 609 2731 hac
664 2674 949 2730 mansione
979 2681 1321 2745 separantur,
1358 2673 1425 2729 de
1456 2675 1649 2729 castris
1680 2674 1899 2745 leprosi,
1939 2674 2099 2730 semi-

504 2762 687 2826 niﬂui,
719 2772 771 2818 et
800 2762 1109 2827 immundi;
1142 2764 1342 2835 lepros:
1372 2762 1648 2829 doctrina,
1672 2761 1976 2818 seminillui
2011 2779 2098 2818 co-

505 2853 790 2924 gitatione,
819 2850 1094 2906 immundi
1126 2866 1311 2921 opere,
1330 2849 1386 2906 id
1426 2858 1528 2917 est,
1547 2850 1815 2917 haretici,
1837 2850 2100 2907 schisma-

504 2939 602 2995 tici
636 2946 690 2994 et
726 2938 995 2993 luxuriosi
1024 2955 1035 2992 :
1068 2938 1128 2993 hi
1158 2946 1418 3010 tanquam
1450 2938 1751 3009 contagiosi
1769 2947 1823 2994 et
1853 2940 2092 2996 morbidi

506 3043 537 3082 a
565 3026 757 3083 castris
785 3025 1105 3097 ejiciuntur,
1144 3041 1211 3080 ne
1251 3026 1577 3097 contagione
1607 3026 1850 3099 perﬁdia
1882 3027 1966 3082 vel
1986 3044 2099 3084 mo-

2213 1864 2276 1913 ut
2296 1855 2718 1928 pradicatorum
2739 1857 2907 1915 verba
2934 1858 3143 1931 eloquii
3170 1860 3351 1915 nitore
3386 1860 3717 1935 refulgeant,
3753 1872 3813 1920 et
3902 1858 3903 1935 l

2212 1944 2530 2003 auditorum
2565 1954 2776 2003 mentes
2822 1948 2978 2004 nulla
3004 1948 3092 2005 sui
3145 1948 3533 2007 obscuratione
3559 1950 3815 2009 confun-

2211 2041 2381 2101 dant:
2441 2043 2650 2102 idcirco
2703 2052 2887 2102 autem
2916 2044 3174 2114 ductiles,
3220 2045 3349 2120 quia
3389 2062 3609 2105 necesse
3637 2055 3814 2106 estut

2212 2133 2269 2189 hi
2300 2134 2395 2208 qui
2451 2143 2741 2193 venturam
2798 2135 2969 2193 vitam
3027 2137 3348 2210 pradicant,
3378 2138 3811 2198 tribulationum

2211 2225 2565 2298 prasentium
2594 2224 2855 2282 tunsione
2883 2234 3149 2284 crescant.
3181 2226 3327 2284 Bene
3354 2236 3538 2285 autem
3574 2228 3805 2287 dicitur:

2224 2338 2242 2361 ι
2274 2314 2412 2372 Cum
2466 2314 2722 2371 concisus
2767 2314 2993 2387 clangor
3038 2314 3396 2389 increpuerit,
3428 2316 3808 2376 movebuntur

2209 2410 2389 2461 castra
2418 2421 2433 2471 ;
2466 2428 2485 2451 ι
2526 2404 2656 2477 quia
2685 2403 2953 2460 nimirum
3006 2420 3132 2462 cum
3158 2405 3421 2463 subtilior
3444 2423 3506 2465 ac
3533 2406 3813 2465 minutior

2209 2492 2621 2566 pradicationis
2675 2508 2854 2549 sermo
2900 2499 3188 2563 tractatur,
3218 2493 3539 2553 auditorum
3593 2504 3811 2554 mentes

2211 2593 2405 2640 contra
2433 2584 2799 2640 tentationum
2832 2584 3137 2640 certamina
3155 2584 3440 2643 ardentius
3467 2586 3807 2644 excitantur.

2208 2671 2324 2727 1am
2352 2671 2557 2729 abhinc
2586 2680 2981 2744 promoventur
3009 2673 3140 2730 Filii
3167 2674 3330 2730 Israel
3351 2675 3419 2732 de
3448 2683 3634 2732 monte
3654 2675 3808 2744 Sina,

2209 2769 2262 2817 et
2289 2768 2576 2818 transeunt
2599 2762 2658 2817 in
2679 2762 2938 2833 Sepulcra
2966 2763 3447 2835 concupiscentia.

2281 2849 2435 2905 Xlll'
2493 2850 2717 2919 mansio,
2754 2850 3039 2909 SBPULCRA
3085 2868 3576 2910 concurrscxnrun.
3607 2882 3672 2894 —
3700 2856 3812 2912 De-

2209 2939 2353 2997 cima
2383 2941 2544 2997 tertia
2598 2943 2813 2999 mansio
2842 2942 3076 2999 habetur
3125 2942 3184 2999 in
3213 2943 3480 3015 sepulcris
3533 2946 3813 3019 concupi-

2206 3030 2452 3085 scentia.
2481 3029 2609 3086 Ideo
2638 3030 2822 3104 inquit
2846 3048 2858 3086 :
2902 3031 3007 3085 «Et
3034 3031 3260 3103 profecti
3284 3030 3351 3087 de
3380 3031 3597 3087 deserto
3621 3033 3802 3102 Sinai,

506 3135 628 3174 rum
660 3134 908 3185 suorum,
938 3118 1108 3173 vitam
1145 3117 1396 3190 polluant
1435 3117 1815 3175 innocentum.
1849 3120 2098 3193 Denique
2127 3150 2173 3213 α
2206 3120 2575 3177 castrametati
2590 3126 2716 3175 sunt
2738 3120 2797 3175 in
2817 3119 3093 3192 Sepulcris
3120 3119 3579 3191 concupiscentia
3606 3122 3808 3192 (Num.

506 3206 575 3262 ab
604 3222 750 3262 anno
780 3206 1045 3263 vicesimo
1074 3216 1127 3262 et
1142 3223 1309 3279 supra
1334 3215 1771 3263 annumerantur
1792 3208 1979 3281 populi
2001 3209 2098 3282 qui

504 3298 572 3355 ad
604 3300 854 3371 pralium
876 3299 990 3371 apti
1018 3299 1417 3367 inveniuntur;
1450 3299 1542 3356 sed
1570 3316 1671 3356 cur
1695 3300 1764 3356 ab
1783 3316 1929 3357 anno
1958 3301 2101 3357 vice-

502 3388 646 3443 simo
666 3407 679 3455 ;
709 3388 813 3443 nisi
831 3389 959 3461 quia
973 3388 1075 3445 hac
1095 3396 1253 3444 atate
1273 3397 1460 3445 contra
1476 3405 1926 3463 unumquemque
1940 3391 2100 3447 vitio-

503 3493 626 3532 rum
656 3476 800 3532 bella
820 3485 1143 3533 nascuntur.
1175 3477 1411 3551 Ideoque
1426 3477 1491 3533 ad
1524 3495 1762 3551 pugnam
1794 3480 2098 3552 eliguntur,

503 3573 567 3621 ut
595 3565 833 3621 habeant
862 3573 1051 3621 contra
1076 3566 1362 3623 libidinem
1393 3567 1732 3637 conﬂictum,
1756 3584 1858 3625 nec
1880 3567 2102 3625 luxuria

506 3661 850 3725 superentur.
886 3654 989 3711 Hic
1029 3655 1193 3711 etiam
1251 3655 1319 3711 ab
1349 3673 1492 3713 anno
1520 3657 1785 3715 vicesimo
1814 3664 1870 3713 et
1900 3657 2100 3731 quinto

505 3741 716 3798 Levitis
747 3743 805 3798 in
836 3743 1211 3801 Tabernaculo
1230 3746 1436 3801 servire
1465 3746 1777 3813 mandatur,
1800 3754 1855 3801 et
1880 3762 1913 3801 a
1940 3745 2099 3818 quin-

506 3833 837 3904 quagenario
866 3833 1117 3890 custodes
1164 3850 1416 3893 vasorum
1460 3838 1880 3895 constituuntur
1918 3853 1930 3891 :
1964 3835 2098 3908 quid

505 3920 652 3977 enim
714 3938 809 3994 per
861 3939 1069 3981 annum
1107 3932 1197 3988 1o
1229 3926 1485 3999 quintum
1520 3944 1585 3985 ac
1632 3925 1980 3992 vicesimum,
2038 3926 2098 3983 in

505 4033 615 4090 quo
644 4018 744 4075 ﬂos
762 4018 1075 4091 juventutis
1103 4022 1375 4093 oboritur,
1406 4025 1512 4080 nisi
1546 4025 1664 4097 ipsa
1676 4028 1872 4081 contra
1900 4037 2098 4078 unum-

504 4123 776 4180 quemque
831 4108 1095 4166 vitiorum
1131 4109 1276 4168 bella
1305 4112 1719 4185 signiﬁcantur:
1751 4117 1808 4166 et
1834 4110 1971 4183 quid
2001 4126 2099 4183 per

502 4196 1056 4269 quinquagenarium,
1109 4199 1168 4255 in
1222 4216 1331 4273 quo
1385 4200 1605 4257 Jubilai
1646 4199 1880 4268 ratione,
1928 4199 2095 4258 etiam

502 4293 649 4340 terra
702 4284 954 4357 quiescit,
1011 4286 1119 4344 nisi
1149 4296 1353 4345 aterna
1417 4288 1633 4361 requies
1680 4287 1923 4345 edomita
1948 4287 2095 4346 bello

505 4373 706 4431 mentis
735 4376 1068 4448 exprimitur
1091 4378 1119 4433 i’
1147 4376 1293 4445 Quid
1312 4392 1409 4451 per
1433 4395 1564 4436 vasa
1592 4377 1957 4446 tabernaculi,
1985 4380 2093 4437 nisi

503 4461 750 4519 ﬁdelium
801 4464 1000 4521 anima
1050 4464 1402 4536 ﬁgurantur?
1447 4464 1653 4522 Levita
1697 4481 1827 4537 ergo
1854 4465 1924 4523 ab
1946 4482 2094 4524 anno

504 4551 771 4608 vicesimo
799 4561 855 4610 et
881 4554 1080 4628 quinto
1108 4553 1465 4611 tabernaculo
1491 4554 1765 4624 serviunt,
1786 4563 1842 4611 et
1867 4572 1901 4613 a
1931 4555 2094 4629 quin-

501 4641 834 4714 quagenario
883 4642 1139 4699 custodes
1158 4658 1413 4698 vasorum
1436 4642 1600 4711 ﬁunt,
1631 4652 1693 4699 ut
1722 4642 1977 4702 videlicet
1997 4646 2093 4718 qui

500 4729 681 4788 adhuc
732 4730 1182 4803 impugnantium
1214 4730 1483 4785 vitiorum
1511 4733 1811 4789 certamina
1839 4749 1936 4805 per
1962 4751 2091 4792 con-

500 4836 717 4876 sensum
789 4817 1173 4876 delectationis
1228 4817 1553 4888 admittunt,
1611 4821 1846 4877 aliorum
1903 4839 2091 4880 curam

501 4908 777 4981 suscipere
822 4924 935 4965 non
965 4914 1319 4980 prasumant.
1380 4906 1517 4964 Cum
1547 4915 1729 4965 autem
1759 4912 2091 4969 tentantium

500 4996 646 5053 bella
674 4997 1011 5069 subegerint,
1044 5010 1171 5051 cum
1202 4995 1347 5067 apud
1376 5012 1433 5052 se
1456 4995 1572 5069 jam
1602 4998 1670 5055 de
1698 4998 1896 5056 intima
1929 5008 2095 5057 tran-

499 5085 775 5157 quillitate
802 5083 983 5139 securi
1011 5081 1370 5155 probabiliter
1410 5086 1774 5155 astimantur,
1802 5097 1937 5145 tunc
1962 5089 2094 5145 ani-

501 5187 713 5227 marum
762 5168 1025 5226 custodia
1064 5169 1312 5244 deputari
1373 5182 1660 5246 poterunt:
1709 5178 1802 5234 sed
1833 5177 1957 5251 quis
1976 5178 2093 5236 hac

503 5258 690 5329 praelia
745 5256 852 5313 sibi
904 5258 1141 5330 perfecte
1195 5278 1450 5334 superare
1505 5273 1701 5338 potest,
1733 5283 1859 5324 cum
1890 5268 2091 5325 Paulus

502 5346 685 5401 dicat:
723 5368 741 5391 ι
764 5344 941 5402 Video
993 5347 1156 5404 aliam
1187 5350 1358 5423 legem
1388 5351 1447 5408 in
1506 5354 1767 5412 membris
1822 5357 1960 5412 meis
1996 5373 2091 5413 re-

503 5441 835 5505 pugnantem
884 5436 987 5510 legi
1020 5441 1221 5498 mentis
1251 5457 1383 5500 mea
1415 5443 1592 5515 (Rom.
1624 5463 1726 5514 vn,
1760 5446 1886 5518 23)?
1914 5471 1934 5494 ›
1985 5447 2091 5505 Sed

503 5520 655 5576 aliud
674 5530 757 5578 est
782 5522 925 5583 bella
951 5527 1168 5585 fortiter
1196 5531 1427 5604 perpeti,
1457 5533 1610 5589 aliud
1626 5534 1788 5591 bellis
1815 5534 2091 5593 enerviter

502 5612 822 5684 expugnari.
854 5615 915 5673 In
938 5615 1050 5674 illis
1074 5618 1410 5676 exercitatur
1431 5620 1631 5690 virtus,
1664 5636 1732 5677 ne
1748 5620 1873 5694 quis
1893 5625 2089 5682 extolli

2211 3226 2416 3279 xxxiii,
2451 3209 2565 3281 16).
2597 3235 2617 3257 ι
2685 3211 2813 3267 Hac
2860 3209 3071 3265 mansio
3137 3208 3206 3265 ab
3233 3217 3437 3265 eventu
3467 3226 3669 3267 nomen
3702 3228 3811 3270 ac-

2210 3299 2391 3371 cepit;
2444 3316 2569 3355 nam
2605 3299 2839 3374 populus
2883 3314 3082 3355 manna
3127 3305 3408 3372 pertasus,
3461 3314 3677 3369 carnes,
3713 3302 3814 3375 pi—

2210 3405 2348 3457 sces,
2398 3404 2657 3461 pepones,
2706 3395 2763 3445 et
2798 3389 2907 3445 alia
2945 3403 3067 3461 qua
3112 3387 3257 3461 apud
3307 3388 3599 3461 Egyptios
3650 3399 3813 3449 erant

2211 3480 2349 3550 gula
2406 3479 2767 3534 incitamenta
2819 3476 3159 3549 concupivit,
3206 3487 3261 3535 et
3289 3478 3551 3534 adversus
3575 3478 3811 3551 Moysen

2210 3567 2509 3623 tumultum
2561 3566 2845 3623 excitavit.
2876 3567 3054 3634 Quare
3086 3566 3256 3622 iratus
3299 3568 3594 3637 Dominus,
3641 3569 3810 3627 misit

2209 3655 2557 3711 coturnicum
2586 3669 2754 3726 prope
2776 3661 2977 3710 terram
3002 3655 3308 3711 volantium
3340 3655 3809 3716 innumerabilem

2209 3744 2446 3816 copiam,
2478 3742 2682 3815 quibus
2725 3757 2913 3799 eorum
2947 3743 3130 3815 gulam
3161 3751 3383 3816 possent
3411 3746 3633 3819 explere
3662 3766 3674 3804 :
3708 3750 3810 3807 sed

2207 3832 2345 3890 dicit
2386 3831 2707 3905 Scriptura:
2768 3854 2787 3878 ι
2817 3831 3019 3889 Carnes
3053 3831 3236 3890 adhuc
3275 3841 3433 3891 erant
3458 3836 3515 3892 in
3543 3835 3811 3896 dentibus

2207 3938 2398 3980 eorum
2447 3923 2635 3995 (Num.
2667 3937 2750 3991 xi,
2791 3921 2916 3996 33);
2962 3922 3070 3979 hoc
3108 3930 3210 3992 est,
3239 3933 3534 3999 antequam
3580 3926 3811 4000 digere-

2207 4023 2422 4083 rentur,
2480 4012 2750 4087 percussit
2794 4012 3067 4070 Dominus
3106 4015 3374 4087 populum
3419 4016 3575 4090 plaga
3605 4034 3810 4092 magna

2207 4104 2404 4161 valde:
2467 4127 2487 4151 ι
2515 4106 2588 4161 Et
2614 4103 2768 4173 hinc,
2800 4128 2820 4153 ι
2884 4103 3090 4178 inquit,
3124 4128 3144 4153 ι
3177 4114 3435 4164 vocatum
3484 4115 3568 4165 est
3595 4125 3805 4169 nomen

2206 4194 2313 4251 loci
2346 4193 2520 4265 illius,
2577 4194 2839 4267 Sepulcra
2881 4196 3377 4269 concupiscentia:
3428 4199 3556 4273 quia
3604 4198 3685 4258 ibi
3722 4218 3808 4260 se-

2205 4283 2478 4357 pelierunt
2505 4284 2930 4342 desideratorem
2963 4285 3127 4358 (Ibid.
3156 4285 3244 4355 33,
3269 4286 3387 4360 34).
3420 4312 3439 4338 ι
3480 4289 3569 4346 Ex
3598 4289 3808 4364 quibus

2203 4372 2485 4443 docemur,
2512 4372 2694 4448 utqui
2726 4374 3201 4432 conversationem
3235 4375 3562 4450 reliquimus
3588 4381 3803 4451 saculi,

2202 4469 2257 4518 et
2299 4463 2590 4537 Egyptias
2617 4462 2773 4532 ollas,
2825 4462 2884 4520 id
2928 4471 3011 4521 est
3037 4464 3344 4521 carnalium
3396 4464 3805 4528 desideriorum

2206 4555 2449 4613 fervores
2506 4556 2962 4628 contempsimus,
3025 4572 3139 4613 non
3194 4556 3396 4616 debere
3449 4576 3806 4623 murmurare

2201 4652 2396 4703 contra
2421 4645 2700 4702 calestem
2732 4660 2953 4717 panem,
2983 4660 3085 4701 nec
3104 4645 3386 4705 virulenta
3405 4649 3804 4725 Egyptiornm

2203 4741 2479 4806 appetere,
2534 4749 2657 4806 qua
2685 4740 2816 4789 sunt
2857 4748 3181 4805 magnarum
3220 4735 3512 4808 carnium;
3543 4739 3641 4797 sed
3669 4740 3804 4815 sim:

2202 4823 2402 4896 plicem
2439 4837 2653 4878 manna
2696 4822 2906 4892 cibum,
2948 4822 3009 4881 id
3048 4832 3153 4894 est,
3194 4842 3389 4899 puram
3431 4836 3485 4886 et
3515 4830 3800 4890 calestem

2202 4912 2376 4969 vitam
2408 4927 2673 4984 quarere.
2706 4912 2972 4987 Alioquin
3000 4914 3047 4971 si
3080 4922 3200 4986 post
3238 4926 3529 4991 pracepta,
3560 4921 3806 4995 Αηεθιί..

2200 5017 2321 5059 cam
2351 5016 2554 5071 escam,
2586 5017 2898 5078 mannaque
2925 5003 3162 5062 calestis
3200 5006 3351 5075 vita,
3383 5008 3501 5065 sive
3528 5008 3803 5079 doctrina

2201 5105 2392 5147 rursus
2421 5106 2611 5149 carnes
2660 5091 2974 5166 Egyptias,
3006 5108 3128 5165 qua
3172 5104 3302 5153 sunt
3356 5097 3603 5155 carnales
3631 5098 3803 5173 hujus

2200 5180 2389 5239 saculi
2444 5182 2775 5257 voluptates,
2823 5190 2879 5240 et
2920 5190 3262 5242 vetustorum
3321 5180 3803 5262 concupiscentias

2202 5272 2469 5328 vitiorum
2525 5281 2777 5347 appetere
2823 5273 3185 5346 voluerimus,
3226 5278 3415 5336 statim
3449 5279 3531 5337 ira
3571 5282 3800 5341 Domini

2198 5361 2441 5434 percussi
2502 5361 2903 5437 torquebimur,
2954 5362 3228 5422 desideria
3279 5375 3469 5425 nostra
3504 5378 3801 5430 vertentur

2197 5448 2258 5505 in
2286 5451 2552 5521 tumulos,
2587 5458 2649 5508 ut
2694 5451 2869 5510 simus
2897 5452 3149 5527 sepulcra
3174 5454 3451 5527 dealbata,
3504 5476 3629 5534 qua
3655 5460 3798 5520 foris

2197 5546 2461 5609 apparent
2487 5539 2809 5598 hominibus
2836 5542 3102 5615 speciosa,
3129 5542 3283 5603 intus
3312 5561 3446 5605 vero
3473 5548 3638 5622 plena
3664 5560 3795 5609 sunt

2195 5626 2351 5684 omni
2379 5628 2664 5701 spurcitia.
2696 5630 2759 5687 In
2817 5630 2922 5689 hac
2951 5632 3236 5691 mansione
3280 5634 3498 5711 Moyses
3528 5638 3797 5698 mandato

3561 1334 3617 1383 et
3644 1329 3817 1400 paulo
3902 1394 3903 1409 χ
