3932 6210
240 267 312 322 23
1147 269 1241 324 DE
1281 267 1427 324 XLII
1465 267 1943 328 MANSIONIBUS
1982 273 2317 332 FILIORUM
2357 277 2630 335 ISRAEL.
3472 280 3541 338 26

243 395 342 452 Dei
389 395 731 468 septuaginta
776 395 929 452 viros
971 395 1213 452 seniores
1257 410 1326 451 ex
1360 396 1565 468 populo
1611 395 1835 469 delegit,
1867 401 1918 460 A
1946 399 2070 457 dam
2121 403 2381 462 mandato
2424 406 2522 462 Dei
2572 408 2785 482 Moyses
2829 407 3149 477 destinavit,
3181 410 3274 482 qui
3322 410 3544 466 botrum

242 483 338 556 qui
367 483 433 539 ad
481 484 771 556 regendam
823 484 1035 557 plebem
1065 485 1114 540 ei
1137 485 1414 556 adjutores
1452 485 1666 541 forent:
1716 509 1734 531 ι
1771 485 1842 541 Et

240 573 612 642 sustinebunt,
646 599 665 623 ›
715 574 918 647 inquit,
958 598 977 622 ι
1005 583 1188 631 tecum
1227 575 1496 645 impetum
1529 573 1743 645 populi,
1787 583 1838 631 et

241 679 354 719 non
383 663 520 719 feres
551 663 677 718 illos
707 672 767 719 tu
794 664 946 719 solus
969 664 1156 732 (Num.
1190 680 1270 729 χι,
1305 663 1418 731 16).
1449 687 1468 710 ι
1507 662 1679 733 Super
1703 679 1842 735 quos

241 760 427 825 postea
457 751 699 825 Spiritus
728 751 1034 818 descendit,
1067 761 1121 807 et
1166 751 1650 824 prophetaverunt.
1683 751 1840 819 Quod

238 841 299 897 in
347 849 481 914 typo
524 841 731 897 factum
773 847 890 894 est:
942 840 1200 912 quoniam
1249 840 1488 912 Spiritus
1521 850 1743 898 sanctus
1783 843 1839 898 in

238 928 330 986 die
356 929 704 985 Pentecostes
734 927 995 1000 apostolis
1041 945 1096 984 se
1125 928 1350 997 infudit,
1412 939 1472 985 ut
1501 939 1554 986 et
1584 929 1654 986 ad
1705 931 1840 986 fun-

237 1018 480 1074 dandam
513 1019 813 1074 Ecclesiam
845 1019 1116 1091 sapientes
1145 1028 1344 1086 essent,
1377 1027 1430 1074 et
1459 1020 1526 1075 ad
1548 1021 1837 1093 regendam

237 1106 412 1162 fortes
441 1125 452 1162 :
503 1129 523 1153 ι
553 1106 859 1171 Attendite,
892 1132 910 1155 ι
951 1107 1154 1179 inquit,
1184 1114 1244 1162 ut
1274 1107 1331 1161 in
1365 1107 1582 1164 actibus
1611 1111 1839 1180 Aposto-

241 1197 429 1252 lorum
479 1196 698 1268 legitur,
743 1219 762 1242 ι
809 1194 967 1251 vrbis
1012 1204 1066 1252 et
1112 1195 1376 1253 universo
1421 1198 1587 1269 gregi,
1643 1197 1700 1252 in
1731 1214 1839 1270 quo

238 1286 430 1356 posuit
457 1303 554 1341 vos
581 1285 815 1357 Spiritus
856 1295 1076 1342 sanctus
1113 1286 1397 1358 episcopos
1427 1303 1610 1358 regere
1637 1287 1840 1342 Eccle-

236 1373 376 1429 siam
411 1374 506 1430 Dei
536 1374 750 1443 (Actor.
790 1391 889 1442 xx,
921 1375 1036 1445 28).
1070 1400 1090 1422 ι
1131 1377 1346 1432 Βοιιιιιιι
1380 1377 1563 1449 itaque
1610 1376 1838 1432 virtutis

232 1462 475 1519 caelestis
506 1463 652 1534 quod
684 1462 817 1518 olim
852 1463 908 1518 in
923 1464 1108 1536 Moyse
1137 1473 1191 1521 et
1212 1465 1268 1520 in
1298 1464 1580 1539 prophetis
1596 1465 1833 1533 exstitit,

233 1567 401 1626 super
428 1553 705 1626 apostolos
732 1552 1036 1610 visibiliter
1069 1554 1344 1626 apparuit.

308 1703 460 1761 XIV"
490 1703 719 1773 mansio,
750 1705 1030 1760 Asznorn.
1053 1733 1125 1744 —
1145 1705 1367 1761 Decima
1402 1711 1596 1778 quarta
1623 1719 1838 1759 mansto

233 1795 296 1852 in
324 1795 559 1854 Aseroth
592 1804 1042 1854 consummatur:
1077 1813 1204 1852 nam
1237 1803 1320 1858 11
1357 1795 1677 1869 subjungit:
1717 1819 1735 1843 ι
1768 1797 1837 1852 Et

232 1880 470 1964 profecti
509 1910 579 1950 ex
609 1893 886 1966 Sepulcris
931 1895 1419 1966 concupiscentia,
1463 1893 1835 1950 castrametati

231 1991 367 2038 sunt
403 1982 461 2037 in
494 1982 727 2039 Aseroth
780 1983 968 2056 (Num.
1023 2001 1232 2052 χχχιιι,
1285 1985 1393 2056 17).
1446 2009 1465 2032 ι
1521 1985 1599 2040 De
1647 1984 1834 2040 eadem

230 2072 523 2128 mansione
561 2072 693 2128 alibi
737 2073 819 2129 sic
867 2088 1085 2146 quoque
1135 2074 1372 2145 legitur:
1420 2097 1437 2121 ι
1469 2076 1517 2130 A
1559 2074 1837 2146 Sepulcris

229 2161 696 2233 concupiscentia
743 2162 1019 2234 profectus
1066 2170 1148 2218 est
1209 2163 1446 2234 populus
1494 2163 1552 2217 in
1601 2161 1834 2216 Aserotli

227 2253 428 2320 (Num.
461 2267 543 2319 χι,
570 2249 684 2319 34).
722 2276 739 2298 ι
783 2252 884 2307 Hic
913 2253 1097 2308 Aaron
1121 2261 1175 2309 et
1199 2252 1370 2308 Maria
1389 2269 1566 2318 soror,
1599 2267 1663 2306 eo
1689 2250 1837 2325 quod

229 2344 453 2417 Moyses
481 2342 879 2414 Ethiopissam
919 2343 1282 2416 alienigenam
1314 2343 1550 2400 duxerat
1577 2360 1834 2410 uxorem,

227 2433 368 2490 satis
387 2433 438 2489 ei
469 2433 773 2505 procaciter
801 2432 1201 2489 obtrectarunt.
1223 2431 1377 2488 Unde
1399 2433 1493 2488 illa
1513 2433 1838 2503 contagione

231 2523 400 2593 lepra
434 2521 588 2578 illico
620 2522 842 2593 perfusa
882 2522 950 2576 ab
988 2521 1224 2577 aliorum
1263 2520 1562 2588 consortio,
1595 2520 1664 2576 ad
1696 2519 1836 2575 sani-

230 2611 364 2667 tatis
398 2627 570 2684 usque
604 2619 818 2683 tempus
863 2609 1035 2682 ejecta
1066 2611 1193 2667 fuit.
1245 2609 1406 2679 Quod
1435 2610 1567 2666 novi
1605 2610 1836 2682 ﬁguram

231 2701 483 2773 mysterii
535 2702 780 2774 praetulit
824 2701 1174 2758 evidentem:
1211 2718 1406 2773 nempe
1455 2699 1603 2774 quod
1650 2716 1839 2756 sacer-

230 2791 436 2847 dotalis
482 2791 578 2847 illa
625 2790 780 2862 plebs
835 2799 1077 2863 patrum,
1126 2791 1244 2848 zelo
1282 2791 1487 2848 Christi
1531 2789 1838 2860 Salvatoris

230 2881 411 2936 nostri
440 2881 701 2937 adversus
733 2881 1037 2937 Ecclesiam
1070 2898 1138 2937 ex
1170 2881 1424 2954 gentibus
1453 2889 1836 2953 congregatam

231 2972 608 3028 insurrectura
657 2972 816 3028 foret.
863 2973 984 3039 Quo
1014 2971 1258 3044 perﬁdia
1302 2971 1518 3044 impura
1565 2972 1741 3027 livore
1780 2971 1837 3026 in

232 3059 338 3116 Dei
368 3061 719 3118 tabernacula
742 3078 853 3117 non
871 3061 1214 3117 admittenda
1240 3059 1474 3128 veniret,
1505 3060 1680 3116 donec
1703 3076 1836 3132 pra-

229 3149 452 3206 finitum
499 3151 763 3206 claruerit
810 3158 1048 3222 tempus,
1100 3167 1208 3222 quo
1254 3149 1542 3221 plenitudo
1589 3150 1834 3220 gentium
1869 3139 1913 3200 C

227 3249 734 3305 consummaretur,
781 3248 844 3295 ut
872 3240 940 3295 ad
973 3243 1244 3296 Romanos
1274 3239 1493 3310 scripsit
1540 3239 1838 3309 Apostolus

226 3330 418 3401 (Rom.
453 3347 533 3397 χι,
567 3329 688 3398 25).
718 3329 854 3383 Nam
887 3338 1022 3384 tunc
1069 3338 1285 3384 tantum
1319 3329 1606 3400 pristinam
1639 3329 1839 3400 poterit

227 3432 558 3489 recuperare
605 3417 922 3484 sanitatem,
971 3434 1098 3473 cum
1144 3418 1479 3488 septiformis
1512 3419 1560 3472 ei
1603 3417 1840 3490 Spiritus

226 3506 410 3578 gratia
456 3505 524 3561 ad
583 3506 801 3561 veniam
861 3506 1027 3562 fuerit
1081 3507 1392 3578 suffragata.
1441 3508 1648 3564 Verum
1709 3509 1840 3580 quia

226 3593 470 3651 Aseroth
501 3593 786 3651 beatitudo
829 3595 1241 3667 interpretatur,
1275 3597 1470 3652 merito
1509 3613 1541 3651 a
1571 3597 1839 3670 sepulcris

228 3684 696 3756 concupiscentia
731 3684 788 3740 in
807 3684 952 3742 hanc
970 3685 1261 3741 stationem
1294 3686 1549 3742 venitur:
1574 3687 1834 3759 quoniam

229 3771 340 3829 nisi
383 3773 563 3829 carnis
593 3773 1070 3846 concupiscentias
1098 3774 1220 3846 quis
1259 3775 1556 3846 sepelierit,
1587 3775 1655 3830 ad
1684 3784 1835 3831 ater-

229 3879 358 3919 nam
402 3860 802 3920 beatitudinem
851 3865 1139 3936 pervenire
1189 3881 1300 3920 non
1351 3865 1572 3936 poterit.
1625 3864 1836 3922 Idcirco

231 3951 415 4025 inquit
459 3953 790 4024 Apostolus:
832 3977 848 3998 ι
899 3952 1040 4010 Caro
1085 3962 1139 4008 et
1180 3954 1402 4025 sanguis
1457 3969 1688 4025 regnum
1737 3954 1834 4010 Dei

232 4040 510 4114 possidere
543 4057 655 4096 non
691 4049 921 4113 possunt
945 4043 1008 4114 (Ι
1039 4042 1164 4098 Cor.
1200 4060 1294 4111 xv,
1323 4043 1440 4112 50).
1473 4068 1491 4089 ι

303 4187 432 4244 χν·
466 4205 692 4257 mansio,
742 4190 996 4246 Remus.
1030 4221 1100 4231 —
1132 4189 1356 4246 Decima
1385 4190 1580 4262 quinta
1611 4191 1835 4247 mansio

229 4276 438 4334 dicitur
464 4278 716 4336 Rethma.
748 4279 876 4335 Ideo
905 4279 1154 4351 sequitur
1181 4296 1191 4334 :
1227 4304 1243 4324 ε
1266 4280 1336 4335 Et
1357 4281 1588 4352 profecti
1610 4297 1679 4336 ex
1704 4281 1834 4337 Ase-

230 4367 357 4424 roth
379 4369 742 4424 castrametati
767 4378 896 4426 sunt
920 4369 975 4425 in
998 4369 1228 4426 Rethma
1242 4372 1433 4442 (Num.
1455 4387 1660 4438 χχχιιι,
1683 4372 1822 4443 18).»

230 4457 437 4512 Verum
470 4457 597 4529 quia
642 4458 776 4514 alibi
811 4459 1048 4530 legitur:
1099 4483 1117 4506 ι
1148 4460 1219 4515 Et
1259 4467 1380 4531 post
1411 4459 1527 4515 hac
1555 4461 1834 4533 profectus

230 4554 311 4602 est
361 4548 596 4620 populus
648 4548 716 4604 de
773 4549 1009 4606 Aseroth
1037 4593 1052 4618 ,
1098 4557 1151 4606 et
1193 4557 1608 4607 castrametatus
1650 4559 1732 4607 est
1777 4552 1834 4608 in

227 4634 444 4692 deserto
493 4636 705 4693 Pharan
751 4641 941 4710 (Num.
995 4655 1118 4707 xm,
1179 4639 1233 4710 1)
1279 4658 1289 4695 :
1344 4665 1362 4687 ι
1420 4657 1490 4696 ne
1535 4640 1831 4713 Scriptura

230 4727 350 4782 loca
401 4727 727 4783 contrariari
777 4728 1091 4798 videantur,
1133 4728 1529 4787 attendendum
1575 4739 1656 4787 est
1684 4729 1831 4803 quod

227 4816 362 4871 hinc
393 4832 564 4889 usque
593 4815 660 4872 ad
707 4817 1066 4890 Asiongaber,
1116 4820 1428 4875 mansiones
1458 4836 1668 4887 omnes,
1711 4837 1831 4893 qua

227 4902 416 4960 decem
466 4913 519 4960 et
567 4913 691 4962 octo
737 4916 1148 4976 enumerantur,
1193 4925 1402 4975 omnes,
1454 4909 1704 4982 inquam,
1737 4925 1831 4963 se-

227 5001 459 5066 quentes
480 4992 544 5048 ad
576 4994 906 5052 tricesimam
937 5012 1108 5069 usque
1137 4996 1453 5064 secundam,
1499 4997 1601 5053 sub
1631 4996 1830 5053 deserti

232 5080 453 5137 Pharan
484 5084 708 5139 nomine
750 5084 1125 5143 continentur.
1159 5086 1482 5157 Appellatur
1509 5103 1637 5158 ergo
1669 5103 1832 5142 man-

225 5171 312 5227 sio
362 5170 482 5228 hac
523 5171 677 5241 alibi,
728 5173 962 5241 Pharan,
1009 5174 1288 5230 communi
1357 5175 1582 5229 nomine
1627 5175 1832 5230 solitu-

228 5258 379 5315 dinis
425 5276 552 5315 cum
587 5263 799 5318 caeteris
843 5264 1066 5329 multis;
1117 5263 1213 5319 sed
1259 5262 1493 5320 Rethma
1531 5277 1666 5317 voce
1697 5279 1832 5333 pro-

229 5349 366 5420 pria.
415 5349 699 5424 Scriptura
746 5352 804 5409 in
856 5353 966 5408 alio
1016 5353 1137 5410 loco
1179 5352 1398 5409 Pharan
1455 5353 1829 5420 commendat,

226 5435 450 5494 dicens:
501 5461 518 5484 ι
568 5441 713 5496 Deus
763 5440 832 5496 ab
879 5444 1082 5497 Austro
1129 5441 1346 5509 veniet,
1395 5447 1449 5497 et
1499 5446 1720 5498 sanctus
1765 5440 1832 5496 de

229 5533 416 5582 monte
463 5527 726 5584 umbroso
778 5527 994 5584 Pbaran
1048 5531 1279 5599 (Habac.
1337 5545 1450 5597 ιιι,
1497 5528 1578 5600 3).
1640 5553 1658 5574 ι
1719 5526 1831 5583 Sub

229 5611 334 5674 hoc
380 5613 598 5674 deserto
649 5615 798 5676 viros
845 5615 1136 5679 duodecim
1177 5617 1246 5676 ad
1280 5626 1480 5675 terram
1523 5616 1830 5692 exploran-

1951 505 2090 558 uva,
2124 493 2266 548 mala
2307 495 2526 565 punica,
2568 507 2621 554 et
2651 497 2788 553 ﬁcus
2814 506 2970 553 terra
3013 499 3321 554 retulerunt
3347 499 3540 566 (Num.

1950 597 2074 647 xm,
2107 581 2159 647 4,
2192 582 2280 649 24,
2314 585 2452 654 (27).
2487 587 2600 642 Sub
2630 587 2734 642 hoc
2761 587 2975 642 deserto
2995 587 3236 654 Dathan,
3258 587 3467 642 Abiron
3488 594 3544 642 et

1950 667 2087 725 Core
2102 670 2224 737 ﬁlii,
2245 690 2368 727 cum
2386 689 2573 730 eorum
2593 675 2999 742 familiis,hiatu
3019 684 3198 744 terra,
3217 677 3287 732 ob
3319 676 3542 733 seditioo

1950 773 2075 814 nem
2099 760 2409 817 sorbentur.
2428 763 2541 819 Sub
2562 763 2666 820 hoc
2677 765 2888 821 deserto
2910 767 3089 821 Aaron
3107 765 3359 821 sacerdos
3400 764 3546 820 inter

1949 849 2202 906 viventes
2224 861 2578 925 mortuosque
2601 853 2811 910 medius
2829 855 3196 920 constitutus;
3221 853 3432 909 incensi
3450 851 3544 908 ob-

1950 939 2155 995 latione
2171 941 2347 996 Deum
2366 941 2743 1013 indignantem
2768 943 3020 1014 placavit,
3037 942 3248 1013 plagam
3270 941 3540 997 cohibuit.

1949 1031 2062 1086 Sub
2109 1032 2214 1086 hoc
2243 1031 2459 1088 deserto
2490 1035 2672 1088 Aaron
2719 1033 2871 1104 virga
2901 1033 2958 1086 in
3006 1033 3358 1088 tabernaculo
3387 1049 3545 1088 arens

1951 1121 2148 1207 posita,
2181 1122 2448 1177 miraculo
2477 1129 2530 1176 et
2554 1123 2884 1192 germinavit
2905 1129 2957 1175 et
2974 1121 3262 1176 ﬂoruitzet
3292 1121 3397 1176 alia
3426 1121 3545 1192 plu-

1949 1210 2108 1275 rima,
2142 1219 2305 1280 prout
2338 1211 2393 1265 in
2426 1211 2569 1265 libro
2590 1211 2954 1266 Numerorum
2982 1211 3198 1281 legitur,
3231 1220 3376 1281 gesta
3396 1221 3542 1278 sunt,

1949 1315 2057 1354 non
2103 1307 2288 1355 tamen
2334 1315 2428 1371 per
2469 1301 2714 1370 singulas
2755 1299 3053 1355 distributa
3083 1301 3412 1356 mansiones.
3448 1301 3548 1356 Per

1947 1406 2067 1462 qua
2086 1390 2316 1462 mystice
2333 1389 2596 1445 docemur
2619 1389 2765 1461 quod
2781 1390 2886 1444 viri
2912 1389 2979 1444 ad
3001 1389 3394 1462 explorandam
3419 1391 3546 1446 ube-

1948 1498 2059 1536 rem
2109 1489 2308 1536 terram
2341 1481 2516 1549 missi,
2554 1491 2608 1538 et
2637 1481 2731 1554 qui
2769 1483 3031 1554 populum
3066 1499 3097 1538 a
3127 1483 3392 1554 promissa
3428 1484 3546 1538 Do-

1948 1571 2084 1626 mini
2105 1571 2422 1627 hareditate
2440 1571 2820 1642 desperarunt,
2843 1571 3156 1628 Scribarum
3179 1579 3234 1626 et
3251 1571 3544 1627 Pharisaeo-

1948 1678 2071 1716 rum
2092 1661 2454 1733 praetulerunt
2488 1662 2783 1733 imaginem
2811 1679 2822 1716 :
2853 1661 2997 1717 sicut
3029 1661 3176 1716 enim
3210 1660 3295 1716 illi
3315 1663 3546 1732 aMoyse

1870 1779 1916 1839 B
1955 1758 2105 1814 missi
2135 1767 2267 1814 sunt
2297 1767 2358 1814 ut
2387 1758 2778 1816 fecunditatem
2801 1760 2904 1815 soli
2931 1759 3371 1816 consideratione
3397 1760 3544 1815 solli-

1945 1847 2052 1902 cita
2083 1855 2400 1916 tractantes,
2429 1849 2692 1921 populum
2725 1848 2789 1904 ad
2819 1847 2939 1920 ejus
2967 1848 3314 1920 adeptionem
3339 1849 3544 1904 anima-

1945 1943 2095 1992 rent:
2129 1936 2206 1992 ita
2233 1944 2288 1992 et
2318 1937 2405 1994 isti
2429 1954 2524 2009 per
2554 1939 2748 2010 Legem
2781 1947 2834 1994 et
2859 1937 3179 2011 Prophetas,
3211 1945 3272 1993 ut
3300 1937 3543 2009 Scriptu-

1946 2043 2128 2082 rarum
2161 2025 2584 2100 investigatione
2612 2028 2964 2084 Dominicum
2997 2027 3410 2100 specularentur
3437 2024 3546 2081 ad-

1947 2123 2195 2185 ventum,
2247 2117 2303 2172 in
2335 2133 2444 2189 quo
2483 2117 2654 2172 vitam
2686 2124 2945 2172 aternam
2994 2114 3257 2188 consequi
3300 2121 3542 2187 possent,

1946 2204 2233 2261 constituti
2278 2212 2408 2261 sunt
2451 2224 2461 2262 :
2509 2205 2602 2260 sed
2648 2206 2792 2262 sicut
2836 2204 2919 2260 illi
2976 2221 3007 2259 a
3053 2220 3145 2277 spe
3201 2203 3543 2276 possidenda

1947 2293 2287 2350 hareditatis
2328 2302 2728 2362 retraxerunt,
2776 2296 2862 2350 vel
2913 2294 3026 2365 ipse
3075 2295 3307 2366 populus
3352 2309 3542 2348 eorum

1949 2385 2284 2440 revelatione
2331 2401 2362 2439 a
2392 2385 2488 2440 Dei
2538 2383 2900 2457 promissione
2946 2400 3001 2440 se
3039 2383 3334 2439 alienavit:
3389 2381 3464 2437 ita
3491 2389 3545 2437 et

1947 2473 2039 2529 isti
2084 2490 2152 2529 ne
2192 2475 2248 2529 in
2279 2473 2560 2530 Christum
2603 2463 2902 2530 Dominum
2933 2473 3236 2540 crederent,
3271 2471 3415 2544 plebi
3446 2471 3543 2527 fal-

1947 2562 2102 2618 laciis
2131 2562 2529 2619 dissuaserunt.
2560 2563 2690 2619 Ideo
2720 2562 2775 2617 in
2807 2579 2898 2618 eos
2925 2562 3165 2619 dicitur:
3213 2586 3230 2607 ι
3256 2562 3350 2617 Va
3385 2561 3544 2617 vobis

1947 2651 2042 2725 qui
2071 2652 2278 2707 tulistis
2323 2652 2533 2707 clavem
2575 2652 2849 2708 scientia:
2890 2652 2994 2724 ipsi
3023 2668 3132 2708 non
3166 2650 3456 2718 introistis,
3491 2658 3546 2706 et

1946 2757 2039 2797 eos
2090 2741 2185 2814 qui
2233 2739 2558 2806 introibant,
2593 2740 2956 2812 prohibuistis
3012 2741 3163 2810 (Luc.
3215 2756 3296 2805 χι,
3345 2738 3463 2808 52).
3513 2764 3532 2786 ι

1948 2831 2175 2886 Botrum
2210 2847 2340 2885 vero
2366 2845 2527 2902 quem
2559 2829 2888 2896 retulerunt,
2918 2828 3170 2885 Christus
3199 2835 3299 2884 est.
3333 2827 3461 2883 Ideo
3488 2826 3544 2882 in

1948 2919 2192 2976 Canticis
2246 2920 2591 2976 canticorum
2642 2918 2780 2975 dicit
2833 2916 3080 2974 Ecclesia
3139 2916 3206 2972 de
3266 2916 3486 2973 Christo
3529 2933 3540 2971 :

1960 3033 1977 3053 -
2013 3009 2211 3064 Botrus
2236 3008 2404 3081 Cypri
2446 3009 2719 3065 fraternus
2751 3024 2903 3064 meus
2943 3007 3082 3062 mihi
3124 3005 3180 3061 in
3213 3005 3392 3061 vineis
3421 3005 3544 3060 En-

1947 3097 2106 3168 gaddi
2135 3098 2324 3168 (Cant.
2359 3117 2398 3166 ι,
2448 3099 2558 3164 13).
2594 3124 2612 3146 ι
2656 3098 2859 3154 Malum
2901 3096 3162 3169 punicum
3195 3095 3266 3152 ob
3295 3095 3414 3168 ejus
3441 3111 3546 3150 ru-

1945 3186 2132 3242 borem
2180 3187 2402 3257 sanguis
2449 3186 2656 3242 Christi
2717 3195 2816 3241 est.
2871 3186 3022 3242 Unde
3063 3185 3264 3241 Isaias:
3328 3208 3346 3232 ι
3393 3183 3546 3240 Unde

1946 3275 2132 3330 fulvor
2161 3276 2398 3330 vestium
2425 3276 2492 3330 de
2518 3275 2687 3330 Bosra
2711 3276 2852 3342 (Isa.
2892 3291 3050 3339 Lxm,
3087 3274 3139 3342 1)
3165 3274 3226 3329 ἳ»
3259 3274 3444 3341 Ficus,
3475 3272 3546 3328 ob

1947 3361 2066 3433 ejus
2085 3362 2436 3428 suavitatem,
2467 3362 2558 3417 lex
2578 3360 2891 3431 evangelica
2917 3379 2927 3415 :
2957 3359 3080 3414 ideo
3105 3383 3121 3404 ι
3144 3359 3337 3430 jugum
3363 3376 3546 3416 meum

1947 3465 2115 3506 suave
2144 3457 2225 3505 est
2257 3449 2471 3520 (Matth.
2506 3466 2582 3517 χι,
2621 3449 2737 3519 30).
2771 3474 2789 3496 ι»
2828 3449 2929 3504 Per
2975 3448 3189 3504 Dathan
3219 3455 3272 3503 et
3313 3447 3544 3515 Abiron,

1947 3543 2080 3616 quid
2112 3541 2259 3598 aliud
2291 3558 2453 3614 quam
2479 3543 2575 3615 qui
2606 3541 2840 3597 haereses
2869 3548 2922 3595 et
2951 3539 3252 3597 schismata
3283 3537 3338 3595 in
3361 3539 3549 3595 Eccle-

1946 3632 2083 3688 siam
2116 3631 2496 3700 introducunt,
2539 3630 2972 3703 signiﬁcantur?
3004 3631 3042 3686 li
3083 3628 3384 3685 sacerdotis
3423 3644 3547 3684 auc-

1944 3722 2164 3778 toritate
2193 3729 2525 3794 contempta,
2565 3722 2632 3778 ab
2663 3739 2727 3778 eo
2755 3729 2809 3777 et
2839 3721 2933 3777 Dei
2982 3719 3232 3777 Ecclesia
3271 3735 3328 3774 se
3373 3734 3549 3791 segre-

1945 3819 2153 3884 gantes,
2181 3811 2316 3868 alias
2359 3811 2636 3878 ecclesias,
2669 3810 2822 3867 aliud
2852 3811 3043 3876 altare,
3087 3809 3224 3864 alios
3254 3823 3454 3875 mores,
3486 3815 3550 3863 ut

1944 3901 2304 3973 Apollinaris,
2322 3900 2679 3968 Novatianus,
2703 3906 2757 3954 et
2777 3899 3011 3965 similes,
3033 3897 3341 3954 somniant:
3366 3905 3423 3952 et
3448 3895 3548 3952 Dei

1945 3991 2294 4047 ordinatione
2362 3989 2560 4061 rejecta
2593 4033 2607 4058 ,
2684 3988 2933 4060 proprias
2983 3996 3255 4042 conantur
3307 3993 3549 4041 statuere

1944 4080 2252 4136 vanitates:
2288 4077 2560 4135 hareticis
2607 4076 2831 4132 tandem
2863 4074 3358 4146 Schismaticisque
3388 4081 3550 4129 terra

1945 4167 2229 4240 deglutitis
2261 4167 2540 4240 voragine,
2572 4169 2758 4222 Aaron
2786 4164 3058 4231 sacerdos,
3083 4163 3141 4218 id
3171 4171 3272 4231 est,
3291 4161 3548 4220 Christus

1944 4257 2216 4314 Dominus
2266 4255 2518 4313 sacerdos
2548 4255 2604 4310 in
2639 4263 2903 4311 aternam
2944 4251 3247 4310 secundum
3294 4251 3545 4308 ordinem

1942 4344 2344 4402 Melchisedech
2393 4345 2752 4402 constituitur
2823 4343 3040 4400 medius
3086 4340 3154 4398 ad
3212 4342 3542 4414 placandum

1946 4437 2117 4492 Deum
2147 4456 2157 4493 :
2189 4461 2206 4482 ι
2239 4435 2370 4508 quia
2394 4436 2507 4508 ipse
2528 4435 2927 4507 sempiternum
2955 4432 3119 4489 habet
3151 4431 3544 4497 sacerdotium,

1867 4499 1916 4558 D
1947 4538 2160 4594 semper
2190 4499 2384 4578 vivens
2412 4499 2479 4577 ad
2510 4499 2972 4592 interpellandum
3013 4534 3110 4590 pro
3145 4516 3307 4572 nobis
3349 4516 3546 4587 (Hebr.

1943 4630 2046 4680 vn,
2077 4612 2166 4680 24,
2197 4613 2312 4683 25).
2349 4637 2367 4660 ι
2410 4611 2580 4667 Arida
2612 4611 2766 4682 virga
2789 4611 2974 4665 Aaron
3017 4624 3136 4680 qua
3169 4613 3355 4679 postea
3385 4604 3551 4659 mira-

1917 4703 2067 4759 culo
2101 4700 2454 4773 germinavit,
2487 4698 2692 4756 Christi
2724 4713 2851 4754 caro
2881 4704 2984 4764 est,
3015 4712 3135 4768 qua
3157 4695 3312 4763 virga
3340 4692 3547 4748 dicitur

1940 4808 1972 4847 a
2020 4792 2286 4864 propheta
2330 4809 2340 4846 :
2404 4812 2423 4834 ι
2471 4787 2799 4859 Egredietur
2848 4785 3002 4855 virga
3049 4783 3115 4838 de
3171 4780 3354 4836 radice
3401 4779 3548 4834 Jesse

1947 4883 2081 4954 (Isa.
2114 4900 2195 4951 χι,
2247 4884 2324 4954 1).
2359 4906 2376 4928 ι
2421 4881 2549 4936 Haec
2594 4877 2747 4934 arida
2775 4875 2984 4942 ﬂoruit,
3028 4873 3158 4945 quia
3207 4880 3422 4929 mortua
3467 4888 3546 4928 re-

1944 4973 2208 5028 surrexit.

2013 5078 2168 5134 XVl-
2185 5075 2416 5139 mansio,
2433 5070 3207 5130 Bsxom-rnanxs.—Decima
3221 5081 3376 5130 sexta
3397 5089 3550 5130 man-

1944 5165 2026 5222 sio
2057 5163 2504 5236 Remon—phares
2539 5161 2864 5235 appellatur.
2901 5161 3162 5236 Sequitur
3191 5162 3372 5218 enim:
3421 5187 3440 5210 α
3477 5146 3550 5219 Ει

1944 5255 2177 5327 profecti
2234 5270 2303 5309 ex
2335 5251 2588 5321 Rethma,
2629 5253 2997 5310 castrametati
3047 5263 3175 5310 sunt
3205 5253 3261 5308 in
3301 5254 3550 5309 Bemon-

1945 5345 2142 5418 phares
2169 5344 2363 5413 (Num.
2399 5359 2604 5412 χχχιιι,
2657 5344 2770 5416 19).
2818 5349 2910 5406 12
2941 5343 3070 5400 Hac
3097 5350 3178 5400 est
3210 5342 3425 5398 mansio
3455 5359 3550 5398 se-

1941 5439 2123 5499 cunda
2153 5439 2210 5495 in
2239 5438 2452 5496 deserto
2473 5439 2708 5509 Pharan,
2729 5457 2853 5514 qua
2883 5440 2941 5496 in
2973 5447 3161 5496 nostra
3187 5439 3376 5512 lingua
3403 5440 3549 5498 divi-

1939 5529 2022 5584 sio
2039 5526 2294 5584 sublimis
2316 5527 2709 5597 interpretatur
2734 5547 2745 5584 :
2779 5528 2912 5602 quia
2939 5529 3036 5585 ubi
3053 5528 3177 5602 quis
3202 5528 3260 5585 in
3288 5528 3548 5598 Rethma,

1939 5616 2088 5700 quod
2133 5623 2216 5676 est
2269 5631 2330 5673 os
2374 5614 2616 5674 videntis
2638 5659 2653 5686 ,
2707 5625 3077 5678 commoratus
3131 5624 3251 5686 est,
3314 5616 3422 5674 hoc
3469 5629 3554 5679 est
