3932 6210
435 285 503 343 27
1449 283 1546 340 AD
1586 284 1819 341 OPERA
1860 283 1916 339 S.
1958 280 2293 340 AMBROSII
2331 281 2713 340 APPENDIX.
3680 291 3756 349 28

432 410 729 483 perfectam
777 426 962 468 rerum
1002 410 1232 484 adeptus
1262 419 1344 469 est
1386 410 1831 483 intelligentiam,
1869 410 2025 467 venit
2056 412 2108 470 A
2136 407 2429 479 signiﬁcat.
2473 409 2643 465 Juxta
2687 408 2867 467 illud:
2934 434 2956 461 ι
3003 410 3174 484 Virga
3212 413 3527 486 aequitatis:
3580 418 3755 491 virga

434 498 502 555 ad
524 498 976 571 Remon-phares,
995 499 1102 556 hoc
1130 509 1233 569 est,
1256 499 1325 556 ad
1343 500 1637 557 sublimem
1667 500 2021 568 divisionem,

433 605 541 661 qua
568 604 599 643 a
628 588 862 644 terrenis
897 589 1158 658 cmlestia,
1190 598 1246 646 et
1294 590 1361 646 ab
1390 590 1596 646 inﬁmis
1624 588 1883 645 sublimia
1928 606 2025 645 se-

433 694 623 750 parare
666 686 864 751 potest.
907 679 1021 736 Nec
1062 680 1375 737 immerito:
1409 697 1535 736 nam
1566 681 1814 751 vigorato
1851 680 2027 736 intel-

432 769 601 837 lectu,
630 778 1018 844 crescenteque
1062 788 1244 827 rerum
1275 772 1493 838 notitia,
1525 770 1842 827 infunditur
1862 770 2026 843 judi-

431 856 601 925 cium,
626 874 735 930 quo
766 875 797 914 a
825 860 1216 932 temporalibus
1254 866 1476 928 aeterna,
1507 867 1561 915 et
1589 875 1621 914 a
1656 859 1878 915 caducis
1907 875 2025 931 per-

431 961 594 1023 petua
642 952 1049 1011 discernuntur.
1100 953 1227 1009 Ideo
1276 971 1371 1026 per
1413 954 1740 1027 Prophetam
1778 954 2020 1012 dicitur:

445 1068 461 1088 -
492 1043 547 1098 Si
578 1042 835 1099 eduxeris
862 1044 1164 1116 pretiosum
1194 1060 1226 1099 a
1272 1044 1394 1113 vili,
1427 1044 1584 1118 quasi
1613 1061 1674 1101 os
1703 1060 1887 1101 meum
1918 1044 2026 1102 eris

432 1132 646 1202 (Jerem.
680 1149 777 1202 xv,
812 1134 924 1206 19).
953 1158 972 1181 ›

498 1223 680 1280 XVIIl|
710 1225 937 1294 mansio,
969 1226 1177 1283 Leana.
1208 1257 1279 1268 —
1306 1225 1518 1282 Mansio
1544 1224 1760 1283 decima
1794 1227 2028 1298 septima

428 1311 491 1367 in
514 1312 699 1368 Lehna
728 1315 927 1385 agitur,
968 1331 1136 1387 quare
1174 1313 1493 1387 subjungit:
1542 1340 1559 1362 ι
1590 1316 1661 1371 Et
1694 1315 1924 1387 protecti
1955 1332 2026 1371 ex

426 1403 897 1476 Remon—phares,
941 1405 1308 1460 castrametati
1348 1414 1477 1461 sunt
1506 1406 1563 1460 in
1612 1405 1796 1462 Lehna
1830 1406 2020 1478 (Num.

424 1508 635 1560 χχχιιι,
667 1493 783 1564 20).
824 1494 938 1550 Hac
962 1494 1246 1550 mansione
1287 1496 1519 1566 mystice
1562 1495 1846 1563 docemur,
1876 1495 2023 1569 quod

428 1580 485 1636 in
519 1580 714 1637 itinere
744 1581 910 1653 hujus
940 1583 1068 1639 vitae
1092 1583 1266 1639 abluti
1297 1599 1523 1657 corpore
1560 1592 1614 1639 et
1635 1584 1828 1640 mundi
1860 1585 2024 1640 corde

424 1685 540 1726 esse
568 1668 852 1739 debemus,
884 1678 949 1727 ut
986 1672 1285 1744 Apostolus
1317 1673 1383 1729 ad
1416 1674 1672 1731 Hebraeos
1700 1674 1895 1730 scribit
1922 1674 2022 1729 di-

2134 498 2285 568 regni
2322 498 2402 553 tui
2433 499 2606 569 (Psal.
2640 516 2796 569 xuv,
2829 500 2907 569 7).
2954 500 3153 557 Merito
3182 510 3365 563 autem
3398 512 3525 575 post
3573 507 3754 565 Ressa

2134 586 2384 659 sequitur
2429 587 2706 645 Calatha:
2755 589 3018 662 quoniam
3066 590 3164 647 ubi
3215 592 3404 649 anima
3457 592 3516 649 in
3574 595 3754 653 Ressa

2135 676 2466 733 tentationes
2507 678 2808 749 superavit,
2840 679 2920 734 ila
2965 679 3125 736 fortis
3154 680 3343 737 evadit
3385 689 3449 738 ut
3477 685 3753 744 ascendat

2136 762 2401 835 Calatha,
2452 765 2559 823 hoc
2600 774 2706 836 est,
2759 775 2822 823 ut
2867 768 3180 825 dominium
3235 771 3486 844 acquirat
3530 775 3750 833 nedum

2136 853 2463 912 inferiorum
2492 873 2718 913 suarum
2750 855 3042 926 virtutum,
3075 857 3172 914 sed
3201 867 3257 916 et
3302 861 3477 919 totius
3515 865 3744 922 mundi.

2135 944 2256 1001 Huc
2302 944 2619 1001 ascenderat
2666 946 2987 1018 Apostolus,
3027 948 3247 1020 quando
3294 949 3475 1009 dixit:
3541 979 3560 1001 ι
3600 954 3749 1013 Mihi

2135 1034 2376 1090 mundus
2412 1033 2716 1090 cruciﬁxus
2771 1043 2875 1100 est,
2923 1044 2978 1092 et
3006 1051 3105 1108 ego
3145 1038 3355 1095 mundo
3406 1040 3614 1112 (Galat.
3659 1063 3748 1114 vr,

2138 1123 2251 1196 14).
2280 1148 2298 1172 ι
2361 1124 2824 1183 Castrametemur
2865 1127 3035 1199 igitur
3063 1138 3116 1185 et
3156 1146 3257 1186 nos
3294 1130 3353 1186 in
3400 1132 3542 1190 hanc
3571 1151 3751 1194 man-

2133 1213 2365 1283 sionem,
2420 1222 2477 1270 ut
2524 1232 2745 1273 carnem
2783 1232 2911 1272 cum
2958 1217 3112 1274 vitiis
3159 1227 3217 1275 et
3264 1221 3746 1295 concupiscentiis

2134 1303 2537 1375 cruciﬁgentes,
2583 1312 2639 1361 et
2682 1304 2824 1361 facta
2864 1304 2983 1377 ejus
3015 1306 3434 1377 mortiﬁcantes,
3483 1311 3746 1370 dicamus

2133 1407 2259 1447 cum
2290 1392 2555 1464 Apostolo
2579 1411 2592 1449 :
2631 1417 2649 1440 ι
2673 1392 2833 1461 Quod
2861 1403 3045 1451 autem
3076 1396 3208 1452 vivo
3237 1396 3297 1453 in
3323 1413 3510 1470 carne,
3542 1401 3601 1457 in
3628 1401 3745 1459 ﬁde

2133 1480 2266 1535 vivo
2295 1480 2426 1537 Filii
2452 1481 2554 1537 Dei
2584 1483 2787 1553 (Galat.
2820 1500 2882 1552 ιι,
2917 1484 3033 1555 20).
3068 1510 3086 1533 ι

2204 1569 2338 1625 XXI
2382 1571 2609 1638 mansio,
2642 1574 2964 1629 Ansarnan.
2995 1603 3067 1615 —
3094 1573 3306 1632 Mansio
3348 1576 3615 1634 vicesima
3655 1589 3747 1638 est

2131 1661 2188 1716 in
2221 1662 2517 1734 Arsaphar.
2550 1662 2679 1719 Ideo
2715 1664 2880 1721 dicit:
2930 1689 2949 1714 ι
2989 1666 3061 1721 Et
3106 1666 3337 1738 profecti
3377 1667 3445 1723 de
3480 1667 3742 1741 Calatha,

423 1776 551 1817 cens
576 1779 587 1816 :
622 1783 642 1807 ι
673 1759 1017 1817 Accedamus
1045 1778 1171 1819 cum
1219 1778 1352 1819 vero
1379 1762 1543 1820 corde
1587 1763 1646 1817 in
1676 1762 2011 1835 plenitudine

2130 1752 2498 1808 castrametati
2530 1759 2659 1808 sunt
2689 1752 2746 1807 in
2775 1753 3056 1826 Arsaphar
3081 1756 3274 1826 (Num.
3307 1772 3515 1827 χχχιιι,
3552 1757 3673 1830 23).
3707 1785 3728 1809 ι

424 1848 575 1916 ﬁdei,
625 1848 833 1919 aspersi
871 1848 1038 1905 corda
1079 1866 1111 1905 a
1158 1850 1497 1907 conscientia
1543 1851 1704 1919 mala,
1749 1860 1805 1907 et
1844 1850 2019 1908 abluti

424 1951 624 2006 corpus
651 1949 792 2006 aqua
819 1935 1027 1991 munda
1050 1937 1242 2007 (Hebr.
1282 1953 1341 2007 χ,
1371 1938 1486 2009 22).
1519 1963 1537 1986 ι
1576 1938 1638 1995 Id
1660 1938 1840 2010 ipsum
1868 1954 2020 1994 nam-

424 2039 531 2098 que
570 2023 757 2080 Lehna
785 2024 939 2081 vocis
968 2024 1350 2099 interpretatio
1391 2027 1636 2084 indicat:
1684 2036 1843 2084 sonat
1869 2028 2018 2084 enim

424 2114 619 2171 Latine
646 2115 833 2172 Lehna
860 2115 1010 2172 idem
1056 2118 1204 2190 quod
1245 2117 1540 2175 dealbatio.
1572 2118 1693 2174 Non
1726 2126 1808 2175 est
1836 2125 2019 2174 autem

423 2204 721 2272 dealbatio,
751 2222 862 2279 qua
888 2206 1240 2276 culpabiliter
1266 2207 1474 2265 dicitur
1501 2216 1555 2264 et
1582 2209 1759 2281 paries
1787 2207 2021 2265 dealba-

422 2301 533 2363 tus,
582 2304 634 2351 et
663 2296 915 2367 sepulcra
961 2295 1214 2354 dealbata
1244 2298 1419 2369 (Orig.
1456 2296 1606 2354 hom.
1640 2299 1707 2355 27
1754 2300 1812 2353 in
1854 2299 2016 2357 Num.

422 2401 493 2441 ex
531 2402 675 2443 vers.
717 2386 912 2458 But);
962 2387 1057 2445 sed
1085 2404 1248 2467 quam
1296 2388 1568 2462 Propheta
1608 2398 1882 2462 precatur,
1922 2390 2021 2447 di-

420 2488 588 2530 cens:
655 2499 674 2524 ι
718 2476 956 2534 Lavahis
999 2494 1086 2533 me
1110 2522 1125 2547 ,
1173 2485 1228 2534 et
1274 2494 1438 2551 super
1491 2479 1678 2536 nivem
1725 2479 2021 2537 dealbabor

418 2564 604 2633 (Psal.
632 2582 684 2633 ι,
715 2565 798 2637 9),
827 2591 846 2613 ι
890 2583 1055 2640 quam
1084 2567 1354 2624 Dominus
1378 2584 1475 2640 per
1498 2567 1819 2640 prophetam
1846 2568 2020 2641 polli-

418 2659 574 2709 cetur
599 2652 821 2711 dicens:
859 2680 877 2702 ι
898 2654 956 2712 Si
986 2656 1197 2713 fuerint
1227 2665 1447 2729 peccata
1473 2666 1655 2714 vestra
1681 2657 1825 2714 sicut
1866 2658 2019 2729 phoe-

417 2741 649 2812 nicium,
680 2745 837 2817 quasi
884 2744 1073 2801 nivem
1116 2745 1418 2803 dealbabo:
1450 2756 1505 2803 et
1548 2746 1594 2803 si
1637 2746 1845 2803 fuerint
1876 2747 2021 2803 sicut

415 2831 723 2902 coccinum,
772 2834 930 2890 velut
972 2834 1155 2890 lanam
1218 2834 1453 2891 candida
1498 2834 1729 2892 efficiam
1777 2837 1918 2906 (Isa.
1975 2853 2017 2905 ι,

420 2918 532 2988 18).
578 2920 705 2977 Haec
732 2921 1011 2979 dealbatio
1053 2938 1123 2977 ex
1153 2923 1390 2979 candore
1429 2922 1629 2995 judicii
1658 2923 1726 2979 de
1772 2924 2020 2980 Remon-

416 3008 633 3081 phares,
667 3017 722 3065 et
763 3010 1013 3067 claritate
1042 3010 1320 3068 visionum
1370 3012 1438 3068 de
1460 3012 1725 3081 'Rethma,
1769 3013 1865 3070 ubi
1913 3029 2019 3070 ve-

2130 1840 2398 1897 Animosa
2442 1840 2610 1897 statio
2643 1841 2751 1898 ista
2784 1848 2897 1911 est;
2933 1842 3002 1898 ad
3051 1843 3222 1900 ardua
3265 1845 3468 1919 quippe
3498 1862 3601 1904 nos
3638 1848 3745 1905 in—

2129 1930 2291 1999 vitat,
2317 1946 2514 2003 nempe
2542 1930 2611 1987 ad
2636 1930 2801 2000 bella,
2840 1940 2895 1989 et
2922 1932 3069 1989 bella
3106 1936 3426 2009 asperrima,
3456 1944 3513 1994 et
3542 1946 3744 1996 contra

2130 2018 2459 2076 fortissimos
2487 2027 2542 2076 et
2570 2021 2904 2078 saevissimos
2932 2022 3138 2079 hostes.
3170 2025 3248 2080 De
3279 2024 3481 2098 quibus
3507 2026 3735 2085 dicebat

2128 2110 2462 2181 Apostolus:
2510 2134 2528 2158 ι
2555 2112 2677 2167 Νοιι
2706 2118 2787 2167 est
2824 2111 2985 2170 nobis
3013 2114 3163 2170 lucta
3189 2113 3452 2172 adversus
3506 2133 3735 2175 carnem

2128 2207 2183 2256 et
2211 2202 2554 2274 sanguinem,
2585 2202 2681 2259 sed
2723 2203 2985 2261 adversus
3026 2206 3370 2280 principatus
3402 2216 3457 2266 et
3483 2218 3741 2283 potesta-

2127 2296 2210 2346 tes
2238 2290 2406 2363 hujus
2434 2291 2651 2362 mundi,
2700 2293 2964 2351 adversus
3000 2296 3351 2353 tenebrarum
3390 2298 3589 2356 harum
3619 2317 3738 2360 rec-

2128 2388 2297 2449 tores,
2326 2389 2432 2439 etc.
2469 2381 2687 2454 (Ephes.
2719 2400 2799 2452 vr,
2833 2384 2946 2455 12).
2981 2410 3000 2433 ι
3041 2388 3091 2441 A
3120 2385 3322 2459 quibus
3351 2389 3558 2462 urgeri,
3591 2390 3737 2448 vim-

2129 2486 2233 2543 que
2268 2468 2376 2526 sibi
2421 2469 2637 2540 inferri,
2685 2470 2831 2528 idem
2878 2473 3178 2547 Apostolus
3222 2475 3532 2546 sentiebat;
3583 2480 3736 2537 unde

2129 2559 2312 2616 dixit:
2376 2561 2628 2618 «Infelix
2672 2577 2771 2635 ego
2817 2562 3005 2633 homo,
3056 2564 3180 2639 quis
3224 2582 3313 2624 me
3359 2567 3617 2627 liberabit
3661 2569 3734 2628 de

2128 2663 2355 2720 corpore
2388 2650 2583 2706 mortis
2611 2648 2779 2722 hujus
2804 2650 2980 2722 (Rom.
3014 2668 3117 2724 vn,
3148 2652 3243 2726 24)
3276 2655 3305 2713 7
3332 2679 3350 2703 ι
3394 2656 3730 2727 Hocautem,

2129 2737 2259 2810 quia
2302 2738 2582 2812 Arsaphar
2617 2740 2765 2798 tubze
2808 2743 3051 2815 clangor,
3093 2744 3212 2802 sive
3245 2746 3579 2805 tubicinatio
3623 2757 3730 2819 est,

2130 2826 2278 2901 quod
2326 2836 2408 2884 est
2456 2829 2588 2885 belli
2636 2830 2878 2904 signum.
2920 2834 3033 2891 Nec
3084 2835 3400 2904 immerito;
3464 2838 3731 2910 quoniam

2126 2916 2313 2974 anima
2341 2919 2720 2992 superioribus
2749 2923 3153 2992 mansionibus,
3184 2933 3267 2982 tot
3298 2927 3576 3000 tantisque
3609 2928 3728 2984 vir-

2127 3007 2339 3065 tutibus
2379 3025 2437 3065 se
2467 3025 2696 3068 cernens
2742 3020 3029 3082 armatam,
3058 3014 3333 3071 contineri
3366 3031 3492 3072 ~non
3522 3025 3726 3088 potest,

415 3116 510 3156 rus
538 3101 785 3159 Israelita
829 3118 961 3159 suas
1003 3104 1216 3178 peragit
1261 3105 1596 3176 mansiones,
1627 3113 1879 3180 potenter
1908 3122 2017 3163 ex-
2043 3132 2094 3197 α
2126 3099 2261 3197 qgin
2290 3099 2548 3197 procedat
2564 3101 2621 3157 in
2652 3101 2918 3170 medium,
2935 3109 3068 3197 etse
3095 3103 3164 3160 ad
3184 3105 3487 3197 certamina
3516 3106 3727 3197 nedum

415 3190 610 3262 surgit.

485 3279 693 3338 XVIII.
713 3282 941 3350 mansio,
960 3284 1150 3341 Bassa.
1173 3313 1245 3325 —
1263 3283 1476 3341 Mansio
1502 3284 1717 3342 decima
1734 3293 1928 3342 octava
1951 3288 2010 3345 in

414 3372 579 3428 Ressa
626 3373 923 3447 peragitur.
972 3373 1128 3431 Unde
1160 3374 1479 3446 subjungit:
1523 3400 1542 3422 ι
1571 3376 1642 3431 Et
1678 3377 1909 3449 profecti
1938 3394 2011 3435 ex

410 3460 630 3529 Lebna,
668 3464 1038 3519 castrametati
1084 3472 1215 3519 sunt
1269 3464 1328 3519 in
1376 3465 1543 3521 Ressa
1585 3466 2004 3535 (Num.xxxm,

410 3548 527 3619 21).
559 3574 578 3596 ι
623 3550 855 3622 Mystice
885 3550 990 3607 hac
1019 3551 1302 3606 mansione
1327 3551 1591 3608 docemur
1630 3553 1776 3627 quod
1806 3571 2010 3629 quam-

410 3636 497 3693 vis
526 3636 820 3709 profecisse
869 3639 993 3711 quis
1025 3639 1325 3711 plurimum
1368 3639 1640 3709 videatur,
1672 3643 2009 3717 grandesque

410 3728 693 3802 profectus
722 3728 891 3786 fuerit
929 3739 1275 3800 consecutus,
1307 3748 1431 3787 eum
1463 3739 1646 3790 tamen
1675 3734 2007 3791 tentationes

411 3834 523 3874 non
556 3817 817 3876 deserunt
843 3837 854 3875 :
889 3828 1105 3877 tantum
1137 3820 1286 3876 enim
1327 3820 1441 3893 jam
1472 3822 1776 3894 profecerat
1803 3824 2005 3880 Paulus

409 3908 711 3980 apostolus,
759 3917 822 3966 ut
867 3918 922 3966 et
962 3926 1138 3983 usque
1185 3910 1253 3967 ad
1304 3912 1526 3968 tertium
1572 3914 1770 3971 caelum
1816 3922 2005 3984 raptus

407 3999 598 4068 fuerit,
630 3999 977 4075 audieritque
1006 4018 1206 4059 arcana
1259 4002 1579 4073 ineffabilia,
1635 4004 2005 4061 nihilominus

408 4088 736 4164 prodigiosis
763 4091 946 4150 adhuc
973 4092 1371 4151 tentationihus
1404 4095 1586 4167 urgeri
1624 4111 1681 4151 se
1710 4093 2000 4151 sentiebat.

408 4179 563 4237 Unde
592 4182 956 4255 querebatur:
1004 4209 1022 4232 ι
1050 4186 1219 4242 Datus
1242 4193 1325 4242 est
1360 4185 1499 4242 mihi
1532 4185 1795 4242 stimulus
1823 4184 2003 4241 carnis

407 4272 634 4344 angelus
663 4273 896 4343 Satanze,
925 4283 988 4332 ut
1016 4292 1101 4333 me
1130 4276 1437 4349 colaphizet
1465 4275 1555 4347 (ΙΙ
1583 4276 1708 4332 Cor.
1731 4292 1834 4344 χιι,
1869 4277 1947 4347 7).
1969 4301 1989 4325 ι

408 4359 760 4420 Tentationes
787 4372 964 4422 tamen
993 4365 1311 4439 hujnsmodi
1342 4364 1645 4423 laudabiles
1687 4381 1803 4422 esse
1852 4365 2003 4423 Jaco-

2123 3189 2336 3256 oﬂ'erat,
2379 3192 2475 3248 sed
2506 3201 2749 3265 paratam
2779 3208 2836 3248 se
2865 3194 3147 3264 praeferat:
3192 3194 3327 3268 quin
3370 3203 3427 3253 et
3457 3196 3724 3255 tubarum

2118 3279 2345 3352 clangor
2388 3280 2629 3354 reliquos
2679 3280 2846 3337 etiam
2909 3297 3034 3338 cum
3101 3283 3365 3356 propheta
3411 3293 3712 3357 provocet,

2118 3365 2346 3425 dicens:
2394 3394 2412 3416 ι
2440 3369 2719 3426 Assumite
2770 3385 2941 3438 arma,
2973 3379 3128 3428 scuta
3172 3372 3428 3430 adducite
3455 3372 3514 3429 in
3559 3389 3715 3446 prm-

2118 3456 2279 3524 lium,
2325 3459 2553 3515 sternite
2581 3474 2771 3531 equos,
2814 3459 3092 3516 ascendite
3129 3461 3362 3534 equites,
3404 3461 3575 3534 polite
3603 3462 3722 3520 lan-

2116 3563 2239 3604 ceas
2271 3548 2485 3620 (Jerem.
2517 3566 2671 3618 var,
2715 3550 2769 3616 3,
2801 3549 2881 3620 4).
2914 3575 2934 3595 ι
2991 3551 3109 3606 Imo
3138 3566 3264 3606 cum
3296 3552 3407 3608 alio
3449 3552 3724 3627 propheta

2116 3636 2302 3694 dicat:
2363 3662 2381 3685 ι
2429 3638 2727 3695 Prmdicate
2773 3638 2878 3695 ho‘c
2921 3638 2980 3694 in
3036 3639 3291 3711 gentibus
3313 3684 3329 3709 ,
3381 3642 3721 3701 sanctiﬁcata

2115 3726 2347 3795 bellum,
2378 3729 2637 3785 suscitate
2669 3735 3035 3801 pugnatores;
3069 3728 3330 3798 accedite,
3354 3730 3464 3787 viri
3491 3730 3721 3790 bellato-

2115 3832 2200 3873 res
2231 3817 2369 3889 (Joel
2416 3834 2500 3887 ιιι,
2547 3817 2629 3888 9).
2676 3842 2694 3865 ι
2760 3818 2875 3874 Hoc
2918 3818 3126 3875 bellum
3178 3826 3488 3879 tractarunt
3541 3829 3632 3887 13
3665 3830 3722 3881 et

2114 3918 2367 3974 vicerunt
2416 3926 2617 3989 patres,
2666 3924 2729 3973 ut
2777 3915 2943 3973 refert
2977 3918 3277 3991 Apostolus
3304 3919 3374 3977 ad
3422 3921 3713 3980 Hebraeos:

2128 4029 2147 4056 ι
2179 4006 2591 4063 Obturaverunt
2630 4022 2725 4063 ora
2754 4006 2996 4075 leonum,
3029 4007 3421 4065 exstinxerunt
3448 4010 3714 4083 impetum

2114 4096 2278 4167 ignis,
2326 4096 2707 4169 eﬁ'ugaverunt
2749 4096 2926 4153 aciem
2976 4095 3166 4168 gladii,
3202 4097 3373 4154 fortes
3417 4097 3546 4154 facti
3587 4105 3717 4155 sunt

2116 4185 2173 4241 in
2203 4184 2350 4242 bello
2382 4186 2567 4257 (Hebr.
2590 4202 2672 4254 χι,
2702 4186 2790 4254 33,
2826 4185 2940 4257 34).
2967 4208 2987 4233 ι
3028 4186 3195 4243 Plena
3224 4186 3397 4260 igitur
3417 4186 3717 4245 roborisac

2112 4274 2340 4347 spiritus
2379 4273 2498 4332 haec
2526 4275 2741 4333 mansio
2771 4283 2872 4333 est.

2183 4383 2342 4440 ΧΧΙ·
2371 4383 2598 4453 mansio,
2628 4387 2848 4441 Anam.
2879 4413 2951 4426 —
2979 4382 3257 4442 Vicesima
3295 4382 3476 4455 prima
3498 4385 3713 4443 mansio

406 4451 512 4552 bus
557 4454 841 4554 apostolys
881 4463 1134 4525 testatur.
1177 4456 1376 4554 eioens
1398 4474 1409 4510 :
1459 4479 1477 4501 ι
1521 4454 1698 4552 Omne
1740 4452 2001 4553 εδιιξίίιιξιι
2030 4495 2077 4554 D
2110 4471 2295 4529 Arada
2319 4480 2438 4540 est;
2467 4451 2593 4530 ideo
2622 4471 2804 4529 dixit:
2856 4495 2876 4519 ι
2902 4472 2977 4528 Et
3018 4470 3253 4544 profecti
3295 4451 3367 4528 ex
3409 4471 3708 4547 Arsaphar,

406 4540 738 4610 existimate,
769 4543 985 4610 fratres,
1016 4561 1141 4601 cum
1174 4544 1232 4599 in
1262 4542 1443 4598 varias
1488 4541 1820 4598 tentationes
1851 4542 2003 4600 inci-

406 4628 597 4686 deritis
613 4630 812 4703 (Iacob.
840 4633 892 4700 1,
915 4632 997 4701 2),
1020 4632 1104 4687 hae
1134 4646 1373 4703 namque
1393 4631 1546 4686 velut
1564 4629 1816 4687 custodia
1843 4646 2003 4703 quae-

404 4716 528 4774 dam
579 4719 796 4776 homini
839 4719 1194 4776 adhibentur.
1226 4710 1383 4773 Sicut
1410 4716 1558 4774 enim
1590 4733 1717 4773 caro
1747 4721 2001 4790 quamvis

403 4808 678 4882 praecipua
705 4809 797 4878 sit,
829 4808 936 4864 nisi
968 4808 1078 4864 sale
1105 4813 1441 4879 aspergatur,
1480 4807 1889 4879 corrumpitur:
1924 4810 2001 4866 ita

403 4904 458 4953 et
484 4899 687 4965 anima,
716 4895 1079 4971 quantumvis
1102 4895 1360 4967 perfecta,
1384 4895 1491 4951 nisi
1512 4895 1749 4953 assiduis
1772 4897 2001 4956 saliatur

402 4987 820 5054 tentationibus,
851 4986 1133 5042 relaxatur
1159 4985 1333 5058 (Orig.
1368 4984 1520 5042 hom.
1553 4986 1620 5043 27
1648 4987 1707 5043 in
1733 4989 1894 5045 Num.
1927 5007 1998 5047 ex

402 5089 545 5133 vers.
605 5075 786 5145 But).
847 5075 962 5130 Hoc
1011 5080 1193 5130 autem
1216 5118 1234 5145 ,
1280 5074 1412 5149 quia
1456 5076 1653 5146 Ressa,
1700 5077 1998 5136 laudabilis

400 5164 632 5221 tentatio
661 5163 1072 5232 interpretatur.

470 5270 630 5327 ΧΙΧ·
658 5266 887 5336 mansio,
917 5268 1198 5327 Caurus.
1227 5301 1299 5315 —
1325 5274 1549 5331 Decima
1593 5291 1740 5331 nona
1781 5274 1995 5331 mansio

401 5358 629 5417 Calatha
671 5353 912 5413 dicitur:
945 5356 1013 5415 ad
1044 5375 1207 5432 quam
1249 5360 1352 5418 ﬁlii
1398 5364 1561 5421 Israel
1597 5365 1763 5423 Ressa
1792 5364 1992 5420 abeun-

401 5454 483 5503 tes
526 5452 913 5519 pervenerunt.
960 5447 1113 5506 Unde
1158 5451 1441 5527 sequitur:
1505 5478 1524 5501 ι
1551 5454 1623 5510 Et
1655 5452 1886 5525 profecti
1924 5450 1992 5508 de

402 5536 587 5603 Ressa,
632 5536 997 5593 castrametati
1042 5548 1174 5597 sunt
1204 5540 1262 5596 in
1292 5540 1522 5598 Calatha
1559 5542 1750 5611 (Num.
1780 5557 1986 5609 χχχιιι,

401 5621 516 5693 22).
566 5620 791 5680 Calatha
831 5634 989 5684 sonat
1034 5626 1229 5686 Latine
1277 5628 1487 5703 virgam
1513 5670 1531 5699 ,
1581 5636 1636 5685 et
1676 5628 1986 5687 dominium

2109 4561 2478 4619 castrametati
2508 4570 2639 4619 sunt
2662 4560 2722 4616 in
2739 4560 2923 4617 Arada
2935 4559 3129 4632 (Num.
3175 4576 3383 4631 χχχιιι,
3405 4560 3556 4635 24).»
3587 4562 3713 4620 Ηωο

2109 4667 2327 4726 quoque
2348 4651 2561 4708 mansio
2579 4650 2757 4722 longis
2776 4655 2859 4704 est
2885 4648 3177 4720 praeconiis
3199 4650 3508 4708 recolenda.
3530 4651 3712 4710 Arada

2109 4756 2345 4815 namque
2391 4740 2653 4796 idoneum
2685 4738 2942 4794 effectum
2984 4737 3216 4796 indicat.
3262 4739 3436 4797 Adest
3479 4741 3712 4813 pulcher

2108 4828 2244 4884 ordo
2269 4847 2282 4895 ;
2311 4828 2404 4884 sed
2434 4824 2764 4884 observandi
2794 4834 2923 4883 sunt
2960 4827 3372 4900 proﬁcientium
3402 4829 3623 4901 gradus,
3656 4837 3709 4886 et

2106 4917 2275 4972 series
2303 4916 2651 4987 profectuum
2698 4914 3048 4988 inspicienda
3074 4924 3176 4973 est.
3208 4918 3344 4974 Nam
3380 4918 3478 4975 ubi
3521 4918 3709 4975 anima

2107 5004 2436 5062 tentationes
2465 5004 2769 5077 superavit,
2800 5006 2949 5063 vires
2998 5005 3290 5063 inferiores
3316 5022 3565 5079 premere
3594 5023 3703 5065 au—

2104 5094 2232 5151 det:
2259 5104 2314 5152 et
2343 5094 2438 5153 ubi
2467 5110 2632 5168 super
2657 5095 2736 5153 eis
2761 5095 3057 5169 imperium
3085 5095 3286 5153 habere
3325 5112 3381 5154 se
3410 5098 3702 5172 conspicit,

2104 5183 2432 5242 adversariis
2482 5185 2845 5259 potestatibus
2885 5184 3139 5252 insultat,
3171 5200 3473 5260 earumque
3502 5193 3706 5260 poten-

2101 5273 2207 5329 tias
2246 5272 2448 5331 nedum
2492 5290 2605 5331 non
2649 5274 2828 5341 timet,
2862 5271 2959 5328 sed
3010 5271 3079 5329 ad
3107 5282 3387 5331 certamen
3418 5282 3699 5347 provocat.

2098 5365 2260 5422 Nunc
2295 5374 2476 5423 autem
2519 5365 2589 5423 de
2632 5364 2868 5423 victoria
2910 5379 3103 5422 secura
3129 5364 3380 5422 ascendit
3408 5366 3468 5422 in
3496 5366 3698 5433 Arada,

2100 5451 2158 5509 id
2186 5462 2288 5523 est,
2328 5454 2594 5527 gloriatur
2618 5454 2677 5510 in
2702 5452 2941 5512 Domino
2966 5469 3024 5510 se
3056 5452 3313 5512 idoneam
3346 5453 3617 5525 effectam,
3648 5461 3700 5511 et

2098 5541 2237 5600 dicit
2262 5559 2391 5600 cum
2412 5543 2679 5616 Apostolo
2706 5560 2718 5600 :
2752 5566 2771 5590 ι
2785 5541 3141 5602 Suﬂicientia
3162 5551 3353 5601 nostra
3377 5559 3448 5601 ex
3466 5546 3583 5602 Deo
3599 5550 3699 5612 est,

2096 5631 2192 5704 qui
2221 5637 2277 5688 et
2304 5630 2532 5691 idoneos
2561 5647 2661 5691 nos
2691 5631 2823 5691 fecit
2865 5631 3151 5690 ministros
3192 5630 3329 5689 novi
3359 5628 3694 5691 Testamenti
