3932 6210
281 248 359 306 29
1212 248 1308 305 DE
1347 247 1498 303 XLII
1535 244 2004 303 MANSIONIBUS
2042 246 2383 306 FILIORUM
2421 249 2693 307 ISRAEL.
3533 257 3602 316 30

290 373 385 443 (II
439 373 562 430 Cor.
611 390 697 444 ιιι,
727 374 783 443 5,
839 374 920 446 6).
954 399 973 423 ι
1018 375 1249 431 Oremus
1279 372 1449 445 igitur
1502 372 1701 440 Deum,
1740 380 1803 428 ut
1854 384 1911 432 et
1937 375 1987 433 A
2016 374 2145 431 Ideo
2174 374 2313 433 dicit
2359 383 2580 434 sanctus
2607 377 2817 435 Lucas:
2867 404 2885 427 ‹
2923 381 2994 436 Ει
3022 388 3215 453 stupor
3240 382 3605 455 apprehendit

286 481 393 521 nos
444 463 512 520 ad
562 463 743 521 Arada
788 456 1080 539 pervenire
1126 471 1180 519 et
1223 461 1299 517 ibi
1340 461 1633 518 stationem
1690 460 1892 518 habere

285 558 587 613 valeamus.
639 545 649 554 ’

361 645 547 703 XXII‘
594 644 824 712 mansio,
880 643 1208 700 Maano'rn.
1257 672 1328 684 —
1373 639 1586 698 Mansio
1628 639 1894 697 vicesima

286 720 531 792 secunda
576 735 786 791 dicitur
812 732 1118 799 Maceloth;
1158 731 1365 789 idcirco
1394 730 1676 804 subjungit
1706 749 1717 787 ε
1779 754 1797 778 ‹
1826 731 1897 787 Et

286 824 522 899 profecti
562 823 629 880 de
680 821 885 889 Arada,
941 821 1307 877 castrametati
1345 828 1476 877 sunt
1529 821 1588 876 in
1625 819 1896 879 Maceloth

289 917 479 989 (Num.
513 932 724 984 χχχιιι,
746 912 860 985 25).
891 913 1163 969 Maceloth
1194 913 1586 986 interpretatur
1618 913 1686 968 ab
1712 912 1895 982 initio,

287 1024 387 1080 per
415 1006 565 1080 quod
594 1003 846 1061 innuitur
873 1001 1021 1075 quod
1052 1002 1145 1075 qui
1176 1001 1356 1058 tendit
1384 1002 1453 1058 ad
1479 1002 1896 1083 perfectionem,

289 1096 379 1151 vel
402 1112 522 1151 eam
552 1095 737 1167 aliquo
767 1091 928 1149 modo
957 1098 1265 1148 assecutum
1296 1107 1353 1147 se
1382 1092 1579 1159 sentit,
1610 1090 1679 1147 ad
1708 1107 1893 1147 rerum

291 1184 546 1252 initium,
599 1199 630 1238 a
671 1198 778 1254 quo
823 1180 1083 1236 universa
1120 1179 1450 1253 dependent,
1499 1179 1788 1251 respicere,
1829 1177 1897 1235 ad

291 1275 587 1349 ipsumque
615 1279 815 1329 cuncta
852 1272 1057 1328 referre
1084 1271 1265 1340 debet,
1313 1286 1415 1327 nec
1452 1270 1521 1326 ab
1550 1287 1615 1326 eo
1653 1285 1898 1342 unquam

288 1364 541 1421 recedere
582 1362 758 1435 (Orig.
805 1364 912 1417 loco
942 1378 1059 1434 sup.
1091 1362 1230 1435 cit).
1267 1362 1416 1417 Deus
1444 1367 1527 1417 est
1560 1359 1896 1433 principium

282 1461 340 1511 et
365 1452 513 1521 ﬁnis,
545 1452 678 1509 utin
699 1450 1031 1525 Apocalypsi
1061 1451 1355 1507 scribitur:
1395 1474 1414 1497 ι
1442 1452 1559 1524 Ego
1587 1466 1711 1506 sum
1745 1449 1898 1522 prin-

282 1544 494 1620 cipium
523 1551 578 1600 et
614 1543 764 1610 ﬁnis,
796 1543 934 1601 dicit
963 1544 1235 1600 Dominus
1263 1545 1410 1600 Deus
1439 1543 1543 1616 qui
1572 1552 1675 1611 est,
1705 1551 1759 1600 et
1802 1541 1898 1616 qui

285 1644 423 1704 erat,
453 1644 507 1691 et
534 1636 631 1709 qui
671 1642 938 1691 venturus
958 1642 1041 1690 est
1065 1633 1416 1706 omnipotens
1446 1633 1634 1704 (Apoc.
1669 1648 1709 1700 ι,
1740 1633 1824 1705 8).
1864 1657 1884 1681 ι

2001 481 2190 521 omnes
2239 465 2405 535 (Luc.
2458 484 2515 535 v,
2566 466 2682 539 26).
2716 491 2735 514 ι
2786 469 2865 525 De
2915 464 3023 525 hoc
3077 486 3240 542 agens
3297 471 3606 530 Hieremias

2002 553 2289 625 propheta,
2323 555 2434 612 ait:
2498 581 2515 602 ι
2545 556 2748 629 Stupor
2780 566 2836 613 et
2882 556 3173 616 horribilia
3200 560 3343 618 facta
3384 571 3514 619 sunt
3543 562 3602 619 in

2004 649 2150 698 terra
2193 643 2407 714 (Jerem.
2439 660 2497 712 v,
2528 643 2643 715 30).
2674 668 2693 691 ι
2753 645 2828 701 Ει.
2860 646 2990 718 quia
3018 646 3077 702 in
3121 646 3190 704 iis
3217 647 3605 705 mansionibus

2007 732 2182 788 multa
2200 733 2462 805 praeclara
2493 741 2547 788 et
2563 732 2911 790 admirabilia
2930 735 3077 792 edita
3097 744 3226 793 sunt
3254 753 3437 809 opera,
3469 753 3602 812 quo-

2006 837 2128 878 rum
2160 838 2349 879 causas
2378 838 2489 878 non
2516 830 2693 894 potest
2722 822 2967 879 humana
2994 842 3151 881 mens
3195 828 3408 883 ratione
3439 843 3605 884 com-

2007 912 2364 984 prehendere,
2391 912 2514 968 ideo
2548 912 2766 969 tandem
2801 913 3021 969 venitur
3046 914 3104 970 in
3131 916 3327 987 Thare,
3358 917 3467 975 hoc
3499 924 3601 985 est,

2008 1000 2065 1056 in
2094 1010 2352 1074 stupore:
2403 1001 2483 1057 sic
2510 1000 2660 1056 enim
2708 999 3118 1073 interpretatur.
3152 1004 3306 1060 Unde
3334 1007 3599 1077 scriptum

2006 1100 2121 1148 est:
2170 1117 2188 1139 ι
2217 1090 2525 1163 Stupebant
2553 1098 2738 1145 autem
2782 1107 2976 1147 omnes
3004 1108 3170 1165 super
3195 1098 3466 1167 magnalia
3502 1097 3603 1154 Dei

2010 1182 2163 1251 (Luc.
2189 1198 2268 1249 rx,
2300 1181 2416 1253 44).
2450 1207 2468 1229 .

2078 1272 2261 1329 XXV'
2284 1273 2509 1341 mansio,
2526 1274 2781 1331 Marcna.
2803 1306 2874 1317 —
2889 1276 3099 1333 Mansio
3128 1276 3391 1334 vicesima
3412 1279 3606 1351 quinta

2009 1362 2187 1434 agitur
2242 1362 2302 1418 in
2349 1362 2606 1433 Metcha;
2672 1364 2795 1421 ideo
2849 1366 3017 1423 dicit:
3092 1392 3109 1413 ε
3140 1368 3210 1422 Et
3252 1368 3484 1439 profecti
3531 1367 3602 1423 de

2007 1452 2202 1521 Thare,
2234 1454 2599 1510 castrametati
2654 1463 2782 1511 sunt
2812 1456 2870 1511 in
2897 1455 3111 1512 Metcha
3154 1456 3339 1527 (Num.
3397 1472 3603 1524 χχχιιι,

2008 1542 2123 1615 28).
2156 1543 2378 1600 Metcha
2426 1544 2622 1601 Latine
2668 1544 2874 1601 dicitur
2914 1561 3058 1600 nova
3088 1562 3255 1602 mors.
3300 1546 3372 1602 Ut
3422 1552 3600 1601 autem

2009 1628 2350 1701 intelligatur
2405 1646 2523 1702 quae
2575 1632 2649 1687 sit
2677 1647 2820 1688 nova
2871 1648 3038 1699 mors,
3072 1642 3153 1689 est
3195 1632 3601 1689 observandum

284 1724 417 1782 Ideo
446 1723 515 1781 ad
529 1725 703 1781 Deum
728 1721 1041 1779 reducenda
1064 1729 1193 1779 sunt
1222 1723 1428 1778 omnia.
1462 1722 1621 1779 Hunc
1648 1728 1711 1777 ut
1737 1721 1894 1794 prin-
1925 1738 1972 1798 Β
2008 1719 2155 1792 quod
2186 1719 2459 1791 triplicem
2500 1728 2735 1776 inertem
2765 1721 2999 1794 legimus
3028 1722 3088 1777 in
3125 1722 3445 1795 Scripturis.
3488 1722 3607 1779 Una

286 1811 497 1886 cipium
526 1810 949 1883 recognoscebat
968 1810 1253 1883 propheta,
1277 1809 1408 1867 dum
1426 1808 1572 1865 dixit
1596 1827 1607 1864 :
1655 1833 1674 1855 ι
1699 1810 1892 1866 Nonne

288 1912 386 1960 tua
432 1901 727 1976 principio,
756 1900 993 1959 Domine
1048 1903 1195 1958 Deus
1241 1918 1396 1957 meus
1448 1907 1633 1959 sancte
1665 1901 1889 1972 (Habac.

289 2010 331 2062 ι,
387 1992 500 2065 12).
536 2017 555 2039 ι
608 1992 769 2049 Hunc
823 1990 1246 2064 recognoscebat
1302 1990 1604 2063 Apostolus
1666 1989 1891 2046 dicens:

300 2104 320 2128 ο
346 2081 534 2138 Flecto
563 2097 736 2155 genua
775 2097 894 2137 mea
922 2080 989 2137 ad
1037 2081 1254 2137 Patrem
1281 2079 1505 2136 Domini
1552 2080 1729 2136 nostri
1768 2078 1894 2136 Jesu

291 2168 525 2238 Christi,
573 2185 643 2225 ex
672 2186 781 2243 quo
826 2168 1008 2226 omnis
1038 2169 1251 2225 familia
1280 2167 1339 2224 in
1367 2168 1521 2225 caelis
1549 2175 1603 2225 et
1648 2168 1708 2225 in
1749 2175 1895 2224 terra

290 2258 622 2316 nominatur
656 2258 875 2332 (Ephes.
902 2276 987 2326 ιιι,
1022 2259 1135 2333 lli).

361 2349 572 2407 XXIII'
597 2351 824 2420 mansio,
854 2349 1104 2405 THAATH.
1135 2348 1431 2406 —Mansio
1447 2345 1711 2405 vicesima
1732 2344 1896 2401 tertia

303 2447 387 2498 est
413 2439 625 2497 Thaath
648 2458 662 2508 ;
715 2440 840 2497 ideo
887 2440 1168 2513 sequitur:
1208 2462 1226 2485 σ
1255 2440 1327 2495 Et
1354 2439 1587 2513 profecti
1614 2439 1681 2495 de
1709 2439 1896 2496 Mace-

292 2531 439 2602 loth,
488 2530 855 2588 castrametati
901 2538 1034 2587 sunt
1082 2529 1139 2585 in
1194 2529 1405 2586 Thaath
1458 2530 1643 2599 (Num.
1689 2546 1893 2598 χχχιιι,

292 2621 409 2693 26).
440 2621 647 2679 Verum
688 2620 818 2694 quia
845 2619 1057 2676 Thaath
1087 2619 1559 2693 longanimitatem
1598 2635 1695 2675 seu
1744 2619 1896 2675 tole—

297 2709 531 2767 rantiam
555 2709 745 2766 Latine
775 2710 1071 2783 signiﬁcat,
1103 2725 1199 2782 per
1219 2708 1392 2783 ipsam
1424 2707 1700 2766 indicatur
1715 2707 1894 2776 nobis,

292 2799 440 2875 quod
486 2800 577 2874 qui
631 2800 690 2857 in
733 2800 823 2856 via
888 2800 987 2857 Dei
1018 2799 1300 2874 proﬁcere,
1350 2799 1583 2873 aliisque
1635 2798 1893 2872 prodesse

292 2890 599 2959 contendit,
646 2891 821 2947 multa
866 2890 1000 2962 pati,
1032 2889 1206 2945 multa
1235 2890 1619 2963 aequanimiter
1656 2889 1897 2962 perferre

294 2995 513 3037 necesse
542 2988 642 3037 est.
670 2979 882 3037 Idcirco
911 2978 1175 3052 apostolis
1207 2978 1414 3035 dicitur
1438 2997 1449 3035 :
1498 3003 1516 3025 ι
1546 2980 1611 3035 In
1631 2977 1899 3051 patientia

298 3076 474 3126 vestra
505 3069 856 3143 possidebitis
884 3070 1096 3125 animas
1124 3076 1333 3124 vestras
1365 3069 1516 3140 (Luc.
1549 3084 1673 3137 χχι,
1713 3069 1826 3138 19),
1864 3092 1881 3115 ι

295 3163 384 3220 Ad
413 3162 760 3220 tolerantiam
782 3179 881 3218 nos
910 3163 1113 3218 invitat
1126 3161 1442 3233 Apostolus,
1466 3159 1895 3232 praecedentium

296 3259 541 3325 patrum,
586 3248 907 3321 Christique
973 3249 1288 3318 exemplum
1337 3263 1667 3319 proponens.
1712 3247 1903 3319 Inquit

295 3346 447 3403 enim
473 3363 484 3401 :
536 3369 555 3392 ι
592 3342 829 3415 Ideoque
847 3349 902 3397 et
929 3357 1031 3397 nos
1054 3347 1264 3396 tantam
1297 3339 1560 3394 habentes
1590 3339 1902 3411 impositam

295 3436 505 3492 nubem
550 3430 803 3500 testium,
852 3430 1188 3504 deponentes
1234 3445 1396 3485 omne
1426 3427 1642 3502 pondus
1683 3436 1739 3485 et
1783 3429 1905 3485 cir-

293 3531 578 3583 cumstans
617 3528 922 3594 peccatum,
980 3535 1076 3592 per
1117 3518 1435 3592 patientiam
1498 3534 1783 3576 curramus
1835 3517 1903 3575 ad

294 3612 642 3688 propositum
674 3609 834 3666 nobis
861 3615 1160 3678 certamen,
1178 3608 1503 3681 aspicientes
1532 3607 1590 3664 in
1619 3615 1901 3666 auctorem

296 3705 429 3764 ﬁdei
475 3711 531 3761 et
587 3710 1085 3761 consummatorem
1141 3702 1326 3758 Jesum
1368 3700 1655 3760 Christum
1706 3700 1895 3773 (Hebr.

294 3812 403 3859 χιι,
432 3795 483 3863 1,
523 3792 621 3865 2).
654 3817 672 3839 ι
728 3792 999 3849 Dominus
1042 3791 1189 3846 enim
1219 3797 1405 3847 noster
1455 3791 1610 3847 Jesus
1648 3789 1902 3848 Christus

300 3884 477 3941 multa
514 3898 639 3955 erga
668 3881 923 3938 homines
950 3879 1412 3947 mansuetudinis,
1447 3880 1752 3935 tolerantiae
1777 3895 1903 3935 ma-

297 3968 501 4040 lorum,
546 3979 711 4045 prout
756 3968 1001 4027 dilucide
1032 3977 1390 4026 recensentur
1446 3969 1506 4024 in
1559 3967 1897 4042 Evangeliis,

300 4062 574 4136 exempla,
630 4077 739 4134 quo
767 4058 886 4132 ejus
914 4074 1268 4132 sequeremur
1296 4057 1549 4132 vestigia,
1592 4067 1653 4115 ut
1706 4058 1903 4115 Petrus

299 4152 582 4227 apostolus
605 4150 760 4219 dicit,
797 4150 958 4206 nobis
987 4148 1245 4206 exhibuit
1269 4149 1328 4222 (Ι
1350 4151 1496 4206 Petr.
1529 4166 1593 4217 ιι,
1623 4149 1739 4221 21).

371 4242 584 4301 ΧΧΝι
612 4242 1066 4311 ηωηείο,ΤιιΑιιε.
1090 4272 1161 4283 -
1180 4241 1391 4298 Mansio
1414 4240 1681 4297 vicesima
1705 4247 1904 4314 quarta

300 4331 508 4389 dicitur
536 4331 749 4400 Thare;
799 4330 1047 4405 sequitur
1084 4347 1346 4404 namque:
1406 4354 1425 4377 ι
1462 4331 1535 4386 Et
1562 4329 1792 4401 profecti
1836 4328 1903 4385 de

2001 1818 2083 1866 est
2135 1827 2283 1865 mors
2326 1811 2594 1883 corporis,
2655 1828 2763 1885 qua
2820 1811 3098 1869 terrestris
3145 1813 3344 1869 domus
3418 1820 3607 1869 nostra

2002 1901 2168 1973 hujus
2196 1900 2578 1970 habitationis,
2605 1908 2667 1957 ut
2688 1901 2938 1973 Apostoli
2968 1910 3092 1958 utar
3111 1901 3318 1971 verbis,
3351 1901 3604 1959 dissolvi-

2001 1999 2112 2061 tur,
2162 1999 2217 2047 et
2263 2007 2294 2047 a
2348 1991 2596 2064 corporis
2645 1989 3002 2047 tabernaculo
3049 1990 3233 2048 anima
3265 1991 3475 2048 recedit
3524 1990 3614 2061 (ΙΙ

2006 2081 2132 2138 Cor.
2166 2097 2221 2149 v,
2257 2080 2307 2147 1,
2343 2078 2422 2152 4).
2452 2081 2529 2135 De
2565 2086 2658 2142 14
2687 2078 2790 2136 hac
2819 2079 3014 2138 scribit
3044 2080 3373 2153 Apostolus:
3421 2105 3441 2129 ι
3474 2080 3607 2137 Sta-

2002 2185 2188 2234 tntum
2220 2185 2303 2233 est
2359 2177 2684 2234 hominibus
2713 2177 2879 2233 semel
2907 2177 3049 2233 mori
3078 2176 3261 2249 (Hebr.
3294 2192 3376 2246 ιχ,
3415 2176 3533 2249 27).
3573 2202 3590 2222 ι

2003 2267 2115 2323 Ilac
2145 2266 2424 2323 Abraham
2457 2274 2512 2323 et
2539 2256 2819 2340 prophetae
2853 2266 3059 2323 mortui
3101 2273 3248 2334 sunt,
3280 2265 3384 2324 hac
3430 2274 3606 2324 morte

2003 2375 2194 2416 omnes
2215 2377 2269 2416 ιιι
2284 2359 2552 2429 oriemur,
2585 2368 2638 2416 et
2658 2360 2801 2416 sicut
2830 2376 2971 2434 aqua
2995 2359 3163 2416 eﬁ'usa
3189 2375 3353 2431 super
3373 2367 3604 2429 terram,

2004 2468 2116 2509 non
2171 2453 2647 2525 congregabimur.
2688 2454 2842 2510 Alias
2889 2470 3039 2510 mors
3092 2459 3174 2509 est
3224 2452 3444 2522 animas,
3500 2469 3606 2526 qua

2005 2543 2214 2616 peccati
2245 2543 2503 2616 contagio
2547 2542 2730 2599 anima
2759 2543 3009 2600 confecta
3041 2542 3301 2611 moritur,
3335 2559 3445 2599 non
3472 2542 3607 2616 qui-

2005 2638 2128 2695 dem
2179 2638 2239 2694 in
2286 2640 2373 2694 sui
2424 2639 2751 2708 substantia,
2808 2657 2928 2713 qua:
2974 2639 3115 2695 mori
3155 2639 3352 2707 nescit,
3408 2637 3506 2694 sed
3546 2639 3603 2694 in

2004 2728 2104 2784 Dei
2176 2726 2539 2784 viviﬁcatrice
2594 2728 2787 2800 gratia.
2861 2730 2998 2785 Nam
3051 2729 3319 2784 demerito
3374 2727 3604 2802 peccati,

2005 2822 2118 2876 Deo
2172 2818 2478 2888 recedente,
2549 2817 2851 2890 spiritalem
2916 2817 3098 2873 anima
3149 2818 3320 2873 vitam
3378 2816 3603 2873 amittit.

2007 2908 2160 2965 Unde
2206 2908 2344 2965 dicit
2389 2909 2715 2980 Apostolus:
2788 2934 2805 2956 ι
2843 2899 2976 2977 Quae
3026 2908 3220 2964 vivens
3264 2915 3480 2964 mortua
3525 2914 3606 2963 est

2010 2998 2066 3068 (Ι
2098 2998 2233 3054 Tim.
2294 3016 2354 3065 v,
2414 2996 2493 3070 6).
2535 3023 2553 3046 ι
2596 2996 2736 3053 Mori
2791 3005 2972 3054 autem
3004 3006 3137 3054 tunc
3176 3013 3272 3070 per
3320 3006 3603 3071 peccatum

1925 3100 1968 3160 Ο
2003 3096 2210 3153 dicitur
2234 3116 2245 3153 :
2274 3099 2405 3172 quia
2440 3123 2457 3145 ι
2477 3098 2663 3153 anima
2691 3114 2812 3170 quae
2841 3096 3171 3170 peccaverit,
3190 3097 3306 3171 ipsa
3336 3096 3605 3155 morietur

2015 3189 2231 3260 (Ezech.
2278 3203 2441 3253 xvm,
2488 3186 2568 3257 4).
2602 3211 2619 3233 ι
2679 3187 2944 3241 Morietur
2987 3194 3169 3242 autem
3208 3188 3448 3243 Domino
3493 3205 3605 3245 non

2012 3282 2222 3331 natura:
2252 3274 2595 3342 inﬁrmitate,
2652 3274 2745 3329 sed
2794 3274 3062 3329 demerito
3090 3276 3285 3346 culpa,
3339 3292 3458 3347 quae
3495 3294 3605 3333 non

2012 3372 2095 3421 est
2125 3363 2192 3419 ab
2223 3364 2324 3419 hac
2376 3362 2489 3418 vita
2518 3378 2782 3431 recessus,
2837 3362 2930 3418 sed
2961 3363 3143 3435 lapsus
3172 3362 3391 3419 erroris.
3424 3363 3609 3421 Tertio

2012 3461 2096 3510 est
2147 3453 2344 3525 culpae,
2394 3469 2499 3526 qua
2541 3452 2721 3508 carnis
2763 3452 3207 3524 concupiscentia
3249 3452 3503 3522 moritur,
3549 3462 3611 3511 ut

2012 3559 2168 3599 mens
2195 3544 2307 3600 Deo
2338 3542 2526 3610 vivat;
2561 3541 2628 3598 de
2649 3558 2755 3615 qua
2785 3541 3116 3614 Apostolus:
3166 3567 3185 3590 ι
3222 3542 3396 3599 Vetus
3441 3542 3609 3600 homo

2010 3643 2197 3690 noster
2244 3633 2408 3691 simul
2461 3633 2763 3691 cruciﬁxus
2804 3640 2906 3702 est,
2962 3641 3024 3689 ut
3061 3631 3379 3689 destruatur
3407 3650 3609 3707 corpus

2010 3726 2237 3799 peccati,
2266 3733 2330 3781 ut
2363 3726 2507 3781 ultra
2536 3742 2647 3781 non
2694 3725 2998 3781 serviamus
3034 3732 3256 3796 peccato
3318 3724 3495 3798 (Rom.
3527 3743 3607 3795 vr,

2010 3816 2089 3889 6).
2124 3840 2143 3864 ι
2191 3817 2301 3873 Nec
2325 3815 2382 3872 id
2413 3816 2720 3883 immerito;
2758 3832 2884 3871 nam
2916 3815 3061 3871 sicut
3083 3823 3334 3871 mortuus
3354 3816 3469 3872 vita
3498 3830 3609 3871 non

2010 3914 2091 3963 est
2137 3904 2375 3978 amplius
2428 3904 2705 3961 obnoxius
2743 3905 2948 3976 culpae,
2991 3903 3073 3959 sic
3101 3912 3326 3961 renatus
3360 3920 3455 3976 per
3480 3920 3613 3976 gra-

2010 3995 2142 4051 tiam
2194 4010 2307 4050 non
2362 3992 2526 4050 debet
2580 3992 2815 4047 ulterius
2863 3990 3071 4046 servire
3120 3998 3362 4062 peccato.
3396 3992 3474 4047 De
3503 4006 3610 4064 qua

2012 4091 2188 4140 morte
2229 4083 2477 4157 loquitur
2520 4081 2836 4153 Apostolus,
2883 4079 3101 4136 dicens:
3171 4104 3189 4126 ι
3216 4078 3418 4136 Mortui
3462 4079 3608 4135 enim

2013 4172 2165 4241 estis,
2212 4180 2268 4227 et
2296 4171 2412 4227 vita
2439 4178 2621 4227 vestra
2668 4167 2991 4226 abscondita
3023 4175 3104 4224 est
3143 4185 3268 4225 cum
3300 4166 3522 4225 Christo
3552 4168 3611 4224 in

2011 4264 2126 4320 Deo
2173 4263 2408 4334 (Coloss.
2441 4279 2525 4330 ιιι,
2578 4261 2657 4334 3).
2691 4256 3081 4329 Hujuscemodi
3134 4265 3378 4314 mortuos
3415 4257 3611 4315 redar-

2012 4367 2182 4425 guens
2212 4350 2357 4407 idem
2384 4351 2701 4423 Apostolus,
2734 4348 2904 4405 dicit:
2952 4372 2970 4397 ι
3003 4346 3057 4404 Si
3094 4348 3302 4404 mortui
3332 4347 3463 4403 estis
3482 4363 3611 4404 cum

300 4420 541 4513 Thaami
573 4421 943 4513 θδςῖτδίηθῖὲῖί
973 4427 1103 4476 sum
1153 4419 1213 4475 in
1245 4419 1422 4476 Thare
1455 4420 1536 4491 (Ν
1535 4435 1639 4513 ⁸⁸1⁷³⁸
1696 4434 1901 4488 XXXI":
1931 4453 1981 4513 1)
2013 4419 2235 4499 Christo
2252 4439 2319 4495 ah
2340 4419 2627 4496 elementis
2656 4437 2870 4504 mundi,
2904 4435 3040 4510 quid
3068 4444 3329 4510 tanquam
3360 4437 3610 4493 viventes

300 4512 420 4586 27).
451 4511 630 4568 Thare
662 4510 855 4568 Latine
876 4511 1269 4584 interpretatur
1304 4520 1517 4582 stupor,
1548 4509 1733 4566 Graace
1760 4513 1906 4571 fara-

300 4641 410 4693 σις,
443 4630 565 4688 quae
587 4620 668 4670 est
693 4611 1036 4670 vehementis
1063 4611 1349 4685 cujusdam
1377 4612 1761 4670 admirationis
1787 4629 1904 4687 spe-

299 4712 433 4780 cies,
463 4728 536 4767 ex
564 4710 860 4767 arduarum
878 4717 932 4765 et
947 4708 1299 4767 insolitaer
1320 4726 1504 4767 rerum
1524 4710 1737 4768 visione
1766 4726 1904 4784 pro-

302 4801 551 4858 veniens.
574 4801 711 4857 Nam
743 4815 869 4856 cum
896 4798 1081 4871 aliqua
1102 4799 1347 4864 insolita,
1386 4807 1595 4856 natura:
1625 4816 1756 4856 vero
1785 4798 1903 4855 im-

299 4891 608 4965 possibilia,
632 4888 878 4947 humano
894 4905 951 4945 se
975 4888 1213 4945 oﬂ‘erunt
1232 4888 1460 4955 obtutu;
1511 4890 1640 4962 quia
1661 4888 1721 4945 in
1751 4888 1900 4945 inve-

300 4979 598 5055 stigatione
618 4977 941 5052 hujusmodi
962 4993 1135 5035 causae
1156 4992 1347 5034 sensus
1375 4977 1661 5047 deﬁciunt,
1683 4986 1738 5035 et
1762 4978 1903 5035 ratio

307 5071 645 5139 succumbit,
669 5086 825 5128 mens
846 5076 1049 5141 stupet.
1072 5067 1232 5137 Quod
1251 5067 1446 5124 Daniel
1461 5066 1663 5124 clarius
1685 5083 1903 5140 expres-

302 5163 398 5233 sit,
451 5160 675 5218 dicens:
725 5184 743 5208 ε
778 5159 1075 5233 Stupebam
1123 5156 1525 5224 adversionem,
1564 5163 1757 5213 etnon
1790 5172 1906 5230 erat

306 5251 626 5325 intelligens
658 5251 825 5322 (Dan.
870 5266 995 5318 vni,
1025 5248 1140 5320 27).
1174 5273 1192 5296 -
1254 5245 1409 5304 Unde
1458 5262 1586 5302 cum
1628 5244 1904 5318 paralyti-

303 5359 430 5400 cum
478 5340 574 5416 qui
622 5338 945 5413 portabatur
987 5354 1018 5393 a
1045 5344 1303 5410 quatuor,
1346 5331 1415 5391 ad
1458 5330 1629 5390 solam
1678 5333 1903 5391 Domini

304 5447 494 5491 vocem
525 5428 856 5497 surrexisse,
907 5428 1110 5486 lectum
1141 5428 1202 5484 in
1257 5442 1367 5500 quo
1389 5422 1626 5497 jacebat,
1684 5424 1901 5492 tulisse,

304 5527 359 5576 et
388 5521 445 5576 in
476 5520 707 5578 domum
757 5532 914 5575 suam
947 5514 1144 5572 abiisse
1191 5514 1429 5572 intuitus
1456 5523 1596 5572 esset
1631 5512 1901 5587 populus;

305 5607 434 5681 quia
478 5608 587 5665 hoc
613 5621 778 5681 supra
796 5603 1111 5664 facultatem
1142 5610 1260 5661 erat
1287 5599 1550 5673 hominis,
1595 5598 1901 5676 obstupuit.

2011 4529 2071 4586 in
2101 4529 2309 4586 mundo
2323 4527 2936 4599 decernimini(Coloss.
2969 4543 3033 4595 ιι,
3067 4525 3157 4598 20)
3178 4527 3207 4584 ?
3237 4550 3255 4575 ›
3305 4526 3421 4583 Una
3440 4526 3612 4599 igitur

2009 4636 2159 4676 mors
2187 4625 2270 4675 est
2322 4617 2612 4684 naturalis,
2659 4616 2768 4672 alia
2824 4615 3077 4689 poenalis,
3108 4614 3273 4672 tertia
3321 4614 3607 4687 spiritalis.

2010 4704 2164 4768 Hanc
2190 4716 2521 4782 postremam
2552 4707 2804 4780 designat
2844 4704 3078 4771 Metcha,
3112 4721 3233 4776 qum
3280 4720 3426 4759 nova
3463 4718 3611 4759 mors

2011 4798 2216 4856 dicitur
2244 4816 2255 4854 :
2298 4798 2426 4871 quia
2456 4806 2696 4854 veterem
2726 4795 2956 4850 innovat
2985 4791 3292 4857 hominem,
3325 4797 3379 4846 et
3407 4807 3610 4847 novam

2009 4888 2142 4944 facit
2168 4896 2494 4955 creaturam,
2539 4886 2754 4942 dicente
2778 4881 3069 4953 Apostolo:
3151 4904 3169 4927 ι
3198 4880 3397 4937 Vetera
3423 4888 3615 4939 trans-

2012 4976 2216 5043 ierunt,
2271 4990 2395 5032 ecce
2441 4975 2586 5029 facta
2626 4978 2757 5027 sunt
2821 4969 3011 5026 omnia
3054 4985 3199 5026 nova
3240 4968 3329 5042 (II
3366 4971 3492 5029 Cor.
3551 4987 3608 5040 v,

2016 5066 2130 5136 I7).
2181 5066 2371 5138 Itaque
2418 5070 2472 5119 et
2522 5077 2622 5117 nos
2668 5060 2761 5118 hic
2806 5058 3149 5117 mansionem
3202 5058 3490 5132 faciamus,
3548 5067 3612 5116 ut

2012 5154 2250 5228 peccatis
2281 5152 2507 5222 mortui,
2532 5152 2768 5226 justitiaa
2798 5161 3060 5226 perpetuo
3088 5152 3364 5209 vivamus.

2084 5244 2296 5302 χχχι·
2349 5244 2575 5311 mansio,
2629 5244 2878 5300 Esmona.
2945 5273 3016 5283 —
3085 5240 3298 5297 Mansio
3349 5240 3613 5298 vicesima

2013 5340 2169 5389 sexta
2197 5333 2437 5390 Esmona
2464 5340 2815 5409 nuncupatur
2841 5349 2855 5400 ;
2901 5348 3027 5387 nam
3056 5330 3230 5387 dicit:
3303 5356 3321 5377 ε
3354 5330 3426 5386 Et
3473 5347 3611 5404 pro-

2013 5419 2144 5477 fecti
2210 5438 2281 5479 ex
2350 5422 2588 5493 Metcha,
2644 5419 3011 5480 castrametati
3068 5426 3201 5476 sunt
3255 5418 3313 5474 in
3369 5418 3613 5478 Esmona

2017 5509 2200 5581 (Num.
2252 5530 2457 5583 χχχιιι,
2506 5513 2621 5585 29).
2655 5514 2897 5568 Esmona
2924 5508 3117 5565 Latine
3146 5508 3352 5567 dicitur
3393 5510 3616 5567 accele-

2014 5599 2176 5668 ratio,
2233 5603 2381 5676 quod
2429 5617 2666 5677 congrue
2713 5598 2842 5657 huic
2893 5597 3166 5655 mansioni
3200 5604 3438 5673 aptatur.
3469 5597 3612 5661 Nam
