3932 6210
325 233 388 290 31
1356 227 1453 283 AD
1494 227 1729 283 OPERA
1768 225 1824 281 S.
1866 224 2199 282 AMBROSII
2239 223 2622 280 APPENDIX.
3594 224 3685 280 32

329 355 426 411 ubi
457 353 646 412 anima
677 359 854 410 morte
881 351 1091 425 peccati
1134 365 1231 424 per
1265 348 1602 423 superiorem
1637 349 1926 405 stationem
1958 358 2008 418 Α
2039 349 2293 404 timorem
2322 346 2558 403 habeant
2584 348 2642 419 (Ι
2675 345 2809 404 Tim.
2847 363 2904 414 v,
2941 347 3060 418 20).
3096 372 3112 392 ι
3149 347 3460 404 Habeamus
3481 349 3684 420 igitur

330 447 410 503 in‘.
437 463 639 502 novam
693 443 864 500 evasit
921 451 1251 515 creaturam,
1306 442 1496 497 sistere
1569 441 1754 496 animo
1810 457 1921 496 non
2033 439 2326 494 stationem
2383 436 2441 492 in
2487 437 2785 506 Moseroth,
2830 443 2922 499 15
2969 434 3028 492 id
3086 443 3186 506 est,
3239 439 3681 511 correptionum

329 544 529 610 potest,
560 552 672 592 non
703 534 818 590 otio
847 542 1094 605 torpere:
1154 531 1248 588 sed
1278 532 1515 587 ulterius
1544 529 1819 602 progredi,
1869 536 1923 584 et
2034 532 2461 590 mortiﬁcatione
2492 533 2550 588 in
2576 533 2872 604 disciplina
2903 534 3001 589 Dei
3051 533 3453 590 contineamur.

331 627 635 683 accelerare
665 625 770 681 iter
810 622 1116 681 contendit.
1148 621 1468 678 Viatoribus
1496 627 1675 676 autem
1720 617 1924 674 celeri-
2105 622 2367 678 XXVIII"
2388 622 2616 687 mansio,
2639 623 3029 678 BANEJACIIAM.
3064 623 3431 679 -—Vicesima
3459 631 3683 680 octava.

329 724 411 772 tas
438 715 720 788 aptissima
758 721 869 770 est:
896 729 958 769 ea
1001 718 1222 786 propter
1253 710 1454 782 populo
1501 716 1718 780 patrum
1759 723 1925 762 man-

332 804 534 862 ducare
562 803 763 878 pascha
790 802 1126 875 praecipitur,
1151 807 1204 855 et
1233 798 1577 853 festinanter.
1611 796 1754 854 Hinc
1781 813 1925 868 apo—

330 893 486 951 stolis
523 892 843 950 mandatum
892 898 1010 946 est:
1075 914 1093 937 σ
1121 887 1409 944 Neminem
1462 903 1559 958 per
1587 887 1735 941 viam
1766 887 1926 941 salu-

2037 709 2247 766 mansio
2274 710 2331 765 in
2358 710 2720 782 Banejacham
2744 711 3046 783 peragitur;
3073 710 3255 783 inquit
3283 712 3430 766 enim
3458 728 3470 768 :
3518 735 3537 759 ε
3577 713 3677 768 Et

2034 799 2263 873 profecti
2307 799 2374 855 de
2404 799 2704 866 Moseroth,
2737 807 2976 855 castram
2991 799 3124 855 etati
3157 806 3286 855 sunt
3316 800 3372 855 in
3411 799 3680 873 Baneja-

2035 888 2194 944 cham
2239 889 2424 960 (Num.
2485 905 2692 953 xxxm,
2725 888 2840 958 31).
2883 914 2900 935 ι
2951 889 3056 956 Qui
3090 888 3150 944 in
3198 889 3297 944 Dei
3356 888 3680 962 disciplina

335 982 585 1042 taveritis
634 984 785 1053 (Luc.
819 997 876 1048 x,
928 979 1007 1051 4).
1061 979 1151 1035 Sic
1196 978 1456 1034 Elisaaum
1506 978 1564 1032 in
1610 978 1924 1048 Regnorum

332 1076 474 1132 libro
525 1072 674 1130 Giezi
732 1071 1042 1144 injunxisse
1084 1069 1319 1142 legitur:
1379 1092 1398 1115 ι
1426 1068 1687 1139 Accinge,
1722 1067 1923 1138 inquit,

329 1164 544 1220 lumbos
575 1171 718 1230 tuos,
772 1169 827 1216 et
854 1161 984 1216 tolle
1015 1159 1272 1214 baculum
1306 1174 1487 1213 meum
1525 1157 1580 1212 in
1616 1175 1782 1212 manu
1814 1166 1926 1225 tua,

327 1261 381 1310 et
405 1251 540 1309 vade
565 1271 576 1308 :
609 1260 664 1308 et
688 1252 734 1307 si
767 1250 1050 1306 inveneris
1079 1247 1342 1319 aliquem,
1373 1263 1485 1303 non
1514 1247 1810 1302 henedicas
1854 1247 1925 1316 ei,

327 1351 383 1399 et
428 1344 474 1400 si
503 1341 855 1399 benedixerit
900 1337 1002 1394 tibi
1036 1337 1330 1411 quispiam,
1362 1353 1470 1392 non
1523 1337 1850 1408 respondeas
1879 1338 1927 1394 ei

331 1434 438 1503 (IV
487 1435 611 1503 Reg.
654 1448 733 1499 Iv,
765 1430 898 1499 29):
933 1452 952 1476 ι
1029 1444 1155 1484 nam
1189 1443 1326 1499 opus
1373 1427 1469 1482 Dei
1528 1442 1928 1498 praeproperam

329 1521 494 1578 etiam
577 1519 984 1575 festinationem
1033 1515 1226 1587 exigit.
1296 1539 1316 1561 ι
1353 1513 1700 1583 Maledictus,
1748 1514 1930 1586 inquit

329 1610 612 1682 propheta,
672 1607 766 1680 qui
826 1605 961 1662 facit
1007 1621 1146 1677 opus
1195 1603 1291 1660 Dei
1325 1604 1663 1676 negligenter
1711 1603 1924 1674 (Jerem.

327 1716 524 1767 XLVIII,
558 1697 671 1770 10).
704 1721 722 1742 ι
785 1695 914 1752 Ideo
943 1694 1250 1766 discipulus
1279 1693 1393 1760 ille,
1425 1693 1521 1765 qui
1564 1693 1732 1750 citius
1764 1695 1928 1748 Petro

325 1789 395 1845 ad
424 1791 847 1844 monumentum
894 1783 1184 1856 praecurrit
1215 1782 1396 1853 (Joan.
1440 1798 1537 1849 xx,
1593 1781 1675 1852 4),
1721 1781 1930 1837 immo-

328 1881 449 1938 dice
479 1877 920 1936 commendatur.
954 1877 1016 1932 In
1046 1876 1137 1930 via
1159 1874 1257 1930 Dei
1288 1874 1378 1928 vel
1407 1873 1666 1930 festinam
1716 1882 1931 1946 oportet

329 1968 765 2044 progressionem
821 1981 957 2032 esse,
985 1972 1048 2021 ut
1076 1963 1318 2032 diabolo,
1351 1963 1447 2037 qui
1487 1972 1594 2020 stat
1635 1979 1849 2036 semper
1900 1982 1931 2021 a

335 2059 566 2128 dextris,
599 2075 709 2133 quo
750 2057 954 2114 sanctis
999 2056 1339 2123 adversetur,
1387 2063 1626 2127 coeptum
1675 2054 1781 2110 iter
1813 2055 1930 2112 im-

332 2147 586 2222 pediendi
635 2147 874 2220 spatium
919 2161 1028 2202 non
1060 2145 1425 2218 relinquatur.
1470 2145 1580 2200 Nos
1624 2145 1793 2216 igitur
1835 2145 1928 2218 qui

331 2239 567 2312 peccatis
613 2238 840 2307 mortui,
867 2237 1100 2310 justitiae
1130 2253 1226 2309 per
1272 2235 1486 2293 Metcha
1516 2237 1786 2303 vivimus,
1817 2253 1924 2293 non

330 2345 626 2400 sequamur
674 2327 838 2385 modo
886 2328 955 2384 ad
994 2327 1235 2400 palmam
1283 2342 1531 2398 supernae
1579 2326 1923 2392 vocationis;

331 2417 427 2474 sed
457 2417 516 2473 in
567 2419 810 2474 Esmona
838 2433 1142 2473 curramus.
1196 2415 1518 2472 festinantes
1547 2414 1617 2472 ad
1668 2415 1932 2488 proposi-

329 2514 448 2563 tum
497 2507 660 2563 nobis
702 2517 998 2564 certamen.
1035 2505 1379 2562 Festinantes
1410 2521 1645 2577 namque
1691 2513 1931 2577 pastores

331 2603 623 2664 venerunt,
680 2605 735 2654 et
802 2597 1139 2652 invenerunt
1207 2611 1439 2668 puerum
1515 2595 1700 2652 Jesum
1774 2597 1926 2667 (Luc.

336 2702 397 2754 Il,
433 2685 548 2757 16).

400 2789 634 2848 ΧΧνΠ-
671 2790 897 2858 mansio,
945 2791 1264 2848 Mossnom.
1306 2821 1378 2832 —
1404 2789 1616 2847 Mansio
1667 2788 1929 2845 vicesima

328 2880 560 2953 septima
614 2880 920 2950 appellatur
973 2880 1286 2944 Moseroth;
1362 2880 1498 2936 dicit
1545 2878 1732 2934 enim:
1801 2902 1820 2926 α
1861 2879 1931 2935 Et

332 2968 563 3044 profecti
594 2984 662 3024 ex
691 2969 951 3036 Esmona,
985 2970 1358 3026 castrametati
1399 2977 1529 3026 sunt
1558 2969 1614 3024 in
1653 2968 1929 3025 Moseroth

334 3058 521 3129 (Num.
581 3071 787 3124 xxxru,
815 3054 931 3127 30).
988 3055 1239 3125 Congrue
1268 3071 1418 3111 nunc
1442 3055 1719 3112 Moseroth
1750 3073 1930 3112 succe-
1961 3084 2004 3143 ο

333 3146 452 3214 dit;
479 3145 755 3218 signiﬁcat
780 3145 926 3202 enim
955 3144 1295 3218 disciplinas,
1320 3153 1381 3200 ut
1411 3145 1503 3218 qui
1523 3146 1929 3202 festinationem

332 3237 390 3294 in
429 3238 670 3293 Esmona
709 3236 815 3292 sibi
845 3236 1063 3305 ascivit,
1095 3253 1210 3292 eam
1245 3237 1410 3293 modo
1449 3238 1516 3292 ad
1542 3238 1935 3310 comparandas

331 3326 651 3399 disciplinas
687 3325 962 3399 sapienter
1011 3335 1287 3383 accersat:
1351 3352 1369 3374 ι
1406 3327 1478 3383 Et
1517 3328 1612 3396 sit,
1657 3327 1805 3402 quod
1835 3329 1935 3383 Ja-

330 3416 498 3474 cobus
538 3417 816 3488 apostolus
862 3415 1041 3484 docet,
1073 3417 1256 3472 omnis
1292 3416 1460 3472 homo
1505 3418 1667 3472 velox
1710 3418 1931 3491 quidem

331 3502 401 3560 ad
425 3503 762 3559 audiendum
795 3503 935 3574 (Jac.
969 3521 1008 3571 ι,
1044 3504 1154 3574 19).
1185 3528 1203 3551 ι
1247 3508 1394 3560 Deus
1422 3504 1733 3577 disciplina:
1763 3507 1934 3580 hujus

334 3601 526 3650 auctor
567 3600 679 3649 est:
732 3592 941 3648 dicitur
987 3591 1135 3647 enim
1185 3609 1282 3664 per
1333 3593 1691 3666 prophetam:
1740 3622 1758 3644 ι
1800 3597 1934 3665 Quis

334 3681 582 3740 ascendit
610 3680 667 3735 in
711 3680 937 3748 calum,
977 3687 1031 3737 et
1075 3681 1285 3753 accepit
1314 3697 1454 3751 eam,
1485 3691 1539 3738 et
1579 3683 1773 3741 eduxit
1813 3702 1931 3741 eam

335 3789 365 3828 e
421 3770 713 3828 nubibus?
747 3769 883 3839 Quis
930 3770 1190 3826 transivit
1239 3780 1387 3828 trans
1416 3789 1586 3842 mare,
1615 3781 1666 3829 et
1715 3775 1934 3831 invenit

335 3877 476 3930 eam,
502 3867 556 3917 et
571 3861 758 3917 afferet
787 3876 904 3916 eam
935 3876 1070 3916 auro
1095 3861 1309 3918 electo?
1337 3863 1457 3918 Non
1487 3872 1566 3920 est
1596 3881 1931 3936 cognoscens

338 3951 482 4009 viam
527 3951 666 4025 ejus,
699 3968 874 4026 neque
913 3952 1006 4025 qui
1037 3952 1345 4010 consideret
1374 3955 1594 4011 semitas
1623 3954 1780 4027 ejus:
1837 3954 1932 4010 sed

337 4041 515 4099 sciens
571 4041 758 4098 omnia
811 4042 1099 4116 cognoscit
1155 4059 1298 4112 eam,
1357 4052 1409 4099 et
1463 4044 1752 4100 adinvenit
1808 4060 1926 4099 eam

337 4129 631 4203 prudentia
685 4147 785 4187 sua
815 4133 1074 4203 (Baruch.
1136 4150 1216 4201 III,
1251 4131 1460 4204 29-32).
1510 4131 1640 4190 Ideo
1685 4133 1755 4188 ab
1814 4133 1932 4204 ipso

336 4219 643 4292 expetenda
695 4229 795 4290 est,
844 4220 1058 4278 dicente
1086 4221 1286 4278 Iacobo
1315 4223 1562 4295 apostolo
1594 4242 1604 4278 :
1673 4247 1692 4271 ι
1721 4223 1778 4280 Si
1809 4223 1933 4296 quis

337 4316 584 4365 vestrum
631 4309 840 4382 indiget
883 4311 1171 4383 sapientia,
1205 4313 1446 4384 postulet
1472 4327 1503 4366 a
1551 4312 1664 4366 Deo
1697 4312 1792 4384 qui
1839 4313 1932 4367 dat

339 4397 597 4454 omnibus
625 4399 911 4456 aﬂluenter
929 4403 1066 4473 (Jac.
1091 4419 1131 4470 ι,
1162 4403 1242 4475 5).
1273 4427 1290 4447 ι
1337 4401 1465 4458 Haec
1480 4402 1678 4468 Deum,
1704 4400 1931 4473 ejusque

339 4503 505 4560 opera
546 4489 768 4547 revelat.
820 4491 1072 4561 Doctrix,
1120 4492 1304 4564 inquit
1359 4491 1637 4558 Salomon,
1697 4497 1780 4546 est
1832 4491 1932 4547 Dei

340 4576 655 4650 disciplina,
692 4586 744 4635 et
786 4581 1015 4638 electrix
1047 4596 1274 4653 operum
1310 4578 1486 4646 illius,
1535 4577 1655 4649 ejus
1683 4578 1934 4635 custodia

338 4665 493 4739 virga
572 4670 929 4727 correctionis
1011 4676 1139 4725 est.
1226 4667 1506 4738 Scriptum
1588 4677 1671 4724 est
1729 4667 1927 4726 enim:

355 4780 374 4802 ι
410 4755 586 4829 Plagae
624 4766 678 4815 et
729 4759 1105 4831 correptiones
1165 4755 1299 4810 dant
1351 4754 1678 4826 sapientiam
1741 4759 1931 4829 (Prov.

340 4860 500 4914 xxrx,
527 4845 637 4917 15).
670 4871 689 4894 ι
758 4847 984 4919 Legitur
1031 4845 1089 4900 in
1119 4842 1372 4899 Numeris
1422 4841 1704 4899 hominem
1736 4861 1937 4918 quem-

341 4935 466 4992 dam
511 4936 568 4993 in
622 4937 711 4994 die
741 4936 952 4994 sabbati
1005 4935 1157 5006 ligna
1185 4933 1534 5006 colligentem
1567 4935 1939 5008 comprehen-

341 5043 463 5082 sum
525 5025 716 5095 fuisse,
780 5041 967 5082 coram
1039 5024 1229 5095 Moyse
1303 5031 1357 5080 et
1425 5023 1738 5081 senioribus
1815 5025 1938 5082 sisti

342 5115 682 5182 mandatum,
736 5121 791 5170 et
825 5112 1041 5169 tandem
1086 5117 1245 5184 jussu
1274 5113 1373 5170 Dei
1426 5121 1601 5170 morte
1658 5111 1937 5188 punitum,

345 5203 623 5276 lapidibus
643 5203 903 5258 obrutum
931 5216 941 5254 :
982 5224 1000 5247 ι
1016 5201 1212 5266 Morte,
1232 5201 1434 5275 inquit,
1456 5203 1722 5260 moriatur
1737 5203 1903 5259 homo
1922 5220 1936 5270 ;

351 5291 668 5366 Iapidabitis
704 5307 830 5346 eum
878 5289 1152 5362 lapidibus
1200 5293 1382 5348 omnis
1406 5294 1756 5366 congregatio
1784 5301 1941 5349 extra

345 5388 524 5436 castra
553 5379 737 5448 (Num.
771 5395 870 5447 xv,
901 5378 1016 5452 35).
1050 5380 1209 5449 Quod
1236 5380 1292 5437 in
1325 5381 1428 5439 hac
1458 5384 1744 5439 mansione
1766 5381 1940 5455 aliqui

349 5467 552 5523 factum
613 5472 827 5537 putant.
868 5467 1012 5526 Hinc
1063 5471 1362 5543 Apostolus
1418 5487 1635 5543 quoque
1684 5470 1936 5526 dicebat:

365 5589 382 5610 σ
417 5563 735 5618 Peccantem
810 5580 994 5622 coram
1069 5567 1327 5625 omnibus
1399 5581 1586 5639 argue,
1648 5575 1711 5623 ut
1757 5566 1939 5626 caeteri

2037 979 2330 1034 stationem
2360 977 2545 1045 habet,
2569 977 2817 1033 studium
2838 994 3022 1045 omne,
3045 995 3132 1033 om
3148 994 3388 1051 nemque
3405 996 3674 1050 operam,

2037 1077 2098 1124 ut
2126 1085 2195 1123 ne
2246 1067 2537 1122 minimum
2583 1067 2805 1140 quidem
2839 1085 2906 1123 ex
2960 1068 3074 1140 ipsa
3102 1067 3201 1124 Dei
3235 1069 3349 1139 lege
3382 1069 3673 1127 violatum

2039 1158 2355 1220 intercidat,
2387 1158 2578 1213 sedulo
2609 1157 2933 1229 impendere
2968 1158 3165 1226 debet,
3208 1167 3261 1214 et
3310 1168 3371 1216 ut
3401 1159 3674 1218 Salvator

2038 1246 2138 1314 ait,
2186 1271 2204 1293 ι
2233 1263 2298 1301 ne
2331 1247 2443 1301 iota
2468 1262 2662 1313 unum,
2694 1254 2788 1301 aut
2816 1263 2964 1301 unus
2990 1263 3130 1319 apex
3167 1272 3184 1293 ι
3219 1249 3402 1319 aLege
3433 1257 3670 1320 praeter-

2038 1343 2124 1391 eat
2181 1337 2405 1406 (Matth.
2474 1353 2527 1403 v,
2585 1334 2698 1403 18).
2756 1335 2928 1391 Debet
2985 1336 3134 1390 enim
3191 1335 3330 1392 illud
3379 1338 3670 1409 evangelii

2038 1435 2221 1482 mente
2266 1433 2529 1498 perpetuo
2560 1425 2819 1492 retinere,
2853 1441 2963 1497 quo
2989 1425 3201 1481 dicitur
3230 1443 3241 1480 :
3310 1452 3327 1472 ε
3356 1426 3493 1482 Dico
3524 1425 3668 1495 tibi,

2041 1532 2151 1570 non
2183 1514 2335 1569 exies
2367 1515 2516 1582 inde,
2545 1513 2722 1570 donec
2764 1517 2932 1570 etiam
2967 1514 3267 1570 minimum
3291 1514 3669 1588 quadrantem

2037 1603 2232 1660 reddas
2261 1603 2475 1673 (Matth.
2506 1620 2565 1671 v,
2597 1603 2690 1673 26)
2727 1603 2755 1659 ?
2790 1603 2928 1658 Nam
2961 1604 3106 1659 sicut
3128 1619 3237 1659 non
3261 1603 3415 1676 prius
3443 1604 3668 1660 fenoris

2039 1693 2284 1750 debitum
2310 1701 2630 1761 evacuatur,
2661 1710 2825 1768 quam
2865 1694 3046 1749 totius
3076 1695 3240 1750 sortis
3258 1695 3327 1750 ad
3355 1695 3664 1754 minimum

2040 1799 2211 1856 usque
2268 1784 2620 1840 nummulum
2706 1800 3047 1856 quocunque
3098 1784 3392 1840 solutionis
3455 1802 3664 1857 genere

2040 1872 2317 1944 quantitas
2355 1872 2614 1928 universa
2659 1872 2938 1939 solvatur;
2994 1872 3072 1929 sic
3102 1889 3203 1929 nec
3233 1875 3438 1946 peccati
3470 1892 3658 1946 pmna,

2040 1961 2146 2018 nisi
2192 1961 2480 2018 charitatis
2526 1961 2982 2035 reliquarumque
3026 1963 3475 2035 compensatione
3524 1965 3662 2020 vir—

2041 2060 2244 2120 tutum,
2302 2054 2390 2108 vel
2451 2052 2640 2108 stricta
2695 2051 3075 2108 satisfactione
3125 2051 3470 2111 dissolvitur.
3528 2056 3656 2111 Non

2040 2141 2245 2197 eluitur
2269 2148 2582 2213 peccatum,
2623 2141 2836 2209 fratres,
2873 2142 2985 2197 nisi
3017 2143 3194 2214 pmnis
3223 2143 3415 2200 tandiu
3446 2145 3661 2201 noxius

2040 2237 2377 2298 exerceatur,
2437 2237 2499 2285 ut
2527 2229 2809 2286 commissi
2867 2247 2967 2304 sup
2989 2231 3156 2303 plicia
3185 2233 3387 2288 erroris
3431 2248 3658 2306 expen-

2040 2319 2151 2375 dat.
2179 2319 2408 2376 Dicebat
2435 2318 2672 2376 Jacobus
2699 2319 2979 2390 apostolus
3005 2338 3016 2376 :
3081 2344 3100 2367 ε
3139 2320 3244 2387 Qui
3274 2328 3443 2377 totam
3475 2322 3653 2395 legem

2039 2408 2362 2475 servaverit,
2385 2407 2626 2463 offendat
2640 2415 2822 2464 autem
2845 2408 2903 2462 in
2934 2425 3067 2477 uno,
3088 2408 3265 2465 factus
3291 2419 3372 2467 est
3396 2412 3654 2468 omnium

2041 2515 2164 2554 reus
2198 2497 2401 2569 (Iacob.
2435 2514 2497 2564 Il,
2531 2497 2644 2568 10).
2681 2521 2699 2544 ι
2755 2496 3118 2554 Ponderanda
3163 2507 3245 2555 est
3294 2516 3510 2574 quoque
3552 2501 3656 2557 illa

2040 2589 2141 2645 Dei
2171 2586 2462 2654 sententia,
2498 2601 2618 2658 quae
2655 2585 2710 2641 in
2739 2587 2880 2660 Lege
2910 2588 3122 2660 scripta
3150 2596 3231 2643 est
3257 2606 3268 2644 :
3319 2614 3336 2636 ι
3365 2589 3481 2662 Ego
3526 2606 3655 2647 sum

2040 2680 2312 2737 Dominus
2341 2681 2486 2735 Deus
2513 2685 2663 2746 tuus,
2693 2679 2838 2735 Deus
2867 2679 3068 2736 zelotes
3115 2681 3323 2751 (Exod.
3367 2697 3465 2749 xx,
3500 2682 3582 2752 5).
3613 2708 3634 2728 ι

2041 2771 2154 2827 Lex
2190 2769 2358 2841 igitur
2384 2767 2480 2825 Dei
2508 2767 2857 2824 exactissima
2887 2785 3105 2842 quaque
3135 2765 3373 2826 censura
3404 2778 3485 2826 est
3506 2786 3653 2826 exa-

2041 2859 2319 2927 minanda,
2354 2865 2408 2915 et
2439 2858 2588 2912 omni
2619 2874 2725 2930 qua
2754 2865 2932 2929 potest
2954 2857 3151 2931 majori
3184 2859 3492 2915 sedulitate
3522 2876 3651 2916 ser-

2040 2949 2239 3016 vanda,
2272 2965 2340 3004 ne
2379 2947 2447 3002 ab
2473 2964 2534 3003 ea
2566 2947 2706 3002 forte
2732 2947 3084 3003 excidamus.
3121 2948 3236 3004 Hoc
3275 2965 3376 3004 nos
3409 2965 3650 3020 praesens

2041 3040 2254 3097 mansio
2315 3038 2516 3094 docet:
2592 3037 2957 3108 Banejacham
3035 3037 3183 3093 enim
3241 3037 3646 3096 excolationem

2045 3131 2311 3202 designat.
2343 3129 2449 3196 Qui
2478 3135 2661 3183 autem
2695 3126 2866 3198 legem
2898 3126 2998 3181 Dei
3033 3125 3294 3197 percolat,
3326 3142 3395 3182 ne
3417 3126 3651 3184 minima

2044 3221 2265 3295 quidem
2309 3219 2396 3274 vel
2451 3217 2662 3291 syllaba
2690 3217 2778 3272 vel
2823 3232 2963 3290 apex
3009 3215 3346 3290 negligenter
3397 3218 3632 3286 labatur,

2042 3310 2339 3382 diligenter
2367 3307 2640 3364 observat.

2114 3418 2328 3476 ΧΧΙΧι
2355 3418 2586 3485 mansio,
2617 3417 2870 3473 Gaocan.
2894 3415 3254 3473 —Vicesima
3274 3433 3418 3474 nona
3435 3417 3646 3473 mansio

2043 3508 2277 3566 habetur
2299 3505 2356 3560 in
2397 3512 2582 3560 monte
2612 3503 2866 3576 Gadgad;
2899 3503 3036 3558 dicit
3069 3519 3342 3576 namque:
3392 3531 3410 3552 ε
3441 3507 3510 3561 Et
3525 3523 3644 3579 pro-

2043 3600 2170 3656 fecti
2218 3597 2284 3652 de
2314 3594 2698 3666 Banejacham,
2757 3592 3127 3650 castrametati
3183 3601 3312 3649 sunt
3368 3595 3426 3650 in
3460 3603 3645 3652 monte

2043 3687 2264 3760 Gadgad
2308 3687 2492 3758 (Num.
2537 3700 2742 3752 χχχιιι,
2789 3683 2905 3753 32).
2957 3683 3209 3740 Tentatio
3255 3685 3453 3742 animae
3492 3686 3644 3744 ﬁdeli

2041 3778 2311 3847 custodia,
2343 3775 2610 3832 fortitudo
2643 3783 2696 3830 et
2725 3773 2949 3830 virtutis
2977 3782 3334 3845 augmentum
3371 3785 3485 3847 est;
3519 3794 3645 3836 nam

2041 3869 2226 3924 anima
2262 3866 2418 3939 justi,
2460 3864 2567 3920 nisi
2597 3862 2999 3920 tentationibus
3032 3864 3313 3922 interdum
3362 3884 3422 3924 se
3463 3867 3644 3940 urgeri

2041 3956 2286 4024 sentiret,
2319 3953 2520 4010 nedum
2551 3953 2607 4009 in
2660 3953 2909 4010 custodia
2939 3970 3053 4010 non
3086 3965 3350 4025 maneret,
3385 3957 3521 4029 quin
3553 3973 3644 4030 po-

2041 4048 2152 4106 tius
2179 4057 2441 4120 tanquam
2475 4044 2777 4117 gratiarum
2809 4044 2968 4116 copia
2995 4043 3252 4101 difﬂuens
3281 4047 3640 4104 relaxaretur.

2043 4138 2299 4210 AMoyse
2346 4141 2534 4191 sancto
2589 4133 2982 4190 documentum
3027 4133 3134 4190 hoc
3187 4135 3330 4192 clare
3388 4135 3636 4193 habetur.

2033 4219 2186 4282 Dum
2244 4224 2482 4298 populus
2547 4222 2826 4297 lampades
2881 4232 2936 4280 et
2990 4231 3232 4279 montem
3281 4224 3640 4297 fumigantem

2041 4324 2308 4384 cerneret,
2353 4331 2624 4388 vocesque
2669 4313 2907 4379 audiret,
2955 4320 3012 4369 et
3057 4314 3283 4370 territus
3330 4331 3361 4370 a
3404 4316 3643 4372 Domino

1963 4444 2009 4502 Β
2043 4409 2273 4481 fugeret,
2303 4407 2450 4464 dixit
2479 4408 2724 4479 Moyses:
2774 4431 2792 4453 ι
2822 4404 3125 4473 Conﬁdite,
3156 4421 3320 4461 causa
3350 4406 3497 4462 enim
3527 4415 3641 4463 ten-

2043 4498 2195 4554 tandi
2252 4515 2350 4554 vos
2380 4497 2534 4552 venit
2580 4497 2727 4551 Deus
2757 4493 2827 4549 ad
2855 4511 2990 4550 vos:
3051 4501 3116 4548 ut
3149 4494 3222 4549 sit
3249 4494 3418 4550 timor
3444 4495 3560 4567 ejus
3585 4496 3641 4551 in

2044 4585 2222 4653 vobis,
2247 4593 2301 4642 et
2329 4601 2440 4640 non
2470 4583 2706 4655 peccetis
2737 4582 2919 4650 (Deut.
2950 4596 3078 4649 XIII,
3119 4579 3198 4651 3).
3233 4605 3251 4626 ι
3277 4581 3496 4638 Dicitur
3513 4598 3642 4656 quo-

2044 4691 2150 4748 que
2179 4672 2475 4730 fortitudo:
2510 4686 2636 4726 nam
2668 4669 2852 4724 anima
2881 4685 2912 4723 a
2941 4669 3353 4742 multiplicibus
3386 4687 3443 4726 se
3469 4678 3642 4729 tenta-

2047 4762 2248 4818 mentis
2275 4769 2482 4833 septam
2524 4773 2848 4830 agnoscens,
2897 4757 3114 4815 cautius
3157 4757 3387 4826 incedit,
3435 4765 3489 4816 et
3518 4775 3642 4816 ma-

2038 4853 2218 4928 jorem
2264 4870 2296 4909 a
2347 4850 2586 4909 Domino
2639 4849 2904 4905 virtutem
2961 4849 3223 4922 postulat,
3273 4849 3461 4907 dicens
3517 4865 3642 4908 cum

2048 4944 2355 5015 Propheta:
2425 4966 2443 4988 ε
2474 4940 2732 4996 Miserere
2789 4940 2922 5010 mei,
2959 4941 3128 5010 Dens,
3188 4938 3446 5012 quoniam
3481 4937 3642 4996 multi

2046 5034 2316 5090 bellantes
2343 5030 2637 5087 adversum
2681 5045 2768 5086 me
2813 5030 2989 5100 (Psal.
3016 5047 3107 5097 Lv,
3139 5030 3194 5098 2,
3223 5028 3304 5100 3).
3336 5053 3356 5075 ι
3402 5028 3643 5086 Virtutis

2047 5139 2178 5179 vero
2233 5128 2610 5194 augmentum,
2670 5126 2940 5193 quatenus
3009 5117 3193 5173 anima
3245 5119 3644 5176 tentationibus

2047 5211 2288 5268 exercita
2316 5210 2506 5284 purior
2528 5209 2826 5282 egreditur.
2859 5207 2985 5263 Ideo
3015 5207 3274 5264 Salomon
3312 5207 3370 5264 in
3401 5208 3644 5265 Prover-

2048 5299 2156 5355 biis
2183 5299 2321 5356 dicit
2347 5317 2358 5355 :
2407 5323 2425 5347 ε
2454 5299 2607 5356 Sicut
2635 5297 2898 5370 probatur
2928 5296 2986 5352 in
3016 5295 3239 5354 camino
3274 5305 3565 5370 argentum
3589 5303 3642 5351 et

2048 5404 2265 5457 aurum,
2295 5389 2377 5445 sic
2403 5389 2575 5448 electa
2597 5387 2763 5446 corda
2789 5385 2934 5458 apud
2954 5387 3254 5444 Dominum
3278 5387 3465 5458 (Prov.
3498 5401 3640 5454 xvrx,

2049 5478 2129 5550 3).
2161 5501 2180 5525 ι
2227 5479 2649 5535 Tentationibus
2677 5477 2919 5534 animam
2947 5477 3213 5550 proﬁcere
3241 5481 3468 5533 sanctus
3496 5491 3643 5548 quo-

2049 5583 2153 5645 que
2195 5567 2426 5625 Jacobus
2470 5567 2746 5642 apostolus
2792 5573 3022 5626 testatur
3073 5565 3299 5621 dicens:
3377 5587 3394 5609 ι
3435 5563 3637 5620 Beatus
