  <div class='ocr_page' id='page_1' title='image "/cluster/home/n/w/nwhite01/storage/ocr_20150623/17/uva.x000826553/024.png"; bbox 0 0 3932 6210; ppageno 0'>
   <div class='ocr_carea' id='block_1_1' title="bbox 270 373 3580 436">
    <p class='ocr_par' dir='ltr' id='par_1_1' title="bbox 270 373 3580 436">
     <span class='ocr_line' id='line_1_1' title="bbox 270 373 3580 436; baseline -0.001 0"><span class='ocrx_word' id='word_1_1' title='bbox 270 376 341 436; x_wconf 83' lang='grc'><strong>33</strong></span> <span class='ocrx_word' id='word_1_2' title='bbox 1193 375 1288 433; x_wconf 87' lang='lat' dir='ltr'><strong>DE</strong></span> <span class='ocrx_word' id='word_1_3' title='bbox 1328 375 1475 432; x_wconf 80' lang='lat' dir='ltr'>XLII</span> <span class='ocrx_word' id='word_1_4' title='bbox 1514 373 1985 431; x_wconf 86' lang='lat' dir='ltr'><strong>MANSIONIBUS</strong></span> <span class='ocrx_word' id='word_1_5' title='bbox 2023 375 2360 433; x_wconf 81' lang='lat' dir='ltr'><strong>FILIORUM</strong></span> <span class='ocrx_word' id='word_1_6' title='bbox 2400 376 2688 433; x_wconf 80' lang='lat' dir='ltr'><strong>ISRAEL.-</strong></span> <span class='ocrx_word' id='word_1_7' title='bbox 3512 376 3580 433; x_wconf 75' lang='grc'>34</span> 
     </span>
    </p>
   </div>
   <div class='ocr_carea' id='block_1_2' title="bbox 267 500 3580 580">
    <p class='ocr_par' dir='ltr' id='par_1_2' title="bbox 267 500 3580 580">
     <span class='ocr_line' id='line_1_2' title="bbox 267 500 3580 580; baseline -0 -18"><span class='ocrx_word' id='word_1_8' title='bbox 267 506 362 562; x_wconf 86' lang='lat' dir='ltr'><strong>vir</strong></span> <span class='ocrx_word' id='word_1_9' title='bbox 378 505 472 580; x_wconf 90' lang='lat' dir='ltr'><strong>qui</strong></span> <span class='ocrx_word' id='word_1_10' title='bbox 498 506 688 564; x_wconf 79' lang='lat' dir='ltr'><strong>suffert</strong></span> <span class='ocrx_word' id='word_1_11' title='bbox 719 505 1080 563; x_wconf 89' lang='lat' dir='ltr'><strong>tentationem</strong></span> <span class='ocrx_word' id='word_1_12' title='bbox 1100 548 1116 574; x_wconf 90' lang='lat'><strong>,</strong></span> <span class='ocrx_word' id='word_1_13' title='bbox 1146 505 1407 577; x_wconf 88' lang='lat' dir='ltr'><strong>quoniam</strong></span> <span class='ocrx_word' id='word_1_14' title='bbox 1436 519 1563 560; x_wconf 91' lang='lat' dir='ltr'><strong>cum</strong></span> <span class='ocrx_word' id='word_1_15' title='bbox 1605 502 1867 575; x_wconf 89' lang='lat' dir='ltr'><strong>probatus</strong></span> <span class='ocrx_word' id='word_1_16' title='bbox 1893 509 1944 568; x_wconf 83' lang='grc' dir='ltr'>Α</span> <span class='ocrx_word' id='word_1_17' title='bbox 1982 500 2084 557; x_wconf 89' lang='lat' dir='ltr'><strong>tiat</strong></span> <span class='ocrx_word' id='word_1_18' title='bbox 2113 500 2473 571; x_wconf 83' lang='lat' dir='ltr'><strong>desiderium,</strong></span> <span class='ocrx_word' id='word_1_19' title='bbox 2494 511 2549 558; x_wconf 92' lang='lat' dir='ltr'><strong>et</strong></span> <span class='ocrx_word' id='word_1_20' title='bbox 2578 504 2635 558; x_wconf 90' lang='lat' dir='ltr'><strong>in</strong></span> <span class='ocrx_word' id='word_1_21' title='bbox 2664 518 2773 575; x_wconf 88' lang='lat' dir='ltr'><strong>quo</strong></span> <span class='ocrx_word' id='word_1_22' title='bbox 2814 511 3078 576; x_wconf 88' lang='lat' dir='ltr'><strong>perpetuo</strong></span> <span class='ocrx_word' id='word_1_23' title='bbox 3138 518 3457 577; x_wconf 83' lang='lat' dir='ltr'><strong>permanere</strong></span> <span class='ocrx_word' id='word_1_24' title='bbox 3487 503 3580 561; x_wconf 86' lang='lat' dir='ltr'><strong>de-</strong></span> 
     </span>
    </p>
   </div>
   <div class='ocr_carea' id='block_1_3' title="bbox 266 600 1873 677">
    <p class='ocr_par' dir='ltr' id='par_1_3' title="bbox 266 600 1873 677">
     <span class='ocr_line' id='line_1_3' title="bbox 266 600 1873 677; baseline -0.001 -17"><span class='ocrx_word' id='word_1_25' title='bbox 266 603 458 674; x_wconf 80' lang='lat' dir='ltr'><strong>fuerit,</strong></span> <span class='ocrx_word' id='word_1_26' title='bbox 490 604 723 677; x_wconf 83' lang='lat' dir='ltr'><strong>accipiet</strong></span> <span class='ocrx_word' id='word_1_27' title='bbox 769 620 1032 661; x_wconf 90' lang='lat' dir='ltr'><strong>coronam</strong></span> <span class='ocrx_word' id='word_1_28' title='bbox 1083 603 1214 659; x_wconf 76' lang='lat' dir='ltr'><strong>vitae</strong></span> <span class='ocrx_word' id='word_1_29' title='bbox 1258 602 1396 675; x_wconf 79' lang='lat' dir='ltr'><strong>(Jac.</strong></span> <span class='ocrx_word' id='word_1_30' title='bbox 1430 617 1471 670; x_wconf 90' lang='grc' dir='ltr'><strong>ι,</strong></span> <span class='ocrx_word' id='word_1_31' title='bbox 1508 600 1623 671; x_wconf 82' lang='lat'><strong>12).</strong></span> <span class='ocrx_word' id='word_1_32' title='bbox 1660 625 1679 649; x_wconf 76' lang='grc' dir='ltr'><strong>ι</strong></span> <span class='ocrx_word' id='word_1_33' title='bbox 1733 602 1873 658; x_wconf 90' lang='lat' dir='ltr'><strong>Sunt</strong></span> 
     </span>
    </p>
   </div>
   <div class='ocr_carea' id='block_1_4' title="bbox 268 689 1867 767">
    <p class='ocr_par' dir='ltr' id='par_1_4' title="bbox 268 689 1867 767">
     <span class='ocr_line' id='line_1_4' title="bbox 268 689 1867 767; baseline -0.002 -16"><span class='ocrx_word' id='word_1_34' title='bbox 268 694 440 767; x_wconf 77' lang='lat' dir='ltr'><strong>igitur</strong></span> <span class='ocrx_word' id='word_1_35' title='bbox 484 711 597 752; x_wconf 93' lang='lat' dir='ltr'><strong>non</strong></span> <span class='ocrx_word' id='word_1_36' title='bbox 639 694 919 767; x_wconf 69' lang='lat' dir='ltr'><strong>fugiendae</strong></span> <span class='ocrx_word' id='word_1_37' title='bbox 942 736 959 763; x_wconf 92' lang='lat'><strong>,</strong></span> <span class='ocrx_word' id='word_1_38' title='bbox 998 691 1095 748; x_wconf 88' lang='lat' dir='ltr'><strong>sed</strong></span> <span class='ocrx_word' id='word_1_39' title='bbox 1135 689 1454 763; x_wconf 84' lang='lat' dir='ltr'><strong>expetendae</strong></span> <span class='ocrx_word' id='word_1_40' title='bbox 1500 690 1867 760; x_wconf 87' lang='lat' dir='ltr'><strong>tentationes;</strong></span> 
     </span>
    </p>
   </div>
   <div class='ocr_carea' id='block_1_5' title="bbox 268 783 1869 865">
    <p class='ocr_par' dir='ltr' id='par_1_5' title="bbox 268 783 1869 865">
     <span class='ocr_line' id='line_1_5' title="bbox 268 783 1869 865; baseline -0.002 -23"><span class='ocrx_word' id='word_1_41' title='bbox 268 786 417 843; x_wconf 86' lang='lat' dir='ltr'><strong>unde</strong></span> <span class='ocrx_word' id='word_1_42' title='bbox 444 786 625 843; x_wconf 83' lang='lat' dir='ltr'><strong>David</strong></span> <span class='ocrx_word' id='word_1_43' title='bbox 674 785 947 858; x_wconf 83' lang='lat' dir='ltr'><strong>propheta</strong></span> <span class='ocrx_word' id='word_1_44' title='bbox 986 783 1125 840; x_wconf 86' lang='lat' dir='ltr'><strong>dicit</strong></span> <span class='ocrx_word' id='word_1_45' title='bbox 1156 800 1168 838; x_wconf 90' lang='lat'><strong>:</strong></span> <span class='ocrx_word' id='word_1_46' title='bbox 1217 806 1235 829; x_wconf 77' lang='grc' dir='ltr'><strong>ι</strong></span> <span class='ocrx_word' id='word_1_47' title='bbox 1266 783 1443 839; x_wconf 89' lang='lat' dir='ltr'><strong>Proba</strong></span> <span class='ocrx_word' id='word_1_48' title='bbox 1472 799 1579 853; x_wconf 90' lang='lat' dir='ltr'><strong>me,</strong></span> <span class='ocrx_word' id='word_1_49' title='bbox 1615 784 1869 865; x_wconf 61' lang='lat' dir='ltr'><strong>Domine,</strong></span> 
     </span>
    </p>
   </div>
   <div class='ocr_carea' id='block_1_6' title="bbox 268 871 1871 945">
    <p class='ocr_par' dir='ltr' id='par_1_6' title="bbox 268 871 1871 945">
     <span class='ocr_line' id='line_1_6' title="bbox 268 871 1871 945; baseline -0.002 -13"><span class='ocrx_word' id='word_1_50' title='bbox 268 883 327 932; x_wconf 90' lang='lat' dir='ltr'><strong>et</strong></span> <span class='ocrx_word' id='word_1_51' title='bbox 355 883 506 931; x_wconf 87' lang='lat' dir='ltr'><strong>tenta</strong></span> <span class='ocrx_word' id='word_1_52' title='bbox 536 890 623 930; x_wconf 93' lang='lat' dir='ltr'><strong>me</strong></span> <span class='ocrx_word' id='word_1_53' title='bbox 649 874 833 943; x_wconf 80' lang='lat' dir='ltr'><strong>(Psal.</strong></span> <span class='ocrx_word' id='word_1_54' title='bbox 864 889 1001 941; x_wconf 85' lang='lat' dir='ltr'><strong>xxv,</strong></span> <span class='ocrx_word' id='word_1_55' title='bbox 1023 872 1105 945; x_wconf 80' lang='lat'><strong>2).</strong></span> <span class='ocrx_word' id='word_1_56' title='bbox 1144 898 1162 922; x_wconf 79' lang='grc' dir='ltr'><strong>ι</strong></span> <span class='ocrx_word' id='word_1_57' title='bbox 1220 871 1703 944; x_wconf 86' lang='lat' dir='ltr'><strong>Progredientibus</strong></span> <span class='ocrx_word' id='word_1_58' title='bbox 1744 889 1871 945; x_wconf 81' lang='lat' dir='ltr'><strong>ergo</strong></span> 
     </span>
    </p>
   </div>
   <div class='ocr_carea' id='block_1_7' title="bbox 267 961 1866 1035">
    <p class='ocr_par' dir='ltr' id='par_1_7' title="bbox 267 961 1866 1035">
     <span class='ocr_line' id='line_1_7' title="bbox 267 961 1866 1035; baseline -0.003 -13"><span class='ocrx_word' id='word_1_59' title='bbox 267 965 331 1022; x_wconf 92' lang='lat' dir='ltr'><strong>in</strong></span> <span class='ocrx_word' id='word_1_60' title='bbox 361 967 455 1022; x_wconf 92' lang='lat' dir='ltr'><strong>via</strong></span> <span class='ocrx_word' id='word_1_61' title='bbox 481 964 706 1022; x_wconf 88' lang='lat' dir='ltr'><strong>Domini</strong></span> <span class='ocrx_word' id='word_1_62' title='bbox 753 970 1089 1019; x_wconf 86' lang='lat' dir='ltr'><strong>tentamenta</strong></span> <span class='ocrx_word' id='word_1_63' title='bbox 1137 961 1482 1034; x_wconf 81' lang='lat' dir='ltr'><strong>frequentius</strong></span> <span class='ocrx_word' id='word_1_64' title='bbox 1522 962 1866 1035; x_wconf 90' lang='lat' dir='ltr'><strong>ingeruntur,</strong></span> 
     </span>
    </p>
   </div>
   <div class='ocr_carea' id='block_1_8' title="bbox 266 1050 1867 1123">
    <p class='ocr_par' dir='ltr' id='par_1_8' title="bbox 266 1050 1867 1123">
     <span class='ocr_line' id='line_1_8' title="bbox 266 1050 1867 1123; baseline -0.002 -12"><span class='ocrx_word' id='word_1_65' title='bbox 266 1063 335 1111; x_wconf 91' lang='lat' dir='ltr'><strong>ut</strong></span> <span class='ocrx_word' id='word_1_66' title='bbox 359 1055 578 1112; x_wconf 84' lang='lat' dir='ltr'><strong>cautius</strong></span> <span class='ocrx_word' id='word_1_67' title='bbox 608 1052 1053 1123; x_wconf 78' lang='lat' dir='ltr'><strong>fructuosiusque</strong></span> <span class='ocrx_word' id='word_1_68' title='bbox 1083 1050 1363 1106; x_wconf 88' lang='lat' dir='ltr'><strong>incedant.</strong></span> <span class='ocrx_word' id='word_1_69' title='bbox 1387 1050 1504 1106; x_wconf 86' lang='lat' dir='ltr'><strong>Hoc</strong></span> <span class='ocrx_word' id='word_1_70' title='bbox 1532 1050 1692 1107; x_wconf 87' lang='lat' dir='ltr'><strong>nobis</strong></span> <span class='ocrx_word' id='word_1_71' title='bbox 1721 1068 1867 1107; x_wconf 91' lang='lat' dir='ltr'><strong>man-</strong></span> 
     </span>
    </p>
   </div>
   <div class='ocr_carea' id='block_1_9' title="bbox 267 1138 1867 1212">
    <p class='ocr_par' dir='ltr' id='par_1_9' title="bbox 267 1138 1867 1212">
     <span class='ocr_line' id='line_1_9' title="bbox 267 1138 1867 1212; baseline -0.003 -11"><span class='ocrx_word' id='word_1_72' title='bbox 267 1142 357 1201; x_wconf 92' lang='lat' dir='ltr'><strong>sio</strong></span> <span class='ocrx_word' id='word_1_73' title='bbox 386 1142 507 1200; x_wconf 79' lang='lat' dir='ltr'><strong>haec</strong></span> <span class='ocrx_word' id='word_1_74' title='bbox 548 1142 833 1201; x_wconf 86' lang='lat' dir='ltr'><strong>insinuat:</strong></span> <span class='ocrx_word' id='word_1_75' title='bbox 887 1156 1014 1197; x_wconf 91' lang='lat' dir='ltr'><strong>nam</strong></span> <span class='ocrx_word' id='word_1_76' title='bbox 1062 1138 1285 1212; x_wconf 90' lang='lat' dir='ltr'><strong>Gadgad</strong></span> <span class='ocrx_word' id='word_1_77' title='bbox 1324 1147 1726 1197; x_wconf 89' lang='lat' dir='ltr'><strong>tentamentum</strong></span> <span class='ocrx_word' id='word_1_78' title='bbox 1770 1142 1867 1197; x_wconf 92' lang='lat' dir='ltr'><strong>in-</strong></span> 
     </span>
    </p>
   </div>
   <div class='ocr_carea' id='block_1_10' title="bbox 266 1230 1868 1306">
    <p class='ocr_par' dir='ltr' id='par_1_10' title="bbox 266 1230 1868 1306">
     <span class='ocr_line' id='line_1_10' title="bbox 266 1230 1868 1306; baseline -0.002 -17"><span class='ocrx_word' id='word_1_79' title='bbox 266 1239 620 1306; x_wconf 89' lang='lat' dir='ltr'><strong>terpretatur.</strong></span> <span class='ocrx_word' id='word_1_80' title='bbox 651 1233 728 1289; x_wconf 87' lang='lat' dir='ltr'><strong>Ne</strong></span> <span class='ocrx_word' id='word_1_81' title='bbox 753 1231 921 1302; x_wconf 84' lang='lat' dir='ltr'><strong>igitur</strong></span> <span class='ocrx_word' id='word_1_82' title='bbox 965 1238 1242 1287; x_wconf 89' lang='lat' dir='ltr'><strong>tantarum</strong></span> <span class='ocrx_word' id='word_1_83' title='bbox 1272 1230 1432 1301; x_wconf 89' lang='lat' dir='ltr'><strong>copia</strong></span> <span class='ocrx_word' id='word_1_84' title='bbox 1461 1230 1734 1286; x_wconf 88' lang='lat' dir='ltr'><strong>virtutum</strong></span> <span class='ocrx_word' id='word_1_85' title='bbox 1763 1246 1868 1286; x_wconf 89' lang='lat' dir='ltr'><strong>su-</strong></span> 
     </span>
    </p>
   </div>
   <div class='ocr_carea' id='block_1_11' title="bbox 268 1318 1863 1396">
    <p class='ocr_par' dir='ltr' id='par_1_11' title="bbox 268 1318 1863 1396">
     <span class='ocr_line' id='line_1_11' title="bbox 268 1318 1863 1396; baseline -0.003 -17"><span class='ocrx_word' id='word_1_86' title='bbox 268 1323 550 1396; x_wconf 87' lang='lat' dir='ltr'><strong>periorum</strong></span> <span class='ocrx_word' id='word_1_87' title='bbox 576 1320 924 1377; x_wconf 88' lang='lat' dir='ltr'><strong>mansionum</strong></span> <span class='ocrx_word' id='word_1_88' title='bbox 954 1320 1133 1377; x_wconf 87' lang='lat' dir='ltr'><strong>viator</strong></span> <span class='ocrx_word' id='word_1_89' title='bbox 1151 1318 1428 1375; x_wconf 81' lang='lat' dir='ltr'><strong>diﬂlueret</strong></span> <span class='ocrx_word' id='word_1_90' title='bbox 1455 1320 1541 1374; x_wconf 86' lang='lat' dir='ltr'><strong>vel</strong></span> <span class='ocrx_word' id='word_1_91' title='bbox 1569 1319 1863 1390; x_wconf 86' lang='lat' dir='ltr'><strong>laberetur,</strong></span> 
     </span>
    </p>
   </div>
   <div class='ocr_carea' id='block_1_12' title="bbox 265 1409 1212 1485">
    <p class='ocr_par' dir='ltr' id='par_1_12' title="bbox 265 1409 1212 1485">
     <span class='ocr_line' id='line_1_12' title="bbox 265 1409 1212 1485; baseline -0.002 -17"><span class='ocrx_word' id='word_1_92' title='bbox 265 1411 539 1485; x_wconf 86' lang='lat' dir='ltr'><strong>superiori</strong></span> <span class='ocrx_word' id='word_1_93' title='bbox 569 1411 675 1468; x_wconf 90' lang='lat' dir='ltr'><strong>ista</strong></span> <span class='ocrx_word' id='word_1_94' title='bbox 703 1409 919 1468; x_wconf 86' lang='lat' dir='ltr'><strong>mansio</strong></span> <span class='ocrx_word' id='word_1_95' title='bbox 947 1409 1212 1467; x_wconf 89' lang='lat' dir='ltr'><strong>succedit.</strong></span> 
     </span>
    </p>
   </div>
   <div class='ocr_carea' id='block_1_13' title="bbox 339 1499 1866 1572">
    <p class='ocr_par' dir='ltr' id='par_1_13' title="bbox 339 1499 1866 1572">
     <span class='ocr_line' id='line_1_13' title="bbox 339 1499 1866 1572; baseline -0.003 -14"><span class='ocrx_word' id='word_1_96' title='bbox 339 1501 528 1558; x_wconf 82' lang='grc' dir='ltr'><strong>ΧΧΧ·</strong></span> <span class='ocrx_word' id='word_1_97' title='bbox 566 1501 797 1572; x_wconf 76' lang='lat' dir='ltr'><strong>mansio,</strong></span> <span class='ocrx_word' id='word_1_98' title='bbox 826 1502 1206 1558; x_wconf 71' lang='lat' dir='ltr'><strong>JETHBBATHA.</strong></span> <span class='ocrx_word' id='word_1_99' title='bbox 1239 1531 1310 1543; x_wconf 92' lang='lat'><strong>—</strong></span> <span class='ocrx_word' id='word_1_100' title='bbox 1346 1499 1558 1558; x_wconf 89' lang='lat' dir='ltr'><strong>Mansio</strong></span> <span class='ocrx_word' id='word_1_101' title='bbox 1589 1499 1866 1557; x_wconf 90' lang='lat' dir='ltr'><strong>tricesima</strong></span> 
     </span>
    </p>
   </div>
   <div class='ocr_carea' id='block_1_14' title="bbox 261 1590 1866 1665">
    <p class='ocr_par' dir='ltr' id='par_1_14' title="bbox 261 1590 1866 1665">
     <span class='ocr_line' id='line_1_14' title="bbox 261 1590 1866 1665; baseline -0.002 -16"><span class='ocrx_word' id='word_1_102' title='bbox 261 1591 576 1649; x_wconf 86' lang='lat' dir='ltr'><strong>celebratur</strong></span> <span class='ocrx_word' id='word_1_103' title='bbox 615 1591 674 1648; x_wconf 92' lang='lat' dir='ltr'><strong>in</strong></span> <span class='ocrx_word' id='word_1_104' title='bbox 732 1591 1094 1659; x_wconf 87' lang='lat' dir='ltr'><strong>Jethebatha;</strong></span> <span class='ocrx_word' id='word_1_105' title='bbox 1143 1590 1291 1647; x_wconf 89' lang='lat' dir='ltr'><strong>unde</strong></span> <span class='ocrx_word' id='word_1_106' title='bbox 1347 1590 1643 1665; x_wconf 86' lang='lat' dir='ltr'><strong>sequitur:</strong></span> <span class='ocrx_word' id='word_1_107' title='bbox 1718 1613 1738 1640; x_wconf 77' lang='grc' dir='ltr'><strong>ι</strong></span> <span class='ocrx_word' id='word_1_108' title='bbox 1794 1591 1866 1646; x_wconf 91' lang='lat' dir='ltr'><strong>Et</strong></span> 
     </span>
    </p>
   </div>
   <div class='ocr_carea' id='block_1_15' title="bbox 263 1680 1862 1755">
    <p class='ocr_par' dir='ltr' id='par_1_15' title="bbox 263 1680 1862 1755">
     <span class='ocr_line' id='line_1_15' title="bbox 263 1680 1862 1755; baseline -0.001 -18"><span class='ocrx_word' id='word_1_109' title='bbox 263 1681 500 1755; x_wconf 88' lang='lat' dir='ltr'><strong>profecti</strong></span> <span class='ocrx_word' id='word_1_110' title='bbox 551 1681 620 1738; x_wconf 90' lang='lat' dir='ltr'><strong>de</strong></span> <span class='ocrx_word' id='word_1_111' title='bbox 676 1689 863 1737; x_wconf 91' lang='lat' dir='ltr'><strong>monte</strong></span> <span class='ocrx_word' id='word_1_112' title='bbox 912 1680 1154 1754; x_wconf 88' lang='lat' dir='ltr'><strong>Gadgad,</strong></span> <span class='ocrx_word' id='word_1_113' title='bbox 1189 1682 1562 1738; x_wconf 89' lang='lat' dir='ltr'><strong>castrametati</strong></span> <span class='ocrx_word' id='word_1_114' title='bbox 1618 1688 1751 1737; x_wconf 91' lang='lat' dir='ltr'><strong>sunt</strong></span> <span class='ocrx_word' id='word_1_115' title='bbox 1802 1680 1862 1736; x_wconf 90' lang='lat' dir='ltr'><strong>in</strong></span> 
     </span>
    </p>
   </div>
   <div class='ocr_carea' id='block_1_16' title="bbox 262 1770 1864 1844">
    <p class='ocr_par' dir='ltr' id='par_1_16' title="bbox 262 1770 1864 1844">
     <span class='ocr_line' id='line_1_16' title="bbox 262 1770 1864 1844; baseline -0.001 -16"><span class='ocrx_word' id='word_1_116' title='bbox 262 1770 590 1828; x_wconf 83' lang='lat' dir='ltr'><strong>Jethebatha</strong></span> <span class='ocrx_word' id='word_1_117' title='bbox 621 1772 805 1844; x_wconf 84' lang='lat' dir='ltr'><strong>(Num.</strong></span> <span class='ocrx_word' id='word_1_118' title='bbox 838 1787 1044 1839; x_wconf 86' lang='lat' dir='ltr'><strong>xxxm,</strong></span> <span class='ocrx_word' id='word_1_119' title='bbox 1088 1771 1203 1844; x_wconf 89' lang='lat'><strong>33).</strong></span> <span class='ocrx_word' id='word_1_120' title='bbox 1245 1771 1634 1827; x_wconf 88' lang='lat' dir='ltr'><strong>Tentationum</strong></span> <span class='ocrx_word' id='word_1_121' title='bbox 1688 1786 1864 1843; x_wconf 86' lang='lat' dir='ltr'><strong>expe-</strong></span> 
     </span>
    </p>
   </div>
   <div class='ocr_carea' id='block_1_17' title="bbox 1980 587 2619 662">
    <p class='ocr_par' dir='ltr' id='par_1_17' title="bbox 1980 587 2619 662">
     <span class='ocr_line' id='line_1_17' title="bbox 1980 587 2619 662; baseline 0.003 -18"><span class='ocrx_word' id='word_1_122' title='bbox 1980 587 2108 644; x_wconf 89' lang='lat' dir='ltr'><strong>beas</strong></span> <span class='ocrx_word' id='word_1_123' title='bbox 2135 587 2310 660; x_wconf 86' lang='lat' dir='ltr'><strong>(Orig.</strong></span> <span class='ocrx_word' id='word_1_124' title='bbox 2347 590 2454 644; x_wconf 82' lang='lat' dir='ltr'><strong>loco</strong></span> <span class='ocrx_word' id='word_1_125' title='bbox 2481 589 2619 662; x_wconf 63' lang='lat' dir='ltr'><strong>cit).</strong></span> 
     </span>
    </p>
   </div>
   <div class='ocr_carea' id='block_1_18' title="bbox 2052 679 3580 749">
    <p class='ocr_par' dir='ltr' id='par_1_18' title="bbox 2052 679 3580 749">
     <span class='ocr_line' id='line_1_18' title="bbox 2052 679 3580 749; baseline 0.003 -15"><span class='ocrx_word' id='word_1_126' title='bbox 2052 679 2291 735; x_wconf 71' lang='grc' dir='ltr'><strong>ΧΧΧΙιι</strong></span> <span class='ocrx_word' id='word_1_127' title='bbox 2322 682 2546 749; x_wconf 77' lang='lat' dir='ltr'><strong>mansio,</strong></span> <span class='ocrx_word' id='word_1_128' title='bbox 2578 684 2951 739; x_wconf 73' lang='lat' dir='ltr'><strong>ASIONGABBR.</strong></span> <span class='ocrx_word' id='word_1_129' title='bbox 2969 681 3271 739; x_wconf 87' lang='lat' dir='ltr'><strong>—Mansio</strong></span> <span class='ocrx_word' id='word_1_130' title='bbox 3297 680 3580 739; x_wconf 90' lang='lat' dir='ltr'><strong>tricesima</strong></span> 
     </span>
    </p>
   </div>
   <div class='ocr_carea' id='block_1_19' title="bbox 1980 767 3575 844">
    <p class='ocr_par' dir='ltr' id='par_1_19' title="bbox 1980 767 3575 844">
     <span class='ocr_line' id='line_1_19' title="bbox 1980 767 3575 844; baseline 0.003 -21"><span class='ocrx_word' id='word_1_131' title='bbox 1980 767 2222 823; x_wconf 84' lang='lat' dir='ltr'><strong>secunda</strong></span> <span class='ocrx_word' id='word_1_132' title='bbox 2249 768 2455 824; x_wconf 84' lang='lat' dir='ltr'><strong>dicitur</strong></span> <span class='ocrx_word' id='word_1_133' title='bbox 2482 770 2837 841; x_wconf 86' lang='lat' dir='ltr'><strong>Asiongaber,</strong></span> <span class='ocrx_word' id='word_1_134' title='bbox 2867 787 2978 843; x_wconf 91' lang='lat' dir='ltr'><strong>quo</strong></span> <span class='ocrx_word' id='word_1_135' title='bbox 3023 769 3131 827; x_wconf 93' lang='lat' dir='ltr'><strong>ﬁlii</strong></span> <span class='ocrx_word' id='word_1_136' title='bbox 3179 771 3346 827; x_wconf 81' lang='lat' dir='ltr'><strong>Israel</strong></span> <span class='ocrx_word' id='word_1_137' title='bbox 3391 770 3575 844; x_wconf 90' lang='lat' dir='ltr'><strong>appli-</strong></span> 
     </span>
    </p>
   </div>
   <div class='ocr_carea' id='block_1_20' title="bbox 1979 858 3576 931">
    <p class='ocr_par' dir='ltr' id='par_1_20' title="bbox 1979 858 3576 931">
     <span class='ocr_line' id='line_1_20' title="bbox 1979 858 3576 931; baseline 0.003 -21"><span class='ocrx_word' id='word_1_138' title='bbox 1979 864 2249 924; x_wconf 86' lang='lat' dir='ltr'><strong>cuerunt;</strong></span> <span class='ocrx_word' id='word_1_139' title='bbox 2283 858 2430 914; x_wconf 91' lang='lat' dir='ltr'><strong>unde</strong></span> <span class='ocrx_word' id='word_1_140' title='bbox 2460 860 2710 931; x_wconf 87' lang='lat' dir='ltr'><strong>sequitur</strong></span> <span class='ocrx_word' id='word_1_141' title='bbox 2747 877 2759 914; x_wconf 90' lang='lat'><strong>:</strong></span> <span class='ocrx_word' id='word_1_142' title='bbox 2803 882 2823 906; x_wconf 82' lang='grc' dir='ltr'><strong>ι</strong></span> <span class='ocrx_word' id='word_1_143' title='bbox 2866 861 2939 915; x_wconf 87' lang='lat' dir='ltr'><strong>Et</strong></span> <span class='ocrx_word' id='word_1_144' title='bbox 2968 859 3202 931; x_wconf 85' lang='lat' dir='ltr'><strong>profecti</strong></span> <span class='ocrx_word' id='word_1_145' title='bbox 3238 860 3306 916; x_wconf 91' lang='lat' dir='ltr'><strong>de</strong></span> <span class='ocrx_word' id='word_1_146' title='bbox 3334 860 3576 928; x_wconf 86' lang='lat' dir='ltr'><strong>Ebrona,</strong></span> 
     </span>
    </p>
   </div>
   <div class='ocr_carea' id='block_1_21' title="bbox 1940 945 3565 1024">
    <p class='ocr_par' dir='ltr' id='par_1_21' title="bbox 1940 945 3565 1024">
     <span class='ocr_line' id='line_1_21' title="bbox 1940 945 3565 1024; baseline 0.005 -24"><span class='ocrx_word' id='word_1_147' title='bbox 1940 945 1949 955; x_wconf 84' lang='grc'><strong>’</strong></span> <span class='ocrx_word' id='word_1_148' title='bbox 1978 946 2353 1002; x_wconf 88' lang='lat' dir='ltr'><strong>castrametati</strong></span> <span class='ocrx_word' id='word_1_149' title='bbox 2383 955 2513 1003; x_wconf 91' lang='lat' dir='ltr'><strong>sunt</strong></span> <span class='ocrx_word' id='word_1_150' title='bbox 2541 948 2601 1002; x_wconf 93' lang='lat' dir='ltr'><strong>in</strong></span> <span class='ocrx_word' id='word_1_151' title='bbox 2613 947 2954 1018; x_wconf 82' lang='lat' dir='ltr'><strong>Asiongaber</strong></span> <span class='ocrx_word' id='word_1_152' title='bbox 2970 949 3155 1020; x_wconf 86' lang='lat' dir='ltr'><strong>(Num.</strong></span> <span class='ocrx_word' id='word_1_153' title='bbox 3188 964 3395 1019; x_wconf 86' lang='lat' dir='ltr'><strong>xxxm,</strong></span> <span class='ocrx_word' id='word_1_154' title='bbox 3422 950 3565 1024; x_wconf 77' lang='grc'><strong>35).»</strong></span> 
     </span>
    </p>
   </div>
   <div class='ocr_carea' id='block_1_22' title="bbox 1979 1033 3580 1094">
    <p class='ocr_par' dir='ltr' id='par_1_22' title="bbox 1979 1033 3580 1094">
     <span class='ocr_line' id='line_1_22' title="bbox 1979 1033 3580 1094; baseline 0.004 -6"><span class='ocrx_word' id='word_1_155' title='bbox 1979 1033 2262 1089; x_wconf 89' lang='lat' dir='ltr'><strong>Postrema</strong></span> <span class='ocrx_word' id='word_1_156' title='bbox 2287 1034 2533 1090; x_wconf 88' lang='lat' dir='ltr'><strong>ﬁliorum</strong></span> <span class='ocrx_word' id='word_1_157' title='bbox 2581 1036 2747 1091; x_wconf 84' lang='lat' dir='ltr'><strong>Israel</strong></span> <span class='ocrx_word' id='word_1_158' title='bbox 2795 1037 2854 1091; x_wconf 90' lang='lat' dir='ltr'><strong>in</strong></span> <span class='ocrx_word' id='word_1_159' title='bbox 2896 1035 3109 1092; x_wconf 88' lang='lat' dir='ltr'><strong>deserto</strong></span> <span class='ocrx_word' id='word_1_160' title='bbox 3152 1036 3368 1094; x_wconf 89' lang='lat' dir='ltr'><strong>Pharan</strong></span> <span class='ocrx_word' id='word_1_161' title='bbox 3415 1038 3580 1094; x_wconf 86' lang='lat' dir='ltr'><strong>statio</strong></span> 
     </span>
    </p>
   </div>
   <div class='ocr_carea' id='block_1_23' title="bbox 1979 1122 3580 1200">
    <p class='ocr_par' dir='ltr' id='par_1_23' title="bbox 1979 1122 3580 1200">
     <span class='ocr_line' id='line_1_23' title="bbox 1979 1122 3580 1200; baseline 0.004 -22"><span class='ocrx_word' id='word_1_162' title='bbox 1979 1122 2099 1180; x_wconf 75' lang='lat' dir='ltr'><strong>haec</strong></span> <span class='ocrx_word' id='word_1_163' title='bbox 2117 1134 2227 1191; x_wconf 88' lang='lat' dir='ltr'><strong>est;</strong></span> <span class='ocrx_word' id='word_1_164' title='bbox 2264 1141 2392 1181; x_wconf 90' lang='lat' dir='ltr'><strong>nam</strong></span> <span class='ocrx_word' id='word_1_165' title='bbox 2421 1133 2482 1181; x_wconf 90' lang='lat' dir='ltr'><strong>ut</strong></span> <span class='ocrx_word' id='word_1_166' title='bbox 2510 1125 2570 1180; x_wconf 90' lang='lat' dir='ltr'><strong>in</strong></span> <span class='ocrx_word' id='word_1_167' title='bbox 2599 1125 2979 1197; x_wconf 88' lang='lat' dir='ltr'><strong>superioribus</strong></span> <span class='ocrx_word' id='word_1_168' title='bbox 3006 1125 3274 1196; x_wconf 80' lang='lat' dir='ltr'><strong>diximus,</strong></span> <span class='ocrx_word' id='word_1_169' title='bbox 3314 1128 3580 1200; x_wconf 88' lang='lat' dir='ltr'><strong>plurimas</strong></span> 
     </span>
    </p>
   </div>
   <div class='ocr_carea' id='block_1_24' title="bbox 1974 1212 3580 1289">
    <p class='ocr_par' dir='ltr' id='par_1_24' title="bbox 1974 1212 3580 1289">
     <span class='ocr_line' id='line_1_24' title="bbox 1974 1212 3580 1289; baseline 0.004 -21"><span class='ocrx_word' id='word_1_170' title='bbox 1974 1212 2228 1269; x_wconf 87' lang='lat' dir='ltr'><strong>ambiens</strong></span> <span class='ocrx_word' id='word_1_171' title='bbox 2257 1214 2573 1270; x_wconf 90' lang='lat' dir='ltr'><strong>mansiones</strong></span> <span class='ocrx_word' id='word_1_172' title='bbox 2620 1214 2717 1270; x_wconf 90' lang='lat' dir='ltr'><strong>illa</strong></span> <span class='ocrx_word' id='word_1_173' title='bbox 2757 1215 3001 1271; x_wconf 87' lang='lat' dir='ltr'><strong>solitudo</strong></span> <span class='ocrx_word' id='word_1_174' title='bbox 3037 1215 3323 1289; x_wconf 86' lang='lat' dir='ltr'><strong>hucusque</strong></span> <span class='ocrx_word' id='word_1_175' title='bbox 3349 1226 3580 1289; x_wconf 88' lang='lat' dir='ltr'><strong>proten-</strong></span> 
     </span>
    </p>
   </div>
   <div class='ocr_carea' id='block_1_25' title="bbox 1975 1300 3581 1376">
    <p class='ocr_par' dir='ltr' id='par_1_25' title="bbox 1975 1300 3581 1376">
     <span class='ocr_line' id='line_1_25' title="bbox 1975 1300 3581 1376; baseline 0.002 -18"><span class='ocrx_word' id='word_1_176' title='bbox 1975 1300 2131 1358; x_wconf 88' lang='lat' dir='ltr'><strong>ditur</strong></span> <span class='ocrx_word' id='word_1_177' title='bbox 2163 1320 2175 1358; x_wconf 92' lang='lat'><strong>:</strong></span> <span class='ocrx_word' id='word_1_178' title='bbox 2210 1302 2606 1376; x_wconf 83' lang='lat' dir='ltr'><strong>interpretatur</strong></span> <span class='ocrx_word' id='word_1_179' title='bbox 2628 1319 2760 1359; x_wconf 87' lang='lat' dir='ltr'><strong>vero</strong></span> <span class='ocrx_word' id='word_1_180' title='bbox 2786 1303 3025 1361; x_wconf 90' lang='lat' dir='ltr'><strong>consilia</strong></span> <span class='ocrx_word' id='word_1_181' title='bbox 3055 1304 3183 1360; x_wconf 87' lang='lat' dir='ltr'><strong>viri.</strong></span> <span class='ocrx_word' id='word_1_182' title='bbox 3214 1305 3288 1360; x_wconf 87' lang='lat' dir='ltr'><strong>Et</strong></span> <span class='ocrx_word' id='word_1_183' title='bbox 3318 1312 3465 1362; x_wconf 88' lang='lat' dir='ltr'><strong>recte</strong></span> <span class='ocrx_word' id='word_1_184' title='bbox 3482 1305 3581 1361; x_wconf 88' lang='lat' dir='ltr'><strong>iu-</strong></span> 
     </span>
    </p>
   </div>
   <div class='ocr_carea' id='block_1_26' title="bbox 1974 1390 3583 1465">
    <p class='ocr_par' dir='ltr' id='par_1_26' title="bbox 1974 1390 3583 1465">
     <span class='ocr_line' id='line_1_26' title="bbox 1974 1390 3583 1465; baseline 0.004 -20"><span class='ocrx_word' id='word_1_185' title='bbox 1974 1391 2215 1447; x_wconf 90' lang='lat' dir='ltr'><strong>tentioni</strong></span> <span class='ocrx_word' id='word_1_186' title='bbox 2244 1390 2477 1465; x_wconf 86' lang='lat' dir='ltr'><strong>quadrat</strong></span> <span class='ocrx_word' id='word_1_187' title='bbox 2510 1409 2521 1448; x_wconf 91' lang='lat'><strong>:</strong></span> <span class='ocrx_word' id='word_1_188' title='bbox 2559 1392 2822 1465; x_wconf 89' lang='lat' dir='ltr'><strong>quoniam</strong></span> <span class='ocrx_word' id='word_1_189' title='bbox 2842 1393 2939 1464; x_wconf 91' lang='lat' dir='ltr'><strong>qui</strong></span> <span class='ocrx_word' id='word_1_190' title='bbox 2977 1399 3159 1449; x_wconf 89' lang='lat' dir='ltr'><strong>tantas</strong></span> <span class='ocrx_word' id='word_1_191' title='bbox 3186 1393 3396 1465; x_wconf 83' lang='lat' dir='ltr'><strong>peregit</strong></span> <span class='ocrx_word' id='word_1_192' title='bbox 3426 1409 3583 1451; x_wconf 88' lang='lat' dir='ltr'><strong>man-</strong></span> 
     </span>
    </p>
   </div>
   <div class='ocr_carea' id='block_1_27' title="bbox 1974 1466 3578 1555">
    <p class='ocr_par' dir='ltr' id='par_1_27' title="bbox 1974 1466 3578 1555">
     <span class='ocr_line' id='line_1_27' title="bbox 1974 1466 3578 1555; baseline 0.002 -20"><span class='ocrx_word' id='word_1_193' title='bbox 1974 1466 2175 1550; x_wconf 81' lang='lat' dir='ltr'><strong>siones,</strong></span> <span class='ocrx_word' id='word_1_194' title='bbox 2206 1487 2292 1537; x_wconf 90' lang='lat' dir='ltr'><strong>tot</strong></span> <span class='ocrx_word' id='word_1_195' title='bbox 2316 1481 2589 1538; x_wconf 90' lang='lat' dir='ltr'><strong>virtutum</strong></span> <span class='ocrx_word' id='word_1_196' title='bbox 2618 1482 2929 1555; x_wconf 87' lang='lat' dir='ltr'><strong>penetravit</strong></span> <span class='ocrx_word' id='word_1_197' title='bbox 2946 1480 3124 1551; x_wconf 88' lang='lat' dir='ltr'><strong>sinus,</strong></span> <span class='ocrx_word' id='word_1_198' title='bbox 3154 1489 3236 1538; x_wconf 93' lang='lat' dir='ltr'><strong>tot</strong></span> <span class='ocrx_word' id='word_1_199' title='bbox 3265 1481 3578 1539; x_wconf 62' lang='lat' dir='ltr'><strong>charisma-</strong></span> 
     </span>
    </p>
   </div>
   <div class='ocr_carea' id='block_1_28' title="bbox 1972 1569 3575 1644">
    <p class='ocr_par' dir='ltr' id='par_1_28' title="bbox 1972 1569 3575 1644">
     <span class='ocr_line' id='line_1_28' title="bbox 1972 1569 3575 1644; baseline 0.004 -19"><span class='ocrx_word' id='word_1_200' title='bbox 1972 1575 2093 1625; x_wconf 89' lang='lat' dir='ltr'><strong>tum</strong></span> <span class='ocrx_word' id='word_1_201' title='bbox 2143 1569 2447 1642; x_wconf 89' lang='lat' dir='ltr'><strong>spiramina</strong></span> <span class='ocrx_word' id='word_1_202' title='bbox 2492 1571 2685 1639; x_wconf 87' lang='lat' dir='ltr'><strong>sensit,</strong></span> <span class='ocrx_word' id='word_1_203' title='bbox 2715 1578 2799 1627; x_wconf 92' lang='lat' dir='ltr'><strong>tot</strong></span> <span class='ocrx_word' id='word_1_204' title='bbox 2827 1587 2887 1628; x_wconf 89' lang='lat' dir='ltr'><strong>se</strong></span> <span class='ocrx_word' id='word_1_205' title='bbox 2929 1571 3130 1627; x_wconf 88' lang='lat' dir='ltr'><strong>studiis</strong></span> <span class='ocrx_word' id='word_1_206' title='bbox 3175 1572 3575 1644; x_wconf 85' lang='lat' dir='ltr'><strong>perfectionum</strong></span> 
     </span>
    </p>
   </div>
   <div class='ocr_carea' id='block_1_29' title="bbox 1974 1658 3577 1734">
    <p class='ocr_par' dir='ltr' id='par_1_29' title="bbox 1974 1658 3577 1734">
     <span class='ocr_line' id='line_1_29' title="bbox 1974 1658 3577 1734; baseline 0.002 -19"><span class='ocrx_word' id='word_1_207' title='bbox 1974 1662 2226 1715; x_wconf 84' lang='lat' dir='ltr'><strong>exercuit</strong></span> <span class='ocrx_word' id='word_1_208' title='bbox 2312 1658 2427 1731; x_wconf 90' lang='lat' dir='ltr'><strong>jam</strong></span> <span class='ocrx_word' id='word_1_209' title='bbox 2485 1659 2652 1716; x_wconf 84' lang='lat' dir='ltr'><strong>desiit</strong></span> <span class='ocrx_word' id='word_1_210' title='bbox 2705 1675 2823 1716; x_wconf 89' lang='lat' dir='ltr'><strong>esse</strong></span> <span class='ocrx_word' id='word_1_211' title='bbox 2877 1675 3015 1732; x_wconf 90' lang='lat' dir='ltr'><strong>puer</strong></span> <span class='ocrx_word' id='word_1_212' title='bbox 3068 1660 3345 1730; x_wconf 85' lang='lat' dir='ltr'><strong>sensibus,</strong></span> <span class='ocrx_word' id='word_1_213' title='bbox 3368 1660 3485 1734; x_wconf 85' lang='lat' dir='ltr'><strong>jam</strong></span> <span class='ocrx_word' id='word_1_214' title='bbox 3508 1661 3577 1718; x_wconf 87' lang='lat' dir='ltr'><strong>ad</strong></span> 
     </span>
    </p>
   </div>
   <div class='ocr_carea' id='block_1_30' title="bbox 1972 1749 3576 1824">
    <p class='ocr_par' dir='ltr' id='par_1_30' title="bbox 1972 1749 3576 1824">
     <span class='ocr_line' id='line_1_30' title="bbox 1972 1749 3576 1824; baseline 0.002 -21"><span class='ocrx_word' id='word_1_215' title='bbox 1972 1763 2294 1805; x_wconf 88' lang='lat' dir='ltr'><strong>mensuram</strong></span> <span class='ocrx_word' id='word_1_216' title='bbox 2325 1749 2501 1806; x_wconf 66' lang='lat' dir='ltr'><strong>aetatis</strong></span> <span class='ocrx_word' id='word_1_217' title='bbox 2529 1749 2896 1822; x_wconf 89' lang='lat' dir='ltr'><strong>plenitudinis</strong></span> <span class='ocrx_word' id='word_1_218' title='bbox 2925 1750 3133 1808; x_wconf 86' lang='lat' dir='ltr'><strong>Christi</strong></span> <span class='ocrx_word' id='word_1_219' title='bbox 3161 1750 3437 1823; x_wconf 89' lang='lat' dir='ltr'><strong>pervenit,</strong></span> <span class='ocrx_word' id='word_1_220' title='bbox 3461 1750 3576 1824; x_wconf 90' lang='lat' dir='ltr'><strong>jam</strong></span> 
     </span>
    </p>
   </div>
   <div class='ocr_carea' id='block_1_31' title="bbox 263 1837 3579 1933">
    <p class='ocr_par' dir='ltr' id='par_1_31' title="bbox 263 1837 3579 1933">
     <span class='ocr_line' id='line_1_31' title="bbox 263 1837 3579 1933; baseline -0.002 -16"><span class='ocrx_word' id='word_1_221' title='bbox 263 1860 504 1917; x_wconf 90' lang='lat' dir='ltr'><strong>rimento</strong></span> <span class='ocrx_word' id='word_1_222' title='bbox 548 1837 727 1918; x_wconf 79' lang='lat' dir='ltr'><strong>virtus</strong></span> <span class='ocrx_word' id='word_1_223' title='bbox 785 1860 945 1933; x_wconf 85' lang='lat' dir='ltr'><strong>justi,</strong></span> <span class='ocrx_word' id='word_1_224' title='bbox 992 1837 1054 1917; x_wconf 82' lang='lat' dir='ltr'><strong>ut</strong></span> <span class='ocrx_word' id='word_1_225' title='bbox 1100 1837 1171 1917; x_wconf 33' lang='lat' dir='ltr'><strong>in,</strong></span> <span class='ocrx_word' id='word_1_226' title='bbox 1252 1860 1522 1933; x_wconf 88' lang='lat' dir='ltr'><strong>superiori</strong></span> <span class='ocrx_word' id='word_1_227' title='bbox 1580 1837 1864 1916; x_wconf 78' lang='lat' dir='ltr'><strong>mansione</strong></span> <span class='ocrx_word' id='word_1_228' title='bbox 1897 1871 1943 1931; x_wconf 82' lang='grc' dir='ltr'>Β</span> <span class='ocrx_word' id='word_1_229' title='bbox 1971 1837 2148 1933; x_wconf 51' lang='lat' dir='ltr'><strong>“PV”</strong></span> <span class='ocrx_word' id='word_1_230' title='bbox 2193 1837 2253 1892; x_wconf 72' lang='lat' dir='ltr'><strong>in</strong></span> <span class='ocrx_word' id='word_1_231' title='bbox 2296 1838 2482 1933; x_wconf 44' lang='lat' dir='ltr'><strong>Virum</strong></span> <span class='ocrx_word' id='word_1_232' title='bbox 2523 1838 2861 1933; x_wconf 53' lang='grc' dir='ltr'><strong>Ρθτίιῗοίιιωί</strong></span> <span class='ocrx_word' id='word_1_233' title='bbox 3018 1838 3147 1895; x_wconf 68' lang='lat' dir='ltr'><strong>ideo</strong></span> <span class='ocrx_word' id='word_1_234' title='bbox 3187 1838 3297 1933; x_wconf 65' lang='grc' dir='ltr'><strong>νίξι</strong></span> <span class='ocrx_word' id='word_1_235' title='bbox 3346 1838 3579 1896; x_wconf 65' lang='lat' dir='ltr'><strong>comma</strong></span> 
     </span>
    </p>
   </div>
   <div class='ocr_carea' id='block_1_32' title="bbox 264 1949 1858 2023">
    <p class='ocr_par' dir='ltr' id='par_1_32' title="bbox 264 1949 1858 2023">
     <span class='ocr_line' id='line_1_32' title="bbox 264 1949 1858 2023; baseline 0 -16"><span class='ocrx_word' id='word_1_236' title='bbox 264 1949 476 2008; x_wconf 91' lang='lat' dir='ltr'><strong>dictum</strong></span> <span class='ocrx_word' id='word_1_237' title='bbox 506 1957 608 2020; x_wconf 91' lang='lat' dir='ltr'><strong>est,</strong></span> <span class='ocrx_word' id='word_1_238' title='bbox 650 1949 822 2023; x_wconf 86' lang='lat' dir='ltr'><strong>magis</strong></span> <span class='ocrx_word' id='word_1_239' title='bbox 863 1950 1182 2023; x_wconf 90' lang='lat' dir='ltr'><strong>conspicua,</strong></span> <span class='ocrx_word' id='word_1_240' title='bbox 1223 1949 1533 2023; x_wconf 85' lang='lat' dir='ltr'><strong>clariorque</strong></span> <span class='ocrx_word' id='word_1_241' title='bbox 1578 1950 1858 2008; x_wconf 90' lang='lat' dir='ltr'><strong>elucescit.</strong></span> 
     </span>
    </p>
   </div>
   <div class='ocr_carea' id='block_1_33' title="bbox 264 2039 1859 2114">
    <p class='ocr_par' dir='ltr' id='par_1_33' title="bbox 264 2039 1859 2114">
     <span class='ocr_line' id='line_1_33' title="bbox 264 2039 1859 2114; baseline 0.001 -18"><span class='ocrx_word' id='word_1_242' title='bbox 264 2039 411 2098; x_wconf 90' lang='lat' dir='ltr'><strong>Hinc</strong></span> <span class='ocrx_word' id='word_1_243' title='bbox 434 2041 599 2097; x_wconf 90' lang='lat' dir='ltr'><strong>etiam</strong></span> <span class='ocrx_word' id='word_1_244' title='bbox 638 2041 833 2098; x_wconf 83' lang='lat' dir='ltr'><strong>Petrus</strong></span> <span class='ocrx_word' id='word_1_245' title='bbox 873 2042 1154 2114; x_wconf 89' lang='lat' dir='ltr'><strong>apostolus</strong></span> <span class='ocrx_word' id='word_1_246' title='bbox 1188 2058 1199 2096; x_wconf 91' lang='lat'><strong>:</strong></span> <span class='ocrx_word' id='word_1_247' title='bbox 1248 2063 1266 2088; x_wconf 80' lang='grc' dir='ltr'><strong>ι</strong></span> <span class='ocrx_word' id='word_1_248' title='bbox 1295 2039 1663 2097; x_wconf 88' lang='lat' dir='ltr'><strong>Exsultabitis</strong></span> <span class='ocrx_word' id='word_1_249' title='bbox 1691 2057 1859 2110; x_wconf 89' lang='lat' dir='ltr'><strong>nunc,</strong></span> 
     </span>
    </p>
   </div>
   <div class='ocr_carea' id='block_1_34' title="bbox 264 2129 1859 2204">
    <p class='ocr_par' dir='ltr' id='par_1_34' title="bbox 264 2129 1859 2204">
     <span class='ocr_line' id='line_1_34' title="bbox 264 2129 1859 2204; baseline 0 -18"><span class='ocrx_word' id='word_1_250' title='bbox 264 2129 474 2204; x_wconf 87' lang='lat' dir='ltr'><strong>inquit,</strong></span> <span class='ocrx_word' id='word_1_251' title='bbox 503 2130 550 2187; x_wconf 89' lang='lat' dir='ltr'><strong>si</strong></span> <span class='ocrx_word' id='word_1_252' title='bbox 589 2137 805 2202; x_wconf 89' lang='lat' dir='ltr'><strong>oportet</strong></span> <span class='ocrx_word' id='word_1_253' title='bbox 845 2129 1161 2188; x_wconf 87' lang='lat' dir='ltr'><strong>contristari</strong></span> <span class='ocrx_word' id='word_1_254' title='bbox 1221 2129 1392 2185; x_wconf 87' lang='lat' dir='ltr'><strong>variis</strong></span> <span class='ocrx_word' id='word_1_255' title='bbox 1440 2129 1859 2198; x_wconf 85' lang='lat' dir='ltr'><strong>tentationibns,</strong></span> 
     </span>
    </p>
   </div>
   <div class='ocr_carea' id='block_1_35' title="bbox 263 2216 1862 2292">
    <p class='ocr_par' dir='ltr' id='par_1_35' title="bbox 263 2216 1862 2292">
     <span class='ocr_line' id='line_1_35' title="bbox 263 2216 1862 2292; baseline 0.001 -18"><span class='ocrx_word' id='word_1_256' title='bbox 263 2224 331 2274; x_wconf 90' lang='lat' dir='ltr'><strong>ut</strong></span> <span class='ocrx_word' id='word_1_257' title='bbox 361 2218 614 2290; x_wconf 88' lang='lat' dir='ltr'><strong>probatio</strong></span> <span class='ocrx_word' id='word_1_258' title='bbox 644 2226 836 2275; x_wconf 68' lang='lat' dir='ltr'><strong>vestrae</strong></span> <span class='ocrx_word' id='word_1_259' title='bbox 865 2218 995 2275; x_wconf 91' lang='lat' dir='ltr'><strong>ﬁdei</strong></span> <span class='ocrx_word' id='word_1_260' title='bbox 1023 2219 1199 2275; x_wconf 87' lang='lat' dir='ltr'><strong>multo</strong></span> <span class='ocrx_word' id='word_1_261' title='bbox 1227 2216 1522 2291; x_wconf 88' lang='lat' dir='ltr'><strong>pretiosior</strong></span> <span class='ocrx_word' id='word_1_262' title='bbox 1550 2219 1862 2292; x_wconf 90' lang='lat' dir='ltr'><strong>auro,quod</strong></span> 
     </span>
    </p>
   </div>
   <div class='ocr_carea' id='block_1_36' title="bbox 260 2308 1849 2382">
    <p class='ocr_par' dir='ltr' id='par_1_36' title="bbox 260 2308 1849 2382">
     <span class='ocr_line' id='line_1_36' title="bbox 260 2308 1849 2382; baseline -0.002 -19"><span class='ocrx_word' id='word_1_263' title='bbox 260 2322 363 2381; x_wconf 88' lang='lat' dir='ltr'><strong>per</strong></span> <span class='ocrx_word' id='word_1_264' title='bbox 389 2308 573 2381; x_wconf 80' lang='lat' dir='ltr'><strong>ignem</strong></span> <span class='ocrx_word' id='word_1_265' title='bbox 603 2309 883 2381; x_wconf 86' lang='lat' dir='ltr'><strong>probatur,</strong></span> <span class='ocrx_word' id='word_1_266' title='bbox 916 2309 1234 2366; x_wconf 89' lang='lat' dir='ltr'><strong>inveniatur</strong></span> <span class='ocrx_word' id='word_1_267' title='bbox 1273 2310 1339 2382; x_wconf 94' lang='grc' dir='ltr'><strong>(Ι</strong></span> <span class='ocrx_word' id='word_1_268' title='bbox 1363 2310 1509 2365; x_wconf 83' lang='lat' dir='ltr'><strong>Petr.</strong></span> <span class='ocrx_word' id='word_1_269' title='bbox 1554 2326 1594 2379; x_wconf 88' lang='grc' dir='ltr'><strong>ι,</strong></span> <span class='ocrx_word' id='word_1_270' title='bbox 1626 2308 1682 2378; x_wconf 87' lang='grc'><strong>6,</strong></span> <span class='ocrx_word' id='word_1_271' title='bbox 1717 2309 1796 2382; x_wconf 92' lang='grc'><strong>7).</strong></span> <span class='ocrx_word' id='word_1_272' title='bbox 1830 2333 1849 2360; x_wconf 73' lang='grc' dir='ltr'><strong>ι</strong></span> 
     </span>
    </p>
   </div>
   <div class='ocr_carea' id='block_1_37' title="bbox 262 2398 1862 2474">
    <p class='ocr_par' dir='ltr' id='par_1_37' title="bbox 262 2398 1862 2474">
     <span class='ocr_line' id='line_1_37' title="bbox 262 2398 1862 2474; baseline -0.003 -15"><span class='ocrx_word' id='word_1_273' title='bbox 262 2400 527 2474; x_wconf 85' lang='lat' dir='ltr'><strong>Majorem</strong></span> <span class='ocrx_word' id='word_1_274' title='bbox 555 2401 720 2457; x_wconf 90' lang='lat' dir='ltr'><strong>etiam</strong></span> <span class='ocrx_word' id='word_1_275' title='bbox 748 2417 844 2473; x_wconf 91' lang='lat' dir='ltr'><strong>per</strong></span> <span class='ocrx_word' id='word_1_276' title='bbox 888 2399 1032 2456; x_wconf 91' lang='lat' dir='ltr'><strong>illud</strong></span> <span class='ocrx_word' id='word_1_277' title='bbox 1074 2399 1313 2473; x_wconf 89' lang='lat' dir='ltr'><strong>acquirit</strong></span> <span class='ocrx_word' id='word_1_278' title='bbox 1356 2399 1610 2472; x_wconf 83' lang='lat' dir='ltr'><strong>gratiam,</strong></span> <span class='ocrx_word' id='word_1_279' title='bbox 1645 2399 1769 2455; x_wconf 88' lang='lat' dir='ltr'><strong>ideo</strong></span> <span class='ocrx_word' id='word_1_280' title='bbox 1803 2398 1862 2455; x_wconf 92' lang='lat' dir='ltr'><strong>in</strong></span> 
     </span>
    </p>
   </div>
   <div class='ocr_carea' id='block_1_38' title="bbox 264 2488 1861 2563">
    <p class='ocr_par' dir='ltr' id='par_1_38' title="bbox 264 2488 1861 2563">
     <span class='ocr_line' id='line_1_38' title="bbox 264 2488 1861 2563; baseline -0.003 -16"><span class='ocrx_word' id='word_1_281' title='bbox 264 2489 413 2547; x_wconf 91' lang='lat' dir='ltr'><strong>libro</strong></span> <span class='ocrx_word' id='word_1_282' title='bbox 467 2489 763 2561; x_wconf 65' lang='lat' dir='ltr'><strong>Sapientia:</strong></span> <span class='ocrx_word' id='word_1_283' title='bbox 816 2489 1080 2563; x_wconf 90' lang='lat' dir='ltr'><strong>scriptum</strong></span> <span class='ocrx_word' id='word_1_284' title='bbox 1129 2495 1255 2545; x_wconf 91' lang='lat' dir='ltr'><strong>est:</strong></span> <span class='ocrx_word' id='word_1_285' title='bbox 1319 2512 1338 2535; x_wconf 77' lang='grc' dir='ltr'><strong>ι</strong></span> <span class='ocrx_word' id='word_1_286' title='bbox 1387 2488 1624 2544; x_wconf 86' lang='lat' dir='ltr'><strong>Probata</strong></span> <span class='ocrx_word' id='word_1_287' title='bbox 1677 2495 1861 2544; x_wconf 89' lang='lat' dir='ltr'><strong>autem</strong></span> 
     </span>
    </p>
   </div>
   <div class='ocr_carea' id='block_1_39' title="bbox 265 2576 1863 2652">
    <p class='ocr_par' dir='ltr' id='par_1_39' title="bbox 265 2576 1863 2652">
     <span class='ocr_line' id='line_1_39' title="bbox 265 2576 1863 2652; baseline -0.001 -17"><span class='ocrx_word' id='word_1_288' title='bbox 265 2577 450 2635; x_wconf 88' lang='lat' dir='ltr'><strong>virtus</strong></span> <span class='ocrx_word' id='word_1_289' title='bbox 476 2578 708 2652; x_wconf 89' lang='lat' dir='ltr'><strong>corripit</strong></span> <span class='ocrx_word' id='word_1_290' title='bbox 734 2578 1058 2651; x_wconf 86' lang='lat' dir='ltr'><strong>insipientes</strong></span> <span class='ocrx_word' id='word_1_291' title='bbox 1092 2578 1246 2650; x_wconf 84' lang='lat' dir='ltr'><strong>(Sap.</strong></span> <span class='ocrx_word' id='word_1_292' title='bbox 1279 2594 1320 2646; x_wconf 92' lang='grc' dir='ltr'><strong>ι,</strong></span> <span class='ocrx_word' id='word_1_293' title='bbox 1352 2577 1432 2650; x_wconf 87' lang='grc'><strong>3).</strong></span> <span class='ocrx_word' id='word_1_294' title='bbox 1466 2602 1484 2625; x_wconf 76' lang='grc' dir='ltr'><strong>ι</strong></span> <span class='ocrx_word' id='word_1_295' title='bbox 1516 2577 1618 2633; x_wconf 91' lang='lat' dir='ltr'><strong>Per</strong></span> <span class='ocrx_word' id='word_1_296' title='bbox 1646 2576 1787 2633; x_wconf 88' lang='lat' dir='ltr'><strong>illud</strong></span> <span class='ocrx_word' id='word_1_297' title='bbox 1804 2580 1863 2633; x_wconf 89' lang='lat' dir='ltr'><strong>in</strong></span> 
     </span>
    </p>
   </div>
   <div class='ocr_carea' id='block_1_40' title="bbox 261 2669 1864 2744">
    <p class='ocr_par' dir='ltr' id='par_1_40' title="bbox 261 2669 1864 2744">
     <span class='ocr_line' id='line_1_40' title="bbox 261 2669 1864 2744; baseline -0.002 -16"><span class='ocrx_word' id='word_1_298' title='bbox 261 2669 448 2728; x_wconf 90' lang='lat' dir='ltr'><strong>medio</strong></span> <span class='ocrx_word' id='word_1_299' title='bbox 476 2671 641 2728; x_wconf 90' lang='lat' dir='ltr'><strong>etiam</strong></span> <span class='ocrx_word' id='word_1_300' title='bbox 670 2672 912 2728; x_wconf 89' lang='lat' dir='ltr'><strong>nationis</strong></span> <span class='ocrx_word' id='word_1_301' title='bbox 938 2688 1122 2744; x_wconf 86' lang='lat' dir='ltr'><strong>pravae</strong></span> <span class='ocrx_word' id='word_1_302' title='bbox 1170 2671 1345 2727; x_wconf 90' lang='lat' dir='ltr'><strong>latens</strong></span> <span class='ocrx_word' id='word_1_303' title='bbox 1381 2670 1560 2727; x_wconf 82' lang='lat' dir='ltr'><strong>exerit</strong></span> <span class='ocrx_word' id='word_1_304' title='bbox 1597 2685 1654 2725; x_wconf 91' lang='lat' dir='ltr'><strong>se</strong></span> <span class='ocrx_word' id='word_1_305' title='bbox 1683 2669 1864 2726; x_wconf 89' lang='lat' dir='ltr'><strong>virtus</strong></span> 
     </span>
    </p>
   </div>
   <div class='ocr_carea' id='block_1_41' title="bbox 264 2760 1864 2835">
    <p class='ocr_par' dir='ltr' id='par_1_41' title="bbox 264 2760 1864 2835">
     <span class='ocr_line' id='line_1_41' title="bbox 264 2760 1864 2835; baseline -0.003 -16"><span class='ocrx_word' id='word_1_306' title='bbox 264 2769 321 2819; x_wconf 90' lang='lat' dir='ltr'><strong>et</strong></span> <span class='ocrx_word' id='word_1_307' title='bbox 350 2762 530 2832; x_wconf 89' lang='lat' dir='ltr'><strong>lucet;</strong></span> <span class='ocrx_word' id='word_1_308' title='bbox 562 2762 686 2820; x_wconf 91' lang='lat' dir='ltr'><strong>ideo</strong></span> <span class='ocrx_word' id='word_1_309' title='bbox 734 2763 1013 2835; x_wconf 88' lang='lat' dir='ltr'><strong>apostolus</strong></span> <span class='ocrx_word' id='word_1_310' title='bbox 1041 2763 1244 2818; x_wconf 90' lang='lat' dir='ltr'><strong>Paulus</strong></span> <span class='ocrx_word' id='word_1_311' title='bbox 1293 2760 1364 2818; x_wconf 89' lang='lat' dir='ltr'><strong>ad</strong></span> <span class='ocrx_word' id='word_1_312' title='bbox 1394 2760 1717 2820; x_wconf 89' lang='lat' dir='ltr'><strong>Corinthios</strong></span> <span class='ocrx_word' id='word_1_313' title='bbox 1764 2762 1864 2815; x_wconf 85' lang='lat' dir='ltr'><strong>in-</strong></span> 
     </span>
    </p>
   </div>
   <div class='ocr_carea' id='block_1_42' title="bbox 262 2844 1861 2927">
    <p class='ocr_par' dir='ltr' id='par_1_42' title="bbox 262 2844 1861 2927">
     <span class='ocr_line' id='line_1_42' title="bbox 262 2844 1861 2927; baseline -0.001 -19"><span class='ocrx_word' id='word_1_314' title='bbox 262 2853 388 2927; x_wconf 91' lang='lat' dir='ltr'><strong>quit</strong></span> <span class='ocrx_word' id='word_1_315' title='bbox 418 2870 431 2910; x_wconf 97' lang='lat'><strong>:</strong></span> <span class='ocrx_word' id='word_1_316' title='bbox 480 2877 498 2902; x_wconf 84' lang='grc'>‹</span> <span class='ocrx_word' id='word_1_317' title='bbox 527 2853 756 2926; x_wconf 88' lang='lat' dir='ltr'><strong>Oportet</strong></span> <span class='ocrx_word' id='word_1_318' title='bbox 785 2854 1015 2910; x_wconf 85' lang='lat' dir='ltr'><strong>haereses</strong></span> <span class='ocrx_word' id='word_1_319' title='bbox 1042 2844 1179 2922; x_wconf 83' lang='lat' dir='ltr'><strong>esse,</strong></span> <span class='ocrx_word' id='word_1_320' title='bbox 1211 2861 1273 2909; x_wconf 94' lang='lat' dir='ltr'><strong>ut</strong></span> <span class='ocrx_word' id='word_1_321' title='bbox 1319 2852 1416 2925; x_wconf 90' lang='lat' dir='ltr'><strong>qui</strong></span> <span class='ocrx_word' id='word_1_322' title='bbox 1463 2850 1678 2925; x_wconf 88' lang='lat' dir='ltr'><strong>probati</strong></span> <span class='ocrx_word' id='word_1_323' title='bbox 1709 2858 1861 2918; x_wconf 89' lang='lat' dir='ltr'><strong>sunt,</strong></span> 
     </span>
    </p>
   </div>
   <div class='ocr_carea' id='block_1_43' title="bbox 256 2940 1863 3016">
    <p class='ocr_par' dir='ltr' id='par_1_43' title="bbox 256 2940 1863 3016">
     <span class='ocr_line' id='line_1_43' title="bbox 256 2940 1863 3016; baseline -0.003 -17"><span class='ocrx_word' id='word_1_324' title='bbox 256 2942 541 2999; x_wconf 81' lang='lat' dir='ltr'><strong>manifesti</strong></span> <span class='ocrx_word' id='word_1_325' title='bbox 569 2942 706 3000; x_wconf 92' lang='lat' dir='ltr'><strong>ﬁant</strong></span> <span class='ocrx_word' id='word_1_326' title='bbox 734 2944 793 2999; x_wconf 92' lang='lat' dir='ltr'><strong>in</strong></span> <span class='ocrx_word' id='word_1_327' title='bbox 822 2943 982 3000; x_wconf 88' lang='lat' dir='ltr'><strong>vobis</strong></span> <span class='ocrx_word' id='word_1_328' title='bbox 1014 2945 1067 3016; x_wconf 87' lang='lat'><strong>(1</strong></span> <span class='ocrx_word' id='word_1_329' title='bbox 1098 2944 1224 2999; x_wconf 84' lang='lat' dir='ltr'><strong>Cor.</strong></span> <span class='ocrx_word' id='word_1_330' title='bbox 1258 2958 1340 3011; x_wconf 73' lang='grc' dir='ltr'><strong><em>χι,</em></strong></span> <span class='ocrx_word' id='word_1_331' title='bbox 1376 2942 1489 3013; x_wconf 90' lang='grc'><strong>19).</strong></span> <span class='ocrx_word' id='word_1_332' title='bbox 1521 2965 1540 2989; x_wconf 77' lang='grc' dir='ltr'><strong>ι</strong></span> <span class='ocrx_word' id='word_1_333' title='bbox 1582 2940 1863 2998; x_wconf 91' lang='lat' dir='ltr'><strong>Sincerior</strong></span> 
     </span>
    </p>
   </div>
   <div class='ocr_carea' id='block_1_44' title="bbox 259 3030 1859 3108">
    <p class='ocr_par' dir='ltr' id='par_1_44' title="bbox 259 3030 1859 3108">
     <span class='ocr_line' id='line_1_44' title="bbox 259 3030 1859 3108; baseline -0.001 -21"><span class='ocrx_word' id='word_1_334' title='bbox 259 3030 481 3089; x_wconf 82' lang='lat' dir='ltr'><strong>bonitas</strong></span> <span class='ocrx_word' id='word_1_335' title='bbox 511 3049 541 3089; x_wconf 96' lang='lat' dir='ltr'><strong>e</strong></span> <span class='ocrx_word' id='word_1_336' title='bbox 574 3034 972 3091; x_wconf 89' lang='lat' dir='ltr'><strong>tentationibns</strong></span> <span class='ocrx_word' id='word_1_337' title='bbox 1011 3033 1215 3108; x_wconf 90' lang='lat' dir='ltr'><strong>prodit,</strong></span> <span class='ocrx_word' id='word_1_338' title='bbox 1243 3033 1389 3089; x_wconf 89' lang='lat' dir='ltr'><strong>sicut</strong></span> <span class='ocrx_word' id='word_1_339' title='bbox 1428 3032 1623 3105; x_wconf 90' lang='lat' dir='ltr'><strong>purius</strong></span> <span class='ocrx_word' id='word_1_340' title='bbox 1668 3047 1859 3103; x_wconf 89' lang='lat' dir='ltr'><strong>argen-</strong></span> 
     </span>
    </p>
   </div>
   <div class='ocr_carea' id='block_1_45' title="bbox 256 3119 1858 3193">
    <p class='ocr_par' dir='ltr' id='par_1_45' title="bbox 256 3119 1858 3193">
     <span class='ocr_line' id='line_1_45' title="bbox 256 3119 1858 3193; baseline 0.001 -21"><span class='ocrx_word' id='word_1_341' title='bbox 256 3125 381 3173; x_wconf 90' lang='lat' dir='ltr'><strong>tum</strong></span> <span class='ocrx_word' id='word_1_342' title='bbox 436 3133 465 3174; x_wconf 91' lang='lat' dir='ltr'><strong>e</strong></span> <span class='ocrx_word' id='word_1_343' title='bbox 533 3119 751 3176; x_wconf 89' lang='lat' dir='ltr'><strong>camino</strong></span> <span class='ocrx_word' id='word_1_344' title='bbox 814 3119 994 3193; x_wconf 88' lang='lat' dir='ltr'><strong>ignis;</strong></span> <span class='ocrx_word' id='word_1_345' title='bbox 1058 3120 1240 3193; x_wconf 90' lang='lat' dir='ltr'><strong>inquit</strong></span> <span class='ocrx_word' id='word_1_346' title='bbox 1314 3119 1461 3175; x_wconf 86' lang='lat' dir='ltr'><strong>enim</strong></span> <span class='ocrx_word' id='word_1_347' title='bbox 1523 3119 1858 3190; x_wconf 89' lang='lat' dir='ltr'><strong>Scriptura:</strong></span> 
     </span>
    </p>
   </div>
   <div class='ocr_carea' id='block_1_46' title="bbox 271 3205 1941 3293">
    <p class='ocr_par' dir='ltr' id='par_1_46' title="bbox 271 3205 1941 3293">
     <span class='ocr_line' id='line_1_46' title="bbox 271 3205 1941 3293; baseline -0.001 -31"><span class='ocrx_word' id='word_1_348' title='bbox 271 3230 293 3253; x_wconf 79' lang='grc' dir='ltr'><strong>ι</strong></span> <span class='ocrx_word' id='word_1_349' title='bbox 321 3205 593 3274; x_wconf 88' lang='lat' dir='ltr'><strong>Quoniam</strong></span> <span class='ocrx_word' id='word_1_350' title='bbox 636 3208 693 3263; x_wconf 91' lang='lat' dir='ltr'><strong>in</strong></span> <span class='ocrx_word' id='word_1_351' title='bbox 722 3207 848 3280; x_wconf 88' lang='lat' dir='ltr'><strong>igne</strong></span> <span class='ocrx_word' id='word_1_352' title='bbox 876 3207 1137 3279; x_wconf 89' lang='lat' dir='ltr'><strong>probatur</strong></span> <span class='ocrx_word' id='word_1_353' title='bbox 1165 3214 1474 3279; x_wconf 90' lang='lat' dir='ltr'><strong>argentum,</strong></span> <span class='ocrx_word' id='word_1_354' title='bbox 1509 3214 1563 3261; x_wconf 94' lang='lat' dir='ltr'><strong>et</strong></span> <span class='ocrx_word' id='word_1_355' title='bbox 1605 3205 1859 3261; x_wconf 89' lang='lat' dir='ltr'><strong>homines</strong></span> <span class='ocrx_word' id='word_1_356' title='bbox 1893 3234 1941 3293; x_wconf 61' lang='grc' dir='ltr'>Ο</span> 
     </span>
    </p>
   </div>
   <div class='ocr_carea' id='block_1_47' title="bbox 254 3294 1855 3369">
    <p class='ocr_par' dir='ltr' id='par_1_47' title="bbox 254 3294 1855 3369">
     <span class='ocr_line' id='line_1_47' title="bbox 254 3294 1855 3369; baseline -0.001 -17"><span class='ocrx_word' id='word_1_357' title='bbox 254 3297 607 3369; x_wconf 87' lang='lat' dir='ltr'><strong>receptibiles</strong></span> <span class='ocrx_word' id='word_1_358' title='bbox 639 3297 695 3351; x_wconf 87' lang='lat' dir='ltr'><strong>in</strong></span> <span class='ocrx_word' id='word_1_359' title='bbox 710 3297 928 3351; x_wconf 90' lang='lat' dir='ltr'><strong>camino</strong></span> <span class='ocrx_word' id='word_1_360' title='bbox 948 3296 1283 3352; x_wconf 84' lang='lat' dir='ltr'><strong>humilitatis</strong></span> <span class='ocrx_word' id='word_1_361' title='bbox 1306 3297 1477 3367; x_wconf 84' lang='lat' dir='ltr'><strong>(Eccl.</strong></span> <span class='ocrx_word' id='word_1_362' title='bbox 1501 3312 1561 3362; x_wconf 90' lang='grc' dir='ltr'><strong>ιι,</strong></span> <span class='ocrx_word' id='word_1_363' title='bbox 1580 3295 1688 3367; x_wconf 77' lang='grc'><strong>5).»</strong></span> <span class='ocrx_word' id='word_1_364' title='bbox 1717 3294 1855 3350; x_wconf 87' lang='lat' dir='ltr'><strong>Cum</strong></span> 
     </span>
    </p>
   </div>
   <div class='ocr_carea' id='block_1_48' title="bbox 253 3382 1858 3458">
    <p class='ocr_par' dir='ltr' id='par_1_48' title="bbox 253 3382 1858 3458">
     <span class='ocr_line' id='line_1_48' title="bbox 253 3382 1858 3458; baseline -0.001 -17"><span class='ocrx_word' id='word_1_365' title='bbox 253 3385 431 3457; x_wconf 89' lang='lat' dir='ltr'><strong>igitur</strong></span> <span class='ocrx_word' id='word_1_366' title='bbox 458 3386 653 3458; x_wconf 89' lang='lat' dir='ltr'><strong>purior</strong></span> <span class='ocrx_word' id='word_1_367' title='bbox 672 3398 703 3439; x_wconf 92' lang='lat' dir='ltr'><strong>e</strong></span> <span class='ocrx_word' id='word_1_368' title='bbox 739 3392 1081 3440; x_wconf 88' lang='lat' dir='ltr'><strong>tentamento</strong></span> <span class='ocrx_word' id='word_1_369' title='bbox 1128 3384 1349 3440; x_wconf 90' lang='lat' dir='ltr'><strong>bonitas</strong></span> <span class='ocrx_word' id='word_1_370' title='bbox 1377 3383 1551 3439; x_wconf 90' lang='lat' dir='ltr'><strong>veluti</strong></span> <span class='ocrx_word' id='word_1_371' title='bbox 1580 3398 1609 3437; x_wconf 93' lang='lat' dir='ltr'><strong>e</strong></span> <span class='ocrx_word' id='word_1_372' title='bbox 1640 3382 1858 3440; x_wconf 90' lang='lat' dir='ltr'><strong>camino</strong></span> 
     </span>
    </p>
   </div>
   <div class='ocr_carea' id='block_1_49' title="bbox 253 3470 1855 3547">
    <p class='ocr_par' dir='ltr' id='par_1_49' title="bbox 253 3470 1855 3547">
     <span class='ocr_line' id='line_1_49' title="bbox 253 3470 1855 3547; baseline -0.003 -15"><span class='ocrx_word' id='word_1_373' title='bbox 253 3481 459 3541; x_wconf 82' lang='lat' dir='ltr'><strong>exeat;</strong></span> <span class='ocrx_word' id='word_1_374' title='bbox 494 3471 692 3528; x_wconf 89' lang='lat' dir='ltr'><strong>merito</strong></span> <span class='ocrx_word' id='word_1_375' title='bbox 717 3486 869 3531; x_wconf 90' lang='lat' dir='ltr'><strong>nunc</strong></span> <span class='ocrx_word' id='word_1_376' title='bbox 902 3470 1251 3543; x_wconf 82' lang='lat' dir='ltr'><strong>Jethebatha,</strong></span> <span class='ocrx_word' id='word_1_377' title='bbox 1281 3489 1401 3547; x_wconf 79' lang='lat' dir='ltr'><strong>quae</strong></span> <span class='ocrx_word' id='word_1_378' title='bbox 1430 3470 1649 3528; x_wconf 87' lang='lat' dir='ltr'><strong>bonitas</strong></span> <span class='ocrx_word' id='word_1_379' title='bbox 1676 3471 1855 3528; x_wconf 91' lang='lat' dir='ltr'><strong>inter-</strong></span> 
     </span>
    </p>
   </div>
   <div class='ocr_carea' id='block_1_50' title="bbox 252 3561 1185 3638">
    <p class='ocr_par' dir='ltr' id='par_1_50' title="bbox 252 3561 1185 3638">
     <span class='ocr_line' id='line_1_50' title="bbox 252 3561 1185 3638; baseline 0.001 -20"><span class='ocrx_word' id='word_1_380' title='bbox 252 3569 531 3638; x_wconf 89' lang='lat' dir='ltr'><strong>pretatur,</strong></span> <span class='ocrx_word' id='word_1_381' title='bbox 561 3561 825 3619; x_wconf 89' lang='lat' dir='ltr'><strong>succedit.</strong></span> <span class='ocrx_word' id='word_1_382' title='bbox 1182 3606 1185 3611; x_wconf 55' lang='grc' dir='ltr'><strong>μ</strong></span> 
     </span>
    </p>
   </div>
   <div class='ocr_carea' id='block_1_51' title="bbox 332 3650 1859 3725">
    <p class='ocr_par' dir='ltr' id='par_1_51' title="bbox 332 3650 1859 3725">
     <span class='ocr_line' id='line_1_51' title="bbox 332 3650 1859 3725; baseline 0.001 -17"><span class='ocrx_word' id='word_1_383' title='bbox 332 3650 551 3708; x_wconf 73' lang='grc' dir='ltr'>ΧΧΧΙι</span> <span class='ocrx_word' id='word_1_384' title='bbox 577 3667 805 3720; x_wconf 63' lang='lat' dir='ltr'><strong>mansio,</strong></span> <span class='ocrx_word' id='word_1_385' title='bbox 833 3652 1084 3709; x_wconf 71' lang='lat' dir='ltr'><strong>Ennom.</strong></span> <span class='ocrx_word' id='word_1_386' title='bbox 1114 3681 1185 3693; x_wconf 94' lang='lat'><strong>—</strong></span> <span class='ocrx_word' id='word_1_387' title='bbox 1209 3651 1419 3710; x_wconf 83' lang='lat' dir='ltr'><strong>Mansio</strong></span> <span class='ocrx_word' id='word_1_388' title='bbox 1439 3651 1714 3709; x_wconf 87' lang='lat' dir='ltr'><strong>tricesima</strong></span> <span class='ocrx_word' id='word_1_389' title='bbox 1744 3651 1859 3725; x_wconf 81' lang='lat' dir='ltr'><strong>pri-</strong></span> 
     </span>
    </p>
   </div>
   <div class='ocr_carea' id='block_1_52' title="bbox 256 3739 1858 3815">
    <p class='ocr_par' dir='ltr' id='par_1_52' title="bbox 256 3739 1858 3815">
     <span class='ocr_line' id='line_1_52' title="bbox 256 3739 1858 3815; baseline 0.001 -17"><span class='ocrx_word' id='word_1_390' title='bbox 256 3755 353 3798; x_wconf 87' lang='lat' dir='ltr'><strong>ma</strong></span> <span class='ocrx_word' id='word_1_391' title='bbox 379 3740 561 3812; x_wconf 87' lang='lat' dir='ltr'><strong>agitur</strong></span> <span class='ocrx_word' id='word_1_392' title='bbox 589 3740 649 3797; x_wconf 90' lang='lat' dir='ltr'><strong>in</strong></span> <span class='ocrx_word' id='word_1_393' title='bbox 675 3741 929 3809; x_wconf 89' lang='lat' dir='ltr'><strong>Ebrona;</strong></span> <span class='ocrx_word' id='word_1_394' title='bbox 969 3740 1093 3797; x_wconf 91' lang='lat' dir='ltr'><strong>ideo</strong></span> <span class='ocrx_word' id='word_1_395' title='bbox 1123 3739 1263 3799; x_wconf 90' lang='lat' dir='ltr'><strong>dicit</strong></span> <span class='ocrx_word' id='word_1_396' title='bbox 1299 3758 1311 3799; x_wconf 90' lang='lat'><strong>:</strong></span> <span class='ocrx_word' id='word_1_397' title='bbox 1359 3764 1379 3789; x_wconf 81' lang='grc' dir='ltr'><strong>ι</strong></span> <span class='ocrx_word' id='word_1_398' title='bbox 1407 3742 1481 3799; x_wconf 91' lang='lat' dir='ltr'><strong>Et</strong></span> <span class='ocrx_word' id='word_1_399' title='bbox 1526 3741 1760 3815; x_wconf 87' lang='lat' dir='ltr'><strong>profecti</strong></span> <span class='ocrx_word' id='word_1_400' title='bbox 1790 3741 1858 3799; x_wconf 92' lang='lat' dir='ltr'><strong>de</strong></span> 
     </span>
    </p>
   </div>
   <div class='ocr_carea' id='block_1_53' title="bbox 256 3829 1851 3903">
    <p class='ocr_par' dir='ltr' id='par_1_53' title="bbox 256 3829 1851 3903">
     <span class='ocr_line' id='line_1_53' title="bbox 256 3829 1851 3903; baseline -0.001 -15"><span class='ocrx_word' id='word_1_401' title='bbox 256 3829 620 3900; x_wconf 81' lang='lat' dir='ltr'><strong>Jethebatha,</strong></span> <span class='ocrx_word' id='word_1_402' title='bbox 665 3832 1034 3889; x_wconf 89' lang='lat' dir='ltr'><strong>castrametati</strong></span> <span class='ocrx_word' id='word_1_403' title='bbox 1078 3838 1208 3888; x_wconf 90' lang='lat' dir='ltr'><strong>sunt</strong></span> <span class='ocrx_word' id='word_1_404' title='bbox 1271 3832 1332 3888; x_wconf 90' lang='lat' dir='ltr'><strong>in</strong></span> <span class='ocrx_word' id='word_1_405' title='bbox 1387 3832 1613 3889; x_wconf 88' lang='lat' dir='ltr'><strong>Ehrona</strong></span> <span class='ocrx_word' id='word_1_406' title='bbox 1657 3832 1851 3903; x_wconf 84' lang='lat' dir='ltr'><strong>(Num.</strong></span> 
     </span>
    </p>
   </div>
   <div class='ocr_carea' id='block_1_54' title="bbox 259 3919 1856 3995">
    <p class='ocr_par' dir='ltr' id='par_1_54' title="bbox 259 3919 1856 3995">
     <span class='ocr_line' id='line_1_54' title="bbox 259 3919 1856 3995; baseline -0.001 -17"><span class='ocrx_word' id='word_1_407' title='bbox 259 3935 466 3990; x_wconf 81' lang='lat' dir='ltr'><strong>xxxm,</strong></span> <span class='ocrx_word' id='word_1_408' title='bbox 499 3919 614 3995; x_wconf 73' lang='grc'><strong>34).</strong></span> <span class='ocrx_word' id='word_1_409' title='bbox 645 3947 665 3971; x_wconf 76' lang='grc' dir='ltr'><strong>ι</strong></span> <span class='ocrx_word' id='word_1_410' title='bbox 704 3921 894 3978; x_wconf 86' lang='lat' dir='ltr'><strong>Justus</strong></span> <span class='ocrx_word' id='word_1_411' title='bbox 948 3924 1202 3995; x_wconf 88' lang='lat' dir='ltr'><strong>quamvis</strong></span> <span class='ocrx_word' id='word_1_412' title='bbox 1229 3922 1288 3979; x_wconf 92' lang='lat' dir='ltr'><strong>in</strong></span> <span class='ocrx_word' id='word_1_413' title='bbox 1314 3921 1418 3979; x_wconf 89' lang='lat' dir='ltr'><strong>hac</strong></span> <span class='ocrx_word' id='word_1_414' title='bbox 1446 3922 1564 3979; x_wconf 90' lang='lat' dir='ltr'><strong>vita</strong></span> <span class='ocrx_word' id='word_1_415' title='bbox 1588 3921 1659 3979; x_wconf 87' lang='lat' dir='ltr'><strong>ad</strong></span> <span class='ocrx_word' id='word_1_416' title='bbox 1684 3921 1856 3978; x_wconf 90' lang='lat' dir='ltr'><strong>boni-</strong></span> 
     </span>
    </p>
   </div>
   <div class='ocr_carea' id='block_1_55' title="bbox 257 4011 1854 4085">
    <p class='ocr_par' dir='ltr' id='par_1_55' title="bbox 257 4011 1854 4085">
     <span class='ocr_line' id='line_1_55' title="bbox 257 4011 1854 4085; baseline -0.001 -18"><span class='ocrx_word' id='word_1_417' title='bbox 257 4018 429 4069; x_wconf 90' lang='lat' dir='ltr'><strong>tatem</strong></span> <span class='ocrx_word' id='word_1_418' title='bbox 457 4011 622 4068; x_wconf 91' lang='lat' dir='ltr'><strong>etiam</strong></span> <span class='ocrx_word' id='word_1_419' title='bbox 647 4012 944 4085; x_wconf 85' lang='lat' dir='ltr'><strong>perfectam</strong></span> <span class='ocrx_word' id='word_1_420' title='bbox 973 4012 1276 4082; x_wconf 89' lang='lat' dir='ltr'><strong>devenerit,</strong></span> <span class='ocrx_word' id='word_1_421' title='bbox 1297 4011 1447 4069; x_wconf 89' lang='lat' dir='ltr'><strong>haud</strong></span> <span class='ocrx_word' id='word_1_422' title='bbox 1466 4019 1649 4069; x_wconf 91' lang='lat' dir='ltr'><strong>tamen</strong></span> <span class='ocrx_word' id='word_1_423' title='bbox 1668 4027 1854 4068; x_wconf 76' lang='lat' dir='ltr'><strong>animo</strong></span> 
     </span>
    </p>
   </div>
   <div class='ocr_carea' id='block_1_56' title="bbox 260 4100 1854 4176">
    <p class='ocr_par' dir='ltr' id='par_1_56' title="bbox 260 4100 1854 4176">
     <span class='ocr_line' id='line_1_56' title="bbox 260 4100 1854 4176; baseline 0.002 -19"><span class='ocrx_word' id='word_1_424' title='bbox 260 4100 428 4170; x_wconf 86' lang='lat' dir='ltr'><strong>sistit,</strong></span> <span class='ocrx_word' id='word_1_425' title='bbox 456 4116 558 4159; x_wconf 91' lang='lat' dir='ltr'><strong>nec</strong></span> <span class='ocrx_word' id='word_1_426' title='bbox 604 4103 859 4175; x_wconf 72' lang='lat' dir='ltr'><strong>praesenti</strong></span> <span class='ocrx_word' id='word_1_427' title='bbox 901 4110 1256 4161; x_wconf 90' lang='lat' dir='ltr'><strong>contentatur</strong></span> <span class='ocrx_word' id='word_1_428' title='bbox 1294 4111 1471 4171; x_wconf 87' lang='lat' dir='ltr'><strong>statu;</strong></span> <span class='ocrx_word' id='word_1_429' title='bbox 1505 4104 1641 4176; x_wconf 90' lang='lat' dir='ltr'><strong>quin</strong></span> <span class='ocrx_word' id='word_1_430' title='bbox 1670 4104 1854 4176; x_wconf 90' lang='lat' dir='ltr'><strong>potius</strong></span> 
     </span>
    </p>
   </div>
   <div class='ocr_carea' id='block_1_57' title="bbox 259 4191 1854 4265">
    <p class='ocr_par' dir='ltr' id='par_1_57' title="bbox 259 4191 1854 4265">
     <span class='ocr_line' id='line_1_57' title="bbox 259 4191 1854 4265; baseline -0.001 -18"><span class='ocrx_word' id='word_1_431' title='bbox 259 4197 463 4248; x_wconf 89' lang='lat' dir='ltr'><strong>cuncta</strong></span> <span class='ocrx_word' id='word_1_432' title='bbox 495 4191 884 4263; x_wconf 89' lang='lat' dir='ltr'><strong>pertransiens,</strong></span> <span class='ocrx_word' id='word_1_433' title='bbox 934 4191 1187 4265; x_wconf 87' lang='lat' dir='ltr'><strong>ﬂagranti</strong></span> <span class='ocrx_word' id='word_1_434' title='bbox 1240 4193 1407 4248; x_wconf 91' lang='lat' dir='ltr'><strong>etiam</strong></span> <span class='ocrx_word' id='word_1_435' title='bbox 1436 4191 1710 4248; x_wconf 89' lang='lat' dir='ltr'><strong>desiderio</strong></span> <span class='ocrx_word' id='word_1_436' title='bbox 1762 4196 1854 4256; x_wconf 83' lang='lat'><strong>16</strong></span> 
     </span>
    </p>
   </div>
   <div class='ocr_carea' id='block_1_58' title="bbox 259 4288 1850 4362">
    <p class='ocr_par' dir='ltr' id='par_1_58' title="bbox 259 4288 1850 4362">
     <span class='ocr_line' id='line_1_58' title="bbox 259 4288 1850 4362; baseline 0.001 -17"><span class='ocrx_word' id='word_1_437' title='bbox 259 4288 332 4345; x_wconf 88' lang='lat' dir='ltr'><strong>ad</strong></span> <span class='ocrx_word' id='word_1_438' title='bbox 358 4290 586 4347; x_wconf 90' lang='lat' dir='ltr'><strong>meliora</strong></span> <span class='ocrx_word' id='word_1_439' title='bbox 609 4289 914 4346; x_wconf 89' lang='lat' dir='ltr'><strong>contendit.</strong></span> <span class='ocrx_word' id='word_1_440' title='bbox 948 4290 1090 4346; x_wconf 87' lang='lat' dir='ltr'><strong>Hinc</strong></span> <span class='ocrx_word' id='word_1_441' title='bbox 1134 4289 1314 4346; x_wconf 88' lang='lat' dir='ltr'><strong>David</strong></span> <span class='ocrx_word' id='word_1_442' title='bbox 1360 4288 1631 4362; x_wconf 87' lang='lat' dir='ltr'><strong>propheta</strong></span> <span class='ocrx_word' id='word_1_443' title='bbox 1659 4288 1805 4346; x_wconf 85' lang='lat' dir='ltr'><strong>dixit</strong></span> <span class='ocrx_word' id='word_1_444' title='bbox 1838 4307 1850 4346; x_wconf 92' lang='lat'><strong>:</strong></span> 
     </span>
    </p>
   </div>
   <div class='ocr_carea' id='block_1_59' title="bbox 275 4377 1855 4448">
    <p class='ocr_par' dir='ltr' id='par_1_59' title="bbox 275 4377 1855 4448">
     <span class='ocr_line' id='line_1_59' title="bbox 275 4377 1855 4448; baseline -0.001 -13"><span class='ocrx_word' id='word_1_445' title='bbox 275 4403 295 4426; x_wconf 77' lang='grc' dir='ltr'><strong>ι</strong></span> <span class='ocrx_word' id='word_1_446' title='bbox 325 4379 455 4436; x_wconf 66' lang='lat' dir='ltr'><strong>Haec</strong></span> <span class='ocrx_word' id='word_1_447' title='bbox 504 4380 820 4436; x_wconf 89' lang='lat' dir='ltr'><strong>recordatus</strong></span> <span class='ocrx_word' id='word_1_448' title='bbox 875 4394 1019 4448; x_wconf 90' lang='lat' dir='ltr'><strong>sum,</strong></span> <span class='ocrx_word' id='word_1_449' title='bbox 1067 4388 1121 4436; x_wconf 92' lang='lat' dir='ltr'><strong>et</strong></span> <span class='ocrx_word' id='word_1_450' title='bbox 1173 4378 1341 4435; x_wconf 76' lang='lat' dir='ltr'><strong>effudi</strong></span> <span class='ocrx_word' id='word_1_451' title='bbox 1386 4380 1447 4435; x_wconf 92' lang='lat' dir='ltr'><strong>in</strong></span> <span class='ocrx_word' id='word_1_452' title='bbox 1488 4394 1574 4434; x_wconf 93' lang='lat' dir='ltr'><strong>me</strong></span> <span class='ocrx_word' id='word_1_453' title='bbox 1616 4377 1855 4434; x_wconf 87' lang='lat' dir='ltr'><strong>animam</strong></span> 
     </span>
    </p>
   </div>
   <div class='ocr_carea' id='block_1_60' title="bbox 264 4466 1854 4541">
    <p class='ocr_par' dir='ltr' id='par_1_60' title="bbox 264 4466 1854 4541">
     <span class='ocr_line' id='line_1_60' title="bbox 264 4466 1854 4541; baseline -0.001 -17"><span class='ocrx_word' id='word_1_454' title='bbox 264 4483 441 4524; x_wconf 86' lang='lat' dir='ltr'><strong>meam</strong></span> <span class='ocrx_word' id='word_1_455' title='bbox 467 4485 481 4535; x_wconf 91' lang='lat'>;</span> <span class='ocrx_word' id='word_1_456' title='bbox 511 4469 770 4541; x_wconf 90' lang='lat' dir='ltr'><strong>quoniam</strong></span> <span class='ocrx_word' id='word_1_457' title='bbox 800 4468 1048 4525; x_wconf 89' lang='lat' dir='ltr'><strong>transibo</strong></span> <span class='ocrx_word' id='word_1_458' title='bbox 1091 4468 1150 4523; x_wconf 89' lang='lat' dir='ltr'><strong>in</strong></span> <span class='ocrx_word' id='word_1_459' title='bbox 1180 4468 1363 4525; x_wconf 92' lang='lat' dir='ltr'><strong>locum</strong></span> <span class='ocrx_word' id='word_1_460' title='bbox 1395 4467 1735 4525; x_wconf 87' lang='lat' dir='ltr'><strong>tabernaculi</strong></span> <span class='ocrx_word' id='word_1_461' title='bbox 1764 4466 1854 4523; x_wconf 86' lang='lat' dir='ltr'><strong>ad-</strong></span> 
     </span>
    </p>
   </div>
   <div class='ocr_carea' id='block_1_61' title="bbox 263 4556 1842 4631">
    <p class='ocr_par' dir='ltr' id='par_1_61' title="bbox 263 4556 1842 4631">
     <span class='ocr_line' id='line_1_61' title="bbox 263 4556 1842 4631; baseline -0.003 -18"><span class='ocrx_word' id='word_1_462' title='bbox 263 4556 556 4626; x_wconf 88' lang='lat' dir='ltr'><strong>mirabilis,</strong></span> <span class='ocrx_word' id='word_1_463' title='bbox 584 4574 757 4631; x_wconf 90' lang='lat' dir='ltr'><strong>usque</strong></span> <span class='ocrx_word' id='word_1_464' title='bbox 802 4556 873 4614; x_wconf 90' lang='lat' dir='ltr'><strong>ad</strong></span> <span class='ocrx_word' id='word_1_465' title='bbox 914 4556 1141 4613; x_wconf 92' lang='lat' dir='ltr'><strong>domum</strong></span> <span class='ocrx_word' id='word_1_466' title='bbox 1189 4559 1290 4614; x_wconf 85' lang='lat' dir='ltr'><strong>Dei</strong></span> <span class='ocrx_word' id='word_1_467' title='bbox 1328 4557 1502 4629; x_wconf 84' lang='lat' dir='ltr'><strong>(Psal.</strong></span> <span class='ocrx_word' id='word_1_468' title='bbox 1544 4573 1660 4626; x_wconf 79' lang='lat' dir='ltr'><strong>xm,</strong></span> <span class='ocrx_word' id='word_1_469' title='bbox 1708 4558 1789 4631; x_wconf 83' lang='lat'><strong>5).</strong></span> <span class='ocrx_word' id='word_1_470' title='bbox 1822 4584 1842 4608; x_wconf 71' lang='grc' dir='ltr'><strong>ι</strong></span> 
     </span>
    </p>
   </div>
   <div class='ocr_carea' id='block_1_62' title="bbox 263 4646 1857 4721">
    <p class='ocr_par' dir='ltr' id='par_1_62' title="bbox 263 4646 1857 4721">
     <span class='ocr_line' id='line_1_62' title="bbox 263 4646 1857 4721; baseline -0.002 -17"><span class='ocrx_word' id='word_1_471' title='bbox 263 4647 348 4704; x_wconf 90' lang='lat' dir='ltr'><strong>lbi</strong></span> <span class='ocrx_word' id='word_1_472' title='bbox 378 4664 510 4703; x_wconf 87' lang='lat' dir='ltr'><strong>vero</strong></span> <span class='ocrx_word' id='word_1_473' title='bbox 540 4648 805 4721; x_wconf 90' lang='lat' dir='ltr'><strong>quiescet,</strong></span> <span class='ocrx_word' id='word_1_474' title='bbox 835 4646 917 4703; x_wconf 91' lang='lat' dir='ltr'><strong>ibi</strong></span> <span class='ocrx_word' id='word_1_475' title='bbox 946 4646 1267 4719; x_wconf 88' lang='lat' dir='ltr'><strong>implebitur</strong></span> <span class='ocrx_word' id='word_1_476' title='bbox 1301 4662 1463 4702; x_wconf 91' lang='lat' dir='ltr'><strong>omne</strong></span> <span class='ocrx_word' id='word_1_477' title='bbox 1494 4646 1611 4719; x_wconf 90' lang='lat' dir='ltr'><strong>ejus</strong></span> <span class='ocrx_word' id='word_1_478' title='bbox 1639 4646 1857 4703; x_wconf 83' lang='lat' dir='ltr'><strong>deside-</strong></span> 
     </span>
    </p>
   </div>
   <div class='ocr_carea' id='block_1_63' title="bbox 264 4735 1859 4809">
    <p class='ocr_par' dir='ltr' id='par_1_63' title="bbox 264 4735 1859 4809">
     <span class='ocr_line' id='line_1_63' title="bbox 264 4735 1859 4809; baseline 0.001 -18"><span class='ocrx_word' id='word_1_479' title='bbox 264 4737 431 4793; x_wconf 88' lang='lat' dir='ltr'><strong>rium.</strong></span> <span class='ocrx_word' id='word_1_480' title='bbox 461 4736 589 4792; x_wconf 90' lang='lat' dir='ltr'><strong>Ideo</strong></span> <span class='ocrx_word' id='word_1_481' title='bbox 618 4737 729 4793; x_wconf 91' lang='lat' dir='ltr'><strong>alio</strong></span> <span class='ocrx_word' id='word_1_482' title='bbox 754 4736 958 4793; x_wconf 88' lang='lat' dir='ltr'><strong>inloco</strong></span> <span class='ocrx_word' id='word_1_483' title='bbox 987 4737 1132 4792; x_wconf 90' lang='lat' dir='ltr'><strong>idem</strong></span> <span class='ocrx_word' id='word_1_484' title='bbox 1163 4737 1428 4809; x_wconf 89' lang='lat' dir='ltr'><strong>propheta</strong></span> <span class='ocrx_word' id='word_1_485' title='bbox 1456 4736 1603 4792; x_wconf 82' lang='lat' dir='ltr'><strong>dixit</strong></span> <span class='ocrx_word' id='word_1_486' title='bbox 1633 4735 1859 4793; x_wconf 53' lang='lat' dir='ltr'><strong>:‘Satia-</strong></span> 
     </span>
    </p>
   </div>
   <div class='ocr_carea' id='block_1_64' title="bbox 266 4824 1860 4899">
    <p class='ocr_par' dir='ltr' id='par_1_64' title="bbox 266 4824 1860 4899">
     <span class='ocr_line' id='line_1_64' title="bbox 266 4824 1860 4899; baseline 0 -18"><span class='ocrx_word' id='word_1_487' title='bbox 266 4824 398 4895; x_wconf 91' lang='lat' dir='ltr'><strong>bor,</strong></span> <span class='ocrx_word' id='word_1_488' title='bbox 455 4828 731 4897; x_wconf 90' lang='lat' dir='ltr'><strong>Domine,</strong></span> <span class='ocrx_word' id='word_1_489' title='bbox 787 4844 914 4884; x_wconf 90' lang='lat' dir='ltr'><strong>cum</strong></span> <span class='ocrx_word' id='word_1_490' title='bbox 970 4826 1287 4899; x_wconf 89' lang='lat' dir='ltr'><strong>apparuerit</strong></span> <span class='ocrx_word' id='word_1_491' title='bbox 1342 4827 1483 4883; x_wconf 87' lang='lat' dir='ltr'><strong>mihi</strong></span> <span class='ocrx_word' id='word_1_492' title='bbox 1537 4827 1712 4899; x_wconf 89' lang='lat' dir='ltr'><strong>gloria</strong></span> <span class='ocrx_word' id='word_1_493' title='bbox 1764 4834 1860 4882; x_wconf 90' lang='lat' dir='ltr'><strong>tua</strong></span> 
     </span>
    </p>
   </div>
   <div class='ocr_carea' id='block_1_65' title="bbox 268 4914 1858 4989">
    <p class='ocr_par' dir='ltr' id='par_1_65' title="bbox 268 4914 1858 4989">
     <span class='ocr_line' id='line_1_65' title="bbox 268 4914 1858 4989; baseline -0.001 -18"><span class='ocrx_word' id='word_1_494' title='bbox 268 4914 443 4988; x_wconf 82' lang='lat' dir='ltr'><strong>(Psal.</strong></span> <span class='ocrx_word' id='word_1_495' title='bbox 475 4933 593 4986; x_wconf 77' lang='lat' dir='ltr'><strong>xvr,</strong></span> <span class='ocrx_word' id='word_1_496' title='bbox 625 4917 735 4989; x_wconf 86' lang='lat'><strong>15).</strong></span> <span class='ocrx_word' id='word_1_497' title='bbox 768 4942 787 4967; x_wconf 75' lang='grc' dir='ltr'><strong>ι</strong></span> <span class='ocrx_word' id='word_1_498' title='bbox 827 4917 892 4973; x_wconf 92' lang='lat' dir='ltr'><strong>In</strong></span> <span class='ocrx_word' id='word_1_499' title='bbox 920 4915 1023 4973; x_wconf 92' lang='lat' dir='ltr'><strong>hac</strong></span> <span class='ocrx_word' id='word_1_500' title='bbox 1051 4917 1166 4971; x_wconf 83' lang='lat' dir='ltr'><strong>vita</strong></span> <span class='ocrx_word' id='word_1_501' title='bbox 1195 4933 1306 4973; x_wconf 89' lang='lat' dir='ltr'><strong>non</strong></span> <span class='ocrx_word' id='word_1_502' title='bbox 1336 4917 1512 4989; x_wconf 89' lang='lat' dir='ltr'><strong>quies,</strong></span> <span class='ocrx_word' id='word_1_503' title='bbox 1547 4916 1642 4972; x_wconf 92' lang='lat' dir='ltr'><strong>sed</strong></span> <span class='ocrx_word' id='word_1_504' title='bbox 1670 4931 1858 4987; x_wconf 85' lang='lat' dir='ltr'><strong>peren-</strong></span> 
     </span>
    </p>
   </div>
   <div class='ocr_carea' id='block_1_66' title="bbox 264 5002 1861 5077">
    <p class='ocr_par' dir='ltr' id='par_1_66' title="bbox 264 5002 1861 5077">
     <span class='ocr_line' id='line_1_66' title="bbox 264 5002 1861 5077; baseline -0.001 -17"><span class='ocrx_word' id='word_1_505' title='bbox 264 5002 354 5060; x_wconf 86' lang='lat' dir='ltr'><strong>nis</strong></span> <span class='ocrx_word' id='word_1_506' title='bbox 381 5010 467 5059; x_wconf 90' lang='lat' dir='ltr'><strong>est</strong></span> <span class='ocrx_word' id='word_1_507' title='bbox 491 5004 775 5062; x_wconf 88' lang='lat' dir='ltr'><strong>transitus.</strong></span> <span class='ocrx_word' id='word_1_508' title='bbox 808 5005 987 5073; x_wconf 87' lang='lat' dir='ltr'><strong>Quare</strong></span> <span class='ocrx_word' id='word_1_509' title='bbox 1026 5021 1263 5077; x_wconf 88' lang='lat' dir='ltr'><strong>sponsus</strong></span> <span class='ocrx_word' id='word_1_510' title='bbox 1304 5006 1364 5061; x_wconf 91' lang='lat' dir='ltr'><strong>in</strong></span> <span class='ocrx_word' id='word_1_511' title='bbox 1408 5004 1652 5065; x_wconf 87' lang='lat' dir='ltr'><strong>Canticis</strong></span> <span class='ocrx_word' id='word_1_512' title='bbox 1689 5003 1861 5061; x_wconf 86' lang='lat' dir='ltr'><strong>canti-</strong></span> 
     </span>
    </p>
   </div>
   <div class='ocr_carea' id='block_1_67' title="bbox 265 5093 1861 5170">
    <p class='ocr_par' dir='ltr' id='par_1_67' title="bbox 265 5093 1861 5170">
     <span class='ocr_line' id='line_1_67' title="bbox 265 5093 1861 5170; baseline -0.004 -15"><span class='ocrx_word' id='word_1_513' title='bbox 265 5113 457 5155; x_wconf 88' lang='lat' dir='ltr'><strong>corum</strong></span> <span class='ocrx_word' id='word_1_514' title='bbox 507 5096 576 5153; x_wconf 91' lang='lat' dir='ltr'><strong>ob</strong></span> <span class='ocrx_word' id='word_1_515' title='bbox 616 5113 813 5154; x_wconf 89' lang='lat' dir='ltr'><strong>cursus</strong></span> <span class='ocrx_word' id='word_1_516' title='bbox 858 5096 1237 5170; x_wconf 88' lang='lat' dir='ltr'><strong>pernicitatem</strong></span> <span class='ocrx_word' id='word_1_517' title='bbox 1285 5112 1461 5167; x_wconf 84' lang='lat' dir='ltr'><strong>caprae</strong></span> <span class='ocrx_word' id='word_1_518' title='bbox 1518 5093 1861 5167; x_wconf 87' lang='lat' dir='ltr'><strong>hinnuloque</strong></span> 
     </span>
    </p>
   </div>
   <div class='ocr_carea' id='block_1_68' title="bbox 265 5182 1863 5257">
    <p class='ocr_par' dir='ltr' id='par_1_68' title="bbox 265 5182 1863 5257">
     <span class='ocr_line' id='line_1_68' title="bbox 265 5182 1863 5257; baseline -0.003 -14"><span class='ocrx_word' id='word_1_519' title='bbox 265 5200 557 5243; x_wconf 88' lang='lat' dir='ltr'><strong>cervorum</strong></span> <span class='ocrx_word' id='word_1_520' title='bbox 603 5184 941 5241; x_wconf 88' lang='lat' dir='ltr'><strong>assimilatur</strong></span> <span class='ocrx_word' id='word_1_521' title='bbox 986 5186 1171 5257; x_wconf 86' lang='lat' dir='ltr'><strong>(Cant.</strong></span> <span class='ocrx_word' id='word_1_522' title='bbox 1216 5200 1278 5252; x_wconf 87' lang='grc' dir='ltr'><strong><em>ιι,</em></strong></span> <span class='ocrx_word' id='word_1_523' title='bbox 1309 5185 1367 5256; x_wconf 86' lang='grc'><strong>9)</strong></span> <span class='ocrx_word' id='word_1_524' title='bbox 1402 5202 1413 5239; x_wconf 90' lang='grc'>;</span> <span class='ocrx_word' id='word_1_525' title='bbox 1463 5182 1609 5238; x_wconf 90' lang='lat' dir='ltr'><strong>unde</strong></span> <span class='ocrx_word' id='word_1_526' title='bbox 1650 5191 1704 5239; x_wconf 86' lang='lat' dir='ltr'><strong>et</strong></span> <span class='ocrx_word' id='word_1_527' title='bbox 1736 5182 1863 5238; x_wconf 90' lang='lat' dir='ltr'><strong>salit</strong></span> 
     </span>
    </p>
   </div>
   <div class='ocr_carea' id='block_1_69' title="bbox 265 5272 1863 5348">
    <p class='ocr_par' dir='ltr' id='par_1_69' title="bbox 265 5272 1863 5348">
     <span class='ocr_line' id='line_1_69' title="bbox 265 5272 1863 5348; baseline -0.003 -15"><span class='ocrx_word' id='word_1_528' title='bbox 265 5292 430 5348; x_wconf 83' lang='lat' dir='ltr'><strong>super</strong></span> <span class='ocrx_word' id='word_1_529' title='bbox 459 5283 694 5347; x_wconf 86' lang='lat' dir='ltr'><strong>montes,</strong></span> <span class='ocrx_word' id='word_1_530' title='bbox 748 5286 801 5332; x_wconf 93' lang='lat' dir='ltr'><strong>et</strong></span> <span class='ocrx_word' id='word_1_531' title='bbox 855 5275 1107 5332; x_wconf 88' lang='lat' dir='ltr'><strong>transilit</strong></span> <span class='ocrx_word' id='word_1_532' title='bbox 1156 5290 1321 5347; x_wconf 89' lang='lat' dir='ltr'><strong>super</strong></span> <span class='ocrx_word' id='word_1_533' title='bbox 1370 5272 1557 5329; x_wconf 89' lang='lat' dir='ltr'><strong>colles.</strong></span> <span class='ocrx_word' id='word_1_534' title='bbox 1601 5272 1716 5328; x_wconf 86' lang='lat' dir='ltr'><strong>Hoc</strong></span> <span class='ocrx_word' id='word_1_535' title='bbox 1762 5288 1863 5330; x_wconf 89' lang='lat' dir='ltr'><strong>nos</strong></span> 
     </span>
    </p>
   </div>
   <div class='ocr_carea' id='block_1_70' title="bbox 266 5363 1859 5439">
    <p class='ocr_par' dir='ltr' id='par_1_70' title="bbox 266 5363 1859 5439">
     <span class='ocr_line' id='line_1_70' title="bbox 266 5363 1859 5439; baseline -0.001 -18"><span class='ocrx_word' id='word_1_536' title='bbox 266 5364 427 5423; x_wconf 91' lang='lat' dir='ltr'><strong>docet</strong></span> <span class='ocrx_word' id='word_1_537' title='bbox 455 5366 669 5423; x_wconf 88' lang='lat' dir='ltr'><strong>mansio</strong></span> <span class='ocrx_word' id='word_1_538' title='bbox 710 5367 837 5435; x_wconf 85' lang='lat' dir='ltr'><strong>ista,</strong></span> <span class='ocrx_word' id='word_1_539' title='bbox 867 5366 1131 5439; x_wconf 89' lang='lat' dir='ltr'><strong>quoniam</strong></span> <span class='ocrx_word' id='word_1_540' title='bbox 1170 5364 1395 5422; x_wconf 86' lang='lat' dir='ltr'><strong>Ebrona</strong></span> <span class='ocrx_word' id='word_1_541' title='bbox 1440 5363 1707 5418; x_wconf 87' lang='lat' dir='ltr'><strong>transitus</strong></span> <span class='ocrx_word' id='word_1_542' title='bbox 1758 5370 1859 5433; x_wconf 90' lang='lat' dir='ltr'><strong>est,</strong></span> 
     </span>
    </p>
   </div>
   <div class='ocr_carea' id='block_1_71' title="bbox 266 5461 1865 5541">
    <p class='ocr_par' dir='ltr' id='par_1_71' title="bbox 266 5461 1865 5541">
     <span class='ocr_line' id='line_1_71' title="bbox 266 5461 1865 5541; baseline -0.003 -18"><span class='ocrx_word' id='word_1_543' title='bbox 266 5476 328 5524; x_wconf 87' lang='lat' dir='ltr'><strong>ut</strong></span> <span class='ocrx_word' id='word_1_544' title='bbox 357 5468 613 5541; x_wconf 88' lang='lat' dir='ltr'><strong>quamvis</strong></span> <span class='ocrx_word' id='word_1_545' title='bbox 640 5464 711 5524; x_wconf 91' lang='lat' dir='ltr'><strong>ad</strong></span> <span class='ocrx_word' id='word_1_546' title='bbox 754 5464 1059 5522; x_wconf 88' lang='lat' dir='ltr'><strong>bonitatem</strong></span> <span class='ocrx_word' id='word_1_547' title='bbox 1090 5482 1186 5538; x_wconf 92' lang='lat' dir='ltr'><strong>per</strong></span> <span class='ocrx_word' id='word_1_548' title='bbox 1224 5461 1563 5537; x_wconf 88' lang='lat' dir='ltr'><strong>superiorem</strong></span> <span class='ocrx_word' id='word_1_549' title='bbox 1614 5462 1865 5519; x_wconf 85' lang='lat' dir='ltr'><strong>mansio-</strong></span> 
     </span>
    </p>
   </div>
   <div class='ocr_carea' id='block_1_72' title="bbox 268 5551 1858 5631">
    <p class='ocr_par' dir='ltr' id='par_1_72' title="bbox 268 5551 1858 5631">
     <span class='ocr_line' id='line_1_72' title="bbox 268 5551 1858 5631; baseline -0.004 -17"><span class='ocrx_word' id='word_1_550' title='bbox 268 5572 394 5614; x_wconf 87' lang='lat' dir='ltr'><strong>nem</strong></span> <span class='ocrx_word' id='word_1_551' title='bbox 424 5558 766 5631; x_wconf 88' lang='lat' dir='ltr'><strong>perveneris,</strong></span> <span class='ocrx_word' id='word_1_552' title='bbox 813 5554 1003 5612; x_wconf 88' lang='lat' dir='ltr'><strong>omnia</strong></span> <span class='ocrx_word' id='word_1_553' title='bbox 1043 5563 1227 5611; x_wconf 86' lang='lat' dir='ltr'><strong>tamen</strong></span> <span class='ocrx_word' id='word_1_554' title='bbox 1274 5559 1405 5609; x_wconf 90' lang='lat' dir='ltr'><strong>sunt</strong></span> <span class='ocrx_word' id='word_1_555' title='bbox 1433 5551 1809 5623; x_wconf 65' lang='lat' dir='ltr'><strong>prastereunda</strong></span> <span class='ocrx_word' id='word_1_556' title='bbox 1847 5570 1858 5608; x_wconf 93' lang='lat'><strong>:</strong></span> 
     </span>
    </p>
   </div>
   <div class='ocr_carea' id='block_1_73' title="bbox 269 5643 1865 5722">
    <p class='ocr_par' dir='ltr' id='par_1_73' title="bbox 269 5643 1865 5722">
     <span class='ocr_line' id='line_1_73' title="bbox 269 5643 1865 5722; baseline -0.003 -18"><span class='ocrx_word' id='word_1_557' title='bbox 269 5656 483 5722; x_wconf 91' lang='lat' dir='ltr'><strong>oportet</strong></span> <span class='ocrx_word' id='word_1_558' title='bbox 513 5657 569 5707; x_wconf 92' lang='lat' dir='ltr'><strong>te</strong></span> <span class='ocrx_word' id='word_1_559' title='bbox 595 5648 665 5706; x_wconf 90' lang='lat' dir='ltr'><strong>ad</strong></span> <span class='ocrx_word' id='word_1_560' title='bbox 704 5645 935 5705; x_wconf 88' lang='lat' dir='ltr'><strong>meliora</strong></span> <span class='ocrx_word' id='word_1_561' title='bbox 977 5645 1231 5715; x_wconf 87' lang='lat' dir='ltr'><strong>transire,</strong></span> <span class='ocrx_word' id='word_1_562' title='bbox 1263 5658 1549 5717; x_wconf 89' lang='lat' dir='ltr'><strong>quousque</strong></span> <span class='ocrx_word' id='word_1_563' title='bbox 1577 5643 1767 5699; x_wconf 87' lang='lat' dir='ltr'><strong>venias</strong></span> <span class='ocrx_word' id='word_1_564' title='bbox 1795 5643 1865 5700; x_wconf 91' lang='lat' dir='ltr'><strong>ad</strong></span> 
     </span>
    </p>
   </div>
   <div class='ocr_carea' id='block_1_74' title="bbox 269 5730 1866 5810">
    <p class='ocr_par' dir='ltr' id='par_1_74' title="bbox 269 5730 1866 5810">
     <span class='ocr_line' id='line_1_74' title="bbox 269 5730 1866 5810; baseline -0.003 -14"><span class='ocrx_word' id='word_1_565' title='bbox 269 5738 408 5796; x_wconf 88' lang='lat' dir='ltr'><strong>illud</strong></span> <span class='ocrx_word' id='word_1_566' title='bbox 436 5739 670 5807; x_wconf 89' lang='lat' dir='ltr'><strong>bonum,</strong></span> <span class='ocrx_word' id='word_1_567' title='bbox 701 5736 848 5810; x_wconf 90' lang='lat' dir='ltr'><strong>quod</strong></span> <span class='ocrx_word' id='word_1_568' title='bbox 876 5744 959 5794; x_wconf 87' lang='lat' dir='ltr'><strong>est</strong></span> <span class='ocrx_word' id='word_1_569' title='bbox 981 5750 1283 5805; x_wconf 89' lang='lat' dir='ltr'><strong>summum,</strong></span> <span class='ocrx_word' id='word_1_570' title='bbox 1316 5742 1372 5791; x_wconf 88' lang='lat' dir='ltr'><strong>et</strong></span> <span class='ocrx_word' id='word_1_571' title='bbox 1399 5730 1549 5806; x_wconf 88' lang='lat' dir='ltr'><strong>quod</strong></span> <span class='ocrx_word' id='word_1_572' title='bbox 1578 5747 1741 5791; x_wconf 88' lang='lat' dir='ltr'><strong>omne</strong></span> <span class='ocrx_word' id='word_1_573' title='bbox 1769 5748 1866 5792; x_wconf 87' lang='lat' dir='ltr'><strong>sa-</strong></span> 
     </span>
    </p>
   </div>
   <div class='ocr_carea' id='block_1_75' title="bbox 1887 4606 1936 4665">
    <p class='ocr_par' dir='ltr' id='par_1_75' title="bbox 1887 4606 1936 4665">
     <span class='ocr_line' id='line_1_75' title="bbox 1887 4606 1936 4665; baseline 0 0"><span class='ocrx_word' id='word_1_574' title='bbox 1887 4606 1936 4665; x_wconf 94' lang='lat' dir='ltr'><strong>D</strong></span> 
     </span>
    </p>
   </div>
   <div class='ocr_carea' id='block_1_76' title="bbox 1976 1927 3576 2002">
    <p class='ocr_par' dir='ltr' id='par_1_76' title="bbox 1976 1927 3576 2002">
     <span class='ocr_line' id='line_1_76' title="bbox 1976 1927 3576 2002; baseline 0.002 -20"><span class='ocrx_word' id='word_1_575' title='bbox 1976 1927 2207 2000; x_wconf 89' lang='lat' dir='ltr'><strong>adeptus</strong></span> <span class='ocrx_word' id='word_1_576' title='bbox 2244 1929 2351 1998; x_wconf 70' lang='lat' dir='ltr'><strong>est,’</strong></span> <span class='ocrx_word' id='word_1_577' title='bbox 2379 1936 2444 1984; x_wconf 93' lang='lat' dir='ltr'><strong>ut</strong></span> <span class='ocrx_word' id='word_1_578' title='bbox 2470 1944 2598 1986; x_wconf 89' lang='lat' dir='ltr'><strong>cum</strong></span> <span class='ocrx_word' id='word_1_579' title='bbox 2635 1929 2903 2002; x_wconf 86' lang='lat' dir='ltr'><strong>Apostolo</strong></span> <span class='ocrx_word' id='word_1_580' title='bbox 2931 1927 3088 1985; x_wconf 85' lang='lat' dir='ltr'><strong>dicat</strong></span> <span class='ocrx_word' id='word_1_581' title='bbox 3119 1945 3132 1984; x_wconf 90' lang='lat'><strong>:</strong></span> <span class='ocrx_word' id='word_1_582' title='bbox 3178 1952 3197 1976; x_wconf 78' lang='grc' dir='ltr'><strong>ι</strong></span> <span class='ocrx_word' id='word_1_583' title='bbox 3227 1928 3367 1987; x_wconf 91' lang='lat' dir='ltr'><strong>Cum</strong></span> <span class='ocrx_word' id='word_1_584' title='bbox 3394 1938 3576 1987; x_wconf 90' lang='lat' dir='ltr'><strong>autem</strong></span> 
     </span>
    </p>
   </div>
   <div class='ocr_carea' id='block_1_77' title="bbox 1971 2016 3571 2092">
    <p class='ocr_par' dir='ltr' id='par_1_77' title="bbox 1971 2016 3571 2092">
     <span class='ocr_line' id='line_1_77' title="bbox 1971 2016 3571 2092; baseline 0.002 -19"><span class='ocrx_word' id='word_1_585' title='bbox 1971 2016 2152 2074; x_wconf 87' lang='lat' dir='ltr'><strong>factus</strong></span> <span class='ocrx_word' id='word_1_586' title='bbox 2181 2034 2303 2074; x_wconf 91' lang='lat' dir='ltr'><strong>sum</strong></span> <span class='ocrx_word' id='word_1_587' title='bbox 2334 2018 2443 2087; x_wconf 88' lang='lat' dir='ltr'><strong>vir,</strong></span> <span class='ocrx_word' id='word_1_588' title='bbox 2486 2034 2610 2092; x_wconf 65' lang='lat' dir='ltr'><strong>qua:</strong></span> <span class='ocrx_word' id='word_1_589' title='bbox 2641 2018 2862 2091; x_wconf 87' lang='lat' dir='ltr'><strong>parvuli</strong></span> <span class='ocrx_word' id='word_1_590' title='bbox 2888 2026 3068 2087; x_wconf 88' lang='lat' dir='ltr'><strong>erant,</strong></span> <span class='ocrx_word' id='word_1_591' title='bbox 3099 2017 3328 2091; x_wconf 90' lang='lat' dir='ltr'><strong>deposui</strong></span> <span class='ocrx_word' id='word_1_592' title='bbox 3359 2020 3417 2091; x_wconf 90' lang='grc' dir='ltr'><strong>(Ι</strong></span> <span class='ocrx_word' id='word_1_593' title='bbox 3445 2020 3571 2077; x_wconf 85' lang='lat' dir='ltr'><strong>Cor.</strong></span> 
     </span>
    </p>
   </div>
   <div class='ocr_carea' id='block_1_78' title="bbox 1971 2107 3565 2181">
    <p class='ocr_par' dir='ltr' id='par_1_78' title="bbox 1971 2107 3565 2181">
     <span class='ocr_line' id='line_1_78' title="bbox 1971 2107 3565 2181; baseline 0.002 -19"><span class='ocrx_word' id='word_1_594' title='bbox 1971 2123 2091 2177; x_wconf 83' lang='lat' dir='ltr'><strong>xm,</strong></span> <span class='ocrx_word' id='word_1_595' title='bbox 2125 2108 2238 2181; x_wconf 82' lang='lat'><strong>11).</strong></span> <span class='ocrx_word' id='word_1_596' title='bbox 2270 2134 2289 2157; x_wconf 78' lang='grc' dir='ltr'><strong>ι</strong></span> <span class='ocrx_word' id='word_1_597' title='bbox 2306 2107 2452 2176; x_wconf 90' lang='lat' dir='ltr'><strong>Quin</strong></span> <span class='ocrx_word' id='word_1_598' title='bbox 2474 2107 2658 2181; x_wconf 90' lang='lat' dir='ltr'><strong>potius</strong></span> <span class='ocrx_word' id='word_1_599' title='bbox 2685 2109 2860 2165; x_wconf 89' lang='lat' dir='ltr'><strong>altum</strong></span> <span class='ocrx_word' id='word_1_600' title='bbox 2879 2107 3109 2181; x_wconf 90' lang='lat' dir='ltr'><strong>adeptus</strong></span> <span class='ocrx_word' id='word_1_601' title='bbox 3133 2116 3221 2165; x_wconf 92' lang='lat' dir='ltr'><strong>est</strong></span> <span class='ocrx_word' id='word_1_602' title='bbox 3246 2108 3565 2177; x_wconf 89' lang='lat' dir='ltr'><strong>consilium,</strong></span> 
     </span>
    </p>
   </div>
   <div class='ocr_carea' id='block_1_79' title="bbox 1970 2197 3578 2272">
    <p class='ocr_par' dir='ltr' id='par_1_79' title="bbox 1970 2197 3578 2272">
     <span class='ocr_line' id='line_1_79' title="bbox 1970 2197 3578 2272; baseline 0.001 -19"><span class='ocrx_word' id='word_1_603' title='bbox 1970 2197 2100 2270; x_wconf 89' lang='lat' dir='ltr'><strong>quia</strong></span> <span class='ocrx_word' id='word_1_604' title='bbox 2127 2198 2387 2254; x_wconf 85' lang='lat' dir='ltr'><strong>Salomon</strong></span> <span class='ocrx_word' id='word_1_605' title='bbox 2415 2197 2475 2253; x_wconf 91' lang='lat' dir='ltr'><strong>in</strong></span> <span class='ocrx_word' id='word_1_606' title='bbox 2503 2197 2817 2254; x_wconf 85' lang='lat' dir='ltr'><strong>Proverbiis</strong></span> <span class='ocrx_word' id='word_1_607' title='bbox 2836 2198 2974 2255; x_wconf 90' lang='lat' dir='ltr'><strong>dicit</strong></span> <span class='ocrx_word' id='word_1_608' title='bbox 3007 2214 3019 2253; x_wconf 93' lang='lat'><strong>:</strong></span> <span class='ocrx_word' id='word_1_609' title='bbox 3063 2219 3085 2246; x_wconf 79' lang='grc' dir='ltr'><strong>ι</strong></span> <span class='ocrx_word' id='word_1_610' title='bbox 3113 2199 3276 2272; x_wconf 83' lang='lat' dir='ltr'><strong>Aqua</strong></span> <span class='ocrx_word' id='word_1_611' title='bbox 3304 2198 3578 2270; x_wconf 90' lang='lat' dir='ltr'><strong>profunda</strong></span> 
     </span>
    </p>
   </div>
   <div class='ocr_carea' id='block_1_80' title="bbox 1970 2286 3571 2360">
    <p class='ocr_par' dir='ltr' id='par_1_80' title="bbox 1970 2286 3571 2360">
     <span class='ocr_line' id='line_1_80' title="bbox 1970 2286 3571 2360; baseline 0.001 -18"><span class='ocrx_word' id='word_1_612' title='bbox 1970 2286 2269 2342; x_wconf 88' lang='lat' dir='ltr'><strong>consilium</strong></span> <span class='ocrx_word' id='word_1_613' title='bbox 2296 2286 2357 2342; x_wconf 91' lang='lat' dir='ltr'><strong>in</strong></span> <span class='ocrx_word' id='word_1_614' title='bbox 2387 2286 2552 2344; x_wconf 91' lang='lat' dir='ltr'><strong>corde</strong></span> <span class='ocrx_word' id='word_1_615' title='bbox 2592 2287 2703 2343; x_wconf 89' lang='lat' dir='ltr'><strong>viri</strong></span> <span class='ocrx_word' id='word_1_616' title='bbox 2731 2289 2918 2360; x_wconf 82' lang='lat' dir='ltr'><strong>(Prov.</strong></span> <span class='ocrx_word' id='word_1_617' title='bbox 2950 2302 3049 2355; x_wconf 87' lang='lat' dir='ltr'><strong>xx,</strong></span> <span class='ocrx_word' id='word_1_618' title='bbox 3073 2286 3133 2360; x_wconf 83' lang='lat'><strong>5)</strong></span> <span class='ocrx_word' id='word_1_619' title='bbox 3166 2312 3186 2336; x_wconf 77' lang='grc' dir='ltr'><strong>ι</strong></span> <span class='ocrx_word' id='word_1_620' title='bbox 3230 2288 3306 2343; x_wconf 87' lang='lat' dir='ltr'><strong>De</strong></span> <span class='ocrx_word' id='word_1_621' title='bbox 3336 2287 3571 2344; x_wconf 87' lang='lat' dir='ltr'><strong>consilio</strong></span> 
     </span>
    </p>
   </div>
   <div class='ocr_carea' id='block_1_81' title="bbox 1969 2374 3577 2449">
    <p class='ocr_par' dir='ltr' id='par_1_81' title="bbox 1969 2374 3577 2449">
     <span class='ocr_line' id='line_1_81' title="bbox 1969 2374 3577 2449; baseline 0.002 -17"><span class='ocrx_word' id='word_1_622' title='bbox 1969 2375 2077 2432; x_wconf 89' lang='lat' dir='ltr'><strong>isto</strong></span> <span class='ocrx_word' id='word_1_623' title='bbox 2105 2376 2333 2449; x_wconf 88' lang='lat' dir='ltr'><strong>Sapiens</strong></span> <span class='ocrx_word' id='word_1_624' title='bbox 2360 2375 2577 2434; x_wconf 91' lang='lat' dir='ltr'><strong>dicebat</strong></span> <span class='ocrx_word' id='word_1_625' title='bbox 2604 2394 2616 2433; x_wconf 92' lang='lat'><strong>:</strong></span> <span class='ocrx_word' id='word_1_626' title='bbox 2668 2401 2689 2425; x_wconf 78' lang='grc' dir='ltr'><strong>ι</strong></span> <span class='ocrx_word' id='word_1_627' title='bbox 2716 2376 2847 2434; x_wconf 90' lang='lat' dir='ltr'><strong>Sine</strong></span> <span class='ocrx_word' id='word_1_628' title='bbox 2874 2376 3110 2434; x_wconf 87' lang='lat' dir='ltr'><strong>consilio</strong></span> <span class='ocrx_word' id='word_1_629' title='bbox 3138 2374 3283 2432; x_wconf 90' lang='lat' dir='ltr'><strong>nihil</strong></span> <span class='ocrx_word' id='word_1_630' title='bbox 3312 2376 3502 2446; x_wconf 79' lang='lat' dir='ltr'><strong>facias,</strong></span> <span class='ocrx_word' id='word_1_631' title='bbox 3521 2387 3577 2436; x_wconf 91' lang='lat' dir='ltr'><strong>et</strong></span> 
     </span>
    </p>
   </div>
   <div class='ocr_carea' id='block_1_82' title="bbox 1971 2464 3564 2541">
    <p class='ocr_par' dir='ltr' id='par_1_82' title="bbox 1971 2464 3564 2541">
     <span class='ocr_line' id='line_1_82' title="bbox 1971 2464 3564 2541; baseline 0.001 -20"><span class='ocrx_word' id='word_1_632' title='bbox 1971 2464 2031 2521; x_wconf 91' lang='lat' dir='ltr'><strong>in</strong></span> <span class='ocrx_word' id='word_1_633' title='bbox 2083 2466 2337 2524; x_wconf 81' lang='lat' dir='ltr'><strong>faciendo</strong></span> <span class='ocrx_word' id='word_1_634' title='bbox 2388 2483 2459 2525; x_wconf 93' lang='lat' dir='ltr'><strong>ne</strong></span> <span class='ocrx_word' id='word_1_635' title='bbox 2509 2475 2563 2523; x_wconf 90' lang='lat' dir='ltr'><strong>te</strong></span> <span class='ocrx_word' id='word_1_636' title='bbox 2622 2468 2886 2541; x_wconf 75' lang='lat' dir='ltr'><strong>pmniteat</strong></span> <span class='ocrx_word' id='word_1_637' title='bbox 2917 2467 3118 2540; x_wconf 80' lang='lat' dir='ltr'><strong>(Eccli.</strong></span> <span class='ocrx_word' id='word_1_638' title='bbox 3171 2482 3356 2536; x_wconf 68' lang='grc' dir='ltr'><strong><em>χχιιι,</em></strong></span> <span class='ocrx_word' id='word_1_639' title='bbox 3384 2465 3502 2540; x_wconf 76' lang='grc'><strong>24).</strong></span> <span class='ocrx_word' id='word_1_640' title='bbox 3545 2493 3564 2517; x_wconf 77' lang='grc' dir='ltr'><strong>ι</strong></span> 
     </span>
    </p>
   </div>
   <div class='ocr_carea' id='block_1_83' title="bbox 1970 2555 3579 2632">
    <p class='ocr_par' dir='ltr' id='par_1_83' title="bbox 1970 2555 3579 2632">
     <span class='ocr_line' id='line_1_83' title="bbox 1970 2555 3579 2632; baseline 0.001 -20"><span class='ocrx_word' id='word_1_641' title='bbox 1970 2555 2130 2624; x_wconf 87' lang='lat' dir='ltr'><strong>Quod</strong></span> <span class='ocrx_word' id='word_1_642' title='bbox 2157 2573 2271 2613; x_wconf 91' lang='lat' dir='ltr'><strong>non</strong></span> <span class='ocrx_word' id='word_1_643' title='bbox 2299 2567 2381 2614; x_wconf 90' lang='lat' dir='ltr'><strong>est</strong></span> <span class='ocrx_word' id='word_1_644' title='bbox 2408 2558 2571 2626; x_wconf 88' lang='lat' dir='ltr'><strong>illud,</strong></span> <span class='ocrx_word' id='word_1_645' title='bbox 2601 2557 2670 2613; x_wconf 91' lang='lat' dir='ltr'><strong>de</strong></span> <span class='ocrx_word' id='word_1_646' title='bbox 2716 2574 2831 2631; x_wconf 88' lang='lat' dir='ltr'><strong>quo</strong></span> <span class='ocrx_word' id='word_1_647' title='bbox 2880 2557 3135 2632; x_wconf 88' lang='lat' dir='ltr'><strong>queritur</strong></span> <span class='ocrx_word' id='word_1_648' title='bbox 3161 2556 3453 2626; x_wconf 91' lang='lat' dir='ltr'><strong>Dominus,</strong></span> <span class='ocrx_word' id='word_1_649' title='bbox 3483 2571 3579 2629; x_wconf 89' lang='lat' dir='ltr'><strong>per</strong></span> 
     </span>
    </p>
   </div>
   <div class='ocr_carea' id='block_1_84' title="bbox 1972 2646 3574 2720">
    <p class='ocr_par' dir='ltr' id='par_1_84' title="bbox 1972 2646 3574 2720">
     <span class='ocr_line' id='line_1_84' title="bbox 1972 2646 3574 2720; baseline 0.002 -19"><span class='ocrx_word' id='word_1_650' title='bbox 1972 2646 2298 2719; x_wconf 89' lang='lat' dir='ltr'><strong>prophetam</strong></span> <span class='ocrx_word' id='word_1_651' title='bbox 2352 2647 2543 2704; x_wconf 89' lang='lat' dir='ltr'><strong>dicens</strong></span> <span class='ocrx_word' id='word_1_652' title='bbox 2575 2664 2588 2703; x_wconf 88' lang='lat'><strong>:</strong></span> <span class='ocrx_word' id='word_1_653' title='bbox 2635 2671 2655 2696; x_wconf 80' lang='grc' dir='ltr'><strong>ι</strong></span> <span class='ocrx_word' id='word_1_654' title='bbox 2686 2648 2783 2704; x_wconf 75' lang='lat' dir='ltr'><strong>Vae</strong></span> <span class='ocrx_word' id='word_1_655' title='bbox 2812 2647 2918 2704; x_wconf 88' lang='lat' dir='ltr'><strong>ﬁlii</strong></span> <span class='ocrx_word' id='word_1_656' title='bbox 2946 2648 3238 2720; x_wconf 65' lang='lat' dir='ltr'><strong>apostatml</strong></span> <span class='ocrx_word' id='word_1_657' title='bbox 3270 2646 3390 2704; x_wconf 72' lang='lat' dir='ltr'><strong>haec</strong></span> <span class='ocrx_word' id='word_1_658' title='bbox 3435 2646 3574 2705; x_wconf 89' lang='lat' dir='ltr'><strong>dicit</strong></span> 
     </span>
    </p>
   </div>
   <div class='ocr_carea' id='block_1_85' title="bbox 1970 2734 3574 2808">
    <p class='ocr_par' dir='ltr' id='par_1_85' title="bbox 1970 2734 3574 2808">
     <span class='ocr_line' id='line_1_85' title="bbox 1970 2734 3574 2808; baseline 0.001 -16"><span class='ocrx_word' id='word_1_659' title='bbox 1970 2734 2245 2792; x_wconf 88' lang='lat' dir='ltr'><strong>Dominus</strong></span> <span class='ocrx_word' id='word_1_660' title='bbox 2276 2754 2289 2792; x_wconf 91' lang='lat'><strong>:</strong></span> <span class='ocrx_word' id='word_1_661' title='bbox 2325 2737 2558 2793; x_wconf 88' lang='lat' dir='ltr'><strong>Fecistis</strong></span> <span class='ocrx_word' id='word_1_662' title='bbox 2585 2736 2882 2793; x_wconf 89' lang='lat' dir='ltr'><strong>consilium</strong></span> <span class='ocrx_word' id='word_1_663' title='bbox 2912 2752 3025 2792; x_wconf 91' lang='lat' dir='ltr'><strong>non</strong></span> <span class='ocrx_word' id='word_1_664' title='bbox 3075 2751 3173 2808; x_wconf 90' lang='lat' dir='ltr'><strong>per</strong></span> <span class='ocrx_word' id='word_1_665' title='bbox 3216 2751 3325 2805; x_wconf 90' lang='lat' dir='ltr'><strong>me,</strong></span> <span class='ocrx_word' id='word_1_666' title='bbox 3354 2742 3410 2792; x_wconf 91' lang='lat' dir='ltr'><strong>et</strong></span> <span class='ocrx_word' id='word_1_667' title='bbox 3435 2751 3574 2807; x_wconf 85' lang='lat' dir='ltr'><strong>pac-</strong></span> 
     </span>
    </p>
   </div>
   <div class='ocr_carea' id='block_1_86' title="bbox 1971 2824 3577 2899">
    <p class='ocr_par' dir='ltr' id='par_1_86' title="bbox 1971 2824 3577 2899">
     <span class='ocr_line' id='line_1_86' title="bbox 1971 2824 3577 2899; baseline 0.001 -18"><span class='ocrx_word' id='word_1_668' title='bbox 1971 2831 2089 2881; x_wconf 91' lang='lat' dir='ltr'><strong>tum</strong></span> <span class='ocrx_word' id='word_1_669' title='bbox 2119 2840 2232 2881; x_wconf 90' lang='lat' dir='ltr'><strong>non</strong></span> <span class='ocrx_word' id='word_1_670' title='bbox 2261 2841 2357 2897; x_wconf 90' lang='lat' dir='ltr'><strong>per</strong></span> <span class='ocrx_word' id='word_1_671' title='bbox 2401 2825 2670 2899; x_wconf 87' lang='lat' dir='ltr'><strong>Spiritum</strong></span> <span class='ocrx_word' id='word_1_672' title='bbox 2720 2840 2906 2881; x_wconf 87' lang='lat' dir='ltr'><strong>meum</strong></span> <span class='ocrx_word' id='word_1_673' title='bbox 2944 2826 3080 2897; x_wconf 80' lang='lat' dir='ltr'><strong>(Isa.</strong></span> <span class='ocrx_word' id='word_1_674' title='bbox 3113 2840 3249 2894; x_wconf 85' lang='lat' dir='ltr'><strong>xxx,</strong></span> <span class='ocrx_word' id='word_1_675' title='bbox 3284 2825 3362 2898; x_wconf 93' lang='lat'><strong>1).</strong></span> <span class='ocrx_word' id='word_1_676' title='bbox 3404 2849 3424 2873; x_wconf 76' lang='grc' dir='ltr'><strong>ι</strong></span> <span class='ocrx_word' id='word_1_677' title='bbox 3469 2824 3577 2883; x_wconf 87' lang='lat' dir='ltr'><strong>Sed</strong></span> 
     </span>
    </p>
   </div>
   <div class='ocr_carea' id='block_1_87' title="bbox 1970 2912 3576 2989">
    <p class='ocr_par' dir='ltr' id='par_1_87' title="bbox 1970 2912 3576 2989">
     <span class='ocr_line' id='line_1_87' title="bbox 1970 2912 3576 2989; baseline 0.002 -21"><span class='ocrx_word' id='word_1_678' title='bbox 1970 2912 2111 2969; x_wconf 89' lang='lat' dir='ltr'><strong>illud</strong></span> <span class='ocrx_word' id='word_1_679' title='bbox 2140 2914 2207 2970; x_wconf 88' lang='lat' dir='ltr'><strong>de</strong></span> <span class='ocrx_word' id='word_1_680' title='bbox 2227 2931 2336 2989; x_wconf 92' lang='lat' dir='ltr'><strong>quo</strong></span> <span class='ocrx_word' id='word_1_681' title='bbox 2364 2916 2592 2989; x_wconf 89' lang='lat' dir='ltr'><strong>Sapiens</strong></span> <span class='ocrx_word' id='word_1_682' title='bbox 2620 2932 2633 2971; x_wconf 88' lang='lat'><strong>:</strong></span> <span class='ocrx_word' id='word_1_683' title='bbox 2674 2939 2692 2963; x_wconf 79' lang='grc' dir='ltr'><strong>ι</strong></span> <span class='ocrx_word' id='word_1_684' title='bbox 2716 2915 2974 2988; x_wconf 88' lang='lat' dir='ltr'><strong>Cognitio</strong></span> <span class='ocrx_word' id='word_1_685' title='bbox 3022 2914 3290 2987; x_wconf 88' lang='lat' dir='ltr'><strong>sapientis</strong></span> <span class='ocrx_word' id='word_1_686' title='bbox 3312 2921 3576 2987; x_wconf 87' lang='lat' dir='ltr'><strong>tanquam</strong></span> 
     </span>
    </p>
   </div>
   <div class='ocr_carea' id='block_1_88' title="bbox 1970 3002 3576 3075">
    <p class='ocr_par' dir='ltr' id='par_1_88' title="bbox 1970 3002 3576 3075">
     <span class='ocr_line' id='line_1_88' title="bbox 1970 3002 3576 3075; baseline 0.001 -16"><span class='ocrx_word' id='word_1_687' title='bbox 1970 3002 2265 3061; x_wconf 86' lang='lat' dir='ltr'><strong>inundatio</strong></span> <span class='ocrx_word' id='word_1_688' title='bbox 2301 3005 2624 3075; x_wconf 86' lang='lat' dir='ltr'><strong>abundabit,</strong></span> <span class='ocrx_word' id='word_1_689' title='bbox 2657 3012 2711 3062; x_wconf 91' lang='lat' dir='ltr'><strong>et</strong></span> <span class='ocrx_word' id='word_1_690' title='bbox 2740 3006 3045 3063; x_wconf 88' lang='lat' dir='ltr'><strong>consilium</strong></span> <span class='ocrx_word' id='word_1_691' title='bbox 3088 3004 3243 3061; x_wconf 76' lang='lat' dir='ltr'><strong>illius</strong></span> <span class='ocrx_word' id='word_1_692' title='bbox 3279 3005 3425 3061; x_wconf 90' lang='lat' dir='ltr'><strong>sicut</strong></span> <span class='ocrx_word' id='word_1_693' title='bbox 3451 3006 3576 3061; x_wconf 83' lang='lat' dir='ltr'><strong>fons</strong></span> 
     </span>
    </p>
   </div>
   <div class='ocr_carea' id='block_1_89' title="bbox 1969 3094 3522 3170">
    <p class='ocr_par' dir='ltr' id='par_1_89' title="bbox 1969 3094 3522 3170">
     <span class='ocr_line' id='line_1_89' title="bbox 1969 3094 3522 3170; baseline -0.001 -20"><span class='ocrx_word' id='word_1_694' title='bbox 1969 3109 2140 3166; x_wconf 90' lang='lat' dir='ltr'><strong>purus</strong></span> <span class='ocrx_word' id='word_1_695' title='bbox 2168 3095 2318 3165; x_wconf 85' lang='lat' dir='ltr'><strong>vitae,</strong></span> <span class='ocrx_word' id='word_1_696' title='bbox 2350 3097 2496 3170; x_wconf 90' lang='lat' dir='ltr'><strong>quod</strong></span> <span class='ocrx_word' id='word_1_697' title='bbox 2536 3095 2792 3153; x_wconf 90' lang='lat' dir='ltr'><strong>custodit</strong></span> <span class='ocrx_word' id='word_1_698' title='bbox 2819 3111 2850 3152; x_wconf 86' lang='lat' dir='ltr'><strong>a</strong></span> <span class='ocrx_word' id='word_1_699' title='bbox 2873 3097 3017 3151; x_wconf 88' lang='lat' dir='ltr'><strong>malo</strong></span> <span class='ocrx_word' id='word_1_700' title='bbox 3049 3094 3241 3167; x_wconf 77' lang='lat' dir='ltr'><strong>(Eccli.</strong></span> <span class='ocrx_word' id='word_1_701' title='bbox 3273 3110 3392 3163; x_wconf 76' lang='lat' dir='ltr'><strong>xxi,</strong></span> <span class='ocrx_word' id='word_1_702' title='bbox 3432 3095 3522 3167; x_wconf 88' lang='lat'><strong>16)</strong></span> 
     </span>
    </p>
   </div>
   <div class='ocr_carea' id='block_1_90' title="bbox 1972 3185 3563 3256">
    <p class='ocr_par' dir='ltr' id='par_1_90' title="bbox 1972 3185 3563 3256">
     <span class='ocr_line' id='line_1_90' title="bbox 1972 3185 3563 3256; baseline 0.001 -18"><span class='ocrx_word' id='word_1_703' title='bbox 1972 3185 2101 3255; x_wconf 89' lang='lat' dir='ltr'><strong>quia</strong></span> <span class='ocrx_word' id='word_1_704' title='bbox 2125 3188 2418 3240; x_wconf 86' lang='lat' dir='ltr'><strong>consilium</strong></span> <span class='ocrx_word' id='word_1_705' title='bbox 2448 3186 2656 3241; x_wconf 90' lang='lat' dir='ltr'><strong>bonum</strong></span> <span class='ocrx_word' id='word_1_706' title='bbox 2686 3186 2961 3242; x_wconf 88' lang='lat' dir='ltr'><strong>custodiet</strong></span> <span class='ocrx_word' id='word_1_707' title='bbox 2988 3193 3062 3252; x_wconf 88' lang='lat' dir='ltr'><strong>te,</strong></span> <span class='ocrx_word' id='word_1_708' title='bbox 3095 3185 3355 3256; x_wconf 87' lang='lat' dir='ltr'><strong>cogitatio</strong></span> <span class='ocrx_word' id='word_1_709' title='bbox 3380 3190 3563 3239; x_wconf 88' lang='lat' dir='ltr'><strong>autem</strong></span> 
     </span>
    </p>
   </div>
   <div class='ocr_carea' id='block_1_91' title="bbox 1978 3272 3570 3345">
    <p class='ocr_par' dir='ltr' id='par_1_91' title="bbox 1978 3272 3570 3345">
     <span class='ocr_line' id='line_1_91' title="bbox 1978 3272 3570 3345; baseline 0 -17"><span class='ocrx_word' id='word_1_710' title='bbox 1978 3281 2167 3329; x_wconf 88' lang='lat' dir='ltr'><strong>sancta</strong></span> <span class='ocrx_word' id='word_1_711' title='bbox 2184 3274 2425 3329; x_wconf 88' lang='lat' dir='ltr'><strong>servabit</strong></span> <span class='ocrx_word' id='word_1_712' title='bbox 2448 3281 2522 3329; x_wconf 90' lang='lat' dir='ltr'><strong>te.</strong></span> <span class='ocrx_word' id='word_1_713' title='bbox 2551 3275 2671 3329; x_wconf 83' lang='lat' dir='ltr'><strong>Huc</strong></span> <span class='ocrx_word' id='word_1_714' title='bbox 2697 3289 2825 3344; x_wconf 89' lang='lat' dir='ltr'><strong>ergo</strong></span> <span class='ocrx_word' id='word_1_715' title='bbox 2854 3272 3244 3330; x_wconf 85' lang='lat' dir='ltr'><strong>incunctanter</strong></span> <span class='ocrx_word' id='word_1_716' title='bbox 3258 3287 3570 3345; x_wconf 84' lang='lat' dir='ltr'><strong>pergamus,</strong></span> 
     </span>
    </p>
   </div>
   <div class='ocr_carea' id='block_1_92' title="bbox 1980 3361 3573 3433">
    <p class='ocr_par' dir='ltr' id='par_1_92' title="bbox 1980 3361 3573 3433">
     <span class='ocr_line' id='line_1_92' title="bbox 1980 3361 3573 3433; baseline 0.001 -17"><span class='ocrx_word' id='word_1_717' title='bbox 1980 3368 2034 3416; x_wconf 93' lang='lat' dir='ltr'><strong>et</strong></span> <span class='ocrx_word' id='word_1_718' title='bbox 2063 3369 2251 3417; x_wconf 90' lang='lat' dir='ltr'><strong>nostra</strong></span> <span class='ocrx_word' id='word_1_719' title='bbox 2278 3361 2372 3418; x_wconf 91' lang='lat' dir='ltr'><strong>hic</strong></span> <span class='ocrx_word' id='word_1_720' title='bbox 2416 3362 2620 3418; x_wconf 89' lang='lat' dir='ltr'><strong>alacres</strong></span> <span class='ocrx_word' id='word_1_721' title='bbox 2661 3364 2901 3418; x_wconf 84' lang='lat' dir='ltr'><strong>tentoria</strong></span> <span class='ocrx_word' id='word_1_722' title='bbox 2928 3361 3203 3433; x_wconf 80' lang='lat' dir='ltr'><strong>erigamus</strong></span> <span class='ocrx_word' id='word_1_723' title='bbox 3235 3378 3247 3417; x_wconf 93' lang='lat'><strong>:</strong></span> <span class='ocrx_word' id='word_1_724' title='bbox 3280 3370 3344 3416; x_wconf 86' lang='lat' dir='ltr'><strong>ut</strong></span> <span class='ocrx_word' id='word_1_725' title='bbox 3365 3363 3480 3417; x_wconf 92' lang='lat' dir='ltr'><strong>Deo</strong></span> <span class='ocrx_word' id='word_1_726' title='bbox 3513 3362 3573 3417; x_wconf 90' lang='lat' dir='ltr'><strong>in</strong></span> 
     </span>
    </p>
   </div>
   <div class='ocr_carea' id='block_1_93' title="bbox 1978 3448 3571 3521">
    <p class='ocr_par' dir='ltr' id='par_1_93' title="bbox 1978 3448 3571 3521">
     <span class='ocr_line' id='line_1_93' title="bbox 1978 3448 3571 3521; baseline 0 -15"><span class='ocrx_word' id='word_1_727' title='bbox 1978 3457 2095 3506; x_wconf 89' lang='lat' dir='ltr'><strong>toto</strong></span> <span class='ocrx_word' id='word_1_728' title='bbox 2123 3449 2285 3507; x_wconf 91' lang='lat' dir='ltr'><strong>corde</strong></span> <span class='ocrx_word' id='word_1_729' title='bbox 2313 3459 2525 3518; x_wconf 88' lang='lat' dir='ltr'><strong>nostro,</strong></span> <span class='ocrx_word' id='word_1_730' title='bbox 2556 3452 2700 3508; x_wconf 90' lang='lat' dir='ltr'><strong>sicut</strong></span> <span class='ocrx_word' id='word_1_731' title='bbox 2726 3451 2906 3508; x_wconf 88' lang='lat' dir='ltr'><strong>David</strong></span> <span class='ocrx_word' id='word_1_732' title='bbox 2937 3452 2996 3507; x_wconf 90' lang='lat' dir='ltr'><strong>in</strong></span> <span class='ocrx_word' id='word_1_733' title='bbox 3025 3450 3264 3508; x_wconf 89' lang='lat' dir='ltr'><strong>concilio</strong></span> <span class='ocrx_word' id='word_1_734' title='bbox 3289 3448 3571 3521; x_wconf 89' lang='lat' dir='ltr'><strong>justorum</strong></span> 
     </span>
    </p>
   </div>
   <div class='ocr_carea' id='block_1_94' title="bbox 1978 3539 3573 3614">
    <p class='ocr_par' dir='ltr' id='par_1_94' title="bbox 1978 3539 3573 3614">
     <span class='ocr_line' id='line_1_94' title="bbox 1978 3539 3573 3614; baseline 0.003 -19"><span class='ocrx_word' id='word_1_735' title='bbox 1978 3546 2033 3596; x_wconf 88' lang='lat' dir='ltr'><strong>et</strong></span> <span class='ocrx_word' id='word_1_736' title='bbox 2083 3540 2500 3614; x_wconf 88' lang='lat' dir='ltr'><strong>congregatione</strong></span> <span class='ocrx_word' id='word_1_737' title='bbox 2558 3541 2733 3614; x_wconf 78' lang='lat' dir='ltr'><strong>(Psal.</strong></span> <span class='ocrx_word' id='word_1_738' title='bbox 2791 3557 2860 3598; x_wconf 87' lang='lat' dir='ltr'><strong>cx</strong></span> <span class='ocrx_word' id='word_1_739' title='bbox 2884 3584 2902 3612; x_wconf 96' lang='lat'><strong>,</strong></span> <span class='ocrx_word' id='word_1_740' title='bbox 2953 3541 3034 3613; x_wconf 89' lang='lat'><strong>1),</strong></span> <span class='ocrx_word' id='word_1_741' title='bbox 3090 3539 3345 3598; x_wconf 89' lang='lat' dir='ltr'><strong>conﬁteri</strong></span> <span class='ocrx_word' id='word_1_742' title='bbox 3393 3539 3573 3598; x_wconf 82' lang='lat' dir='ltr'><strong>valea-</strong></span> 
     </span>
    </p>
   </div>
   <div class='ocr_carea' id='block_1_95' title="bbox 1981 3646 2122 3688">
    <p class='ocr_par' dir='ltr' id='par_1_95' title="bbox 1981 3646 2122 3688">
     <span class='ocr_line' id='line_1_95' title="bbox 1981 3646 2122 3688; baseline 0 -1"><span class='ocrx_word' id='word_1_743' title='bbox 1981 3646 2122 3688; x_wconf 73' lang='lat'><strong>[11118.</strong></span> 
     </span>
    </p>
   </div>
   <div class='ocr_carea' id='block_1_96' title="bbox 2048 3737 3571 3810">
    <p class='ocr_par' dir='ltr' id='par_1_96' title="bbox 2048 3737 3571 3810">
     <span class='ocr_line' id='line_1_96' title="bbox 2048 3737 3571 3810; baseline 0 -15"><span class='ocrx_word' id='word_1_744' title='bbox 2048 3738 2313 3796; x_wconf 52' lang='lat' dir='ltr'><strong>XXXIII.</strong></span> <span class='ocrx_word' id='word_1_745' title='bbox 2341 3739 2571 3810; x_wconf 76' lang='lat' dir='ltr'><strong>mansio,</strong></span> <span class='ocrx_word' id='word_1_746' title='bbox 2600 3738 2717 3797; x_wconf 64' lang='lat' dir='ltr'><strong>Sus.</strong></span> <span class='ocrx_word' id='word_1_747' title='bbox 2756 3769 2827 3783; x_wconf 91' lang='lat'><strong>-</strong></span> <span class='ocrx_word' id='word_1_748' title='bbox 2863 3737 3079 3798; x_wconf 85' lang='lat' dir='ltr'><strong>Mansio</strong></span> <span class='ocrx_word' id='word_1_749' title='bbox 3098 3738 3382 3797; x_wconf 89' lang='lat' dir='ltr'><strong>tricesima</strong></span> <span class='ocrx_word' id='word_1_750' title='bbox 3409 3738 3571 3797; x_wconf 90' lang='lat' dir='ltr'><strong>tertia</strong></span> 
     </span>
    </p>
   </div>
   <div class='ocr_carea' id='block_1_97' title="bbox 1980 3827 3570 3903">
    <p class='ocr_par' dir='ltr' id='par_1_97' title="bbox 1980 3827 3570 3903">
     <span class='ocr_line' id='line_1_97' title="bbox 1980 3827 3570 3903; baseline 0 -20"><span class='ocrx_word' id='word_1_751' title='bbox 1980 3835 2061 3883; x_wconf 88' lang='lat' dir='ltr'><strong>est</strong></span> <span class='ocrx_word' id='word_1_752' title='bbox 2090 3829 2148 3883; x_wconf 86' lang='lat' dir='ltr'><strong>in</strong></span> <span class='ocrx_word' id='word_1_753' title='bbox 2177 3828 2392 3885; x_wconf 82' lang='lat' dir='ltr'><strong>deserto</strong></span> <span class='ocrx_word' id='word_1_754' title='bbox 2438 3829 2569 3897; x_wconf 86' lang='lat' dir='ltr'><strong>Sin;</strong></span> <span class='ocrx_word' id='word_1_755' title='bbox 2601 3844 2770 3903; x_wconf 83' lang='lat' dir='ltr'><strong>quare</strong></span> <span class='ocrx_word' id='word_1_756' title='bbox 2798 3828 3085 3902; x_wconf 87' lang='lat' dir='ltr'><strong>subjungit</strong></span> <span class='ocrx_word' id='word_1_757' title='bbox 3118 3844 3130 3884; x_wconf 89' lang='lat'><strong>:</strong></span> <span class='ocrx_word' id='word_1_758' title='bbox 3178 3852 3197 3876; x_wconf 78' lang='grc' dir='ltr'><strong>ι</strong></span> <span class='ocrx_word' id='word_1_759' title='bbox 3226 3830 3299 3884; x_wconf 91' lang='lat' dir='ltr'><strong>Et</strong></span> <span class='ocrx_word' id='word_1_760' title='bbox 3336 3827 3570 3901; x_wconf 88' lang='lat' dir='ltr'><strong>profecti</strong></span> 
     </span>
    </p>
   </div>
   <div class='ocr_carea' id='block_1_98' title="bbox 1978 3916 3571 3992">
    <p class='ocr_par' dir='ltr' id='par_1_98' title="bbox 1978 3916 3571 3992">
     <span class='ocr_line' id='line_1_98' title="bbox 1978 3916 3571 3992; baseline 0.001 -19"><span class='ocrx_word' id='word_1_761' title='bbox 1978 3917 2045 3974; x_wconf 91' lang='lat' dir='ltr'><strong>de</strong></span> <span class='ocrx_word' id='word_1_762' title='bbox 2099 3918 2459 3992; x_wconf 83' lang='lat' dir='ltr'><strong>Asiongaber,</strong></span> <span class='ocrx_word' id='word_1_763' title='bbox 2516 3919 2884 3977; x_wconf 88' lang='lat' dir='ltr'><strong>castrametati</strong></span> <span class='ocrx_word' id='word_1_764' title='bbox 2932 3927 3065 3975; x_wconf 90' lang='lat' dir='ltr'><strong>sunt</strong></span> <span class='ocrx_word' id='word_1_765' title='bbox 3118 3917 3178 3974; x_wconf 93' lang='lat' dir='ltr'><strong>in</strong></span> <span class='ocrx_word' id='word_1_766' title='bbox 3233 3916 3449 3974; x_wconf 87' lang='lat' dir='ltr'><strong>deserto</strong></span> <span class='ocrx_word' id='word_1_767' title='bbox 3473 3916 3571 3974; x_wconf 90' lang='lat' dir='ltr'><strong>Sin</strong></span> 
     </span>
    </p>
   </div>
   <div class='ocr_carea' id='block_1_99' title="bbox 1978 4006 3570 4082">
    <p class='ocr_par' dir='ltr' id='par_1_99' title="bbox 1978 4006 3570 4082">
     <span class='ocr_line' id='line_1_99' title="bbox 1978 4006 3570 4082; baseline -0.001 -18"><span class='ocrx_word' id='word_1_768' title='bbox 1978 4010 2162 4081; x_wconf 82' lang='lat' dir='ltr'><strong>(Num.</strong></span> <span class='ocrx_word' id='word_1_769' title='bbox 2192 4026 2401 4081; x_wconf 74' lang='lat' dir='ltr'><strong>xxxiii,</strong></span> <span class='ocrx_word' id='word_1_770' title='bbox 2433 4009 2549 4082; x_wconf 87' lang='lat'><strong>36).</strong></span> <span class='ocrx_word' id='word_1_771' title='bbox 2600 4034 2619 4059; x_wconf 76' lang='grc' dir='ltr'><strong>ι</strong></span> <span class='ocrx_word' id='word_1_772' title='bbox 2660 4009 2880 4065; x_wconf 88' lang='lat' dir='ltr'><strong>Octava</strong></span> <span class='ocrx_word' id='word_1_773' title='bbox 2914 4007 3128 4063; x_wconf 90' lang='lat' dir='ltr'><strong>mansio</strong></span> <span class='ocrx_word' id='word_1_774' title='bbox 3173 4022 3339 4078; x_wconf 89' lang='lat' dir='ltr'><strong>supra</strong></span> <span class='ocrx_word' id='word_1_775' title='bbox 3378 4006 3570 4063; x_wconf 90' lang='lat' dir='ltr'><strong>eodem</strong></span> 
     </span>
    </p>
   </div>
   <div class='ocr_carea' id='block_1_100' title="bbox 1978 4094 3570 4175">
    <p class='ocr_par' dir='ltr' id='par_1_100' title="bbox 1978 4094 3570 4175">
     <span class='ocr_line' id='line_1_100' title="bbox 1978 4094 3570 4175; baseline -0.003 -18"><span class='ocrx_word' id='word_1_776' title='bbox 1978 4117 2195 4175; x_wconf 89' lang='lat' dir='ltr'><strong>quoque</strong></span> <span class='ocrx_word' id='word_1_777' title='bbox 2222 4100 2447 4156; x_wconf 91' lang='lat' dir='ltr'><strong>nomine</strong></span> <span class='ocrx_word' id='word_1_778' title='bbox 2474 4106 2844 4170; x_wconf 87' lang='lat' dir='ltr'><strong>nuncupatur;</strong></span> <span class='ocrx_word' id='word_1_779' title='bbox 2874 4096 3058 4170; x_wconf 91' lang='lat' dir='ltr'><strong>inquit</strong></span> <span class='ocrx_word' id='word_1_780' title='bbox 3080 4094 3230 4150; x_wconf 91' lang='lat' dir='ltr'><strong>enim</strong></span> <span class='ocrx_word' id='word_1_781' title='bbox 3261 4113 3273 4152; x_wconf 92' lang='lat'><strong>:</strong></span> <span class='ocrx_word' id='word_1_782' title='bbox 3318 4118 3338 4143; x_wconf 77' lang='grc' dir='ltr'><strong>ι</strong></span> <span class='ocrx_word' id='word_1_783' title='bbox 3367 4095 3438 4150; x_wconf 91' lang='lat' dir='ltr'><strong>Et</strong></span> <span class='ocrx_word' id='word_1_784' title='bbox 3449 4111 3570 4168; x_wconf 89' lang='lat' dir='ltr'><strong>pro-</strong></span> 
     </span>
    </p>
   </div>
   <div class='ocr_carea' id='block_1_101' title="bbox 1980 4184 3563 4258">
    <p class='ocr_par' dir='ltr' id='par_1_101' title="bbox 1980 4184 3563 4258">
     <span class='ocr_line' id='line_1_101' title="bbox 1980 4184 3563 4258; baseline -0.002 -12"><span class='ocrx_word' id='word_1_785' title='bbox 1980 4191 2112 4247; x_wconf 89' lang='lat' dir='ltr'><strong>fecti</strong></span> <span class='ocrx_word' id='word_1_786' title='bbox 2155 4207 2188 4247; x_wconf 90' lang='lat' dir='ltr'><strong>a</strong></span> <span class='ocrx_word' id='word_1_787' title='bbox 2233 4190 2373 4245; x_wconf 90' lang='lat' dir='ltr'><strong>mari</strong></span> <span class='ocrx_word' id='word_1_788' title='bbox 2415 4188 2624 4258; x_wconf 83' lang='lat' dir='ltr'><strong>Rubro,</strong></span> <span class='ocrx_word' id='word_1_789' title='bbox 2669 4185 3040 4245; x_wconf 89' lang='lat' dir='ltr'><strong>castrametati</strong></span> <span class='ocrx_word' id='word_1_790' title='bbox 3066 4192 3200 4242; x_wconf 90' lang='lat' dir='ltr'><strong>sunt</strong></span> <span class='ocrx_word' id='word_1_791' title='bbox 3250 4185 3310 4241; x_wconf 91' lang='lat' dir='ltr'><strong>in</strong></span> <span class='ocrx_word' id='word_1_792' title='bbox 3346 4184 3563 4243; x_wconf 87' lang='lat' dir='ltr'><strong>deserto</strong></span> 
     </span>
    </p>
   </div>
   <div class='ocr_carea' id='block_1_102' title="bbox 1978 4273 3570 4352">
    <p class='ocr_par' dir='ltr' id='par_1_102' title="bbox 1978 4273 3570 4352">
     <span class='ocr_line' id='line_1_102' title="bbox 1978 4273 3570 4352; baseline -0.002 -16"><span class='ocrx_word' id='word_1_793' title='bbox 1978 4279 2095 4337; x_wconf 94' lang='lat' dir='ltr'><strong>Sin.</strong></span> <span class='ocrx_word' id='word_1_794' title='bbox 2130 4305 2149 4330; x_wconf 77' lang='grc' dir='ltr'><strong>ι</strong></span> <span class='ocrx_word' id='word_1_795' title='bbox 2178 4278 2285 4336; x_wconf 87' lang='lat' dir='ltr'><strong>Sed</strong></span> <span class='ocrx_word' id='word_1_796' title='bbox 2312 4278 2707 4336; x_wconf 89' lang='lat' dir='ltr'><strong>attendendum</strong></span> <span class='ocrx_word' id='word_1_797' title='bbox 2731 4276 2879 4352; x_wconf 91' lang='lat' dir='ltr'><strong>quod</strong></span> <span class='ocrx_word' id='word_1_798' title='bbox 2907 4275 2998 4333; x_wconf 90' lang='lat' dir='ltr'><strong>hic</strong></span> <span class='ocrx_word' id='word_1_799' title='bbox 3019 4275 3172 4333; x_wconf 84' lang='lat' dir='ltr'><strong>locus</strong></span> <span class='ocrx_word' id='word_1_800' title='bbox 3200 4273 3344 4331; x_wconf 88' lang='lat' dir='ltr'><strong>alius</strong></span> <span class='ocrx_word' id='word_1_801' title='bbox 3373 4275 3442 4331; x_wconf 92' lang='lat' dir='ltr'><strong>ab</strong></span> <span class='ocrx_word' id='word_1_802' title='bbox 3471 4275 3570 4333; x_wconf 89' lang='lat' dir='ltr'><strong>illo</strong></span> 
     </span>
    </p>
   </div>
   <div class='ocr_carea' id='block_1_103' title="bbox 1975 4365 3571 4441">
    <p class='ocr_par' dir='ltr' id='par_1_103' title="bbox 1975 4365 3571 4441">
     <span class='ocr_line' id='line_1_103' title="bbox 1975 4365 3571 4441; baseline -0.003 -14"><span class='ocrx_word' id='word_1_803' title='bbox 1975 4378 2088 4438; x_wconf 89' lang='lat' dir='ltr'><strong>est;</strong></span> <span class='ocrx_word' id='word_1_804' title='bbox 2121 4368 2245 4426; x_wconf 89' lang='lat' dir='ltr'><strong>ideo</strong></span> <span class='ocrx_word' id='word_1_805' title='bbox 2273 4369 2419 4425; x_wconf 86' lang='lat' dir='ltr'><strong>infra</strong></span> <span class='ocrx_word' id='word_1_806' title='bbox 2447 4367 2804 4441; x_wconf 88' lang='lat' dir='ltr'><strong>subjungitur</strong></span> <span class='ocrx_word' id='word_1_807' title='bbox 2836 4385 2849 4424; x_wconf 89' lang='lat'><strong>:</strong></span> <span class='ocrx_word' id='word_1_808' title='bbox 2897 4390 2916 4414; x_wconf 78' lang='grc' dir='ltr'><strong>ι</strong></span> <span class='ocrx_word' id='word_1_809' title='bbox 2946 4368 3024 4423; x_wconf 92' lang='lat' dir='ltr'><strong>De</strong></span> <span class='ocrx_word' id='word_1_810' title='bbox 3053 4365 3270 4422; x_wconf 90' lang='lat' dir='ltr'><strong>deserto</strong></span> <span class='ocrx_word' id='word_1_811' title='bbox 3304 4365 3422 4435; x_wconf 91' lang='lat' dir='ltr'><strong>Sin,</strong></span> <span class='ocrx_word' id='word_1_812' title='bbox 3454 4365 3571 4423; x_wconf 61' lang='lat' dir='ltr'><strong>haec</strong></span> 
     </span>
    </p>
   </div>
   <div class='ocr_carea' id='block_1_104' title="bbox 1978 4459 3571 4541">
    <p class='ocr_par' dir='ltr' id='par_1_104' title="bbox 1978 4459 3571 4541">
     <span class='ocr_line' id='line_1_104' title="bbox 1978 4459 3571 4541; baseline -0.006 -17"><span class='ocrx_word' id='word_1_813' title='bbox 1978 4475 2059 4524; x_wconf 90' lang='lat' dir='ltr'><strong>est</strong></span> <span class='ocrx_word' id='word_1_814' title='bbox 2085 4467 2259 4526; x_wconf 88' lang='lat' dir='ltr'><strong>Cades</strong></span> <span class='ocrx_word' id='word_1_815' title='bbox 2287 4468 2472 4541; x_wconf 80' lang='lat' dir='ltr'><strong>(Num.</strong></span> <span class='ocrx_word' id='word_1_816' title='bbox 2504 4481 2604 4535; x_wconf 88' lang='lat' dir='ltr'><strong>xx,</strong></span> <span class='ocrx_word' id='word_1_817' title='bbox 2636 4466 2713 4534; x_wconf 92' lang='lat'><strong>1).</strong></span> <span class='ocrx_word' id='word_1_818' title='bbox 2748 4490 2766 4513; x_wconf 79' lang='grc' dir='ltr'><strong>ι</strong></span> <span class='ocrx_word' id='word_1_819' title='bbox 2807 4463 2881 4520; x_wconf 89' lang='lat' dir='ltr'><strong>Et</strong></span> <span class='ocrx_word' id='word_1_820' title='bbox 2906 4460 3061 4531; x_wconf 86' lang='lat' dir='ltr'><strong>alibi,</strong></span> <span class='ocrx_word' id='word_1_821' title='bbox 3092 4460 3226 4517; x_wconf 90' lang='lat' dir='ltr'><strong>dum</strong></span> <span class='ocrx_word' id='word_1_822' title='bbox 3256 4460 3493 4535; x_wconf 90' lang='lat' dir='ltr'><strong>populus</strong></span> <span class='ocrx_word' id='word_1_823' title='bbox 3511 4459 3571 4516; x_wconf 91' lang='lat' dir='ltr'><strong>in</strong></span> 
     </span>
    </p>
   </div>
   <div class='ocr_carea' id='block_1_105' title="bbox 1978 4551 3572 4624">
    <p class='ocr_par' dir='ltr' id='par_1_105' title="bbox 1978 4551 3572 4624">
     <span class='ocr_line' id='line_1_105' title="bbox 1978 4551 3572 4624; baseline -0.004 -10"><span class='ocrx_word' id='word_1_824' title='bbox 1978 4558 2082 4616; x_wconf 91' lang='lat' dir='ltr'><strong>hac</strong></span> <span class='ocrx_word' id='word_1_825' title='bbox 2122 4566 2428 4615; x_wconf 89' lang='lat' dir='ltr'><strong>moraretur</strong></span> <span class='ocrx_word' id='word_1_826' title='bbox 2468 4554 2786 4624; x_wconf 90' lang='lat' dir='ltr'><strong>mansione,</strong></span> <span class='ocrx_word' id='word_1_827' title='bbox 2829 4553 3056 4609; x_wconf 91' lang='lat' dir='ltr'><strong>mittens</strong></span> <span class='ocrx_word' id='word_1_828' title='bbox 3096 4551 3325 4608; x_wconf 91' lang='lat' dir='ltr'><strong>nuntios</strong></span> <span class='ocrx_word' id='word_1_829' title='bbox 3356 4552 3572 4624; x_wconf 82' lang='lat' dir='ltr'><strong>Moyses</strong></span> 
     </span>
    </p>
   </div>
   <div class='ocr_carea' id='block_1_106' title="bbox 1967 4642 3571 4723">
    <p class='ocr_par' dir='ltr' id='par_1_106' title="bbox 1967 4642 3571 4723">
     <span class='ocr_line' id='line_1_106' title="bbox 1967 4642 3571 4723; baseline -0.004 -17"><span class='ocrx_word' id='word_1_830' title='bbox 1967 4649 2036 4706; x_wconf 91' lang='lat' dir='ltr'><strong>ad</strong></span> <span class='ocrx_word' id='word_1_831' title='bbox 2069 4667 2249 4723; x_wconf 85' lang='lat' dir='ltr'><strong>regem</strong></span> <span class='ocrx_word' id='word_1_832' title='bbox 2290 4649 2468 4705; x_wconf 89' lang='lat' dir='ltr'><strong>Edom</strong></span> <span class='ocrx_word' id='word_1_833' title='bbox 2503 4665 2514 4703; x_wconf 89' lang='lat'><strong>:</strong></span> <span class='ocrx_word' id='word_1_834' title='bbox 2558 4669 2577 4694; x_wconf 76' lang='grc' dir='ltr'><strong>ι</strong></span> <span class='ocrx_word' id='word_1_835' title='bbox 2616 4647 2689 4702; x_wconf 91' lang='lat' dir='ltr'><strong>Et</strong></span> <span class='ocrx_word' id='word_1_836' title='bbox 2722 4660 2873 4701; x_wconf 91' lang='lat' dir='ltr'><strong>nunc</strong></span> <span class='ocrx_word' id='word_1_837' title='bbox 2908 4659 3123 4712; x_wconf 88' lang='lat' dir='ltr'><strong>sumus,</strong></span> <span class='ocrx_word' id='word_1_838' title='bbox 3156 4667 3175 4693; x_wconf 76' lang='grc' dir='ltr'><strong>ι</strong></span> <span class='ocrx_word' id='word_1_839' title='bbox 3220 4642 3426 4715; x_wconf 87' lang='lat' dir='ltr'><strong>inquit,</strong></span> <span class='ocrx_word' id='word_1_840' title='bbox 3465 4666 3482 4689; x_wconf 77' lang='grc' dir='ltr'><strong>ι</strong></span> <span class='ocrx_word' id='word_1_841' title='bbox 3512 4643 3571 4699; x_wconf 86' lang='lat' dir='ltr'><strong>in</strong></span> 
     </span>
    </p>
   </div>
   <div class='ocr_carea' id='block_1_107' title="bbox 1967 4730 3557 4807">
    <p class='ocr_par' dir='ltr' id='par_1_107' title="bbox 1967 4730 3557 4807">
     <span class='ocr_line' id='line_1_107' title="bbox 1967 4730 3557 4807; baseline -0.012 -9"><span class='ocrx_word' id='word_1_842' title='bbox 1967 4738 2139 4798; x_wconf 87' lang='lat' dir='ltr'><strong>Cades</strong></span> <span class='ocrx_word' id='word_1_843' title='bbox 2166 4738 2409 4800; x_wconf 87' lang='lat' dir='ltr'><strong>civitate.</strong></span> <span class='ocrx_word' id='word_1_844' title='bbox 2433 4752 2502 4792; x_wconf 84' lang='lat' dir='ltr'><strong>ex</strong></span> <span class='ocrx_word' id='word_1_845' title='bbox 2533 4742 2685 4807; x_wconf 90' lang='lat' dir='ltr'><strong>parte</strong></span> <span class='ocrx_word' id='word_1_846' title='bbox 2713 4734 2909 4789; x_wconf 90' lang='lat' dir='ltr'><strong>ﬁnium</strong></span> <span class='ocrx_word' id='word_1_847' title='bbox 2941 4742 3163 4789; x_wconf 87' lang='lat' dir='ltr'><strong>tuorum</strong></span> <span class='ocrx_word' id='word_1_848' title='bbox 3188 4732 3376 4804; x_wconf 78' lang='lat' dir='ltr'><strong>(Ibid.,</strong></span> <span class='ocrx_word' id='word_1_849' title='bbox 3404 4730 3519 4802; x_wconf 81' lang='lat'><strong>16),</strong></span> <span class='ocrx_word' id='word_1_850' title='bbox 3539 4755 3557 4779; x_wconf 72' lang='grc' dir='ltr'><strong>ι</strong></span> 
     </span>
    </p>
   </div>
   <div class='ocr_carea' id='block_1_108' title="bbox 1968 4819 3571 4894">
    <p class='ocr_par' dir='ltr' id='par_1_108' title="bbox 1968 4819 3571 4894">
     <span class='ocr_line' id='line_1_108' title="bbox 1968 4819 3571 4894; baseline -0.006 -10"><span class='ocrx_word' id='word_1_851' title='bbox 1968 4828 2122 4886; x_wconf 89' lang='lat' dir='ltr'><strong>Hanc</strong></span> <span class='ocrx_word' id='word_1_852' title='bbox 2152 4827 2408 4883; x_wconf 90' lang='lat' dir='ltr'><strong>meminit</strong></span> <span class='ocrx_word' id='word_1_853' title='bbox 2434 4823 2617 4882; x_wconf 90' lang='lat' dir='ltr'><strong>David</strong></span> <span class='ocrx_word' id='word_1_854' title='bbox 2648 4821 2935 4894; x_wconf 86' lang='lat' dir='ltr'><strong>propheta,</strong></span> <span class='ocrx_word' id='word_1_855' title='bbox 2970 4820 3163 4875; x_wconf 90' lang='lat' dir='ltr'><strong>dicens</strong></span> <span class='ocrx_word' id='word_1_856' title='bbox 3196 4835 3209 4874; x_wconf 94' lang='lat'><strong>:</strong></span> <span class='ocrx_word' id='word_1_857' title='bbox 3259 4842 3279 4866; x_wconf 78' lang='grc' dir='ltr'><strong>ι</strong></span> <span class='ocrx_word' id='word_1_858' title='bbox 3307 4819 3380 4874; x_wconf 91' lang='lat' dir='ltr'><strong>Et</strong></span> <span class='ocrx_word' id='word_1_859' title='bbox 3408 4834 3571 4876; x_wconf 89' lang='lat' dir='ltr'><strong>com-</strong></span> 
     </span>
    </p>
   </div>
   <div class='ocr_carea' id='block_1_109' title="bbox 1970 4907 3568 4979">
    <p class='ocr_par' dir='ltr' id='par_1_109' title="bbox 1970 4907 3568 4979">
     <span class='ocr_line' id='line_1_109' title="bbox 1970 4907 3568 4979; baseline -0.007 -4"><span class='ocrx_word' id='word_1_860' title='bbox 1970 4919 2216 4974; x_wconf 90' lang='lat' dir='ltr'><strong>movebit</strong></span> <span class='ocrx_word' id='word_1_861' title='bbox 2264 4914 2536 4972; x_wconf 88' lang='lat' dir='ltr'><strong>Dominus</strong></span> <span class='ocrx_word' id='word_1_862' title='bbox 2580 4913 2857 4968; x_wconf 83' lang='lat' dir='ltr'><strong>desertum</strong></span> <span class='ocrx_word' id='word_1_863' title='bbox 2904 4907 3077 4964; x_wconf 87' lang='lat' dir='ltr'><strong>Cades</strong></span> <span class='ocrx_word' id='word_1_864' title='bbox 3130 4907 3304 4979; x_wconf 84' lang='lat' dir='ltr'><strong>(Psal.</strong></span> <span class='ocrx_word' id='word_1_865' title='bbox 3362 4923 3568 4977; x_wconf 81' lang='lat' dir='ltr'><strong>xxvnr,</strong></span> 
     </span>
    </p>
   </div>
   <div class='ocr_carea' id='block_1_110' title="bbox 1969 4994 3567 5079">
    <p class='ocr_par' dir='ltr' id='par_1_110' title="bbox 1969 4994 3567 5079">
     <span class='ocr_line' id='line_1_110' title="bbox 1969 4994 3567 5079; baseline -0.004 -18"><span class='ocrx_word' id='word_1_866' title='bbox 1969 5006 2051 5079; x_wconf 92' lang='lat'><strong>8).</strong></span> <span class='ocrx_word' id='word_1_867' title='bbox 2084 5031 2103 5055; x_wconf 75' lang='grc' dir='ltr'><strong>ι</strong></span> <span class='ocrx_word' id='word_1_868' title='bbox 2144 5006 2246 5061; x_wconf 85' lang='lat' dir='ltr'><strong>Hic</strong></span> <span class='ocrx_word' id='word_1_869' title='bbox 2272 5004 2442 5062; x_wconf 86' lang='lat' dir='ltr'><strong>Maria</strong></span> <span class='ocrx_word' id='word_1_870' title='bbox 2471 4999 2647 5072; x_wconf 83' lang='lat' dir='ltr'><strong>Moysi</strong></span> <span class='ocrx_word' id='word_1_871' title='bbox 2665 5014 2821 5054; x_wconf 87' lang='lat' dir='ltr'><strong>soror</strong></span> <span class='ocrx_word' id='word_1_872' title='bbox 2849 4995 2995 5052; x_wconf 88' lang='lat' dir='ltr'><strong>diem</strong></span> <span class='ocrx_word' id='word_1_873' title='bbox 3011 5012 3173 5052; x_wconf 90' lang='lat' dir='ltr'><strong>suum</strong></span> <span class='ocrx_word' id='word_1_874' title='bbox 3200 4994 3405 5063; x_wconf 84' lang='lat' dir='ltr'><strong>obivit,</strong></span> <span class='ocrx_word' id='word_1_875' title='bbox 3428 5014 3567 5054; x_wconf 86' lang='lat' dir='ltr'><strong>mor-</strong></span> 
     </span>
    </p>
   </div>
   <div class='ocr_carea' id='block_1_111' title="bbox 1971 5086 3570 5166">
    <p class='ocr_par' dir='ltr' id='par_1_111' title="bbox 1971 5086 3570 5166">
     <span class='ocr_line' id='line_1_111' title="bbox 1971 5086 3570 5166; baseline -0.003 -15"><span class='ocrx_word' id='word_1_876' title='bbox 1971 5102 2065 5151; x_wconf 90' lang='lat' dir='ltr'><strong>tua</strong></span> <span class='ocrx_word' id='word_1_877' title='bbox 2093 5102 2147 5150; x_wconf 91' lang='lat' dir='ltr'><strong>et</strong></span> <span class='ocrx_word' id='word_1_878' title='bbox 2175 5092 2389 5166; x_wconf 87' lang='lat' dir='ltr'><strong>sepulta</strong></span> <span class='ocrx_word' id='word_1_879' title='bbox 2416 5098 2520 5159; x_wconf 87' lang='lat' dir='ltr'><strong>est,</strong></span> <span class='ocrx_word' id='word_1_880' title='bbox 2555 5096 2616 5145; x_wconf 90' lang='lat' dir='ltr'><strong>ut</strong></span> <span class='ocrx_word' id='word_1_881' title='bbox 2661 5098 2825 5160; x_wconf 89' lang='lat' dir='ltr'><strong>supra</strong></span> <span class='ocrx_word' id='word_1_882' title='bbox 2855 5087 3077 5159; x_wconf 90' lang='lat' dir='ltr'><strong>legitur.</strong></span> <span class='ocrx_word' id='word_1_883' title='bbox 3110 5086 3270 5156; x_wconf 89' lang='lat' dir='ltr'><strong>Quod</strong></span> <span class='ocrx_word' id='word_1_884' title='bbox 3295 5087 3570 5161; x_wconf 77' lang='lat' dir='ltr'><strong>Iosephus</strong></span> 
     </span>
    </p>
   </div>
   <div class='ocr_carea' id='block_1_112' title="bbox 1970 5177 3567 5258">
    <p class='ocr_par' dir='ltr' id='par_1_112' title="bbox 1970 5177 3567 5258">
     <span class='ocr_line' id='line_1_112' title="bbox 1970 5177 3567 5258; baseline -0.003 -19"><span class='ocrx_word' id='word_1_885' title='bbox 1970 5199 2188 5258; x_wconf 90' lang='lat' dir='ltr'><strong>quoque</strong></span> <span class='ocrx_word' id='word_1_886' title='bbox 2242 5179 2505 5238; x_wconf 87' lang='lat' dir='ltr'><strong>describit</strong></span> <span class='ocrx_word' id='word_1_887' title='bbox 2555 5178 2791 5236; x_wconf 88' lang='lat' dir='ltr'><strong>dicens:</strong></span> <span class='ocrx_word' id='word_1_888' title='bbox 2840 5202 2859 5225; x_wconf 79' lang='grc' dir='ltr'><strong>ι</strong></span> <span class='ocrx_word' id='word_1_889' title='bbox 2889 5177 3045 5235; x_wconf 90' lang='lat' dir='ltr'><strong>Tunc</strong></span> <span class='ocrx_word' id='word_1_890' title='bbox 3084 5177 3268 5251; x_wconf 87' lang='lat' dir='ltr'><strong>itaque</strong></span> <span class='ocrx_word' id='word_1_891' title='bbox 3322 5193 3567 5235; x_wconf 89' lang='lat' dir='ltr'><strong>sororem</strong></span> 
     </span>
    </p>
   </div>
   <div class='ocr_carea' id='block_1_113' title="bbox 1971 5266 3568 5346">
    <p class='ocr_par' dir='ltr' id='par_1_113' title="bbox 1971 5266 3568 5346">
     <span class='ocr_line' id='line_1_113' title="bbox 1971 5266 3568 5346; baseline -0.004 -16"><span class='ocrx_word' id='word_1_892' title='bbox 1971 5273 2091 5346; x_wconf 90' lang='lat' dir='ltr'><strong>ejus</strong></span> <span class='ocrx_word' id='word_1_893' title='bbox 2118 5271 2346 5328; x_wconf 90' lang='lat' dir='ltr'><strong>Mariam</strong></span> <span class='ocrx_word' id='word_1_894' title='bbox 2375 5268 2503 5326; x_wconf 92' lang='lat' dir='ltr'><strong>ﬁnis</strong></span> <span class='ocrx_word' id='word_1_895' title='bbox 2522 5268 2650 5325; x_wconf 75' lang='lat' dir='ltr'><strong>vitae</strong></span> <span class='ocrx_word' id='word_1_896' title='bbox 2670 5267 2900 5340; x_wconf 88' lang='lat' dir='ltr'><strong>accepit,</strong></span> <span class='ocrx_word' id='word_1_897' title='bbox 2930 5283 3060 5324; x_wconf 90' lang='lat' dir='ltr'><strong>cum</strong></span> <span class='ocrx_word' id='word_1_898' title='bbox 3088 5266 3568 5340; x_wconf 85' lang='lat' dir='ltr'><strong>quadragesimum</strong></span> 
     </span>
    </p>
   </div>
   <div class='ocr_carea' id='block_1_114' title="bbox 1971 5356 3567 5434">
    <p class='ocr_par' dir='ltr' id='par_1_114' title="bbox 1971 5356 3567 5434">
     <span class='ocr_line' id='line_1_114' title="bbox 1971 5356 3567 5434; baseline -0.005 -12"><span class='ocrx_word' id='word_1_899' title='bbox 1971 5362 2297 5434; x_wconf 90' lang='lat' dir='ltr'><strong>complesset</strong></span> <span class='ocrx_word' id='word_1_900' title='bbox 2325 5376 2554 5431; x_wconf 88' lang='lat' dir='ltr'><strong>annum,</strong></span> <span class='ocrx_word' id='word_1_901' title='bbox 2576 5376 2648 5417; x_wconf 90' lang='lat' dir='ltr'><strong>ex</strong></span> <span class='ocrx_word' id='word_1_902' title='bbox 2663 5376 2773 5434; x_wconf 92' lang='lat' dir='ltr'><strong>quo</strong></span> <span class='ocrx_word' id='word_1_903' title='bbox 2792 5359 3099 5430; x_wconf 68' lang='lat' dir='ltr'><strong>1Egyptum</strong></span> <span class='ocrx_word' id='word_1_904' title='bbox 3126 5356 3430 5429; x_wconf 89' lang='lat' dir='ltr'><strong>dereliquit</strong></span> <span class='ocrx_word' id='word_1_905' title='bbox 3452 5375 3463 5414; x_wconf 90' lang='lat'><strong>:</strong></span> <span class='ocrx_word' id='word_1_906' title='bbox 3488 5372 3567 5414; x_wconf 88' lang='lat' dir='ltr'><strong>se-</strong></span> 
     </span>
    </p>
   </div>
   <div class='ocr_carea' id='block_1_115' title="bbox 1972 5445 3568 5528">
    <p class='ocr_par' dir='ltr' id='par_1_115' title="bbox 1972 5445 3568 5528">
     <span class='ocr_line' id='line_1_115' title="bbox 1972 5445 3568 5528; baseline -0.003 -18"><span class='ocrx_word' id='word_1_907' title='bbox 1972 5454 2354 5528; x_wconf 90' lang='lat' dir='ltr'><strong>pelieruntque</strong></span> <span class='ocrx_word' id='word_1_908' title='bbox 2381 5467 2499 5508; x_wconf 90' lang='lat' dir='ltr'><strong>eam</strong></span> <span class='ocrx_word' id='word_1_909' title='bbox 2530 5450 2749 5524; x_wconf 89' lang='lat' dir='ltr'><strong>publice</strong></span> <span class='ocrx_word' id='word_1_910' title='bbox 2792 5447 2961 5504; x_wconf 88' lang='lat' dir='ltr'><strong>nimis</strong></span> <span class='ocrx_word' id='word_1_911' title='bbox 3006 5445 3295 5518; x_wconf 90' lang='lat' dir='ltr'><strong>splendide</strong></span> <span class='ocrx_word' id='word_1_912' title='bbox 3341 5446 3465 5519; x_wconf 88' lang='lat' dir='ltr'><strong>(lib.</strong></span> <span class='ocrx_word' id='word_1_913' title='bbox 3511 5465 3568 5506; x_wconf 82' lang='lat' dir='ltr'><strong>Iv</strong></span> 
     </span>
    </p>
   </div>
   <div class='ocr_carea' id='block_1_116' title="bbox 1971 5536 3569 5619">
    <p class='ocr_par' dir='ltr' id='par_1_116' title="bbox 1971 5536 3569 5619">
     <span class='ocr_line' id='line_1_116' title="bbox 1971 5536 3569 5619; baseline -0.005 -16"><span class='ocrx_word' id='word_1_914' title='bbox 1971 5546 2193 5616; x_wconf 81' lang='lat' dir='ltr'><strong>Antiqq.</strong></span> <span class='ocrx_word' id='word_1_915' title='bbox 2226 5560 2349 5619; x_wconf 91' lang='lat' dir='ltr'><strong>cap.</strong></span> <span class='ocrx_word' id='word_1_916' title='bbox 2379 5544 2459 5619; x_wconf 75' lang='grc'><strong>4).</strong></span> <span class='ocrx_word' id='word_1_917' title='bbox 2493 5570 2513 5595; x_wconf 76' lang='grc' dir='ltr'><strong>ι</strong></span> <span class='ocrx_word' id='word_1_918' title='bbox 2554 5544 2657 5599; x_wconf 88' lang='lat' dir='ltr'><strong>Hic</strong></span> <span class='ocrx_word' id='word_1_919' title='bbox 2696 5539 2936 5612; x_wconf 89' lang='lat' dir='ltr'><strong>denique</strong></span> <span class='ocrx_word' id='word_1_920' title='bbox 2980 5536 3210 5610; x_wconf 91' lang='lat' dir='ltr'><strong>penuria</strong></span> <span class='ocrx_word' id='word_1_921' title='bbox 3239 5552 3395 5611; x_wconf 66' lang='lat' dir='ltr'><strong>aqua:</strong></span> <span class='ocrx_word' id='word_1_922' title='bbox 3420 5538 3569 5596; x_wconf 82' lang='lat' dir='ltr'><strong>labo-</strong></span> 
     </span>
    </p>
   </div>
   <div class='ocr_carea' id='block_1_117' title="bbox 1973 5626 3563 5709">
    <p class='ocr_par' dir='ltr' id='par_1_117' title="bbox 1973 5626 3563 5709">
     <span class='ocr_line' id='line_1_117' title="bbox 1973 5626 3563 5709; baseline -0.008 -15"><span class='ocrx_word' id='word_1_923' title='bbox 1973 5644 2059 5694; x_wconf 90' lang='lat' dir='ltr'><strong>rat</strong></span> <span class='ocrx_word' id='word_1_924' title='bbox 2088 5635 2353 5709; x_wconf 88' lang='lat' dir='ltr'><strong>populus;</strong></span> <span class='ocrx_word' id='word_1_925' title='bbox 2388 5649 2555 5709; x_wconf 90' lang='lat' dir='ltr'><strong>quare</strong></span> <span class='ocrx_word' id='word_1_926' title='bbox 2584 5632 2759 5688; x_wconf 89' lang='lat' dir='ltr'><strong>iratus</strong></span> <span class='ocrx_word' id='word_1_927' title='bbox 2786 5627 3161 5685; x_wconf 86' lang='lat' dir='ltr'><strong>tumultuatur</strong></span> <span class='ocrx_word' id='word_1_928' title='bbox 3186 5626 3247 5684; x_wconf 89' lang='lat' dir='ltr'><strong>in</strong></span> <span class='ocrx_word' id='word_1_929' title='bbox 3288 5628 3517 5701; x_wconf 80' lang='lat' dir='ltr'><strong>Moysen</strong></span> <span class='ocrx_word' id='word_1_930' title='bbox 3551 5644 3563 5683; x_wconf 89' lang='lat'><strong>:</strong></span> 
     </span>
    </p>
   </div>
   <div class='ocr_carea' id='block_1_118' title="bbox 1972 5721 3570 5804">
    <p class='ocr_par' dir='ltr' id='par_1_118' title="bbox 1972 5721 3570 5804">
     <span class='ocr_line' id='line_1_118' title="bbox 1972 5721 3570 5804; baseline -0.009 -15"><span class='ocrx_word' id='word_1_931' title='bbox 1972 5747 2003 5789; x_wconf 90' lang='lat' dir='ltr'><strong>a</strong></span> <span class='ocrx_word' id='word_1_932' title='bbox 2032 5745 2142 5804; x_wconf 89' lang='lat' dir='ltr'><strong>quo</strong></span> <span class='ocrx_word' id='word_1_933' title='bbox 2170 5738 2319 5803; x_wconf 88' lang='lat' dir='ltr'><strong>petra</strong></span> <span class='ocrx_word' id='word_1_934' title='bbox 2341 5729 2500 5801; x_wconf 84' lang='lat' dir='ltr'><strong>jussu</strong></span> <span class='ocrx_word' id='word_1_935' title='bbox 2525 5725 2626 5783; x_wconf 92' lang='lat' dir='ltr'><strong>Dei</strong></span> <span class='ocrx_word' id='word_1_936' title='bbox 2657 5721 2898 5781; x_wconf 88' lang='lat' dir='ltr'><strong>mirabili</strong></span> <span class='ocrx_word' id='word_1_937' title='bbox 2930 5721 3086 5794; x_wconf 86' lang='lat' dir='ltr'><strong>virga</strong></span> <span class='ocrx_word' id='word_1_938' title='bbox 3114 5733 3389 5793; x_wconf 85' lang='lat' dir='ltr'><strong>percussa,</strong></span> <span class='ocrx_word' id='word_1_939' title='bbox 3427 5731 3570 5789; x_wconf 79' lang='lat' dir='ltr'><strong>aqua</strong></span> 
     </span>
    </p>
   </div>
  </div>
