3932 6210
426 347 496 406 35
1414 343 1540 401 ‘AD
1581 343 1816 400 OPERA
1856 342 1911 399 S.
1954 339 2293 399 AMBROSII
2330 339 2714 397 APPENDIX.
3669 338 3744 393 36

427 475 673 532 manavit
699 473 942 545 copiosa,
973 471 1118 528 unde.
1146 470 1467 527 bibentibus
1508 469 1720 527 cunctis
1750 467 2022 540 cupiditas
2050 470 2100 529 Α
2130 482 2229 538 pro
2260 464 2453 521 mundi
2484 466 2661 521 salute
2689 464 2750 519 in
2777 477 2940 521 cruce
2968 461 3328 537 pendentum,
3359 460 3625 536 quoniam
3650 477 3742 518 sa—

428 560 552 617 sitis
580 560 761 617 ablata
791 567 893 618 est.

500 689 767 746 XXXIVll
788 690 1016 758 mansio,
1050 690 1182 745 Hor.
1211 719 1282 730 —
1308 686 1518 743 Mansio
1546 681 1825 740 tricesima
1851 697 2025 754 quar—

427 784 585 835 taest
614 777 672 832 in
718 787 905 835 monte
938 780 1086 844 Hor;
1121 777 1256 833 dicit
1290 777 1436 832 enim
1471 793 1482 831 :
1529 799 1548 820 ι
1579 773 1650 828 Et
1678 769 1911 844 profecti
1956 768 2023 824 de

427 866 640 922 deserto
687 867 806 935 Sin,
838 866 954 922 haec
1001 876 1084 922 est
1127 866 1318 931 Gades,
1365 860 1736 920 castrametati
1780 866 1912 915 sunt
1960 858 2017 912 in

430 955 544 1010 Hor
601 962 789 1010 monte
844 971 1010 1027 prope
1060 962 1260 1009 terram
1318 952 1496 1007 Edom
1557 951 1741 1021 (Nam.
1798 963 2019 1014 XXXIII,

429 1043 543 1116 37).
580 1070 598 1093 ι
639 1044 938 1100 Stationem
971 1044 1115 1115 apud
1146 1043 1317 1101 Cades
1333 1044 1391 1098 in
1421 1043 1634 1098 deserto
1662 1040 1761 1096 Sin
1793 1038 1923 1094 ﬁliis
1950 1038 2024 1093 Is-

429 1132 538 1186 rael
586 1132 896 1202 agentibus,
944 1133 1161 1204 Moyses
1202 1131 1272 1187 ad
1320 1132 1691 1188 Idumaeorum
1721 1143 1923 1200 regem,
1963 1133 2026 1181 ut

398 1244 403 1248 ·
426 1237 522 1294 per
549 1222 700 1278 illius
731 1222 871 1279 ﬁnes
891 1224 1041 1279 viam
1071 1223 1180 1280 sibi
1205 1240 1323 1279 una
1349 1239 1475 1279 cum
1504 1238 1604 1277 suo
1640 1220 1844 1292 populo
1884 1233 2026 1274 con-

424 1310 663 1380 cederet,
695 1313 904 1384 legatos
933 1312 1119 1380 misit;
1150 1313 1443 1396 certiorem
1472 1319 1655 1366 tamen
1685 1324 1811 1365 eum
1838 1307 2026 1363 factu-

426 1415 537 1468 ros,
558 1407 621 1455 ut
642 1416 743 1456 nec
782 1417 979 1472 aquam
1009 1402 1129 1457 sine
1159 1401 1336 1472 pretio
1352 1400 1457 1456 sibi
1475 1397 1730 1455 exhiberi
1758 1402 2022 1469 posceret.

427 1488 527 1544 Ille
557 1503 689 1543 vero
721 1489 973 1560 petitioni
1024 1506 1133 1545 non
1183 1490 1552 1557 consentiens,
1585 1502 1688 1542 nec
1731 1485 2025 1541 transitum

433 1574 944 1648 cedens,respondit
977 1596 989 1633 :
1037 1603 1053 1624 ι
1084 1580 1205 1635 Νοη
1237 1578 1499 1634 transibis
1529 1590 1624 1649 per
1644 1591 1753 1643 me,
1777 1574 2025 1646 alioquin

426 1664 573 1720 bello
604 1664 663 1720 in
692 1681 982 1721 occursum
1013 1667 1117 1723 tibi
1137 1668 1304 1723 exibo
1330 1668 1514 1738 (Num.
1543 1681 1643 1733 xx,
1674 1664 1813 1737 18)»
1847 1664 2025 1731 Quare

426 1752 663 1824 populus
694 1752 955 1808 mandato
992 1754 1113 1821 Dei,
1145 1755 1281 1810 utin
1312 1751 1742 1810 Deuteronomio
1770 1751 2023 1819 habetur,

2134 555 2329 612 lutaris
2357 562 2456 611 est.

2205 661 2468 719 XXXVIa
2491 660 2717 727 mansio,
2738 657 3263 716 Palmm—Mansio
3278 655 3559 715 tricesima
3579 666 3746 716 sexta

2131 750 2349 806 Phinon
2398 760 2777 823 nuncupatur;
2820 748 2960 806 dicit
3010 764 3248 821 namque
3284 766 3295 804 :
3344 772 3362 796 σ
3403 749 3477 804 Et
3504 747 3744 820 profecti

2132 839 2200 896 de
2229 840 2507 909 Salmona,
2555 840 2925 897 castrametati
2976 848 3106 896 sunt
3163 839 3221 894 in
3273 837 3495 894 Phinon
3543 838 3739 912 (Num.

2133 946 2339 996 χχχιιι,
2378 929 2494 1001 42).
2529 955 2547 978 ι
2588 930 2815 1002 Linguae
2863 927 3298 985 moderationem
3347 928 3491 985 inter
3520 944 3588 984 ea
3615 945 3743 1003 quae

2134 1016 2347 1073 homini
2378 1034 2491 1073 non
2536 1018 2720 1074 minus
2766 1017 3069 1073 necessaria
3098 1034 3263 1091 quam
3291 1016 3546 1073 diﬁicilia
3583 1025 3739 1084 sunt,

2133 1114 2353 1163 sanctus
2382 1106 2614 1163 Jacobus
2663 1108 2944 1179 apostolus
2974 1106 3098 1163 fuso
3146 1115 3433 1163 enumerat
3460 1121 3742 1170 sermone,

2133 1193 2361 1251 dicens:
2406 1219 2423 1241 ι
2454 1195 2511 1251 Si
2534 1195 2657 1268 quis
2685 1195 2741 1250 in
2772 1195 2941 1251 verbo
2966 1210 3077 1251 non
3121 1194 3373 1264 offendit,
3407 1193 3499 1251 hic
3544 1193 3741 1267 perfe-

2134 1293 2255 1342 ctus
2286 1292 2368 1341 est
2389 1285 2495 1355 vir,
2518 1294 2713 1358 potens
2732 1286 2889 1342 freno
2917 1286 3333 1342 circumducere
3364 1284 3530 1341 etiam
3556 1291 3738 1340 totum

2134 1391 2334 1447 corpus
2363 1374 2572 1446 (Jacob.
2604 1391 2687 1443 ιιι,
2710 1376 2790 1446 2).
2824 1401 2843 1424 ι
2886 1375 3031 1431 Ecce
3055 1375 3212 1446 equis
3230 1374 3385 1429 frena
3405 1373 3463 1428 in
3485 1389 3582 1427 ora
3614 1372 3738 1427 mit-

2134 1463 2326 1535 timus,
2354 1463 2423 1520 ad
2451 1464 2911 1520 consentiendum
2937 1464 3118 1533 nobis,
3153 1471 3207 1520 et
3244 1479 3410 1520 omne
3444 1479 3645 1537 corpus
3671 1462 3739 1517 il-

2135 1542 2315 1608 lorum
2345 1552 2809 1611 circumierimus.
2842 1554 2985 1609 Ecce
3019 1560 3072 1609 et
3104 1569 3292 1621 naves,
3324 1569 3451 1609 cum
3483 1560 3596 1608 tam
3627 1568 3740 1608 ma-

2136 1662 2253 1718 gna:
2276 1647 2467 1714 sint,et
2487 1663 2518 1703 a
2536 1647 2716 1702 ventis
2738 1646 2939 1703 validis
2960 1644 3742 1715 minentur,circumferuntur

2134 1752 2166 1791 a
2188 1735 2404 1791 modico
2427 1735 2817 1808 gubernaculo,
2838 1733 3166 1808 quocunque
3187 1733 3427 1807 impetus
3442 1731 3743 1806 dirigentis

427 1823 591 1897 abeo
621 1840 955 1908 declinavit;
990 1850 1045 1896 et
1073 1842 1141 1897 de
1172 1842 1345 1899 Cades
1374 1856 1618 1913 egressus
1643 1839 1714 1895 ad
1743 1841 1858 1895 Hor
1872 1856 2026 1895 mon-

2139 1824 2399 1881 voluerit.
2435 1826 2516 1881 Ita
2543 1832 2596 1881 et
2630 1825 2821 1897 lingua
2858 1823 3138 1881 modicum
3187 1824 3499 1880 membrum
3545 1830 3649 1892 est,
3682 1831 3744 1879 et

424 1938 539 1986 tein
569 1928 822 2000 pervenit
847 1928 1027 2000 (lbid.,
1059 1931 1178 2003 27),
1209 1939 1263 1986 et
1293 1931 1434 1987 hanc
1463 1946 1629 2003 quam
1664 1930 1915 2002 legimus,
1932 1929 2023 1985 ha-

428 2017 554 2074 buit
580 2016 945 2073 mansionem.
983 2016 1085 2074 Ubi
1116 2017 1277 2090 juxta
1304 2019 1529 2075 Domini
1559 2026 1889 2090 praeceptum
1921 2020 2024 2073 Aa-

431 2123 534 2163 ron
565 2122 690 2162 cum
720 2108 909 2178 Moyse
948 2107 1116 2162 fratre
1145 2115 1199 2162 et
1226 2108 1450 2163 Eleazar
1477 2108 1595 2163 ﬁlio
1627 2107 1687 2163 in
1716 2108 1830 2163 Hor
1857 2123 2025 2163 mon-

429 2204 545 2253 tem
574 2195 825 2252 ascendit
857 2214 869 2251 :
916 2197 1011 2252 ubi
1041 2198 1258 2269 Moyses
1288 2198 1455 2253 verbo
1483 2198 1583 2255 Dei
1614 2197 2026 2270 pontiﬁcalibus

431 2287 617 2342 Aaron
648 2285 988 2341 indumentis
1017 2286 1224 2342 nudato
1246 2287 1470 2343 Eleazar
1490 2285 1697 2355 ﬁlium,
1727 2287 1818 2342 cui
1848 2302 2026 2359 prop-

432 2380 518 2428 ter
544 2379 760 2429 aetatem
781 2373 1135 2444 pontiﬁcatus
1151 2375 1499 2443 obveniebat,
1525 2375 1788 2431 universo
1816 2377 1902 2431 vel
1926 2376 2024 2431 mi-

432 2470 588 2518 rante
616 2464 845 2535 populo,
874 2464 971 2537 qui
999 2479 1069 2518 ex
1115 2464 1345 2522 adverso
1390 2465 1588 2534 stabat,
1639 2464 1892 2537 protinus
1919 2480 2027 2519 ve—

431 2550 606 2608 stivit.
636 2552 831 2625 Ibique
873 2553 1060 2609 Aaron
1106 2554 1222 2638 vita
1270 2555 1482 2623 functo,
1530 2554 1600 2611 ad
1635 2560 1727 2618 17
1755 2569 2027 2626 suumque

433 2651 697 2723 populum
727 2653 997 2725 apposito,
1021 2653 1246 2708 Eleazar
1274 2652 1422 2709 ﬁlius
1446 2653 1700 2710 sacerdos
1720 2670 1818 2726 pro
1839 2654 2027 2709 Aaron

435 2749 587 2815 patre
613 2759 715 2799 suo
743 2743 1050 2801 declaratus
1077 2750 1178 2800 est.
1201 2744 1580 2803 Memorabilis
1607 2753 1691 2802 est
1718 2744 1891 2816 igitur
1921 2742 2028 2799 ista

433 2847 644 2890 mansio
653 2876 664 2889 .

504 2978 747 3037 XXXV‘
791 2978 1019 3048 mansio,
1063 2979 1345 3036 Samon.
1389 3007 1461 3020 -—
1495 2978 1707 3036 Mansio
1752 2975 2030 3034 tricesima

445 3069 641 3141 quinta
683 3067 915 3124 habetur
954 3068 1015 3123 in
1061 3068 1349 3135 Salmona;
1394 3083 1523 3123 nam
1564 3066 1852 3140 sequitur:
1910 3089 1928 3113 ι
1958 3067 2029 3122 Et

2138 1929 2334 1985 magna
2351 1911 2543 1985 jactat.
2576 1938 2594 1960 ι
2617 1915 2759 1971 Ecce
2778 1930 2979 1985 parvus
3000 1912 3143 1986 ignis
3170 1928 3336 1985 quam
3369 1926 3625 1983 magnam
3644 1910 3740 1967 sil-

2138 2017 2262 2055 vam
2294 2001 2561 2059 incendit.
2584 2003 2657 2059 Et
2677 2002 2866 2074 lingua
2887 2002 3029 2075 ignis
3045 2009 3148 2068 est,
3171 2000 3505 2057 universitas
3532 2000 3742 2074 iniqui-

2136 2092 2265 2148 tatis
2298 2092 2441 2165 (lbid
2450 2137 2459 2148 .
2473 2093 2550 2161 ,5,
2580 2092 2661 2165 6);
2686 2100 2740 2149 et
2755 2099 2949 2148 caetera
2964 2107 3084 2163 quas
3103 2090 3203 2148 tibi
3226 2097 3447 2146 sanctus
3462 2091 3744 2162 apostolus

2136 2181 2356 2238 disserit
2387 2182 2457 2237 ad
2477 2188 2821 2255 proposrtum
2853 2179 3137 2238 facientia.
3168 2179 3223 2235 Si
3246 2186 3327 2235 tot
3359 2179 3503 2234 mala
3521 2177 3740 2234 homini

2137 2294 2167 2334 e
2205 2278 2393 2351 lingua
2422 2276 2771 2346 immineant,
2803 2277 2928 2349 quis
2974 2277 3129 2333 illam
3187 2274 3569 2332 moderatione
3624 2290 3737 2332 non

2138 2367 2409 2439 indigere,
2440 2366 2622 2423 dicere
2652 2365 2922 2422 audebit?
2954 2366 3085 2423 Ideo
3124 2364 3353 2437 Sapiens
3382 2363 3437 2421 id
3469 2364 3740 2438 praecipit,

2137 2456 2270 2513 dum
2301 2455 2439 2513 dicit
2468 2474 2479 2511 :
2527 2479 2545 2502 ι
2575 2454 2949 2512 Circumvalla
3004 2456 3405 2529 possessionem
3436 2464 3586 2512 tuam
3615 2454 3748 2528 spi-

2139 2548 2247 2617 nis,
2278 2557 2331 2603 et
2360 2548 2444 2603 ori
2473 2556 2570 2604 tuo
2603 2548 2689 2603 fac
2708 2547 2907 2619 januas
2934 2557 2989 2605 et
3025 2564 3171 2605 seras
3196 2564 3208 2603 :
3259 2556 3559 2620 argentum
3578 2553 3743 2602 tuum

2139 2645 2192 2693 et
2222 2652 2417 2691 aurum
2444 2643 2600 2691 tuum
2631 2636 2829 2704 conlla,
2856 2644 2911 2692 et
2939 2637 3209 2693 sermonis
3228 2636 3310 2692 tui
3342 2637 3429 2693 fac
3456 2642 3744 2703 stateram,

2140 2734 2194 2782 et
2222 2725 2305 2781 ori
2335 2734 2431 2781 tuo
2463 2724 2550 2782 fac
2594 2734 2809 2798 portam
2859 2734 2913 2783 et
2957 2741 3135 2782 seram
3182 2726 3375 2797 (Eccli.
3410 2741 3616 2790 xxvur,
3646 2722 3744 2791 28,

2140 2816 2257 2890 29).
2289 2842 2309 2865 ι
2347 2816 2554 2873 Verum
2583 2833 2709 2873 cum
2737 2824 2959 2887 statera,
2990 2823 3150 2889 porta
3176 2823 3229 2872 et
3258 2832 3378 2873 sera
3419 2831 3520 2888 pro
3551 2815 3747 2887 lingua

2139 2926 2252 2968 non
2312 2911 2473 2969 facile
2535 2912 2587 2968 ei
2642 2921 2975 2979 occurreret,
3029 2911 3244 2969 dicebat
3290 2909 3438 2966 idem
3467 2909 3739 2984 Sapiens:

2154 3024 2173 3047 ι
2208 3001 2341 3069 Quis
2369 3001 2522 3058 dabit
2550 3001 2690 3057 mihi
2720 3018 2885 3074 super
2912 3018 2978 3058 os
3006 3018 3189 3056 meum
3219 2999 3550 3063 custodiam,
3578 3004 3634 3053 et
3653 3013 3744 3054 su-
3812 3018 3821 3021 ν

2140 3107 2235 3165 per
2264 3091 2408 3148 labia
2437 3108 2555 3148 mea
2590 3092 2937 3163 signaculum
2970 3091 3162 3162 (Eccli.
3197 3105 3338 3157 χχιι,
3369 3087 3461 3158 33)
3482 3086 3511 3143 ῗ
3548 3112 3568 3135 ι
3621 3088 3744 3143 Da-

439 3156 672 3230 profecti
705 3171 775 3212 ex
808 3157 921 3212 Hor
948 3165 1153 3226 monte,
1183 3156 1553 3214 castrametati
1580 3165 1710 3214 sunt
1738 3155 1798 3212 in
1822 3155 2027 3212 Salmo-
2062 3197 2105 3257 Ο
2139 3155 2237 3237 {,id
2283 3196 2413 3236 vero
2441 3155 2709 3253 prophe‘ia
2746 3196 2780 3236 ἃ
2822 3155 3061 3236 Domino
3123 3176 3241 3234 haec
3295 3155 3449 3233 δουὲ
3492 3176 3744 3249 Nam“;

438 3263 509 3304 na
530 3248 713 3321 (Num.
745 3265 951 3317 χχχιιι,
982 3248 1097 3321 38).
1128 3273 1146 3297 ι
1181 3250 1447 3321 Egressus
1472 3264 1544 3304 ex
1573 3248 1688 3304 Hor
1710 3254 1896 3303 monte
1923 3263 2033 3319 po-

435 3340 617 3413 pulus,
649 3355 762 3396 non
816 3348 1021 3396 rectam
1069 3357 1234 3414 quam
1283 3348 1541 3415 coeperat,
1589 3349 1916 3415 prosecutus
1950 3348 2033 3398 est

436 3428 585 3483 viam
614 3445 627 3496 ;
663 3427 759 3483 sed
787 3428 964 3484 Edom
986 3438 1189 3485 terram
1219 3429 1570 3500 circumiens,
1602 3447 1752 3488 mare
1780 3431 2026 3489 Rubrum

436 3533 630 3573 versus
658 3517 763 3572 iter
790 3517 1047 3589 arripuit,
1079 3528 1141 3574 ut
1178 3519 1342 3590 juxta
1385 3520 1617 3575 verbum
1646 3521 1894 3590 Domini,
1924 3521 2029 3576 fra-

438 3615 551 3662 tres
579 3622 706 3661 suos
734 3607 880 3662 bello
908 3623 1022 3662 non
1053 3607 1366 3679 incesseret,
1388 3625 1491 3667 nec
1520 3628 1743 3682 prorsus
1768 3612 1988 3668 laederet
2013 3631 2025 3669 :

438 3695 621 3768 inquit
650 3694 799 3750 enim
839 3714 851 3752 :
915 3720 932 3740 -
961 3697 1039 3751 Ne
1088 3698 1357 3754 moveatis
1409 3706 1600 3755 contra
1628 3700 1776 3773 ipsos
1818 3701 2028 3757 bellum

444 3787 623 3859 (Deut.
656 3803 720 3855 ιι,
750 3787 833 3859 5).
866 3811 886 3835 ι
923 3788 1026 3843 Tot
1056 3788 1224 3861 igitur
1244 3791 1458 3847 viarum
1486 3792 1748 3866 fatigatus
1775 3795 2028 3852 anfracti-

433 3878 560 3946 bus,
619 3895 823 3935 manna
859 3889 1139 3952 pertaesus,
1189 3884 1407 3942 locutus
1450 3895 1551 3956 est,
1598 3887 1802 3962 inquit,
1832 3897 2029 3946 contra

436 3973 610 4029 Deum
642 3981 696 4029 et
720 3974 968 4047 Moysen.
1009 3977 1187 4044 Quare
1215 3976 1387 4033 iratus
1415 3979 1686 4036 Dominus
1722 3980 2030 4036 virulentos

436 4060 830 4138 lethiferosque
883 4075 1181 4139 serpentes,
1228 4069 1324 4143 qui
1366 4087 1552 4128 morsu
1591 4073 2027 4143 internecabant,

436 4151 496 4207 in
520 4152 785 4225 populum
824 4152 1076 4224 immisit,
1128 4156 1273 4212 unde
1322 4158 1485 4230 periit
1542 4160 1778 4233 populus
1824 4159 2031 4216 multus

436 4239 623 4296 nimis.
654 4243 733 4298 De
761 4243 963 4315 quibus
991 4245 1245 4302 meminit
1267 4247 1434 4304 etiam
1463 4248 1785 4320 Apostolus,
1816 4247 2025 4304 dicens:

448 4352 467 4374 ι
498 4330 685 4402 Neque
712 4338 988 4389 tentemus
1038 4333 1344 4405 Christum,
1373 4337 1518 4394 sicut
1562 4337 1787 4409 quidam
1839 4353 2028 4393 eorum

436 4426 811 4491 tentaverunt,
859 4430 913 4479 et
956 4441 989 4480 a
1033 4428 1377 4499 serpentibus
1406 4426 1687 4499 perierunt
1738 4428 1795 4500 (Ι
1816 4428 1940 4483 Cor.
1972 4444 2026 4496 χ,

436 4510 516 4583 9).
547 4536 565 4559 ι
607 4511 761 4569 Tunc
788 4514 968 4570 oranti
996 4516 1176 4589 Moysi
1209 4534 1308 4589 pro
1337 4526 1654 4588 serpentum
1696 4516 2032 4572 exstinctio—

436 4624 526 4678 ne,
557 4611 842 4684 respondit
868 4614 1015 4669 Deus
1048 4632 1059 4669 :
1108 4637 1127 4660 ι
1157 4614 1266 4670 Fac
1309 4614 1416 4670 tibi
1463 4624 1771 4687 serpentem
1815 4631 2028 4671 aeneum

435 4707 488 4755 et
513 4715 653 4772 pone
683 4700 844 4757 illum
876 4718 976 4774 pro
996 4701 1155 4773 signo
1180 4719 1192 4757 :
1221 4709 1276 4759 et
1304 4703 1488 4760 omnis
1517 4720 1734 4760 morsus
1757 4703 1952 4761 videns
1967 4704 2030 4759 il-

435 4787 574 4857 lum,
601 4790 753 4845 vivet
786 4792 973 4863 (Num.
1003 4790 1219 4863 χχι,8).
1243 4817 1261 4841 ι
1292 4793 1446 4848 Fecit
1470 4794 1686 4866 Moyses
1698 4792 1861 4865 juxta
1883 4810 2029 4853 man-

435 4878 625 4935 datum
657 4881 905 4951 Domini,
928 4891 982 4938 et
1010 4882 1247 4955 populus
1271 4899 1302 4939 a
1329 4884 1488 4956 plaga
1517 4883 1780 4940 liberatus
1807 4892 1905 4940 est.
1927 4885 2027 4942 Ve-

435 4984 557 5023 rum
632 4971 761 5041 quia
796 4971 1054 5029 Salmona
1103 4973 1495 5047 interpretatur
1540 4974 1763 5044 umbra,
1823 4974 2027 5031 factum

436 5054 586 5111 istud
615 5058 888 5113 mansioni
919 5069 1063 5116 recte
1093 5070 1329 5134 aptatur.
1358 5064 1592 5137 Serpens
1618 5080 1850 5138 namque
1881 5063 2030 5135 ligno

435 5160 751 5217 suspensus,
784 5154 950 5219 typus
991 5156 1047 5204 et
1095 5152 1289 5209 umbra
1319 5153 1526 5210 Christi
1574 5153 1681 5209 fuit
1729 5170 1826 5225 pro
1854 5153 2029 5209 salute

438 5242 629 5290 nostra
675 5234 735 5290 in
778 5251 941 5292 cruce
975 5237 1297 5309 pendentis,
1351 5242 1494 5297 sicut
1534 5242 1651 5315 ipse
1697 5242 1927 5314 eXponit
1967 5240 2028 5294 in

433 5323 759 5397 Evangelia,
792 5324 1013 5383 dicens:
1050 5350 1068 5372 ε
1091 5326 1244 5384 Sicut
1274 5330 1488 5403 Moyses
1517 5331 1782 5387 exaltavit
1811 5344 2030 5400 serpen-

436 5423 547 5471 tem
590 5415 648 5471 in
679 5415 916 5486 deserto,
939 5418 1017 5474 ita
1044 5418 1274 5475 exaltari
1296 5429 1510 5493 oportet
1541 5420 1717 5475 ﬁlium
1749 5417 2025 5484 hominis;

435 5510 498 5559 ut
526 5505 706 5561 omnis
734 5506 829 5579 qui
860 5506 1036 5563 credit
1063 5506 1123 5563 in
1146 5523 1293 5578 eum,
1321 5526 1433 5565 non
1465 5515 1682 5579 pereat;
1715 5507 1809 5563 sed
1834 5506 2030 5562 habeat

434 5591 607 5649 vitam
646 5601 903 5651 aeternam
939 5597 1121 5668 (Joan.
1155 5613 1241 5663 ιιι,
1276 5596 1362 5663 lli,
1401 5595 1558 5665 15).»
1600 5593 2029 5668 Frequentemus

434 5679 604 5757 igitur
627 5699 728 5741 nos
757 5684 1048 5741 stationem
1081 5685 1266 5752 istam,
1296 5692 1358 5739 ut
1389 5681 1716 5755 aspiciamus
1745 5682 2029 5741 Christum

2059 4564 2106 4623 D

2139 3286 2455 3342 agnoscens,
2488 3270 2789 3327 Dominum
2825 3267 2914 3325 his
2942 3265 3267 3342 precabatur
3296 3264 3481 3321 verbis
3508 3283 3521 3321 :
3569 3288 3588 3311 ι
3625 3266 3747 3322 Ρο-

2141 3377 2230 3429 ne,
2261 3361 2517 3430 Domine,
2549 3359 2855 3418 custodiam
2884 3358 2970 3416 ori
3002 3375 3123 3415 meo
3151 3364 3208 3414 et
3255 3355 3459 3413 ostium
3489 3355 3745 3411 circum-

2139 3448 2354 3505 stantias
2382 3449 2592 3507 circum
2641 3448 2788 3504 labia
2813 3465 2934 3505 mea
2960 3447 3142 3519 (Psal.
3180 3463 3305 3515 cn,
3333 3445 3414 3517 3).
3445 3469 3464 3494 ι
3510 3443 3741 3515 Linguae

2139 3540 2442 3596 moderatio
2470 3540 2529 3596 in
2559 3539 2661 3595 hac
2681 3540 2969 3596 mansione
2997 3555 3151 3595 suam
3184 3538 3349 3594 habet
3383 3536 3740 3595 sedem.Nam

2138 3627 2356 3683 Phinon
2411 3626 2526 3683 oris
2596 3626 2940 3698 parcimonia
2992 3627 3406 3698 interpretatur.
3471 3625 3743 3683 Curemus

2138 3714 2309 3789 igitur
2346 3723 2401 3772 et
2442 3732 2544 3771 nos
2585 3723 2835 3772 nostram
2882 3715 2978 3772 hic
3031 3715 3328 3772 stationem
3384 3714 3624 3785 habere;
3676 3722 3741 3771 ut

2138 3824 2281 3881 quae,
2311 3804 2553 3879 quando,
2591 3804 2868 3880 quomodo
2888 3813 2944 3861 et
2971 3805 3175 3880 quibus
3194 3805 3346 3881 loqui
3375 3805 3584 3876 deceat,
3600 3804 3742 3863 scire

2140 3898 2418 3954 valeamus
2455 3915 2467 3954 :
2499 3904 2555 3952 et
2582 3912 2643 3952 os
2676 3905 2930 3954 nostrum
2978 3895 3278 3954 meditetur
3307 3896 3657 3970 sapientiam,
3688 3904 3744 3952 et

2139 3986 2328 4061 lingua
2356 3995 2544 4043 nostra
2566 3984 2845 4058 judicium
2876 3987 3136 4060 loquatur
3169 3987 3344 4058 (Psal.
3388 4002 3587 4054 xxxvr,
3619 3985 3739 4058 30).

2210 4074 2502 4132 XXXVII-
2534 4075 2764 4144 mansio,
2788 4073 3294 4132 Duorm—Mansio
3321 4071 3604 4130 tricesima
3622 4087 3741 4144 sep-

2140 4163 2276 4221 tima
2301 4162 2508 4221 dicitur
2538 4164 2744 4231 Oboth,
2776 4181 2886 4239 quo
2901 4163 3123 4221 demum
3146 4162 3253 4219 ﬁlii
3280 4160 3445 4219 Israel
3462 4159 3744 4233 applicue-

2138 4261 2289 4323 runt,
2320 4255 2569 4328 sequitur
2596 4270 2726 4327 ergo
2758 4272 2771 4311 :
2817 4277 2836 4302 ι
2866 4255 2940 4310 Et
2967 4251 3199 4326 profecti
3246 4250 3313 4308 de
3340 4249 3581 4318 Phinon,
3612 4264 3744 4307 cas-

2139 4344 2412 4399 trametati
2441 4351 2570 4400 sunt
2601 4344 2658 4399 in
2681 4343 2863 4401 Oboth
2899 4343 3083 4416 (Num.
3108 4358 3315 4409 χχχιιι,
3339 4340 3455 4413 43).
3489 4364 3507 4388 ι
3536 4340 3614 4395 De
3636 4337 3743 4396 hac

2139 4432 2422 4490 mansione
2453 4434 2584 4491 alibi
2617 4435 2847 4506 legitur:
2895 4456 2914 4479 ι
2934 4434 3007 4489 Et
3025 4430 3259 4505 profecti
3282 4430 3384 4485 ﬁlii
3416 4428 3604 4496 Israel,
3626 4444 3744 4484 cas-

2138 4522 2413 4577 trametati
2442 4531 2572 4578 sunt
2600 4521 2659 4576 in
2697 4521 2881 4578 Oboth
2931 4522 3118 4594 (Nam.
3160 4536 3282 4589 χχι,
3326 4517 3440 4589 10).
3470 4542 3488 4564 ι
3530 4516 3741 4573 Verum

2135 4609 2532 4666 attendendum
2564 4608 2713 4682 quod
2762 4608 2972 4680 majora
3019 4607 3523 4681 perniciosioraque
3564 4612 3743 4663 tenta-

2139 4708 2343 4769 menta,
2367 4701 2571 4772 quibus
2607 4699 2793 4756 anima
2819 4699 2878 4754 in
2920 4698 3024 4755 hac
3064 4697 3183 4753 vita
3226 4697 3603 4770 impugnatur,
3633 4695 3743 4752 dae-

2139 4805 2365 4845 monum
2407 4788 2713 4855 illusiones,
2748 4802 3144 4860 magorumque
3179 4803 3247 4843 ac
3264 4786 3581 4859 pythonum
3604 4801 3741 4858 pras-

2137 4878 2300 4950 stigia
2329 4877 2577 4933 omnium
2608 4892 2881 4933 consensu
2912 4877 3277 4933 aestimantur.
3297 4876 3339 4932 Ii
3372 4889 3608 4949 namque
3628 4890 3743 4931 ma-

2138 4967 2332 5024 leﬁciis
2362 4966 2696 5040 magicisque
2724 4966 2957 5037 artibus,
3008 4974 3071 5022 ut
3113 4964 3424 5023 divinitatis
3464 4965 3740 5022 culturam

2137 5056 2206 5113 ab
2233 5055 2522 5111 hominum
2554 5056 2812 5115 cordibus
2856 5056 3168 5124 eliminent,
3201 5071 3264 5112 ea
3305 5054 3519 5111 eﬂicere
3545 5061 3742 5127 prote-

2137 5156 2374 5220 stantur,
2412 5166 2534 5224 quae
2562 5150 2768 5207 divinae
2790 5158 3008 5207 tantum
3040 5157 3250 5204 naturae
3270 5157 3399 5204 sunt
3427 5144 3738 5221 possibilia.
3798 5168 3804 5173 ·

2139 5240 2292 5298 Unde
2320 5239 2438 5313 ejus
2469 5241 2727 5315 potestati
2758 5250 3021 5313 perpetuo
3072 5238 3329 5295 resistere
3377 5237 3602 5293 audent.
3635 5234 3742 5292 Sed

2137 5331 2357 5387 tandem
2387 5332 2728 5387 vanitatibus
2757 5345 2949 5385 eorum
2979 5327 3230 5396 detectis,
3263 5324 3587 5397 artibusque
3621 5341 3740 5398 pro-
3834 5330 3841 5343 ‘

2137 5420 2360 5494 ﬂigatis,
2392 5423 2569 5478 virtus
2605 5435 2823 5492 semper
2853 5417 3048 5474 divina
3074 5414 3470 5491 supereminet.
3492 5415 3635 5487 Magi
3651 5430 3738 5471 co-

2138 5525 2252 5564 ram
2302 5511 2583 5566 Pharaone
2624 5509 2801 5582 Moysi
2848 5509 3102 5565 resistere
3145 5504 3459 5575 audebant,
3505 5519 3740 5578 suasque

2136 5598 2319 5670 virgas
2373 5598 2495 5656 ﬁeri
2549 5599 2817 5655 dracones
2858 5596 3289 5654 contendebant.
3349 5593 3457 5651 Sed
3512 5594 3738 5652 tandem

2135 5686 2308 5760 Msysi
2335 5688 2490 5762 virga
2510 5688 2611 5746 Dei
2658 5686 3008 5761 providentia
3035 5692 3089 5743 ct
3118 5685 3326 5741 virtute
3356 5683 3415 5740 in
3442 5682 3738 5742 colubrum
