3932 6210
199 362 270 420 37
1091 362 1187 420 DE
1240 361 1391 418 XLII
1448 356 1918 418 MANSIONIBUS
1950 357 2288 416 FILIORUM
2325 357 2598 416 ISBAEL.
3446 361 3516 418 38

195 504 378 558 versa,
399 487 461 544 in
496 503 782 560 magorum
819 486 1091 544 dracones
1109 485 1386 553 insiliens,
1409 500 1504 541 eos
1528 483 1680 540 illico
1702 482 1802 540 de-
1824 484 1878 544 Α
1909 481 2232 539 excidamus
2267 499 2299 538 a
2339 482 2562 556 propria
2611 480 2874 537 ﬁrmitate
2906 481 2993 554 (Il
3020 482 3167 540 Petr.
3202 500 3286 553 ιιι,
3322 485 3438 558 17).
3482 512 3499 533 ο

202 576 427 635 voravit
456 577 662 649 (Exod.
693 593 797 645 vn,
831 576 1059 647 10-12).
1081 577 1218 633 Nam
1247 592 1279 632 a
1304 576 1494 646 Moyse
1522 589 1632 631 non
1659 589 1805 630 erro-

201 681 287 734 re,
318 682 429 722 non
462 665 776 738 praestigiis,
831 663 928 720 sed
974 664 1207 719 veritate
1249 664 1354 720 ista
1394 662 1635 730 ﬁebant;
1682 662 1806 719 ideo

203 753 453 811 mirabili
486 754 735 827 potentia
760 752 1153 809 subsistebant.
1174 753 1397 825 Legitur
1416 753 1581 810 etiam
1615 752 1674 808 in
1702 752 1809 809 Ac-

210 842 361 900 tibus
375 843 778 916 apostolorum,
806 846 897 905 18
917 840 1066 914 quod
1094 840 1225 898 dum
1258 841 1578 914 praedicaret
1606 842 1808 897 Paulus

198 940 490 1013 apostolus
517 954 703 996 coram
733 938 922 1010 Sergio
950 938 1301 1010 proconsule,
1324 938 1419 1011 qui
1450 939 1680 995 verbum
1707 938 1806 994 Dei

199 1027 398 1086 audire
441 1026 721 1099 cupiebat,
774 1050 791 1072 ι
837 1026 1144 1094 resistebat,
1186 1051 1206 1075 ι
1261 1026 1463 1100 inquit,
1521 1052 1541 1073 ι
1579 1029 1806 1100 Elymas

199 1131 419 1187 magus,
450 1130 702 1187 quaerens
728 1121 972 1170 avertere
1001 1114 1386 1185 proconsulem
1418 1130 1453 1170 a
1500 1114 1608 1171 ﬁde
1659 1113 1801 1185 (Act.

198 1220 330 1272 xm,
348 1202 432 1276 8).
475 1228 493 1251 ι
522 1202 768 1274 Denique
794 1201 927 1258 dum
955 1201 1023 1258 ab
1052 1203 1320 1275 Apostolo
1339 1211 1677 1276 argueretur,
1702 1218 1802 1259 caa-

200 1309 304 1349 cus
326 1291 553 1349 effectus
580 1297 679 1358 est,
712 1289 789 1345 ita
817 1299 881 1347 ut
910 1291 1265 1361 circumiens,
1301 1292 1503 1366 inquit,
1536 1307 1807 1367 quareret

201 1380 301 1454 qui
335 1381 386 1437 ei
415 1380 570 1436 daret
605 1395 801 1436 manus
831 1380 1022 1452 (Ibid,
1053 1382 1167 1454 11).
1201 1381 1332 1438 Ideo
1364 1382 1424 1438 in
1470 1384 1589 1456 lege
1612 1401 1803 1444 eorum

196 1472 597 1531 commercium
625 1472 810 1529 caveri
840 1472 1114 1546 praecipue
1122 1472 1383 1545 jubetur;
1416 1475 1600 1549 inquit
1614 1477 1799 1534 enim:

211 1583 233 1608 α
269 1561 475 1618 Anima
505 1578 629 1635 quae
652 1570 842 1619 secuta
870 1562 1042 1620 fuerit
1071 1565 1473 1637 ventriloquos,
1498 1567 1585 1623 vel
1615 1568 1801 1627 incan-

192 1658 429 1720 tatores,
456 1659 522 1707 ut
559 1651 868 1709 fornicetur
912 1660 1037 1725 post
1080 1668 1206 1720 eos;
1256 1653 1562 1712 obﬁrmabo
1607 1657 1801 1715 faciem

197 1755 379 1797 meam
406 1748 601 1798 contra
631 1741 874 1798 animam
895 1742 1072 1811 illam,
1094 1751 1150 1799 et
1178 1742 1401 1815 perdam
1432 1744 1585 1801 iilam
1616 1746 1683 1803 de
1710 1764 1801 1820 po-

1984 587 2255 645 ΧΧΧΙΧ·
2274 590 2500 657 mansio,
2522 591 2830 648 Draoxcan.
2883 620 2954 633 —
2989 590 3203 648 Mansio
3232 590 3512 648 tricesima

1913 691 2062 732 nona
2086 676 2321 734 habetur
2342 678 2397 734 in
2424 678 2745 749 Dibongad;
2779 680 2859 737 sic
2893 678 3043 736 enim
3087 679 3289 752 legitur
3323 695 3336 734 :
3382 703 3402 728 ι
3442 680 3515 737 Et

1913 765 2152 838 profecti
2180 782 2252 823 ex
2277 766 2572 834 Jeabarim,
2594 768 2962 824 castrametati
2986 775 3115 824 sunt
3135 766 3193 823 in
3222 767 3514 841 Dibongad

1917 854 2108 925 (Num.
2136 870 2344 923 xxxul,
2376 856 2493 927 45).
2526 880 2545 904 ι
2589 855 2793 911 Verum
2826 856 2895 911 de
2926 856 3030 913 hac
3055 857 3339 915 mansione
3354 859 3514 931 longe

1914 944 2197 1002 diversum
2230 946 2289 1003 in
2322 946 2434 1002 alio
2464 946 2583 1002 loco
2612 945 2717 1017 legi
2760 946 2985 1003 videtur
3017 965 3030 1002 :
3064 964 3190 1004 nam
3242 948 3512 1021 scriptum

1914 1042 1996 1089 est
2027 1053 2039 1090 :
2086 1058 2103 1079 ι
2152 1035 2224 1089 Et
2265 1033 2608 1091 discedentes
2648 1050 2718 1090 ex
2748 1033 2955 1103 Oboth,
2987 1038 3357 1092 castrametati
3387 1046 3516 1094 sunt

1915 1121 1973 1177 in
1989 1121 2284 1192 Jeabarim,
2304 1122 2362 1178 in
2391 1122 2609 1180 deserto
2637 1122 2786 1197 quod
2815 1131 2898 1180 est
2929 1122 2988 1178 in
3018 1132 3316 1196 conspectu
3333 1124 3515 1194 Moab,

1913 1210 1982 1268 ad
2012 1212 2281 1268 orientem
2310 1211 2462 1268 solis.
2494 1212 2627 1268 Inde
2656 1211 3058 1280 discesserunt,
3089 1220 3144 1268 et
3172 1220 3518 1270 castrameta-

1912 1300 1956 1356 ti
1988 1308 2118 1356 sunt
2147 1301 2205 1357 in
2234 1301 2376 1357 valle
2403 1326 2421 1347 ι
2452 1300 2645 1369 Zared,
2676 1300 2797 1357 haec
2826 1300 2904 1355 ibi
2936 1302 3122 1372 (Num.
3146 1318 3268 1371 xxI,
3292 1303 3381 1370 11,
3401 1302 3514 1375 12).

1912 1388 1970 1445 Si
1991 1404 2119 1461 ergo
2152 1388 2399 1461 (Origen.
2432 1390 2554 1444 loco
2583 1389 2710 1460 cit.)
2744 1389 2803 1443 in
2833 1389 2983 1444 valle
3010 1389 3184 1445 Zared
3209 1400 3517 1448 castrame-

1914 1478 2015 1535 tati
2043 1486 2193 1547 sunt,
2225 1479 2420 1536 dices:
2480 1476 2771 1546 Quomodo
2824 1478 2883 1534 in
2941 1478 3278 1553 Dibongad?
3307 1480 3514 1538 Verum

1912 1566 1991 1624 ibi
2024 1569 2178 1625 locus
2205 1569 2538 1638 communis,
2568 1568 2662 1626 hic
2691 1585 2824 1625 vero
2855 1570 3113 1640 proprius
3153 1570 3510 1643 exprimitur.

1912 1658 2013 1714 Est
2038 1658 2187 1714 enim
2218 1658 2508 1730 Dibongad
2537 1658 2685 1715 circa
2713 1658 2915 1714 vallem
2944 1658 3137 1728 Zared,
3170 1675 3291 1732 quas
3322 1667 3407 1717 est
3434 1660 3514 1717 in-

1910 1754 1996 1801 ter
2048 1743 2189 1801 ﬁnes
2249 1744 2702 1799 Amorrhaeorum
2757 1751 2811 1798 et
2867 1744 3256 1802 Moabitarum.
3284 1747 3516 1819 Mystice

197 1831 335 1903 pulo
360 1847 463 1889 suo
494 1832 688 1904 (Leuit.
721 1847 818 1900 xx,
851 1832 933 1905 6).
972 1859 991 1882 ι
1031 1834 1159 1890 Haec
1187 1834 1352 1891 statio
1378 1834 1449 1892 ad
1476 1852 1660 1909 magos
1688 1854 1806 1911 ρει--
1835 1841 1882 1901 Β
1911 1846 2043 1887 vero
2064 1830 2353 1902 Dibongad
2383 1830 2651 1903 apiarium
2686 1830 3059 1888 tentationum
3080 1832 3371 1905 signiﬁcat.
3396 1834 3516 1902 Quo

196 1917 413 1977 dendos
434 1920 638 1979 colitur
662 1939 674 1976 :
698 1937 827 1979 nam
859 1921 1044 1978 Oboth
1078 1921 1135 1978 in
1168 1938 1356 1994 magos
1386 1923 1801 1997 interpretatur.

197 2008 479 2066 Adeamus
506 2009 677 2083 igitur
704 2017 759 2069 et
784 2026 886 2067 nos
916 2010 986 2068 ad
1016 2010 1221 2080 Oboth,
1278 2012 1553 2086 erigamus
1593 2016 1673 2073 ibi
1710 2026 1805 2073 ta-

196 2096 497 2156 bernacula
523 2107 742 2168 nostra;
791 2108 854 2156 ut
898 2101 960 2156 in
997 2103 1338 2173 protectione
1365 2104 1467 2160 Dei
1495 2104 1621 2162 cceli
1651 2121 1801 2163 com-

196 2196 505 2257 morantes,
535 2205 649 2245 non
675 2190 969 2247 timeamus
1009 2214 1028 2237 ι
1067 2207 1099 2247 a
1128 2192 1327 2249 timore
1366 2200 1661 2264 nocturno,
1688 2212 1802 2252 non

199 2292 237 2334 a
268 2278 470 2350 sagitta
497 2278 719 2334 volante
747 2278 805 2334 in
831 2278 943 2348 die,
964 2295 1077 2337 non
1093 2296 1122 2336 a
1144 2283 1366 2353 negotio
1386 2283 1802 2356 perambulante

199 2367 263 2423 in
291 2366 555 2437 tenebris,
587 2382 690 2424 nec
716 2365 785 2424 ab
822 2367 1052 2425 incursu
1081 2377 1136 2426 et
1172 2368 1447 2428 daemonio
1496 2373 1802 2430 meridiano

201 2455 382 2526 (Psal.
413 2471 506 2524 xc,
535 2456 593 2524 5,
622 2456 703 2530 6).
736 2482 756 2505 ι

273 2544 593 2602 XXXVIII.
622 2545 849 2615 mansio,
881 2546 1266 2604 Jsmnm.—
1284 2548 1498 2606 Mansio
1525 2552 1805 2610 tricesima

197 2642 399 2692 octava
426 2642 655 2692 vocatur
681 2635 986 2705 Jeabarim;
1016 2636 1098 2693 sic
1126 2637 1274 2694 enim
1316 2638 1550 2697 habetur
1581 2658 1594 2696 :
1665 2666 1684 2689 ι
1732 2644 1803 2700 Et

196 2724 435 2798 profecti
479 2741 548 2782 ex
594 2725 799 2796 Oboth,
833 2728 1201 2784 castrametati
1243 2739 1375 2788 sunt
1406 2730 1466 2787 in
1505 2731 1800 2802 Jeabarim,

198 2814 263 2871 in
318 2830 385 2870 eo
439 2814 587 2888 quod
626 2816 793 2885 ultra,
840 2816 901 2873 in
946 2816 1153 2875 ﬁnibus
1208 2819 1369 2877 Moab
1410 2820 1595 2889 (Num.
1629 2839 1798 2892 xxm,

198 2904 324 2976 44).
356 2929 376 2953 ι
418 2905 497 2962 De
527 2904 629 2964 hac
656 2906 941 2964 mansione
969 2908 1030 2964 in
1058 2908 1169 2965 alio
1198 2909 1319 2968 loco
1347 2912 1552 2970 clarius
1578 2914 1797 2986 legitur:

203 3017 226 3042 ι
268 2994 344 3049 Et
371 2993 732 3065 discedentes,
774 3022 792 3045 ι
837 2996 1041 3069 inquit,
1093 3019 1113 3043 σ
1151 3013 1221 3053 ex
1261 2998 1464 3069 Oboth,
1496 3007 1803 3057 castrame-

190 3082 301 3140 tati
330 3092 461 3141 sunt
510 3084 568 3141 in
613 3085 908 3155 Jeabarim,
949 3086 1011 3142 in
1039 3086 1254 3144 deserto
1283 3088 1432 3162 quod
1460 3097 1541 3145 est
1570 3090 1628 3146 in
1657 3106 1804 3147 con-

1911 1918 2176 1975 docemur
2203 1918 2352 1992 quod
2381 1920 2635 1993 quamvis
2656 1919 2843 1992 justus
2869 1920 3224 1992 perfectionis
3250 1923 3338 1979 vel
3367 1939 3513 1980 sum-

1912 2024 2015 2064 mae
2062 2008 2350 2080 proximus
2390 2009 2637 2078 exsistat,
2672 2009 2821 2067 haud
2860 2019 3044 2067 tamen
3086 2011 3139 2067 ei
3183 2012 3515 2072 tentationes

1911 2096 2131 2154 desunt.
2164 2097 2323 2165 Quod
2374 2106 2460 2154 est
2509 2098 2715 2155 divinae
2770 2101 2985 2156 cautela
3022 2099 3407 2173 providentiae,
3439 2118 3508 2157 ne

1912 2202 1944 2242 a
1969 2193 2120 2244 recto
2148 2186 2477 2246 deﬁectendi
2529 2188 2693 2245 bonis
2745 2189 3091 2248 successibus
3132 2206 3320 2249 ansam
3361 2191 3513 2247 arri-

1912 2276 2146 2349 piamus.
2183 2277 2326 2333 Hinc
2374 2276 2477 2334 Job
2526 2277 2783 2335 dicebat:
2856 2303 2874 2327 ε
2927 2280 3126 2337 Beatus
3152 2280 3320 2337 homo
3349 2297 3512 2354 quem

1911 2366 2184 2439 corripuit
2212 2365 2483 2423 Dominus
2515 2386 2527 2423 :
2562 2368 2993 2440 increpationem
3020 2370 3418 2443 omnipotentis
3444 2387 3514 2427 ne

1913 2472 2115 2513 renuas
2143 2457 2263 2529 (Job
2290 2474 2346 2526 v,
2378 2458 2492 2530 17).
2537 2483 2557 2507 ι
2614 2458 2773 2527 Quod
2803 2466 2860 2514 et
2887 2458 2934 2515 si
2964 2459 3098 2516 dum
3128 2460 3186 2516 in
3214 2474 3379 2516 carne
3406 2476 3513 2516 su-

1913 2562 2056 2615 mus,
2090 2546 2422 2603 tentationes
2449 2545 2610 2603 nobis
2642 2564 2840 2604 amaras
2861 2548 3141 2617 videntur,
3162 2547 3396 2605 miriﬁce
3428 2548 3509 2605 ni-

1913 2633 2222 2690 hilominus
2254 2634 2321 2690 ad
2348 2634 2589 2691 futuram
2618 2635 2779 2692 nobis
2800 2638 2971 2693 vitam
2994 2636 3311 2708 proﬁciunt,
3327 2638 3514 2694 dicen-

1912 2731 1965 2779 te
1995 2724 2292 2796 Apostolo:
2327 2748 2344 2770 ι
2374 2724 2567 2779 Omnis
2592 2725 2814 2797 quidem
2844 2724 3140 2797 disciplina
3167 2727 3226 2782 in
3256 2728 3511 2800 praesenti

1912 2814 2135 2871 videtur
2163 2830 2275 2870 non
2303 2830 2420 2871 esse
2450 2814 2656 2887 gaudii,
2675 2815 2770 2870 sed
2800 2814 3052 2871 mazroris
3075 2832 3087 2870 :
3112 2824 3303 2888 postea
3324 2825 3510 2874 autem

1912 2904 2162 2960 fructum
2224 2904 2636 2976 pacatissimum
2670 2904 2985 2962 exercitatis
3029 2922 3125 2979 per
3165 2922 3284 2963 eam
3315 2906 3509 2963 reddet

1904 2992 2138 3065 justitiae
2171 2993 2354 3065 (Hebr.
2373 3009 2478 3062 xii,
2499 2993 2611 3066 11).
2646 3019 2664 3042 ι
2697 2993 3039 3050 Accedamus
3068 3011 3196 3068 ergo
3225 3010 3343 3065 nos,
3368 3004 3423 3053 et
3448 2995 3505 3052 in

1912 3082 2055 3138 hanc
2083 3084 2422 3140 mansionem
2454 3083 2666 3155 ingredi
2696 3082 3020 3140 festinemus
3051 3101 3063 3139 :
3096 3086 3330 3142 scientes
3359 3086 3505 3160 quod

190 3164 395 3245 spectu’
415 3173 594 3243 Moab,
625 3174 694 3232 ad
740 3176 1008 3232 orientem
1077 3177 1211 3232 solis
1242 3178 1428 3249 (Num.
1459 3194 1581 3247 xxx,
1615 3180 1730 3251 11).
1773 3205 1791 3228 ι
1834 3206 1877 3264 Ο
1911 3187 1942 3264 ἐξ
1971 3170 2212 3225 Domino
2240 3170 2892 3264 in_tf3r(1_um00rril{itllur_,
2916 3187 2985 3226 ne
3012 3189 3138 3229 cum
3169 3173 3275 3231 hoc
3304 3173 3512 3230 mundo

188 3262 430 3334 Propter
455 3263 605 3336 quod
633 3263 953 3320 meminisse
981 3270 1200 3336 oportet
1253 3264 1401 3335 quod
1456 3265 1706 3335 Idumaei,
1739 3276 1802 3323 ut

193 3353 258 3410 in
290 3354 674 3426 superioribus
700 3352 969 3421 diximus,
1006 3370 1104 3425 per
1132 3369 1323 3409 eorum
1370 3362 1545 3411 terras
1587 3356 1803 3414 transi-

186 3451 315 3500 tum
347 3443 483 3498 ﬁliis
503 3442 669 3497 Israel
699 3449 955 3514 praastare
975 3441 1256 3498 hostiliter
1270 3452 1614 3500 recusarunt.
1649 3443 1803 3501 Unde

188 3530 544 3588 divertentes
597 3529 664 3587 ab
720 3531 834 3600 eis,
889 3529 1256 3587 Moabitarum
1311 3532 1450 3589 ﬁnes
1503 3533 1801 3590 circumire

182 3619 374 3679 coacti
423 3618 666 3676 fuerunt.
719 3621 863 3677 Hinc
902 3621 1112 3678 dicitur
1134 3620 1277 3694 quod
1308 3621 1367 3676 in
1405 3620 1615 3679 ﬁnibus
1640 3622 1800 3679 Moab

184 3709 262 3767 ad
292 3709 566 3765 orientem
596 3719 886 3768 venerunt.
915 3710 1194 3767 Jeabarim
1224 3726 1356 3767 vero
1378 3726 1638 3767 acervum
1660 3712 1796 3785 lapi-

186 3800 330 3858 dum
361 3800 765 3857 transeuntium
793 3811 973 3871 sonat,
1006 3800 1157 3875 quod
1182 3810 1264 3859 est
1309 3802 1560 3860 Ecclesia
1603 3802 1799 3875 justo-

186 3905 340 3946 rum.
370 3889 603 3962 Lapides
628 3890 778 3947 enim
810 3898 1158 3947 transeuntes
1186 3890 1327 3963 justi
1358 3900 1506 3947 sunt.
1541 3892 1585 3947 Ii
1630 3908 1799 3948 nam-

186 3994 304 4053 que
331 3985 551 4051 propter
579 3995 771 4035 eorum
801 3978 1123 4036 ﬁrmitatem
1164 3978 1372 4052 lapides
1422 3980 1793 4053 appellantur,

187 4066 265 4126 de
289 4066 493 4141 quibus
520 4069 712 4126 Petrus
739 4069 1020 4141 apostolus
1048 4067 1243 4126 scribit
1272 4068 1464 4127 dicens
1490 4085 1501 4124 :
1541 4092 1559 4115 ι
1584 4070 1659 4126 Et
1689 4068 1794 4142 ipsi

186 4162 454 4229 tanquam
488 4155 697 4230 lapides
724 4156 844 4213 vivi
866 4156 1390 4231 superaediﬁcamini
1438 4156 1639 4215 domus
1669 4159 1796 4231 spi-

188 4246 376 4304 ritalis
407 4246 464 4320 (Ι
489 4248 637 4305 Petr.
670 4265 732 4317 ιι,
763 4248 846 4321 5).
902 4274 923 4298 ›
963 4248 1137 4305 Justis
1191 4265 1323 4305 vero
1382 4246 1617 4305 ﬁrmitas
1648 4258 1799 4307 recte

186 4333 548 4407 adscribitur,
576 4353 641 4394 eo
665 4336 814 4411 quod
841 4337 949 4410 ipsi
977 4353 1081 4394 nec
1109 4337 1398 4407 fluctuant,
1431 4354 1534 4394 nec
1562 4338 1797 4396 circum-

191 4424 450 4482 ferantur
479 4428 631 4484 omni
662 4435 831 4485 vento
859 4426 1150 4498 doctrina,
1181 4428 1330 4484 unde
1380 4428 1439 4484 in
1496 4429 1800 4503 Evangelio

187 4513 386 4620 domui
439 4531 604 4620 supra
654 4515 871 4620 ﬁrmam
917 4524 1125 4590 petram
1185 4516 1449 4620 fundatis,
1513 4518 1573 4620 in
1628 4504 1875 4620 (ιιιεωὺ

202 4629 224 4653 ε
284 4604 572 4664 descendit
619 4606 830 4680 pluvia,
887 4617 1162 4666 venerunt
1208 4608 1462 4679 ﬁumina,
1521 4608 1797 4669 ﬂaverunt

190 4696 367 4767 venti,
390 4705 445 4754 et
470 4714 583 4755 non
607 4699 828 4768 cecidit,
860 4724 881 4749 ι
918 4708 1305 4773 comparantur
1337 4700 1655 4772 (Matth.vn,
1677 4699 1794 4771 25).

189 4789 557 4846 Transeuntes
585 4788 753 4846 etiam
780 4788 1080 4858 dicuntur;
1131 4789 1261 4863 quia
1301 4787 1608 4846 secundum
1636 4792 1798 4862 Apo—

188 4879 421 4947 stolum,
453 4877 791 4937 conﬁtentur
818 4879 968 4953 quod
1007 4904 1027 4927 ι
1054 4879 1298 4953 hospites
1327 4888 1382 4937 et
1410 4880 1634 4936 advenae
1665 4888 1794 4936 sunt

189 4982 358 5040 super
388 4975 589 5023 terram
621 4966 803 5040 (Hebr.
832 4984 919 5037 ιιι,
960 4969 1011 5039 1,
1062 4968 1176 5041 13).
1230 4995 1248 5017 ι
1290 4969 1541 5042 Denique
1595 4971 1795 5026 merito

187 5055 442 5115 Ecclesia
456 5055 665 5114 dicitur
682 5074 916 5116 acervus
945 5057 1227 5131 lapidum;
1265 5059 1395 5132 quia
1427 5084 1445 5106 ε
1462 5060 1580 5131 ipsa
1598 5070 1679 5117 est
1707 5078 1794 5118 co-

188 5148 384 5205 lumna
413 5154 471 5203 et
498 5145 912 5206 ﬁrmamentum
949 5149 1200 5205 veritatis
1231 5149 1288 5222 (Ι
1322 5149 1459 5206 Tim.
1492 5165 1577 5217 ιιι,
1611 5150 1726 5222 15).
1764 5175 1784 5201 ι

188 5236 507 5295 Habeamus
539 5236 709 5309 igitur
735 5247 792 5295 et
837 5255 938 5297 nos
980 5239 1272 5296 stationem
1316 5237 1376 5293 in
1403 5237 1697 5305 Jeabarim,
1731 5245 1798 5295 ut

185 5326 495 5384 secundum
530 5329 840 5400 apostolum
869 5329 1123 5398 Paulum,
1171 5352 1191 5376 ι
1219 5334 1503 5384 teneamus
1534 5329 1797 5400 proposi-

190 5423 301 5473 tam
330 5433 510 5489 spem,
540 5416 686 5474 sicut
714 5417 1013 5475 anchoram
1042 5418 1240 5475 animae
1268 5424 1443 5473 tutam
1470 5432 1533 5473 ac
1555 5415 1795 5487 ﬁrmam,

189 5514 244 5564 et
273 5506 627 5564 incedentem
656 5522 832 5580 usque
864 5506 935 5563 ad
980 5507 1246 5564 interiora
1276 5506 1570 5563 velaminis
1604 5507 1791 5578 (Hebr.

190 5613 268 5669 ιι,
294 5597 410 5670 19),
440 5622 463 5648 ι
504 5606 570 5655 ut
582 5596 750 5671 juxta
767 5597 1074 5672 apostolum
1098 5614 1317 5672 quoque
1346 5597 1572 5654 Petrum
1605 5621 1624 5645 ι
1643 5613 1797 5671 prai-

189 5690 422 5747 scientes
449 5702 766 5759 caveamus,
796 5706 864 5746 ne
909 5704 1095 5746 errore
1149 5687 1491 5745 nefariorum
1546 5685 1796 5755 abducti,

1910 3260 2240 3315 damnemur
2290 3262 2346 3330 (Ι
2395 3262 2520 3317 Cor.
2573 3276 2655 3327 ιιι,
2704 3260 2820 3333 32).
2854 3260 3071 3317 Certam
3105 3278 3323 3335 quoque
3359 3280 3510 3335 spem

1913 3348 2235 3417 habeamus,
2266 3348 2414 3422 quod
2455 3371 2474 3395 α
2514 3365 2627 3405 ιιοιι
2656 3349 2894 3421 patietur
2923 3365 3022 3406 nos
3068 3352 3215 3408 Deus
3261 3368 3426 3424 supra
3454 3355 3512 3411 id

1916 3438 2065 3511 quod
2097 3455 2409 3511 possumus,
2438 3441 2638 3496 tentari
2675 3456 2688 3495 :
2735 3439 2830 3496 sed
2856 3438 3021 3497 faciet
3055 3456 3182 3497 cum
3212 3441 3513 3499 tentatione

1915 3535 2271 3599 proventum,
2311 3536 2373 3584 ut
2399 3529 2673 3600 possimus
2700 3530 2971 3586 sustinere
2995 3530 3054 3603 (Ι
3075 3531 3201 3587 Cor.
3243 3548 3302 3595 x.
3336 3531 3447 3605 13).
3483 3558 3500 3579 ι

1985 3616 2107 3672 XL'
2137 3617 2364 3687 mansio,
2393 3618 2593 3674 ELMON
2621 3633 2999 3675 DEBLATHAIH.
3029 3650 3100 3661 —
3125 3619 3340 3677 Mansio
3365 3636 3512 3694 qua-

1912 3704 2220 3779 dragesima
2248 3707 2309 3762 in
2336 3707 2539 3763 Elmon
2569 3706 2907 3764 deblathaim
2936 3724 2968 3763 a
2995 3708 3129 3765 ﬁliis
3168 3710 3333 3767 Israel
3377 3726 3512 3784 per-

1908 3794 2118 3867 agitur;
2148 3798 2228 3853 sic
2254 3798 2401 3852 enim
2433 3797 2698 3854 scribitur
2733 3814 2745 3852 :
2801 3824 2819 3845 ι
2848 3799 2921 3854 Et
2950 3800 3182 3871 profecti
3210 3816 3282 3855 ex
3307 3799 3511 3857 Dibon-

1909 3884 2032 3957 gad,
2064 3886 2435 3942 castrametati
2466 3895 2599 3943 sunt
2635 3888 2691 3942 in
2726 3888 2930 3943 Elmon
2960 3887 3297 3944 deblathaim
3327 3888 3509 3960 (Num.

1908 3989 2113 4041 xxxm,
2146 3973 2265 4046 46).
2296 3974 2421 4032 Vox
2450 3973 2568 4031 haec
2595 3975 2798 4031 Elmon
2845 3974 3183 4032 deblathaim
3239 3976 3385 4032 sicut
3431 3987 3513 4035 est

1908 4060 2138 4135 duplex,
2193 4062 2271 4119 ita
2324 4070 2379 4118 et
2428 4062 2540 4118 duo
2593 4062 2821 4132 indicat,
2876 4078 3072 4135 nempe
3133 4072 3509 4137 contemptum

1907 4149 2137 4219 ﬁcuum,
2171 4150 2277 4208 hoc
2326 4159 2429 4220 est,
2475 4158 2855 4223 contemptum
2912 4159 3140 4208 terrenae
3197 4151 3508 4209 dulcedinis

1907 4240 2068 4310 ﬁcus,
2097 4256 2335 4315 namque
2363 4240 2712 4297 dulcedinem
2763 4242 3079 4300 ostendunt.
3132 4241 3287 4299 Unde
3344 4243 3508 4300 lere-

1908 4332 2050 4389 mias
2078 4333 2345 4408 propheta
2370 4333 2513 4390 vidit
2536 4332 2674 4392 ﬁcus
2700 4333 2891 4405 bonas,
2914 4334 3087 4393 bonas
3101 4336 3262 4392 valde
3284 4335 3504 4408 (larem.

1907 4439 2068 4492 xxiv,
2093 4424 2173 4497 3).
2197 4425 2269 4480 Et
2296 4424 2547 4481 Salvator
2575 4432 2764 4481 noster
2787 4430 2878 4488 19
2897 4426 3165 4495 esuriens,
3188 4424 3507 4483 Scribarum

1909 4521 2421 4596 Pharisaeorumque
2484 4522 2881 4581 amaritudines
2948 4523 3224 4593 deserens,
3280 4522 3509 4580 accessit

1907 4612 1978 4669 ad
2001 4614 2253 4670 arborem
2282 4612 2396 4683 ﬁci,
2427 4620 2488 4669 ut
2515 4615 2706 4671 saltem
2740 4614 2795 4670 in
2825 4613 2982 4686 plebe
3008 4616 3252 4689 aliquam
3273 4612 3509 4670 inveni-

1905 4710 1990 4759 ret
2017 4703 2366 4761 dulcedinem
2400 4720 2413 4758 :
2465 4710 2519 4760 et
2557 4720 2685 4760 cum
2715 4720 2827 4760 non
2858 4704 3163 4761 invenisset
3207 4703 3318 4759 nisi
3374 4701 3509 4758 folia

1904 4794 2451 4864 tantum,maledixit
2474 4794 2546 4863 ei,
2568 4792 2789 4851 dicens:
2827 4818 2846 4840 ι
2877 4795 3170 4867 Nunquam
3198 4808 3270 4848 ex
3300 4800 3351 4848 te
3377 4791 3510 4849 fru-

1905 4890 2026 4940 ctus
2058 4892 2316 4941 nascatur
2348 4884 2563 4955 (Matth.
2595 4901 2719 4953 xxi,
2764 4884 2875 4955 19).
2929 4906 2949 4931 ι
2991 4882 3353 4953 Contemptus
3380 4897 3509 4955 ergo

1906 4982 2248 5031 terrenarum
2308 4974 2738 5032 delectationum
2795 4971 2865 5028 ad
2925 4972 3125 5029 caelum
3183 4972 3501 5045 properanti

1905 5063 2152 5134 apprime
2208 5064 2551 5122 necessarius
2611 5070 2711 5119 est.
2774 5062 2911 5119 Nam
2968 5061 3076 5119 nisi
3150 5062 3502 5136 voluptatum

1907 5151 2215 5223 illecebras,
2246 5164 2300 5212 et
2327 5170 2391 5211 ea
2419 5169 2541 5227 quae
2580 5152 2639 5208 in
2694 5152 2855 5210 terris
2899 5151 3172 5211 delectare
3218 5152 3501 5222 videntur,

1905 5243 2333 5314 neglexerimus,
2370 5244 2439 5301 ad
2491 5243 2733 5301 coalestia
2777 5259 2879 5300 nos
2933 5243 3082 5315 ipsos
3135 5242 3342 5314 erigere
3393 5257 3504 5299 non

1906 5345 2219 5403 possumus.
2254 5332 2380 5388 Ideo
2408 5333 2706 5405 Apostolus
2734 5332 3016 5399 admonet,
3047 5330 3271 5386 dicens:
3315 5352 3334 5375 ι
3370 5326 3502 5394 Quae

1907 5436 2128 5478 sursum
2157 5429 2287 5477 sunt
2314 5422 2510 5493 sapite,
2541 5438 2654 5478 non
2684 5438 2806 5494 quas
2831 5435 2997 5491 super
3024 5427 3228 5474 terram
3270 5416 3501 5489 (Coloss.

1909 5527 1995 5577 ιιι,
2027 5509 2111 5581 2).
2143 5534 2162 5558 ι
2203 5510 2320 5566 Imo
2348 5526 2535 5584 sapere
2573 5518 2813 5575 terrena,
2843 5506 3099 5565 confusio
3128 5512 3225 5561 est.
3262 5505 3347 5563 Ita
3367 5507 3503 5565 scri-

1905 5598 1990 5655 bit
2016 5597 2313 5669 Apostolus
2345 5616 2357 5653 :
2424 5623 2444 5649 ‹
2492 5600 2682 5658 Gloria
2717 5598 2778 5654 in
2808 5594 3081 5669 pudendis
3107 5594 3376 5668 ipsorum,
3408 5596 3507 5667 qui

1905 5694 2124 5745 terrena
2179 5689 2402 5761 sapiunt
2454 5688 2719 5759 (Philipp.
2752 5703 2835 5755 ιιι,
2871 5686 2985 5760 19).
3041 5711 3060 5736 ι
3102 5684 3309 5745 Verum
3371 5683 3507 5754 quia
