3932 6210
480 375 546 430 39
1514 370 1607 426 ΑΙ)
1649 369 1881 427 OPERA
1921 369 1975 425 S.
2019 373 2065 424 A

2175 369 2352 426 ROSII
2391 368 2770 426 APPENDIX.
3717 369 3787 425 40

490 529 507 550 ε
539 509 726 558 nostra
753 499 1098 557 conversatio
1123 499 1180 554 in
1210 498 1364 555 caelis
1393 505 1494 566 est,
1547 498 1641 571 qui
1687 515 1814 553 cum
1845 497 2064 554 Christo
2095 503 2144 561 Α
2169 498 2334 570 juxta
2361 497 2580 552 Iericho
2599 541 2614 565 ,
2662 497 2849 570 ibique
2879 499 3251 554 castrametati
3294 507 3426 555 sunt
3469 499 3616 572 apud
3646 503 3786 557 Ior-

477 592 823 650 surreximus
846 589 1076 660 (Colosr.
1110 605 1192 656 xxx,
1222 587 1339 660 29),
1373 613 1391 636 ι
1433 588 1584 643 omni
1616 586 1798 643 cordis
1821 587 2069 642 alacrita-

478 691 530 738 te
555 680 781 736 calcatis
811 677 1003 735 mundi
1023 677 1317 745 illecebris,
1341 677 1396 732 in
1419 676 1534 748 ejus
1565 676 1867 732 mansionis
1897 677 2070 733 taber-

478 769 674 825 nacula
705 765 1097 840 ingrediaxnur,
1136 789 1154 812 ‹
1185 781 1305 838 quae
1334 781 1552 820 sursum
1583 773 1713 820 sunt
1743 772 2068 836 quaerentes,

478 859 575 915 ubi
607 857 862 915 Christus
889 864 970 912 est
1000 855 1057 911 in
1090 853 1315 910 dextera
1353 855 1451 909 Dei
1489 853 1682 910 sedens
1724 855 1952 926 (Coloss.
1988 871 2069 923 xxx,

479 950 536 1022 1)
573 965 585 1002 :
621 974 639 998 ι
681 945 1203 1017 contendamusque,
1237 943 1355 1000 sive
1385 943 1655 1012 absentes,
1689 943 1806 999 sive
1835 960 2065 1016 praesen-

477 1046 580 1106 tes,
617 1037 827 1110 placere
855 1034 1092 1091 Domino
1122 1036 1234 1089 Deo
1273 1040 1481 1089 nostro.

548 1127 697 1184 XLIl|
740 1125 966 1194 mansio,
1014 1125 1258 1181 Assum.
1291 1155 1362 1165 —
1397 1122 1610 1179 Mansio
1657 1121 2073 1195 quadragesima

477 1216 656 1291 prima
692 1217 754 1274 ﬁt
791 1235 822 1273 a
852 1217 984 1273 ﬁliis
1021 1217 1187 1272 Israel
1227 1217 1285 1272 in
1325 1216 1606 1272 montibus
1642 1216 1904 1283 Abarim;
1945 1232 2070 1271 nam

477 1310 727 1382 sequitur
755 1327 766 1365 :
812 1332 831 1355 ε
863 1310 934 1364 Et
964 1306 1195 1380 profecti
1227 1324 1297 1362 ex
1334 1308 1536 1362 Elmon
1565 1306 1902 1363 deblathaim
1924 1350 1937 1374 ,
1971 1323 2073 1362 ca-

478 1398 784 1454 strametati
830 1405 958 1453 sunt
1005 1412 1168 1469 super
1198 1403 1410 1452 montes
1440 1395 1666 1452 Abarim
1705 1403 1895 1452 contra
1922 1395 2073 1452 Nebo

483 1488 669 1560 (Num.
691 1504 897 1554 xxxxxx,
927 1487 1043 1558 47).
1083 1513 1102 1536 ι
1146 1487 1352 1543 Verum
1386 1487 1547 1559 longe
1576 1488 1819 1543 alienum
1852 1486 2074 1542 videtur

479 1577 630 1646 huic,
673 1577 818 1650 quod
863 1577 974 1632 alio
1010 1577 1068 1632 in
1110 1577 1231 1634 loco
1258 1579 1324 1632 de
1369 1577 1474 1633 hac
1515 1578 1800 1634 mansione
1849 1578 2068 1650 legitur.

475 1668 612 1725 Nam
657 1666 840 1740 inquit
871 1683 883 1721 :
935 1692 954 1713 ι
993 1666 1376 1724 Castrametati
1416 1675 1546 1722 sunt
1581 1667 1637 1723 in
1669 1667 1811 1722 valle
1857 1665 2066 1732 Zared;

478 1755 606 1812 inde
633 1755 1046 1824 descendentes,
1091 1756 1462 1813 castrametati
1509 1763 1639 1811 sunt
1682 1764 1834 1812 trans
1877 1756 2070 1811 Arnon

2178 585 2375 641 danem
2407 585 2553 640 inter
2581 585 2939 655 Bethsimon,
2972 603 3145 660 usque
3174 587 3496 656 Belsachin,
3529 589 3589 644 in
3619 593 3786 649 occi-

2179 675 2342 732 dente
2370 677 2530 732 Moab
2561 679 2746 749 (Num.
2776 695 2975 746 xxxxxx,
3004 677 3117 749 48).
3153 705 3171 726 ι
3213 679 3340 734 Alio
3372 680 3428 735 in
3459 681 3579 736 loco
3609 698 3785 738 man-

2179 765 2390 820 sionem
2431 765 2676 822 eamdem
2720 767 2976 823 meminit
3021 767 3340 840 Scriptura,
3377 768 3606 826 dicens:
3654 795 3674 818 ι
3710 773 3784 828 Εῐ

2180 856 2522 913 discedentes
2551 857 2655 912 ﬁlii
2687 859 2891 924 Israel,
2923 859 3293 914 castrametati
3339 869 3468 918 sunt
3508 861 3575 917 ad
3620 864 3785 921 occi—

2180 943 2398 1002 dentem
2458 946 2618 1002 Moab
2648 989 2663 1014 ,
2733 946 2878 1019 apud
2933 947 3226 1003 Iordanem
3257 991 3272 1016 ,
3335 948 3500 1019 juxta
3556 950 3784 1008 Iericho

2185 1037 2370 1108 (Num.
2391 1052 2534 1104 xxxx,
2557 1036 2633 1107 1).
2669 1062 2687 1084 ι
2731 1036 2978 1108 Denique
3013 1046 3290 1108 postrema
3318 1036 3484 1110 hujus
3516 1039 3781 1097 laboriosi

2181 1125 2544 1198 diutumique
2591 1127 2836 1181 ﬁliorum
2885 1127 3048 1182 Israel
3106 1127 3321 1182 itineris
3367 1144 3400 1182 a
3447 1129 3632 1201 Moyse
3681 1146 3784 1202 per

2180 1215 2413 1272 verbum
2444 1217 2541 1271 Dei
2571 1216 2846 1287 descripta
2877 1217 3090 1271 mansio
3120 1215 3237 1272 haec
3270 1224 3369 1272 est.
3419 1219 3481 1273 In
3511 1234 3618 1291 qua
3649 1218 3780 1276 licet

2181 1306 2421 1378 plurima
2447 1305 2596 1361 dicta
2624 1315 2878 1378 gestaque
2911 1306 3023 1363 sint
3055 1313 3361 1362 memoratu
3391 1305 3576 1378 digna,
3604 1324 3781 1379 pauca

2180 1403 2364 1451 tamen
2390 1394 2507 1452 haec
2527 1395 2926 1452 enarrabimus.
2955 1395 3201 1452 Primum
3225 1396 3388 1452 Balac
3408 1396 3777 1455 Moabitarum

2179 1501 2279 1541 rex
2309 1500 2537 1540 cernens
2566 1485 2711 1542 ﬁlios
2739 1486 2902 1542 Israel
2933 1493 3088 1542 tanto
3119 1486 3380 1558 proﬁcere
3410 1487 3776 1557 incremento,

2179 1582 2402 1647 tamque
2425 1575 2686 1631 secundis
2713 1592 2904 1631 eorum
2944 1592 3030 1631 res
3075 1575 3380 1648 prosperari
3410 1577 3775 1648 successibus,

2180 1679 2434 1735 magnam
2480 1680 2663 1720 rerum
2712 1681 2935 1720 suarum
2984 1665 3337 1720 formidinem
3385 1666 3667 1739 concepit,
3714 1675 3781 1723 ut

2179 1753 2239 1809 in
2293 1754 2363 1809 iis
2415 1771 2535 1826 quae
2585 1753 2654 1810 ad
2704 1755 2970 1826 populum
3024 1753 3242 1810 Madian
3297 1755 3628 1827 prailocutus
3669 1766 3777 1824 est,

480 1846 537 1902 in
567 1845 802 1912 deserto,
850 1843 997 1916 quod
1041 1844 1248 1900 eminet
1295 1861 1326 1899 a
1371 1844 1577 1900 ﬁnibus
1619 1844 2068 1901 Amorrhaeorum
2100 1860 2145 1919 Β
2181 1851 2424 1916 apparet.
2476 1845 2666 1917 Inquit
2713 1843 2900 1900 enim:
2948 1867 2967 1890 ι
3005 1844 3163 1900 Nunc
3209 1845 3382 1915 liuget
3424 1845 3778 1917 congregatio

481 1935 665 2006 (Num.
692 1950 815 2002 χχι,
840 1933 924 2001 12,
952 1933 1065 2005 14).
1090 1960 1107 1982 ι
1144 1935 1229 1988 Εχ
1251 1935 1452 2006 quibus
1472 1935 1656 1991 verbis
1683 1935 1905 1990 videtur
1925 1935 2073 2008 quod

478 2022 582 2079 filii
613 2023 775 2079 Israel
806 2039 916 2079 non
946 2022 1005 2078 in
1039 2023 1322 2080 montibus
1352 2024 1610 2092 Abarim,
1642 2023 1734 2079 sed
1765 2023 1823 2079 in
1857 2023 2072 2079 deserto

479 2119 629 2168 trans
650 2113 840 2168 Arnon
873 2112 1211 2168 mansionem
1239 2121 1362 2184 post
1390 2113 1590 2168 Elmon
1621 2111 1934 2170 habuerint.
1967 2115 2071 2171 Sed

479 2203 632 2259 nulla
675 2210 758 2258 est
803 2201 1128 2270 diversitas,
1177 2202 1439 2275 quoniam
1484 2199 1711 2256 Abarim
1743 2195 1813 2256 in
1857 2201 2072 2259 deserto

478 2301 559 2348 est
587 2300 738 2347 trans
765 2292 977 2346 Arnon.
1005 2290 1165 2358 Quod
1195 2307 1322 2362 ergo
1350 2289 1482 2345 alibi
1512 2290 1615 2346 sub
1643 2291 1948 2358 communi,
1982 2291 2073 2348 hic

479 2382 582 2438 sub
611 2382 833 2454 proprio
865 2379 1086 2436 nomine
1125 2380 1407 2450 Scriptura
1435 2380 1723 2450 expressit.
1759 2380 1912 2436 Unde
1945 2381 2071 2437 sub-

472 2468 658 2542 jungit
683 2488 694 2526 :
730 2471 826 2526 Est
853 2469 999 2525 enim
1029 2473 1220 2525 Arnon
1249 2468 1316 2524 ad
1349 2469 1484 2524 ﬁnes
1516 2469 1675 2525 Moab
1705 2469 1850 2524 inter
1877 2471 2071 2525 Amor-

481 2559 682 2628 rhaeos,
712 2568 766 2616 et
803 2560 881 2616 ibi
913 2559 1144 2616 habetur
1175 2575 1332 2615 mons
1361 2559 1610 2627 Abarim,
1638 2560 1706 2616 ad
1735 2559 1895 2631 cujus
1929 2559 2071 2615 radi-

476 2666 567 2708 ces
587 2649 752 2721 juxta
781 2650 1130 2706 Amorrhaeos
1159 2650 1370 2706 Armon
1404 2649 1606 2706 labitur
1623 2650 1823 2705 amnis.
1855 2649 2072 2705 Dicitur

475 2757 607 2796 vero
638 2756 794 2796 mons
823 2739 1051 2796 Abarim
1084 2747 1235 2796 trans
1272 2743 1484 2806 Arnon,
1526 2756 1637 2794 non
1667 2739 1734 2795 ad
1773 2740 2069 2796 transitum

479 2831 834 2887 Hebraeorum
862 2874 876 2898 ,
934 2830 1026 2885 sed
1077 2829 1144 2884 ad
1199 2831 1367 2884 situm
1423 2838 1583 2884 terrae
1640 2837 1869 2897 sanctae,
1929 2829 2074 2884 sicut

480 2937 603 2976 mos
630 2929 712 2976 est
743 2919 919 2991 Moysi
969 2921 1024 2973 in
1069 2918 1172 2974 hac
1209 2919 1612 2990 descriptione;
1664 2932 1790 2974 nam
1836 2918 1893 2973 in
1929 2919 2072 2974 libro

479 3008 894 3065 Deuteronomii
941 3008 1185 3078 legitur:
1232 3031 1250 3054 ι
1302 3009 1430 3063 Haec
1475 3009 1641 3063 verba
1688 3025 1807 3080 quae
1857 3009 2072 3064 locutus

479 3107 562 3156 est
601 3100 818 3170 Moyses
847 3097 998 3152 omni
1040 3098 1200 3153 Israel
1239 3106 1392 3153 trans
1427 3097 1719 3153 Iordanem
1764 3099 1820 3152 in
1859 3098 2072 3154 deserto

477 3187 548 3245 ad
577 3187 914 3244 occidentem
951 3189 1129 3257 (Deut.
1164 3204 1202 3254 x,
1238 3187 1315 3259 1).
1354 3214 1372 3235 ι
1401 3188 1616 3259 Moyses
1643 3195 1846 3254 tamen,
1870 3188 2072 3242 Iorda—

476 3293 601 3335 nem
633 3277 949 3333 nullatenus
979 3276 1235 3331 transivit
1267 3294 1280 3331 :
1331 3283 1448 3332 erat
1491 3293 1618 3348 ergo
1658 3275 1795 3331 citra
1837 3275 1904 3331 ad
1952 3277 2068 3331 He-

475 3367 746 3424 braeorum
786 3367 956 3435 viam,
995 3373 1151 3422 trans
1179 3381 1310 3422 vero
1339 3366 1408 3422 ad
1441 3374 1599 3422 terrae
1641 3375 1843 3422 sach
1873 3367 2062 3422 situm.

474 3456 588 3513 Sub
620 3455 725 3512 hac
770 3455 1055 3512 mansione
1084 3455 1152 3510 ad
1199 3455 1341 3511 Seon
1383 3455 1834 3530 Amorrhaeorum
1884 3471 2066 3527 regem

476 3549 683 3620 legatos
726 3547 944 3618 Moyses
981 3545 1298 3613 destinavit,
1346 3552 1408 3600 ut
1453 3546 1503 3600 ei
1551 3561 1676 3602 cum
1720 3545 1924 3618 populo
1972 3561 2068 3618 per

474 3653 602 3694 suas
653 3643 826 3692 terras
879 3643 1244 3690 commeatum
1299 3633 1564 3706 praeberet
1587 3677 1601 3700 ,
1658 3633 1859 3708 absque
1912 3635 2066 3692 omni

475 3741 702 3783 suorum
729 3739 952 3796 prorsus
981 3722 1202 3778 laesione
1227 3741 1238 3779 :
1283 3746 1302 3770 ι
1327 3722 1734 3793 Transibimus,
1769 3724 2062 3798 inquiunt,

475 3829 573 3887 per
592 3820 791 3868 terrain
817 3822 989 3882 tuam,
1015 3828 1126 3868 non
1147 3811 1546 3870 declinabimus
1567 3829 1740 3887 neque
1761 3813 1829 3870 ad
1850 3830 2062 3886 agrum,

475 3917 652 3975 neque
690 3901 944 3959 bibemus
972 3917 1169 3974 aquam
1207 3901 1274 3958 de
1303 3911 1486 3974 puteo,
1532 3903 1624 3960 via
1665 3904 1814 3977 regia
1857 3902 2066 3959 transi-

472 3993 657 4050 bimus
688 3994 871 4064 (Num.
903 4010 1023 4062 xxx,
1055 3994 1169 4059 22).
1203 4019 1223 4043 ι
1267 3995 1407 4052 Seon
1440 4012 1568 4052 vero
1611 3996 1668 4051 id
1710 3995 1940 4050 omnino
1970 4010 2066 4050 re-

471 4098 670 4140 cusans
691 4081 828 4138 dura
853 4083 1134 4154 respondit
1158 4102 1170 4140 :
1205 4083 1318 4141 imo
1340 4085 1526 4141 valido
1552 4085 1800 4142 exercitu
1829 4092 2061 4152 armato,

472 4171 542 4229 ad
584 4170 818 4226 ﬂuvium
848 4175 1074 4239 Arnon,
1115 4189 1220 4246 qua
1248 4175 1412 4231 Israel
1456 4177 1792 4232 transiturus
1821 4184 1969 4245 erat,
2003 4184 2064 4232 ut

472 4261 622 4317 viam
652 4259 960 4332 impediret,
993 4265 1439 4338 oppugnantique
1469 4267 1777 4331 resisteret,
1811 4266 2064 4336 protinus

473 4350 773 4407 descendit.
824 4351 926 4407 Sed
967 4352 1158 4416 divina
1208 4354 1414 4410 factum
1461 4363 1542 4410 est
1574 4355 1798 4423 virtute,
1834 4364 1896 4411 ut
1941 4373 2062 4430 rege

472 4438 531 4494 in
553 4439 739 4510 praelia
757 4441 1051 4510 exstincto,
1077 4441 1290 4496 Hebraei
1314 4442 1762 4497 Amorrhaaorum
1794 4444 2060 4515 populum

470 4528 530 4584 in
575 4530 847 4586 occisione
897 4531 1066 4604 gladii
1114 4533 1500 4604 percusserint,
1549 4549 1850 4604 eorumque
1891 4544 2062 4592 terras

470 4629 743 4678 vastantes
783 4621 1191 4694 depopularint.
1246 4621 1472 4676 Interim
1506 4623 1587 4694 0g
1630 4639 1728 4677 rex
1761 4623 1956 4694 Basan,
1999 4638 2061 4684 ut

467 4711 739 4767 auxilium
769 4711 1096 4766 Amorrhaao
1129 4709 1394 4781 przeberet
1435 4711 1648 4775 amico,
1683 4713 1929 4784 ingentes
1957 4733 2060 4772 co-

467 4798 584 4872 pias
619 4806 828 4866 armat,
867 4796 1079 4868 quibus
1120 4797 1283 4851 lsrael
1325 4795 1601 4852 hostiliter
1639 4798 2059 4872 impugnaturus

466 4889 802 4960 aggreditur.
865 4885 971 4940 Sed
1026 4886 1190 4941 Israel
1248 4903 1484 4958 superna
1533 4888 1804 4946 dimicans
1849 4908 1969 4964 ope,
2005 4903 2058 4950 et

467 4979 646 5049 ipsum
677 4979 735 5031 in
783 4975 932 5029 bello
963 4989 1142 5046 regem
1190 4978 1440 5050 peremit,
1488 4981 1790 5038 exercitum
1833 5000 2056 5042 omnem

467 5065 764 5130 exstinxit,
787 5063 1102 5120 universam
1124 5065 1360 5140 denique
1387 5077 1586 5125 terram
1608 5087 1796 5127 eorum
1819 5071 2054 5145 subegit,

467 5152 614 5210 unde
639 5169 765 5208 cum
795 5150 998 5222 insigni
1020 5153 1254 5209 victoria
1277 5157 1506 5224 grandes
1525 5159 1849 5217 divitiarum
1871 5162 2056 5233 copias

466 5241 789 5313 reportavit.
823 5241 954 5307 Quae
983 5246 1169 5298 omnia
1197 5245 1466 5318 Iosephus
1495 5250 1617 5306 fuso
1643 5269 1895 5309 sermone
1930 5269 2053 5324 per-

464 5331 686 5402 scripsit
717 5330 858 5401 (Lib.
889 5349 946 5387 xv
978 5334 1240 5405 Antiquit.
1273 5353 1390 5409 cap.
1424 5339 1503 5410 4).

538 5418 713 5475 XLIIII
738 5422 963 5491 mansio,
993 5425 1138 5495 apud
1159 5425 1473 5484 IonnANEM.
1496 5461 1566 5471 —
1586 5431 1797 5488 Mansi'o
1824 5433 2054 5505 quadra-

466 5507 671 5580 gesima
695 5509 931 5566 secunda
960 5511 1194 5569 habetur
1212 5516 1267 5570 in
1296 5519 1698 5586 campestribus
1724 5521 1883 5576 Moab
1907 5524 2052 5593 apud

465 5595 789 5668 Iordanem;
825 5599 948 5658 ideo
977 5603 1113 5660 dicit
1140 5621 1151 5658 :
1189 5629 1208 5650 ‹
1238 5606 1309 5661 Et
1338 5604 1569 5676 profecti
1595 5607 1662 5662 de
1686 5608 1888 5666 ﬁnibus
1910 5612 2051 5667 Aba-

467 5684 594 5762 rim,
618 5687 885 5751 Venerunt
912 5690 980 5750 ad
1000 5692 1340 5754 occidentem
1372 5693 1552 5763 Moab,
1575 5711 1738 5769 supra
1756 5697 2048 5756 Iordanem

2181 1935 2300 1992 haec
2328 1949 2554 2001 omnes,
2585 1935 2679 2008 qui
2711 1936 2768 1991 in
2798 1934 3036 1992 circuitu
3065 1943 3253 1992 nostro
3289 1944 3438 2005 sunt,
3476 1936 3620 1995 sicut
3665 1937 3776 1992 lin-

2182 2026 2260 2098 git
2308 2025 2522 2082 vitulus
2567 2025 2803 2081 virentia
2846 2041 2915 2079 ex
2959 2042 3154 2097 campo
3195 2026 3384 2095 (Ιὸἰά.,
3423 2025 3504 2095 li).
3537 2051 3554 2074 ι
3597 2025 3778 2093 Quare

2181 2117 2352 2172 armis
2382 2116 2531 2171 haud
2560 2131 2652 2171 eos
2683 2117 2862 2187 palam
2908 2115 3168 2171 invadere
3206 2131 3391 2183 ausus,
3423 2115 3773 2184 deliberavit,

2181 2221 2250 2262 ne
2315 2205 2508 2260 saltem
2575 2205 2910 2275 potentiores
2968 2203 3352 2270 efﬁcerentur,
3409 2202 3477 2258 ad
3533 2202 3778 2258 occultas

2181 2303 2327 2350 artes
2352 2294 2668 2366 confugere.
2699 2293 2851 2349 Unde
2881 2293 3097 2348 Balaam
3133 2310 3350 2364 magum
3396 2292 3466 2349 ad
3511 2309 3568 2348 se
3597 2309 3777 2350 accer-

2182 2385 2351 2440 situm
2405 2383 2652 2455 rogavit,
2703 2392 2763 2440 ut
2820 2382 3340 2455 imprecationibus,
3402 2383 3776 2455 maleﬁcisque

2181 2472 2301 2545 ejus
2355 2473 2566 2528 artibus
2626 2473 2890 2544 populum
2945 2471 3332 2540 malediceret,
3392 2472 3772 2545 perderetque.

2181 2569 2340 2636 Quod
2370 2570 2437 2625 ab
2465 2569 2564 2625 illo
2605 2585 2706 2625 nec
2747 2569 3116 2636 suasionibus,
3159 2567 3252 2625 20
3291 2585 3392 2626 nec
3429 2569 3772 2640 muneribus,

2180 2659 2372 2716 divina
2424 2660 2725 2716 obsistente
2786 2661 3173 2733 providentia,
3224 2661 3473 2718 obtinere
3527 2677 3773 2734 unquam

2180 2750 2380 2823 potuit,
2425 2748 2680 2820 quinimo
2720 2749 2834 2822 ipse
2873 2767 3095 2822 magus,
3129 2750 3368 2806 Domino
3398 2767 3458 2805 os
3485 2749 3608 2821 ejus
3635 2766 3775 2820 ape—

2182 2841 2380 2907 riente,
2401 2839 2545 2894 bona
2567 2847 2817 2909 precatus
2837 2848 2919 2896 est
2943 2840 3165 2911 populo,
3195 2839 3488 2912 felicesque
3514 2839 3776 2910 praedixit

2181 2946 2508 2986 successus:
2557 2953 2574 2976 ι
2604 2929 2778 2997 Quam
2826 2930 3093 3002 pulchra),
3145 2930 3346 3003 inquit,
3397 2937 3505 2985 tua;
3547 2927 3772 2996 domus,

2181 3019 2386 3076 Iacob!
2445 3021 2795 3076 tabernacula
2841 3027 2972 3086 tua,
3023 3019 3208 3074 Israel.
3267 3019 3548 3089 Tanquam
3602 3019 3775 3074 valles

2181 3109 2596 3178 obumbrantes,
2627 3117 2888 3181 tanquam
2923 3108 3069 3164 horti
3099 3125 3262 3181 super
3286 3107 3554 3188 ﬂuvium,
3574 3116 3631 3164 ct
3668 3124 3775 3164 ve-

2103 3223 2146 3282 ρ
2184 3201 2263 3256 hit
2299 3200 2652 3257 tabernacula
2685 3214 2804 3271 quae
2835 3197 2961 3253 ﬁxit
3003 3199 3271 3254 Dominus
3303 3198 3490 3267 (Num.
3524 3215 3686 3268 xxxv,
3716 3201 3770 3268 5,

2176 3291 2256 3362 6).
2290 3317 2308 3338 -
2347 3292 2420 3348 Et
2451 3291 2595 3346 infra
2625 3309 2636 3346 :
2684 3313 2702 3337 ι
2735 3289 3127 3345 Benedicentes
3155 3296 3208 3344 te
3237 3287 3512 3344 benedicti
3541 3289 3653 3344 sint
3672 3333 3690 3358 ,
3721 3300 3775 3347 et

2177 3380 2564 3436 maledicentes
2609 3387 2664 3436 te
2693 3378 2971 3436 maledicti
3017 3377 3130 3436 sint
3171 3379 3324 3434 item.
3359 3377 3581 3434 Orietur
3611 3380 3776 3436 stella

2175 3486 2245 3525 ex
2272 3469 2460 3536 Iacob,
2498 3477 2552 3524 et
2582 3477 2838 3540 exsurget
2875 3467 3042 3525 homo
3070 3486 3140 3524 ex
3169 3469 3333 3525 Israel
3366 3467 3554 3540 (Ibid.,
3589 3468 3705 3540 17).
3742 3493 3761 3516 ι

2175 3559 2383 3616 Deinde
2413 3560 2540 3630 quia
2578 3557 3005 3612 Madianitarum
3037 3573 3222 3612 amore
3252 3557 3547 3612 mulierum
3584 3571 3775 3628 popu-

2177 3648 2283 3712 lus,
2315 3646 2529 3701 deserto
2560 3659 2692 3699 vero
2719 3645 2864 3709 Deo,
2895 3645 2963 3700 ad
2993 3645 3142 3700 idola
3169 3644 3502 3712 diverterat,
3535 3644 3774 3700 Phinees

2174 3736 2400 3790 Eleazar
2445 3733 2616 3802 ﬁlius,
2665 3736 2961 3806 Aaronque
3013 3751 3201 3807 nepos,
3251 3735 3368 3791 zelo
3414 3736 3621 3792 zelatus
3668 3752 3772 3808 pro

2175 3823 2411 3880 Domino
2440 3821 2807 3893 exercituum,
2855 3830 3150 3898 antequam
3197 3840 3295 3897 per
3323 3824 3604 3880 licentiam
3642 3824 3772 3880 for-

2177 3914 2284 3971 tius
2315 3921 2650 3987 grassaretur
2687 3913 2973 3987 iniquitas,
3023 3914 3314 3971 Hebraeum
3342 3924 3396 3971 et
3441 3912 3772 3972 Madianiti-

2173 4003 2296 4060 dem
2346 4004 2609 4061 feminam
2665 4003 2723 4060 in
2776 4004 3144 4062 fornicatione
3199 4006 3659 4078 comprehensos,
3713 4015 3772 4063 et

2173 4113 2356 4155 coram
2402 4096 2592 4167 Moyse
2621 4093 2889 4151 adductos
2933 4095 3154 4168 publice
3190 4097 3480 4170 evaginato
3528 4097 3770 4168 pugione

2173 4185 2406 4259 peremit
2433 4184 2594 4256 cujus
2633 4187 2886 4258 exemplo
2930 4185 3212 4258 provocati
3245 4186 3491 4260 plerique
3533 4188 3770 4260 arreptis

2171 4277 2228 4333 in
2268 4273 2596 4332 fornicarios
2625 4276 2792 4331 armis
2835 4275 3279 4343 insurrexerunt,
3311 4283 3364 4331 et
3406 4275 3474 4330 ad
3506 4276 3768 4332 interne—

2169 4367 2383 4424 cionem
2414 4382 2552 4422 caesa
2579 4373 2708 4422 sunt
2737 4365 2824 4422 die
2853 4367 2951 4422 illa
2979 4366 3177 4438 viginti
3207 4373 3443 4438 quatuor
3471 4365 3767 4424 hominum

2173 4458 2364 4515 millia.
2417 4457 2595 4524 Quare
2644 4459 2940 4529 peremptis
2983 4458 3326 4525 foruicariis,
3377 4457 3768 4515 reconciliatus

2091 4579 2138 4638 Β
2173 4553 2254 4602 est
2281 4563 2406 4602 cum
2436 4547 2641 4638 populo
2669 4548 2833 4602 Deus.
2884 4569 2902 4594 ι
2931 4547 3003 4601 Et
3048 4546 3302 4616 cessavit,
3353 4547 3554 4620 inquit,
3605 4547 3768 4620 plaga

2172 4651 2203 4689 a
2227 4635 2360 4690 ﬁliis
2385 4634 2547 4690 Israel
2581 4635 2767 4706 (Num.
2797 4651 2933 4702 xxv,
2965 4635 3045 4705 8).
3081 4661 3099 4682 -
3142 4636 3369 4708 Insuper
3393 4637 3524 4709 quia
3549 4636 3764 4694 Chana-

2169 4739 2413 4778 naaorum
2447 4731 2612 4790 terra,
2663 4723 2732 4777 ad
2780 4737 2943 4794 quam
2999 4723 3103 4778 ﬁlii
3151 4724 3315 4780 Israel
3372 4725 3762 4798 possidendam

2169 4828 2264 4884 per
2291 4813 2521 4867 verbum
2555 4811 2652 4867 Dei
2682 4811 3001 4880 tendebant,
3045 4830 3074 4869 e
3104 4814 3292 4870 vicino
3327 4812 3441 4885 jam
3484 4815 3766 4888 promine-

2165 4901 2279 4966 bat,
2311 4901 2524 4973 ipsique
2558 4909 2712 4956 terra:
2738 4909 2939 4958 sanctw
2969 4920 3064 4976 per
3090 4904 3451 4976 quadraginta
3483 4913 3538 4961 et
3574 4906 3763 4977 plures

2165 5005 2338 5044 annos
2368 4988 2630 5060 fugientis
2675 4989 2787 5045 fere
2811 4989 2927 5061 jam
2963 5009 3085 5048 oras
3116 4993 3486 5064 prendebant;
3532 5002 3586 5048 et
3628 4996 3763 5068 quia

2165 5093 2275 5132 non
2306 5076 2413 5132 nisi
2444 5086 2655 5134 armata
2702 5096 2891 5149 manu,
2925 5080 3247 5153 viribusque
3285 5081 3555 5150 infractis,
3603 5084 3758 5140 illam

2165 5183 2354 5239 capere
2399 5168 2532 5241 ipsis
2571 5170 2950 5242 praestabatur,
2996 5170 3205 5227 idcirco
3245 5172 3471 5228 Eleazar
3501 5172 3762 5231 sacerdos

2163 5272 2362 5312 novam
2431 5260 2618 5330 populi
2693 5260 2762 5315 ad
2834 5259 3042 5314 bellum
3107 5260 3220 5332 apti
3286 5262 3757 5333 computationem

2163 5345 2338 5402 facere
2403 5347 2504 5403 Dei
2577 5347 2836 5403 mandato
2899 5347 3182 5418 decrevit,
3245 5350 3304 5405 in
3379 5366 3486 5423 qua
3559 5359 3759 5423 praeter

2161 5435 2366 5491 tribum
2398 5437 2551 5506 Levi,
2585 5437 2654 5494 ad
2686 5438 2974 5510 specialem
3016 5439 3114 5495 Dei
3143 5441 3354 5497 cultum
3387 5439 3716 5498 destinatam
3736 5489 3752 5512 ,

2161 5531 2214 5579 et
2263 5524 2543 5592 mulieres,
2601 5537 2860 5584 sexcenta
2890 5527 3067 5584 millia
3112 5536 3167 5584 et
3216 5529 3369 5584 mille
3418 5531 3752 5603 septingenti

2159 5614 2388 5685 triginta
2417 5618 2544 5686 viri,
2577 5635 2608 5674 a
2645 5618 2846 5691 viginti
2877 5621 3037 5676 annis
3065 5626 3119 5674 et
3158 5635 3342 5692 supra,
3372 5619 3438 5675 ad
3470 5620 3617 5678 bella
3648 5639 3754 5696 pa-

2160 5705 2287 5777 rati,
2317 5715 2379 5765 ut
2408 5707 2711 5781 Scriptura,
2744 5710 2947 5783 inquit,
2978 5711 3251 5767 numerati
3283 5719 3433 5766 sunt.
3466 5711 3593 5767 Alia
3622 5728 3754 5770 vero
