3932 6210
118 348 182 404 ιιι
1572 339 1982 402 ADMONITIO.
2685 420 2690 425 _
3363 350 3432 409 42

119 488 287 544 quam
327 474 568 545 plurima
606 472 669 528 ad
712 473 1035 544 religionem
1085 473 1292 546 Deique
1338 473 1574 540 cultum,
1619 489 1721 528 nec
1750 477 1795 532 A
1835 472 2013 542 (Deut.
2065 488 2266 541 xxxrv,
2315 474 2396 544 4).
2448 475 2518 530 Et
2563 474 2854 531 confestim
2906 492 3002 548 per
3050 476 3281 533 verbum
3329 480 3428 547 Dei

121 579 231 617 non
267 562 333 617 ad
369 579 482 618 rem
512 562 790 634 publicam
841 562 992 618 bello
1043 578 1282 634 paceque
1330 561 1719 617 moderandam

117 651 446 722 spectantia,
479 653 696 723 Moyses
717 651 1049 724 Eleazarque
1077 651 1330 707 sacerdos
1357 651 1414 704 in
1447 651 1548 707 hac
1574 668 1720 706 man-

117 739 279 795 sione
312 741 368 794 in
400 739 654 796 ordinem
688 740 1016 811 redegerunt
1040 742 1224 809 (Num.
1259 757 1417 808 xxvr,
1447 740 1540 809 59)
1566 757 1575 792 :
1603 757 1721 812 qua

117 845 188 884 ne
215 831 273 884 in
302 830 470 885 nimis
493 831 720 900 longum
743 837 984 884 nostram
1008 829 1388 901 protraherent
1409 829 1718 898 lectionem,

115 921 208 975 vel
239 920 371 993 quia
400 920 604 991 sapius
636 918 760 973 aliis
802 919 860 973 in
896 919 1027 975 locis
1075 936 1135 974 ea
1176 919 1523 991 digessimus,
1575 936 1722 974 nunc

113 1011 432 1067 omittenda
461 1026 772 1066 censemus.
806 1010 1041 1066 Silentio
1071 1019 1250 1065 tamen
1283 1011 1720 1082 praetereundum

112 1118 229 1157 non
267 1102 558 1168 duximus,
590 1101 733 1173 quod
763 1101 979 1173 Moyses
1007 1109 1315 1156 extremum
1347 1101 1450 1157 sibi
1502 1101 1720 1156 tandem

112 1209 215 1263 per
245 1192 482 1247 verbum
516 1193 613 1248 Dei
649 1193 848 1246 instare
896 1192 1040 1247 diem
1087 1208 1404 1263 agnoscens,
1447 1193 1722 1248 declarato

111 1283 228 1339 sibi
261 1299 593 1349 successore,
626 1282 924 1354 populique
952 1283 1110 1350 duce,
1146 1283 1402 1339 mandato
1427 1284 1546 1352 Dei,
1595 1285 1721 1339 Jesu

115 1373 298 1439 Nave,
355 1372 794 1445 prmscriptisque
841 1372 1322 1429 benedictionibus
1373 1391 1432 1430 ac
1497 1374 1718 1430 maledi-

109 1461 440 1530 ctionibus,
497 1461 700 1534 quibus
758 1461 1136 1518 observatores
1207 1464 1722 1534 praevaricatoresve

111 1551 329 1606 divinae
375 1551 510 1623 legis
538 1551 906 1619 incurrerent,
937 1569 1150 1608 necnon
1183 1553 1567 1624 prwnuntiatis
1597 1553 1722 1608 sin-

113 1642 262 1713 gulis
284 1641 546 1697 tribubus
577 1658 697 1714 quze
730 1642 786 1696 in
817 1641 944 1698 illos
975 1642 1299 1713 singillatim
1326 1649 1722 1714 superventura

113 1731 321 1800 forent,
397 1749 560 1804 super
637 1740 879 1788 montem
953 1732 1104 1788 Nebo
1161 1733 1482 1788 conscendit
1541 1733 1716 1804 (Deut.

1832 568 2084 615 mortuus
2130 571 2230 629 est,
2277 572 2328 618 et
2373 564 2618 635 sepultus
2670 566 2726 620 iu
2776 566 2961 633 valle;
3022 575 3075 622 et
3114 567 3424 637 sepulcrum

1831 650 1949 721 ejus
1998 668 2159 706 nemo
2199 652 2355 707 novit
2403 671 2573 726 usque
2624 656 2680 710 in
2731 654 3061 710 hodiernum
3108 656 3275 711 diem.
3329 659 3430 727 llic

1833 739 1960 795 ﬁnis
2006 741 2219 812 Moysi,
2276 743 2730 816 mansionumque
2776 745 2962 816 populi
3009 745 3168 816 jussu
3221 747 3319 803 Dei
3372 747 3428 802 in

1834 829 2084 885 ordinem
2125 832 2539 887 recensitarum.
2585 831 2852 888 Caeterum
2899 835 3166 890 nonnulla
3197 837 3430 909 mystica

1836 934 1986 972 nunc
2010 920 2342 990 explicanda
2388 921 2588 988 forent,
2640 921 2746 976 nisi
2795 922 2990 977 horum
3040 925 3297 997 pleraque
3335 943 3431 997 per

1837 1015 2127 1064 tractatum
2159 1020 2479 1080 prmsentem
2504 1011 2911 1082 sparsissemus,
2933 1012 3042 1065 alia
3062 1029 3192 1067 vero
3221 1015 3276 1068 in
3307 1014 3430 1070 aliis

1837 1094 1971 1150 locis
2019 1096 2468 1168 explicassemus.
2531 1099 2674 1154 Illud
2737 1099 2972 1172 denique
3026 1100 3428 1158 observandum

1834 1201 2010 1256 operae
2070 1186 2316 1257 pretium
2373 1186 2770 1257 judicavimus,
2825 1189 2972 1260 quod
3019 1189 3294 1246 universis
3340 1191 3432 1248 hic

1836 1273 2101 1329 transitus
2132 1273 2256 1328 ideo
2291 1285 2776 1343 commemoratur,
2809 1283 3202 1349 proptereaque
3250 1279 3432 1334 omnis

1834 1363 1926 1421 hic
1956 1382 2150 1420 cursus
2175 1367 2644 1422 consummandus
2676 1367 3044 1438 proponitur;
3096 1377 3157 1424 ut
3202 1369 3268 1425 ad
3299 1371 3431 1426 Jor-

1832 1453 2028 1508 danem
2070 1455 2168 1509 Dei
2221 1454 2454 1510 ﬂuvium
2505 1456 2726 1511 demum
2777 1456 3176 1527 pervenientes,
3223 1459 3428 1515 divinat

1832 1543 2000 1597 undis
2032 1543 2315 1615 sapientiae
2347 1545 2666 1616 irrigemur;
2701 1552 2762 1600 ut
2790 1561 2885 1616 per
2915 1545 3101 1600 omnia
3130 1547 3426 1617 puriﬁcati,

1833 1634 2217 1704 promissionis
2247 1643 2469 1703 terram,
2499 1638 2612 1691 Deo
2642 1635 2864 1690 tandem
2916 1637 3228 1704 miserante,
3261 1638 3428 1694 intra-

1832 1738 1912 1790 re,
1958 1731 2012 1778 et
2061 1741 2186 1780 cum
2239 1725 2504 1796 Apostolo
2551 1724 2732 1780 dicere
2777 1726 3103 1782 valeamus:
3149 1753 3166 1773 ‹
3211 1727 3425 1784 Bonum

112 1838 322 1890 xxxiv,
374 1822 452 1893 1),
503 1823 740 1896 indeque
781 1823 1017 1894 amplam
1067 1823 1441 1896 optimamque
1495 1823 1722 1880 Chana-
1753 1840 1796 1900 ρ
1833 1825 2107 1871 certamen
2135 1815 2362 1882 certavi,
2399 1831 2620 1870 cursum
2653 1817 3054 1885 consummavi,
3105 1817 3268 1874 ﬁdem
3320 1835 3428 1875 ser-

114 1929 366 1968 nasorum
427 1913 729 1985 regionem,
788 1921 990 1969 terram
1045 1913 1235 1987 utique
1292 1914 1430 1969 lacte
1471 1920 1524 1967 et
1557 1916 1719 1971 melle

116 2012 458 2071 manantem,
490 2003 735 2074 patribus
780 2005 1026 2077 repetitis
1056 2004 1218 2060 etiam
1252 2005 1494 2060 oraculis
1519 2021 1716 2078 repro-

114 2095 368 2163 missam,
401 2095 574 2151 monti
606 2095 756 2151 Nebo
795 2112 862 2151 ex
906 2095 1138 2152 adverso
1169 2096 1427 2168 positam,
1457 2105 1510 2152 et
1539 2096 1717 2152 oculis

113 2188 499 2259 perlustravit,
531 2197 585 2244 et
613 2188 797 2244 animo
825 2188 1217 2256 consideravit,
1255 2195 1308 2243 et
1355 2193 1417 2241 ut
1463 2186 1716 2257 Apostoli

114 2279 304 2336 verbis
337 2279 522 2350 (Hebr.
566 2296 648 2349 xr,
701 2280 790 2351 13)
822 2289 964 2347 utar,
1015 2295 1043 2335 e
1085 2281 1240 2350 longe
1283 2279 1564 2334 salutavit.
1597 2278 1718 2344 Quo

1830 1904 1977 1972 vavi,
2001 1911 2054 1959 et
2075 1903 2308 1975 justitias
2329 1920 2531 1960 corona
2559 1920 2722 1978 quam
2752 1906 3023 1961 Dominus
3046 1905 3229 1978 justus
3251 1906 3425 1979 judex

1825 1993 2019 2049 reddet
2049 1993 2106 2048 in
2140 1994 2238 2049 illa
2268 1993 2357 2049 die
2411 1994 2479 2049 iis
2526 1995 2619 2066 qui
2668 1995 2908 2066 diligunt
2953 1995 3255 2052 adventum
3307 1996 3426 2068 ejus

1829 2084 1917 2155 (II
1949 2085 2084 2139 Tim.
2116 2101 2192 2152 ιν,
2227 2085 2277 2152 7,
2308 2084 2390 2156 8),
2418 2093 2713 2156 reponatur
2744 2084 2904 2140 nobis
2929 2101 3025 2156 per
3052 2086 3235 2141 Jesum
3267 2085 3423 2142 Chri-

1827 2182 1970 2228 stum
2002 2174 2299 2229 Dominum
2333 2182 2606 2243 nostrum,
2635 2175 2722 2231 cui
2756 2191 2880 2232 cum
2914 2175 3071 2232 Patre
3114 2183 3168 2230 et
3213 2175 3424 2247 Spiritu

1826 2272 2013 2320 sancto
2041 2263 2223 2320 omnis
2271 2272 2354 2318 est
2395 2263 2593 2333 honor,
2647 2264 2839 2337 gloria,
2885 2272 2938 2321 et
2988 2265 3322 2338 perpetuitas
3367 2266 3422 2320 in

1825 2355 2021 2411 saecula
2051 2356 2398 2412 saeculorum.
2433 2357 2629 2411 Amen.
2662 2380 2680 2403 ι

113 2367 358 2440 denique
386 2379 626 2441 peracto,
659 2369 806 2424 dixit
835 2369 919 2424 illi
949 2368 1221 2425 Dominus
1255 2386 1266 2424 :
1306 2394 1323 2416 ι
1356 2369 1584 2425 Ostendi
1614 2377 1717 2424 tero

116 2476 238 2515 ram
284 2459 427 2516 banc
472 2461 649 2516 oculis
694 2461 824 2530 tuis,
877 2460 974 2516 sed
1023 2460 1173 2516 illius
1235 2477 1346 2516 non
1391 2461 1718 2532 ingredieris

757 2693 863 2761 IN
907 2691 1554 2771 SUBSEQUENTIA
1608 2688 2219 2758 COMMENTARIA
2267 2689 2609 2757 ADMONI
2617 2693 2776 2757 T10.

192 2923 476 2992 Quantum
508 2921 640 2981 olim
680 2925 874 2980 multis
903 2921 1116 2980 saculis
1146 2922 1519 2996 conspiratum
1553 2930 1653 2990 est,
1681 2929 1743 2979 ut
1764 2938 1995 2996 sequens
2015 2922 2164 2994 Opus
2185 2931 2373 2979 sancto
2391 2923 2682 2980 Ambrosio
2712 2923 3052 2980 tribueretur
3075 2942 3089 2991 ;
3113 2931 3262 2980 tanta
3291 2939 3417 2979 con-

115 3013 376 3069 sensione
406 3021 676 3087 quotquot
711 3030 860 3068 nunc
891 3012 999 3067 viri
1034 3012 1237 3068 eruditi
1273 3011 1529 3079 audiunt,
1575 3011 1712 3066 illud
1761 3012 1935 3066 eidem
1986 3015 2182 3068 volunt
2229 3013 2625 3085 adjudicatum.
2661 3016 2879 3070 Etenim
2907 3015 3020 3087 jam
3055 3016 3182 3074 inde
3211 3034 3242 3072 a
3271 3035 3418 3074 nono

111 3105 321 3160 saeculo
354 3101 678 3160 Hincmarus
711 3104 916 3176 (Tract.
951 3104 1011 3157 de
1041 3104 1284 3158 Divortio
1314 3102 1576 3168 Lotharii,
1610 3103 1768 3168 et;.),
1801 3101 2044 3155 Ecclesia
2091 3101 2475 3170 Lugdunensis
2523 3104 2680 3174 (tom.
2717 3105 2792 3160 IV
2822 3105 2964 3159 Bibl.
3005 3107 3117 3160 PP.
3153 3115 3292 3177 part.
3325 3108 3413 3178 ii),

106 3193 413 3249 concilium
445 3194 884 3265 Aquisgrauense
915 3193 1136 3248 tertium
1169 3192 1340 3262 (Anu.
1371 3192 1496 3254 862,
1525 3205 1643 3258 cap.
1677 3188 1756 3257 8),
1785 3189 2116 3255 Ainalarius,
2150 3191 2730 3262 Prudentius,Haymo
2752 3203 2804 3246 et
2836 3196 3018 3263 plures
3045 3196 3140 3249 alii
3171 3197 3414 3266 ejusdem

104 3286 380 3358 temporis
408 3295 659 3341 auctores
692 3286 865 3338 multa
893 3299 963 3337 ex
1012 3283 1098 3336 his
1151 3282 1284 3351 ipsis
1332 3276 1757 3334 Commentariis
1804 3276 1904 3329 sub
1948 3277 2228 3330 Ambrosii
2280 3280 2502 3332 nomine
2539 3281 2906 3350 protulerunt.
2940 3283 3218 3348 Rabauus,
3254 3286 3414 3340 llinc-

105 3375 247 3430 mari
282 3375 658 3447 synchronus,
693 3371 749 3424 in
779 3369 1140 3440 Expositione
1173 3368 1528 3422 Pauliuarum
1559 3364 1914 3436 epistolarum
1947 3381 2015 3419 ex
2046 3366 2300 3421 Patribus
2331 3367 2560 3421 collecta
2602 3368 2868 3439 plurimos
2904 3371 3051 3425 locos
3086 3372 3142 3426 in
3173 3374 3416 3445 quinque

104 3465 320 3537 priores
349 3462 612 3534 epistolas
639 3459 864 3515 adducit
896 3467 1152 3529 tanquam
1187 3472 1313 3511 vere
1353 3454 1767 3520 Ambrosianos,
1799 3454 1892 3526 qui
1927 3471 1985 3509 re
2032 3471 2160 3511 vera
2199 3463 2417 3511 exstant
2470 3457 2526 3511 in
2576 3457 2664 3513 his
2718 3460 2919 3515 nostris
2969 3460 3412 3520 Commentariis.

102 3555 234 3611 Inde
266 3567 494 3626 quoque
523 3549 789 3606 nonnulla
816 3548 872 3604 in
897 3547 1143 3618 priorum
1193 3544 1436 3616 ejusdem
1476 3544 1630 3599 Pauli
1662 3543 2016 3614 epistolarum
2062 3545 2487 3617 explicationem
2519 3548 2802 3603 transtulit
2827 3549 3102 3619 Sedulius,
3133 3553 3414 3610 Ambrosii

101 3643 336 3700 nomine
367 3641 536 3697 semel
565 3639 821 3710 ascripto.
858 3635 1195 3692 Lanfrancus
1225 3635 1390 3690 etiam
1419 3634 1476 3687 in
1516 3649 1612 3688 sua
1638 3633 2042 3706 Compilatione
2069 3645 2258 3692 sancto
2288 3637 2502 3694 doctori
2533 3638 2786 3694 attribuit
2827 3656 2887 3694 ea
2917 3639 3244 3712 fragmenta,
3292 3661 3412 3716 quae

101 3750 168 3788 ex
200 3733 309 3788 hoc
338 3732 514 3802 Opere
548 3735 827 3784 mutuatus
857 3734 957 3783 est.
993 3727 1242 3798 Denique
1273 3724 1376 3780 hoc
1406 3723 1555 3795 Opus
1583 3739 1680 3794 pro
1710 3725 2078 3781 Ambrosiano
2125 3726 2426 3783 admissum
2475 3727 2582 3783 fuit
2608 3744 2638 3782 a
2667 3729 2950 3797 Gratiano,
2984 3731 3044 3786 P.
3074 3732 3406 3802 Lombardo,

101 3824 272 3877 lvone
297 3817 645 3886 Carnutensi,
670 3818 902 3889 aliisque
934 3813 1258 3871 innumeris.
1287 3813 1684 3869 Verumtamen
1711 3829 1837 3870 cum
1870 3822 1979 3869 tam
2003 3815 2332 3871 universalis
2361 3819 2550 3889 opinio
2579 3818 2828 3886 Erasmo,
2853 3819 3143 3887 Turriano,
3177 3821 3408 3894 aliisque

103 3929 214 3968 non
246 3926 422 3983 usque
451 3908 584 3964 adeo
618 3916 766 3964 certa
795 3909 914 3962 visa
943 3914 1102 3975 esset,
1136 3905 1288 3960 illam
1319 3903 1579 3973 deinceps
1614 3918 1672 3956 re
1701 3901 1942 3974 penitius
1981 3905 2316 3973 examinata,
2363 3922 2475 3962 uno
2516 3907 2728 3964 calculo
2776 3923 2968 3964 omnes
3017 3909 3403 3980 proscripsere.

171 4001 544 4070 Quamobrem
577 4005 756 4055 actum
791 4013 946 4070 agere
975 3995 1134 4052 nobis
1173 3993 1508 4058 videremur,
1539 3990 1585 4045 si
1635 3992 1852 4063 longius
1903 3991 1961 4046 in
2009 3994 2291 4065 probanda
2330 4012 2386 4050 re
2428 4013 2555 4053 sane
2594 4014 2757 4069 quam
2801 3997 3243 4070 exploratissima
3290 4001 3406 4056 im-

101 4107 466 4148 moraremur.
499 4088 618 4144 Non
650 4087 939 4143 silebimus
968 4093 1152 4140 tamen
1181 4083 1388 4154 stylum
1421 4079 1616 4152 Operis
1663 4086 1945 4149 tantopere
1985 4079 2281 4136 abhorrere
2325 4082 2393 4137 ab
2434 4084 2822 4153 Ambrosiano,
2874 4092 2936 4139 ut
2983 4086 3144 4156 plane
3198 4087 3402 4144 mirum

99 4183 169 4236 sit
211 4189 324 4236 tam
358 4179 509 4235 tarde
539 4177 934 4250 deprehensam
964 4192 1078 4232 esse
1106 4175 1258 4229 illam
1289 4170 1690 4226 diversitatem.
1746 4167 1850 4224 Sed
1900 4183 2002 4224 nec
2048 4170 2227 4225 levius
2276 4171 2420 4226 inter
2472 4173 2760 4246 utriusque
2813 4176 3052 4232 auctoris
3090 4176 3400 4235 doctrinam

98 4267 397 4325 dissidium
447 4273 562 4332 est;
614 4266 815 4338 quippe
859 4266 917 4320 in
964 4262 1371 4319 Ambrosiastro
1401 4276 1512 4315 non
1543 4259 1723 4314 solum
1755 4268 2052 4314 occurrunt
2087 4259 2336 4332 quaedam
2368 4261 2569 4333 placita
2597 4265 3053 4336 extraordinaria,
3086 4277 3140 4324 et
3186 4285 3218 4324 a
3257 4271 3402 4326 veris

100 4357 385 4414 Ambrosii
413 4355 768 4428 opinionibus
800 4356 1037 4410 immane
1087 4359 1353 4426 quantum
1402 4346 1806 4418 discrepantia;
1861 4363 2052 4402 verum
2097 4350 2262 4405 etiam
2312 4350 2370 4406 in
2420 4353 2729 4410 asserendis
2768 4353 3116 4428 dogmatibus
3160 4359 3400 4415 maxime

99 4446 394 4505 catholicis
422 4447 566 4502 inter
592 4454 889 4517 utrumque
919 4459 1030 4498 non
1061 4441 1193 4497 satis
1218 4439 1498 4507 convenit,
1549 4448 1602 4494 et
1655 4439 1722 4495 iis
1779 4440 2094 4496 refellendis
2153 4459 2274 4515 quae
2331 4444 2523 4500 Ariani
2572 4445 2807 4517 objicere
2856 4448 3125 4519 solebant,
3181 4451 3249 4506 ab
3299 4452 3398 4507 illo

99 4537 438 4593 adhibentur
495 4552 557 4591 ea
610 4549 888 4606 responsa,
941 4531 1142 4605 quibus
1192 4528 1474 4602 neglectis,
1524 4527 1752 4584 omnino
1797 4527 2016 4585 diversa
2062 4531 2321 4602 proponit
2364 4542 2585 4591 sanctus
2631 4535 2845 4594 doctor.
2898 4538 2985 4594 Ad
3033 4537 3150 4596 hac
3197 4540 3396 4597 inutile

100 4625 269 4682 fuerit
298 4624 378 4692 id,
408 4624 553 4696 quod
584 4623 792 4679 nemini
824 4639 934 4678 non
965 4631 1045 4677 est
1075 4620 1324 4687 obvium,
1362 4617 1670 4682 observare,
1701 4617 1966 4672 nimirum
1997 4617 2056 4672 in
2077 4636 2250 4690 grmca
2272 4620 2461 4694 lingua
2490 4640 2713 4695 prorsus
2744 4627 3098 4698 peregrinum
3118 4628 3396 4685 exstitisse

102 4715 260 4770 illum
293 4714 640 4784 scriptorem.
673 4711 820 4779 Quid
857 4727 988 4767 vero
1017 4710 1061 4767 si
1104 4708 1500 4780 subjungamus
1538 4720 1648 4761 non
1696 4712 1859 4761 tantae
1901 4710 2306 4781 perspicuitatis
2348 4729 2482 4782 esse,
2528 4732 2660 4771 num
2709 4717 2937 4773 omnino
2989 4718 3397 4775 Commentaria

104 4805 158 4858 in
188 4802 420 4858 Paulum
454 4801 643 4858 fecerit
674 4799 1040 4857 Ambrosius?
1087 4800 1293 4857 Verum
1341 4805 1402 4853 ut
1449 4797 1689 4853 maxime
1730 4796 2050 4870 hujusmodi
2089 4804 2492 4874 expositionem
2531 4808 2619 4862 vir
2656 4815 2876 4863 sanctus
2914 4808 3169 4875 ediderit,
3201 4809 3394 4865 saltem

99 4892 394 4948 admodum
428 4890 688 4947 credibile
718 4898 801 4946 est
825 4905 942 4944 eam
975 4887 1284 4946 Cassiodori
1315 4887 1655 4959 temporibus
1677 4885 1789 4958 jam
1826 4887 2088 4958 periisse;
2141 4891 2246 4948 hoc
2297 4895 2444 4949 enim
2497 4895 2698 4965 conjici
2747 4903 2922 4964 potest
2969 4913 2998 4951 e
3040 4897 3396 4968 sequentibus

99 4979 341 5051 ejusdem
374 4977 556 5033 verbis
594 4995 604 5032 :
667 4978 882 5034 Dicitur
918 4977 1095 5044 etiam,
1129 4977 1333 5049 inquit,
1364 4977 1566 5031 beatum
1605 4976 1945 5031 Ambrosium
1977 4979 2312 5034 subnotatum
2341 4983 2564 5036 codicem
2592 4984 2937 5055 epistolarum
2966 4987 3200 5041 omnium
3226 4989 3394 5044 sancti

99 5071 256 5127 Pauli
285 5069 583 5140 reliquisse,
613 5069 926 5124 suavissima
954 5066 1277 5139 expositione
1303 5068 1630 5137 completum,
1661 5084 1810 5136 quem
1843 5073 2014 5122 tamen
2041 5068 2216 5123 adhuc
2245 5069 2480 5124 invenire
2511 5088 2614 5124 non
2637 5072 2810 5144 potui,
2843 5080 2946 5131 etc.
2985 5075 3108 5148 (lib.
3140 5077 3217 5132 De
3265 5077 3387 5135 inst.

98 5159 257 5214 divin.
296 5158 458 5212 utter.
490 5172 608 5227 cap.
640 5155 720 5227 8).

163 5253 223 5308 In
252 5266 318 5305 eo
343 5265 472 5321 ergo
502 5255 616 5302 tota
643 5247 937 5304 difficultas
981 5256 1082 5317 est,
1105 5256 1172 5303 .ut
1197 5263 1360 5302 verus
1392 5262 1586 5317 parens
1625 5247 1792 5317 hujus
1845 5249 2027 5322 operis
2074 5249 2456 5323 investigetur.
2510 5252 2723 5310 Placuit
2789 5258 3076 5314 nonnullis
3111 5259 3392 5330 compila—

98 5345 264 5395 torem
295 5333 469 5394 fuisse
494 5335 652 5392 illum
683 5341 798 5410 qui»,
830 5337 1012 5393 scissis
1041 5351 1110 5391 ex
1157 5336 1554 5409 Chrysostomo
1591 5345 1645 5394 et
1698 5338 2038 5412 Hieronymo
2080 5337 2318 5410 laciniis,
2349 5350 2636 5400 centonem
2667 5343 2795 5401 inde
2825 5349 3146 5404 confecerit.
3177 5349 3390 5406 Volunt

99 5428 182 5483 alii
240 5429 500 5502 prologos
543 5426 777 5498 singulis
818 5427 1258 5499 expositionibus
1301 5425 1556 5497 praeﬁxos
1613 5427 1784 5498 inepti
1838 5429 2297 5486 consarcinatoris
2344 5449 2479 5502 esse,
2529 5435 2876 5506 potissimum
2927 5453 2996 5492 ex
3047 5427 3410 5510 Hieronymo.

99 5514 323 5574 frustula
369 5517 545 5572 multa
591 5515 864 5572 suﬁ‘urati.
916 5517 1173 5571 Attamen
1221 5516 1278 5572 in
1333 5515 1570 5586 Operum
1615 5517 1933 5573 eorumdem
1982 5519 2208 5574 Patrum
2237 5523 2530 5579 collatione
2556 5523 2660 5580 hoc
2689 5539 3032 5597 nequaquam
3070 5525 3389 5598 deprehen-

100 5605 291 5663 dimus.
321 5608 529 5666 Contra
567 5623 698 5662 vero
737 5605 868 5662 satis
907 5604 1221 5678 frequenter
1253 5602 1750 5660 animadvertimus
1792 5606 1858 5661 ab
1889 5607 2118 5663 illorum
2151 5609 2505 5681 opinionibus
2533 5613 2684 5670 hunc
2710 5613 2998 5684 dissidere,
3033 5615 3169 5672 alias
3197 5619 3387 5690 expli-

99 5697 332 5754 cationes
360 5697 576 5765 afferre,
608 5696 888 5752 interdum
913 5711 1025 5752 non
1053 5695 1243 5752 eodem
1274 5692 1460 5762 modo,
1489 5709 1596 5766 quo
1626 5693 1711 5750 illi
1740 5694 1937 5766 solent,
1968 5698 2328 5771 apostolicum
2370 5711 2586 5760 textum
2616 5704 2810 5774 citare,
2852 5722 2915 5762 ac
2938 5706 3158 5762 tandem
3201 5707 3384 5764 sicubi

451 5796 696 5854 PATROL.
738 5794 913 5854 XVII.
2937 5819 2940 5822 ’
2997 5805 3030 5860 2
