3932 6210
501 347 568 402 43
1536 342 1627 395 Al)
1669 339 1901 394 ('ll’EliA
1940 336 1995 392 S.
2039 335 2372 391 AMBROSII
2415 334 2794 389 APPENDIX.
3742 327 3811 383 et

500 491 625 532 cum
652 472 784 545 ipsis
820 472 1135 538 conveniat,
1164 470 1220 526 id
1251 471 1379 526 inde
1412 472 1636 536 factum,
1668 467 1813 540 quod
1860 483 1952 521 eos
1996 466 2089 538 qui
2139 463 2534 521 commentaria
2580 462 2871 518 lucubrant
2911 461 2967 516 in
3009 461 3265 518 eumdem
3318 460 3547 530 librum,
3592 460 3810 535 ubique

501 560 809 631 discrepare
854 558 1193 629 impossibile
1241 557 1333 614 sit.
1378 559 1562 631 Neque
1604 566 1784 613 tamen
1824 555 2062 610 ibimus:
2099 553 2314 611 inﬁcias
2347 561 2625 610 auctorem
2671 561 2920 609 nostrum
2966 551 3035 607 ab
3083 552 3427 624 Hieronymo
3479 559 3808 608 mutuatum

502 649 751 727 quadam
784 646 981 714 videri,
1014 647 1108 703 sed
1135 664 1259 703 eum
1290 654 1575 719 propterea
1597 644 2032 717 compilatorem,
2064 659 2173 716 quo
2202 642 2425 715 quidem
2458 659 2621 697 sensu
2653 641 2735 696 illi
2786 641 3127 712 intelligunt,
3162 639 3475 697 habendum
3515 656 3635 696 esse
3694 656 3813 696 non

501 739 853 795 arbitramur.
884 738 969 792 Ex
995 738 1121 792 aliis
1146 746 1327 793 autem
1361 753 1454 809 qui
1486 736 1681 790 horum
1718 733 2253 791 Commentariorum
2286 740 2563 788 auctorem
2597 749 2790 788 eruere
2818 733 3001 787 conati
3032 740 3183 794 sunt,
3206 732 3302 803 qui
3331 730 3519 787 eadem
3550 730 3813 803 Remigio

502 828 891 895 attribuerunt,
924 827 1124 883 frustra
1162 827 1332 881 fuere.
1368 825 1586 880 Etenim
1617 841 1744 881 cum
1772 825 1829 879 in
1870 824 2197 880 Bibliotheca
2234 824 2485 890 Patrum,
2516 828 2634 877 tum
2672 821 2730 876 in
2787 820 3178 892 manuscriptis
3226 838 3333 876 non
3367 819 3572 892 paucis,
3607 820 3815 876 Remi-

502 920 661 991 giana
690 924 905 974 exstant
942 916 1008 972 ab
1040 915 1125 970 his
1150 914 1351 970 nostris
1380 915 1541 986 plane
1566 914 1805 969 diversa.
1840 914 1957 969 Non
1987 914 2282 969 defuerunt
2312 913 2476 968 etiam
2510 913 2604 984 qui
2638 911 2780 966 hanc
2818 911 3342 967 commentationem
3377 911 3462 965 vel
3483 908 3696 965 Juliani
3720 911 3815 967 vel

502 1009 726 1066 alterius
749 1007 1053 1079 cujuspiam
1084 1006 1359 1077 Pelagiani
1391 1022 1504 1060 esse
1532 1006 1947 1061 contenderent.
1983 1004 2086 1060 Sed
2134 1004 2347 1059 inventi
2397 1013 2527 1059 sunt
2556 1003 2815 1058 similiter
2844 1002 3160 1071 scriptores,
3199 1003 3399 1076 quibus
3429 1003 3579 1059 illius
3611 1011 3815 1060 auctor

502 1101 780 1155 videretur
813 1097 1124 1153 liberandus
1148 1097 1215 1151 ab
1246 1098 1349 1152 ista
1381 1105 1532 1163 nota,
1565 1104 1617 1151 et
1652 1097 1695 1150 si
1730 1096 1862 1169 quid
1893 1096 2032 1151 forte
2056 1094 2202 1167 quod
2235 1094 2347 1148 illis
2379 1092 2650 1149 hiereticis
2682 1092 2865 1147 favere
2898 1101 3099 1164 posset,
3138 1093 3253 1148 illic
3290 1101 3561 1161 occurrat,
3607 1093 3718 1149 hoc
3749 1110 3814 1149 eo

500 1188 864 1254 referendum,
898 1188 1044 1258 quod
1076 1204 1198 1242 cum
1232 1194 1357 1240 ante
1387 1194 1634 1241 exortam
1666 1186 1982 1241 eorumdem
2018 1186 2266 1240 haeresim
2302 1185 2393 1239 ille
2423 1183 2703 1249 Scriberet,
2740 1182 2923 1237 minus
2968 1191 3124 1238 caute
3172 1182 3627 1255 considerateque
3666 1190 3817 1239 esset

499 1279 733 1334 locutus.
769 1278 971 1334 Ultima
997 1275 1235 1341 tandem,
1271 1291 1391 1347 quze
1421 1283 1476 1331 et
1504 1276 1874 1341 communior,
1907 1292 2096 1331 eorum
2135 1274 2323 1345 opinio
2348 1285 2447 1341 est,
2475 1276 2567 1345 qui
2600 1274 2870 1329 Hilarium
2903 1276 3160 1331 Romana:
3190 1274 3448 1331 Ecclesiae
3480 1273 3813 1343 diaconum,

498 1367 596 1441 qui
621 1384 745 1424 cum
781 1365 1131 1422 Lucrfcriano
1156 1363 1438 1419 schismati
1467 1363 1648 1417 adhms
1674 1374 1805 1431 sset,
1828 1364 1894 1419 ab
1918 1365 2254 1436 Hieronymo
2278 1372 2389 1419 tam
2416 1380 2607 1434 aspero
2636 1373 2681 1419 st
2690 1366 2783 1436 ylo
2811 1375 3071 1437 exceptus
3101 1364 3207 1420 fuit
3229 1364 3404 1436 (Dial.
3427 1364 3810 1433 allv.Lucifer.

501 1464 624 1531 post
663 1456 859 1523 mel),
893 1471 1081 1509 verum
1117 1452 1343 1525 hujusce
1372 1452 1566 1524 Operis
1593 1461 1873 1508 auctorem
1904 1454 2119 1511 dicunt.
2151 1455 2223 1509 At
2250 1469 2377 1510 cum
2404 1453 2516 1509 sint
2541 1470 2756 1526 quoque
2795 1471 2827 1510 a
2851 1454 3052 1527 quibus
3081 1453 3214 1510 huic
3255 1453 3542 1510 sententiis
3574 1460 3816 1510 contra-

502 1545 737 1615 dicatur,
769 1543 909 1601 illud
942 1545 1252 1602 accuratius
1287 1542 1731 1616 perpendendum
1762 1550 1863 1599 est.

572 1634 1001 1692 Observabiinus
1029 1633 1086 1691 in
1120 1634 1312 1707 primis
1340 1633 1438 1688 vix
1462 1632 1639 1689 ullum
1671 1632 1789 1688 veri
1812 1629 2088 1689 Ambrosii
2112 1647 2249 1703 opus
2278 1646 2415 1698 esse,
2448 1630 2607 1703 cujus
2645 1632 2804 1704 plura
2833 1632 3172 1705 exemplaria
3200 1632 3451 1689 omnium
3479 1639 3716 1690 aetatum
3745 1633 3815 1690 ab

501 1722 832 1795 octingentis
861 1721 1023 1777 annis
1054 1724 1420 1792 reperiantur,
1452 1737 1616 1792 quam
1649 1721 1817 1793 hujus
1850 1718 2244 1775 Ambrosiastri
2280 1736 2292 1774 :
2349 1721 2443 1777 sed
2488 1738 2678 1778 eorum
2733 1723 3002 1778 nonnulla
3043 1723 3111 1779 ab
3158 1723 3286 1780 aliis
3334 1722 3605 1781 dissidere
3648 1724 3803 1782 haud

502 1813 875 1871 mediocriter.
908 1812 1210 1870 Enimvero
1238 1812 1297 1868 in
1326 1810 1667 1867 bibliotheca
1695 1810 2012 1869 Corbeiensi
2043 1826 2216 1865 unum
2258 1809 2490 1868 habetur
2519 1812 2685 1869 tomis
2713 1812 2929 1870 duobus
2948 1813 3427 1886 comprehensum,
3452 1830 3562 1886 quo
3589 1814 3814 1870 nullum

502 1903 676 1971 aliud,
709 1902 828 1958 sive
857 1900 1264 1975 antiquitatem,
1300 1900 1420 1957 sive
1448 1899 1826 1957 characterum
1861 1898 2187 1972 elegantiam
2213 1907 2442 1972 spectes,
2476 1902 2825 1973 praestantius
2855 1902 3043 1959 videre
3073 1902 3233 1959 nobis
3263 1902 3442 1959 licuit.
3488 1902 3563 1958 At
3589 1919 3721 1959 cum
3755 1904 3813 1959 in

504 2009 569 2049 eo
588 1991 999 2050 Commentaria
1029 1992 1088 2047 in
1118 2007 1307 2047 omnes
1337 1990 1493 2047 Pauli
1525 1990 1806 2063 epistolas,
1851 1990 1949 2046 illa
1975 1999 2203 2063 excepta
2231 2007 2351 2064 quae
2381 1990 2450 2047 ad
2482 1992 2739 2049 Hebraeos
2766 1992 3112 2060 inscribitur,
3144 1992 3248 2050 sub
3273 1992 3499 2049 nomine
3526 1994 3815 2051 Ambrosii

504 2082 915 2151 contineantur,
944 2098 1070 2139 cum
1107 2080 1233 2138 aliis
1261 2080 1547 2138 codicibus
1572 2080 1793 2153 scriptis
1819 2090 1981 2154 atque
2009 2080 2173 2137 editis
2195 2082 2578 2138 tantummodo
2613 2083 2668 2139 in
2693 2083 2901 2156 priores
2927 2091 3035 2140 tres
3068 2083 3327 2157 epistolas
3354 2083 3654 2153 consentit,
3688 2084 3817 2142 dis-

504 2180 690 2243 crepat
716 2187 849 2228 vero
884 2170 940 2227 in
971 2178 1212 2229 ceteras.
1244 2170 1501 2228 Rabanus
1530 2171 1754 2228 Maurus
1777 2170 1836 2226 in
1867 2171 2277 2229 Commentario
2305 2186 2406 2227 suo
2435 2187 2503 2226 ex
2533 2171 2788 2227 Patribus
2818 2173 3048 2229 collecto
3080 2172 3313 2229 ulterius
3363 2188 3705 2245 progressus,
3755 2189 3818 2229 ea
3888 2182 3889 2185 ‘

506 2259 695 2317 omnia
718 2259 943 2317 nomine
974 2260 1255 2316 Ambrosii
1283 2259 1473 2330 donat,
1503 2278 1623 2334 quae
1671 2277 1737 2317 ex
1789 2261 2198 2319 Ambrosiastro
2240 2260 2298 2315 in
2352 2260 2610 2332 epistolas
2664 2262 2907 2335 quinque
2954 2263 3163 2335 priores
3210 2262 3378 2335 petita
3408 2261 3577 2327 citat;
3627 2261 3728 2318 sed
3760 2262 3816 2318 in

504 2347 745 2422 reliquas
774 2348 1044 2423 quidquid
1074 2348 1268 2405 inserit
1295 2348 1398 2405 sub
1428 2349 1591 2405 titulo
1623 2349 1799 2406 sancti
1837 2349 2098 2420 doctoris,
2141 2367 2203 2407 ea
2245 2351 2304 2407 in
2351 2353 2469 2409 solo
2514 2354 2830 2410 Corbeiensi
2880 2354 3068 2412 codice
3115 2352 3354 2425 reperire
3401 2360 3502 2409 est.
3548 2352 3813 2410 Citantur
3888 2354 3889 2381 ἧ

508 2454 722 2512 quoque
751 2440 820 2494 ab
847 2438 1016 2505 Ivone
1042 2439 1366 2496 Carnutensi
1398 2439 1627 2511 (Decret.
1659 2446 1800 2511 part.
1840 2456 1955 2507 xvr,
1980 2458 2099 2514 cap.
2132 2441 2225 2513 84)
2273 2459 2342 2500 ex
2376 2444 2602 2515 prologo
2630 2443 2996 2515 expositionis
3024 2443 3271 2517 epistolae
3314 2442 3383 2499 ad
3428 2441 3815 2500 Philemonem

505 2526 673 2584 verba
703 2528 992 2598 nonnulla,
1025 2544 1146 2601 qua:
1176 2545 1289 2584 non
1318 2527 1426 2585 nisi
1457 2528 1603 2601 apud
1631 2527 1915 2586 Rabanum
1944 2537 1998 2585 et
2027 2530 2086 2586 in
2115 2530 2431 2590 Corbeiensi
2464 2534 2654 2590 codice
2683 2534 2945 2606 reperias.

574 2615 770 2673 lsthaac
815 2617 1002 2674 omnia
1031 2618 1283 2691 quisquis
1311 2624 1519 2674 attente
1546 2618 1939 2687 consideravit,
1962 2617 2078 2690 jam
2119 2619 2308 2676 mirari
2336 2620 2548 2679 desinet
2576 2624 2749 2679 multa
2777 2623 2835 2678 in
2863 2631 3086 2680 auctore
3118 2630 3309 2679 nostro
3334 2619 3662 2689 desiderari,
3696 2636 3815 2695 qum

502 2720 534 2759 a
565 2703 870 2763 Lanfranco
901 2712 1163 2779 tanquam
1190 2721 1261 2761 ex
1289 2704 1671 2761 Ambrosianis
1718 2705 2146 2764 Commentariis
2175 2707 2231 2764 in
2262 2711 2589 2783 Apostolum
2639 2713 2996 2784 proferuntur
3028 2731 3039 2769 :
3098 2711 3365 2784 facileque
3411 2710 3819 2768 animadvertet

502 2792 673 2849 variis
701 2794 1058 2851 Paulinarum
1090 2795 1448 2867 epistolarum
1478 2795 1921 2851 enarrationibus
1949 2796 2229 2853 Ambrosii
2258 2815 2460 2855 nomen
2489 2799 2558 2856 ab
2603 2801 2933 2875 antiquariis
2968 2800 3210 2857 inditum
3241 2814 3375 2855 esse.
3407 2799 3553 2855 Illud
3585 2799 3816 2872 insuper

504 2880 878 2953 adjiciendum
908 2889 1012 2952 est,
1042 2882 1262 2938 eosdem
1298 2880 1555 2937 librarios
1585 2897 1781 2953 magna
1810 2883 2033 2939 licentia
2060 2886 2253 2941 saltem
2287 2887 2343 2942 in
2370 2895 2480 2943 tres
2508 2890 2719 2962 priores
2747 2891 3005 2963 epistolas
3034 2890 3231 2946 abusos
3260 2905 3375 2945 esse
3399 2908 3412 2957 ;
3445 2888 3814 2963 quandoqui—

505 2968 630 3026 dem
656 2970 724 3027 ab
750 2970 829 3027 eis
858 2987 968 3026 non
998 2986 1122 3026 raro
1152 2973 1316 3044 longa
1344 2970 1649 3043 fragmenta
1679 2970 1883 3027 ibidem
1931 2973 2137 3028 inserta
2182 2973 2351 3031 fuisse
2404 2977 2686 3049 probabile
2729 2987 2832 3048 est,
2885 2995 3004 3052 quae
3053 2979 3111 3033 in
3151 2976 3550 3032 vetustioribus
3600 2993 3814 3032 manu-

507 3059 729 3132 scriptis
757 3076 871 3116 non
901 3059 1289 3129 inveniuntur,
1314 3068 1377 3115 ut
1405 3060 1462 3114 in
1495 3059 1663 3115 variis
1694 3060 2024 3118 lectionibus
2067 3065 2440 3123 annotabitur.
2496 3069 2734 3143 Indeque
2778 3068 2905 3126 duci
2956 3075 3134 3141 potest
3170 3067 3464 3123 vehemens
3492 3066 3817 3139 conjectura

508 3155 703 3205 contra
730 3148 901 3221 hujus
932 3149 1126 3222 Operis
1155 3148 1527 3223 integritatem
1557 3166 1620 3206 ac
1646 3149 2057 3220 sinceritatem;
2088 3168 2191 3210 nec
2219 3156 2462 3227 expediti
2487 3156 2693 3229 judicii
2725 3174 2839 3215 rem
2869 3174 2984 3215 esse
3022 3154 3392 3231 cognoscitur,
3424 3162 3616 3213 utrum
3645 3159 3816 3214 unius

507 3253 576 3294 an
595 3239 840 3312 plurium
870 3247 1157 3296 auctorum
1181 3240 1495 3296 lucubratio
1516 3239 1607 3309 sit,
1636 3240 1925 3298 afﬁrmare.

578 3328 846 3387 Caeterum
886 3329 931 3386 si
980 3328 1305 3402 negabimus
1353 3329 1596 3401 plurium
1641 3347 1777 3399 esse,
1833 3331 1999 3386 simul
2049 3332 2214 3388 etiam
2262 3333 2547 3393 fatendum
2592 3338 2876 3395 videbitur
2922 3338 3134 3413 antiqui
3180 3354 3295 3395 esse
3333 3341 3815 3396 commentatoris.

505 3414 666 3488 Quod
696 3419 955 3475 enim'ait
985 3420 1077 3489 (In
1104 3419 1282 3490 Epist.
1316 3420 1348 3473 Ι
1371 3418 1443 3473 ad
1480 3420 1702 3474 Timoth.
1734 3436 1852 3492 cap.
1889 3422 1975 3491 iii)
2005 3420 2071 3476 de
2097 3422 2362 3493 Ecclesia,
2395 3426 2547 3496 cujus
2573 3429 2725 3483 hodie
2752 3436 2923 3485 rector
2945 3436 3019 3485 est
3046 3408 3333 3496 Eumaeus,
3374 3436 3470 3484 aut
3500 3427 3816 3501 interpola-
3886 3408 3887 3455 Ῡ

503 3509 613 3565 tori
641 3509 814 3565 tribui
842 3509 1006 3565 debet
1038 3511 1116 3579 (et
1138 3524 1267 3563 sane
1298 3506 1521 3562 illorum
1554 3516 1860 3580 temporum
1883 3526 2043 3565 usum
2074 3527 2185 3565 non
2217 3515 2379 3584 sapit,
2420 3531 2596 3587 neque
2634 3519 2816 3573 sensui
2855 3518 3223 3574 necessarium
3268 3518 3397 3589 est),
3445 3524 3540 3575 aut
3584 3519 3817 3590 planum

504 3595 601 3651 ﬁet
635 3596 891 3653 eumdem
931 3604 1212 3651 auctorem
1264 3602 1391 3650 ante
1437 3610 1644 3651 annum
1702 3595 1826 3665 384,
1885 3614 1993 3670 quo
2040 3598 2186 3655 idem
2227 3618 2366 3672 papa
2414 3604 2602 3661 vivere
2650 3606 2834 3674 desiit,
2883 3606 3291 3664 Commentaria
3340 3623 3439 3663 sua
3493 3609 3813 3681 scripsisse.
3886 3595 3887 3641 Ῡ

507 3685 650 3742 Hinc
679 3685 844 3741 etiam
876 3691 1062 3757 potest
1091 3683 1148 3739 id
1185 3682 1522 3752 conﬁrmari,
1552 3684 1699 3757 quod
1736 3686 2114 3744 Marcionistas
2142 3687 2321 3744 adhuc
2347 3706 2627 3762 superesse
2674 3694 2794 3751 illic
2832 3702 3091 3761 testatur;
3125 3694 3389 3765 quamvis,
3425 3694 3610 3769 inquit
3642 3698 3814 3769 (Ibid.
3886 3700 3887 3743 Ι

507 3792 629 3848 cap.
662 3775 743 3847 4),
779 3792 910 3847 pene
961 3773 1261 3845 defecerint.
1320 3774 1540 3833 Certum
1598 3776 1821 3849 quidem
1875 3786 1958 3833 est
2020 3795 2089 3835 ex
2139 3777 2453 3849 Epiphanio
2498 3782 2716 3853 (haeres.
2750 3782 2843 3854 42)
2875 3801 2939 3841 ac
2994 3784 3337 3840 Theodoreto
3384 3783 3511 3856 (lib.
3549 3802 3568 3840 ι
3608 3786 3815 3843 Haeres.

506 3866 679 3939 fabul.
718 3884 837 3940 cap.
876 3866 968 3939 24)
1004 3866 1156 3924 tarde
1184 3866 1480 3923 admodum
1536 3869 1839 3925 exstinctos
1892 3885 2008 3925 esse
2058 3868 2159 3923 hos
2209 3865 2495 3926 haereticos
2530 3889 2541 3926 :
2586 3872 2681 3928 sed
2736 3881 2949 3930 constat
2998 3873 3164 3929 etiam
3197 3872 3449 3947 pluribus
3484 3874 3623 3929 locis
3658 3874 3814 3932 haud

507 3977 648 4034 aegre
678 3960 806 4016 illos
838 3960 897 4016 in
926 3959 1377 4028 Manichaeorum,
1405 3960 1500 4033 qui
1532 3960 1874 4034 frequentius
1905 3959 1996 4015 hic
2044 3965 2437 4027 memorantur,
2469 3964 2647 4030 partes
2695 3963 2972 4020 transisse.
3010 3963 3203 4020 Obiter
3249 3978 3470 4037 quoque
3517 3963 3818 4021 observan-

508 4049 640 4106 dum
673 4050 896 4106 videtur
934 4050 993 4105 in
1041 4049 1145 4106 hoc
1192 4066 1355 4123 opere
1403 4059 1739 4107 mentionem
1790 4049 1910 4104 ﬁeri
1944 4050 2034 4121 (In
2062 4048 2237 4119 Epist.
2272 4048 2333 4102 ΙΙ
2360 4050 2430 4102 ad
2471 4051 2691 4108 Timoth.
2725 4070 2843 4126 cap.
2890 4057 2976 4126 in)
3029 4055 3161 4127 legis
3214 4052 3499 4125 cujusdam
3549 4053 3820 4112 adversus

508 4157 660 4197 eosa
709 4140 1028 4196 Domitiano
1076 4142 1450 4214 promulgatae,
1508 4158 1673 4215 quam
1730 4141 1789 4195 in
1843 4139 1960 4194 sola
2018 4136 2328 4193 Collectione
2382 4140 2548 4208 legum
2597 4142 2961 4199 Mosaicarum
3016 4149 3063 4199 et
3121 4144 3485 4199 Romanarum
3534 4139 3816 4199 invenias.

507 4231 655 4288 Illud
682 4231 864 4289 adhuc
892 4233 1133 4289 auctoris
1165 4236 1546 4307 antiquitatem
1584 4232 1757 4304 magis
1786 4231 2053 4301 deSiguat,
2104 4228 2250 4300 quod
2302 4228 2632 4299 patricianos
2679 4234 2765 4303 (In
2809 4234 2983 4305 Epist.
3016 4234 3049 4289 Ι
3072 4232 3144 4287 ad
3199 4230 3333 4287 Tim.
3366 4246 3485 4302 cap.
3522 4232 3631 4301 iv),
3664 4250 3820 4307 quo-

507 4337 630 4376 rum
662 4320 986 4378 Philastrius
1013 4324 1135 4395 (lib.
1171 4325 1245 4380 De
1275 4325 1592 4391 hwresibus)
1626 4324 2078 4394 Augustinusque
2116 4318 2474 4387 superstitum
2518 4321 2855 4390 meminere;
2899 4338 3013 4377 non
3050 4317 3450 4392 praetermittit,
3482 4334 3611 4372 cum
3670 4322 3821 4378 ultra

510 4413 771 4468 saeculum
802 4413 1057 4486 quintum
1100 4424 1417 4487 neutiquam
1449 4418 1817 4485 pervenerint.
1851 4411 2142 4481 Propterea
2180 4416 2502 4463 czeterorum
2539 4407 2942 4479 haereticorum,
2974 4426 3112 4484 quos
3138 4406 3461 4479 aggreditur
3490 4406 3653 4478 longe
3684 4411 3821 4479 plu-

508 4502 699 4571 rimos,
732 4503 916 4558 nullus
936 4503 1174 4559 refertur
1204 4510 1367 4575 paulo
1397 4500 1691 4557 recentior.
1724 4500 1972 4569 Cumque
2018 4500 2077 4553 in
2120 4500 2443 4568 Donatistis,
2493 4500 2834 4569 Novatianis,
2890 4501 3114 4557 Arianis
3152 4508 3206 4554 et
3254 4496 3607 4552 Photinianis
3660 4502 3820 4558 refel-

509 4591 688 4648 lendis
717 4593 962 4650 crebrius
990 4603 1154 4665 atque
1187 4590 1470 4665 operosius
1501 4607 1664 4662 quam
1716 4590 1771 4640 in
1819 4587 1943 4641 aliis
1983 4587 2284 4655 incumbat,
2325 4589 2380 4642 id
2413 4589 2557 4643 haud
2591 4589 2757 4644 dubie
2790 4589 2999 4646 indicio
3029 4596 3112 4643 est
3141 4586 3472 4660 posteriores
3503 4586 3820 4660 haereticos,

507 4690 640 4755 puta
667 4683 1019 4739 Nestorianos
1050 4690 1107 4737 et
1137 4682 1379 4753 reliquos
1407 4679 1756 4751 sequentium
1792 4685 2095 4749 temporum
2131 4679 2364 4735 necdum
2399 4678 2702 4746 emersisse,
2750 4681 2842 4735 sed
2886 4686 3289 4751 eorum,'quos
3337 4677 3502 4732 modo
3551 4682 3823 4738 nomina-

505 4770 719 4832 bamus.
754 4775 986 4830 haereses
1016 4781 1150 4827 tunc
1180 4770 1441 4841 Viguisse.
1475 4769 1595 4822 lluc
1622 4765 1759 4821 adde
1790 4766 1858 4821 ab
1886 4783 1949 4821 eo
1979 4767 2245 4838 scriptore
2279 4777 2487 4822 textum
2519 4769 2765 4838 Apostali
2796 4769 3031 4825 subinde
3063 4769 3223 4824 citari
3273 4784 3343 4822 ex
3388 4767 3497 4822 alia
3539 4771 3819 4840 versione,

506 4878 666 4936 quam
700 4877 807 4934 qua
837 4879 985 4917 nunc
1015 4861 1226 4915 utimur
1260 4877 1271 4912 ;
1305 4867 1360 4912 et
1402 4856 1615 4911 Veteris
1664 4856 1998 4913 'l‘estamenti
2046 4856 2364 4911 testimonia
2405 4872 2474 4909 ex
2515 4857 2766 4913 versione
2812 4858 2964 4914 LXX
3013 4858 3217 4913 Senum
3269 4855 3434 4927 petita
3486 4872 3624 4914 esse.
3673 4860 3821 4917 Illud

505 4950 668 5006 etiam
700 4951 889 5006 eodem
931 4955 1159 5021 spectat,
1190 4946 1335 5018 quod
1365 4962 1434 5001 ex
1463 4945 1782 5002 auctoribus
1812 4945 2201 5003 ecclesiasticis
2232 4960 2341 4998 non
2392 4943 2496 4999 nisi
2546 4945 2898 5013 Tertulliani,
2930 4947 3221 5020 Cypriani,
3258 4962 3320 5002 ac
3352 4944 3633 5003 Victorini
3671 4949 3823 5007 locos

506 5042 751 5110 adhibet,
781 5057 1019 5113 quorum
1048 5036 1281 5093 ultimus
1313 5039 1605 5093 Damasum
1637 5037 1877 5111 aequavit
1904 5037 2255 5107 antiquitate.
2288 5034 2373 5088 Ad
2395 5042 2731 5105 postremum
2764 5038 2892 5094 inde
2922 5038 3181 5093 similiter
3211 5034 3386 5091 asturi
3414 5044 3594 5108 potest
3621 5040 3817 5097 eadem

505 5139 657 5201 aetas,
690 5132 838 5203 quod
873 5131 932 5184 in
964 5130 1349 5200 aegrotantium
1380 5128 1726 5199 baptismate,
1758 5126 1992 5198 aliisque
2031 5122 2306 5195 capitibus
2352 5140 2463 5180 non
2510 5128 2716 5198 paucis,
2752 5126 3183 5185 ecclesiasticam
3225 5126 3454 5182 illorum
3501 5133 3821 5199 temporum

506 5225 860 5296 disciplinam
897 5221 1127 5294 pulchre
1159 5229 1526 5292 repraesentet.

579 5312 781 5369 Omnia
805 5326 837 5365 a
865 5308 1025 5365 nobis
1056 5308 1147 5365 hic
1195 5318 1493 5366 memorata
1543 5310 1805 5366 videntur
1858 5300 2142 5375 suffragari
2190 5318 2380 5359 eorum
2430 5304 2740 5372 sententiae,
2787 5304 2885 5377 qui
2917 5303 3034 5359 haec
3062 5303 3475 5361 Commentaria
3503 5301 3573 5359 ab
3606 5303 3820 5364 Hilario

508 5402 660 5460 edita
692 5401 889 5456 volunt
923 5415 934 5454 :
990 5400 1047 5454 in
1080 5416 1244 5473 quam
1274 5400 1590 5473 opinionem
1621 5397 1845 5457 adducti
1879 5397 2029 5451 fuere
2061 5393 2361 5466 Augustini
2410 5395 2747 5463 testimonio,
2788 5403 2981 5451 contra
3030 5394 3352 5467 Pelagianos
3398 5394 3480 5449 ita
3525 5395 3821 5454 scribentis

512 5489 638 5562 (lib.
665 5504 723 5546 iv
751 5494 885 5545 cont.
913 5489 1047 5545 duas
1072 5491 1247 5563 Epist.
1274 5492 1455 5563 Pelag.
1487 5506 1606 5562 cap.
1640 5490 1745 5561 li):
1808 5488 1946 5544 Nam
1996 5491 2044 5540 et
2089 5486 2164 5539 sic
2210 5490 2419 5538 sanctus
2464 5485 2714 5541 Hilarius
2762 5484 3027 5542 intellexit
3073 5485 3215 5556 quod
3270 5484 3529 5554 scriptum
3581 5492 3706 5544 est:
3761 5489 3823 5545 In

509 5597 614 5653 quo
643 5595 817 5635 omnes
842 5586 1203 5653 peccaverunt,
1233 5581 1314 5637 ait
1340 5580 1523 5635 enim:
1558 5580 1623 5635 In
1647 5594 1772 5650 quo,
1802 5576 1858 5630 id
1883 5582 1973 5643 est,
2005 5575 2061 5629 in
2096 5576 2296 5643 Adam,
2328 5584 2383 5632 et
2411 5584 2612 5633 czetera
2663 5591 2783 5648 quae
2827 5576 2895 5632 ad
2939 5575 3122 5649 apices
3172 5575 3229 5630 in
3278 5573 3384 5629 hoc
3428 5588 3595 5645 opere
3647 5576 3823 5649 legere

511 5667 662 5728 licet.
695 5669 866 5745 Atqui
918 5669 1128 5741 isthaec,
1178 5670 1463 5746 inquiunt,
1520 5665 1787 5740 quadrare
1846 5671 2128 5741 nequeunt
2180 5662 2285 5719 nisi
2350 5663 2409 5718 in
2466 5664 2747 5721 Hilarium
2800 5664 3125 5733 diaconum,
3166 5661 3261 5737 qui
3292 5676 3347 5717 se
3377 5662 3615 5717 Damaso
3654 5660 3821 5720 fuisse

508 5775 757 5821 coavum
785 5760 902 5835 ipse
928 5759 1221 5833 signiﬁcat.
1264 5758 1383 5817 Illis
1430 5754 1654 5828 quidem
1695 5750 1973 5823 objectum
2020 5753 2129 5810 fuit
2187 5751 2588 5825 rebaptizautes
2636 5753 2838 5810 acriter
2883 5751 3071 5824 urgeri
3125 5749 3193 5807 ab
3242 5748 3347 5805 hoc
3387 5755 3637 5816 auctore,
3687 5764 3821 5806 cum
