3932 6210
111 269 178 326 45
1552 275 1963 332 ΑΒΜΟΝΙΤῙΟ.
2054 306 2061 313 ·
3340 281 3409 338 46

120 399 310 457 eodem
363 402 597 460 crimine
650 405 896 462 Hilarius
950 406 1188 463 infectus
1242 414 1417 462 esset:
1476 420 1541 460 ac
1593 413 1854 476 praterea
1885 420 2164 478 nunquam
2197 407 2569 478 Augustinum
2623 408 3023 465 attributurum
3070 409 3239 466 fuisse
3276 409 3407 466 huic

112 493 324 550 Hilario
382 496 609 554 titulum
659 500 859 569 sancti,
889 516 1075 573 quem,
1112 500 1258 556 facto
1287 498 1603 567 schismate,
1633 497 1701 554 ab
1733 498 1980 555 Ecclesia
2035 501 2317 558 recessisse
2371 518 2483 558 non
2528 501 2834 574 ignorabat.
2891 501 2997 559 Sed
3043 502 3406 574 respondetur

110 598 231 637 eum
266 600 377 639 non
431 602 623 642 omnes
684 587 979 644 haereticos
1022 587 1439 661 rebaptizandos
1483 586 1806 643 arbitratum
1845 604 1981 657 esse,
2012 596 2069 644 at
2121 590 2266 647 solos
2317 591 2572 660 Arianos,
2620 608 2790 665 eaque
2835 591 3192 649 distinctione
3225 591 3406 664 ipsum

111 671 381 731 indicasse
436 676 495 731 in
543 692 661 732 eam
711 678 1034 749 opinionem
1077 694 1190 734 non
1241 678 1349 733 alia
1404 692 1461 733 re
1500 693 1615 733 esse
1647 675 1968 745 adductum,
2006 694 2171 751 quam
2210 678 2341 751 quia
2378 678 2545 735 iidem
2575 679 2818 737 haeretici
2865 679 2933 736 de
2985 680 3255 738 Trinitate
3296 696 3409 737 non

109 770 256 819 recte
285 764 608 834 sentientes,
636 765 818 822 forma
848 767 1015 823 etiam
1061 783 1174 823 non
1217 767 1463 838 legitima
1511 765 1568 821 in
1597 765 1925 838 baptismate
1954 775 2243 824 uterentur
2275 787 2290 836 ;
2330 775 2494 840 atque
2540 769 2674 825 adeo
2704 771 2847 827 nihil
2879 773 3139 839 vetuisse,
3169 771 3405 845 quomi-

109 875 214 916 nus
265 860 577 930 haereticos,
616 862 714 934 qui
745 861 1046 918 catholicos
1092 862 1518 935 rebaptizabant,
1576 862 1623 919 is
1654 863 1960 933 impeteret.
1993 858 2259 915 Secundae
2310 858 2608 930 objectioni
2651 861 2959 917 satisfacere
2987 861 3094 917 sibi
3125 860 3407 930 videntur,

107 949 155 1006 si
187 960 552 1009 memoratum
606 951 837 1008 honoris
871 954 1094 1009 titulum
1138 962 1461 1025 argumento
1486 970 1603 1010 esse
1642 951 1968 1026 negaverint
2005 957 2255 1007 sanctum
2287 950 2660 1021 Augustinum
2682 951 2749 1007 de
2798 952 3007 1007 Hilario
3048 953 3398 1010 Luciferiano

109 1040 499 1112 accipiendum
528 1057 540 1094 :
579 1042 676 1099 sed
708 1042 891 1114 potius
935 1041 1179 1098 indidem
1233 1041 1642 1114 conjiciendum
1685 1057 1802 1099 esse
1850 1049 1946 1098 aut
1972 1041 2272 1099 diaconum
2314 1041 2476 1096 illum
2506 1039 2867 1097 secessionem
2896 1055 3178 1112 nunquam
3204 1040 3398 1098 fecisse

104 1129 177 1185 ab
216 1131 478 1186 universa
534 1130 782 1187 Ecclesia
832 1139 1046 1187 servata
1078 1130 1345 1186 nimirum
1398 1148 1523 1187 cum
1574 1129 1819 1202 ejusdem
1876 1134 2054 1205 capite
2093 1132 2255 1189 beato
2291 1135 2526 1188 Damaso
2582 1147 2713 1204 pace
2760 1140 2814 1187 et
2849 1131 3278 1188 communione:
3319 1139 3414 1187 aut

106 1222 295 1295 ipsum
345 1223 563 1280 tandem
621 1222 937 1294 priusquam
969 1237 999 1278 e
1027 1221 1176 1278 vivis
1203 1221 1512 1291 excederet,
1547 1222 1607 1278 in
1651 1222 1879 1294 gratiam
1926 1222 2152 1280 rediisse
2196 1239 2323 1280 cum
2351 1222 2660 1281 catholicis.
2702 1222 2908 1280 Verum
2973 1221 3291 1295 hujusmodi
3320 1239 3416 1279 re—

114 1327 329 1384 sponso
363 1313 522 1385 plane
549 1310 859 1368 contrarius
884 1319 966 1367 est
1000 1310 1372 1383 Hieronymus
1399 1330 1413 1378 ;
1456 1310 1658 1384 quippe
1688 1313 1783 1385 qui
1827 1312 1895 1369 de
1946 1314 2158 1370 Hilario
2202 1329 2313 1369 non
2341 1322 2604 1386 tanquam
2645 1312 2713 1368 ab
2742 1312 3013 1386 episcopis
3054 1313 3285 1386 aliquot,
3320 1321 3417 1370 aut

116 1408 343 1457 tantum
391 1402 456 1457 ad
506 1408 742 1473 tempus,
788 1398 883 1456 sed
913 1400 981 1456 ab
1011 1399 1163 1455 omni
1191 1400 1466 1457 catholica
1494 1401 1776 1471 societate,
1808 1420 1871 1461 ac
1917 1420 2014 1477 per
2045 1405 2366 1462 universum
2394 1404 2523 1460 vitae
2567 1403 2907 1460 curriculum
2936 1410 3184 1475 separato
3214 1404 3414 1477 loqua-

118 1499 215 1547 tur
245 1491 482 1562 (Dialog.
512 1490 638 1548 adv.
688 1490 952 1559 Luci/en,
984 1497 1107 1563 post
1154 1490 1351 1563 med).
1407 1490 1611 1549 Contra
1648 1491 1792 1550 hanc
1838 1494 2159 1567 opinionem
2212 1494 2270 1550 id
2309 1495 2476 1551 etiam
2525 1492 2676 1561 facit,
2718 1491 2865 1565 quod
2912 1492 3177 1561 Hilarius,
3226 1498 3415 1565 utpote

104 1582 368 1639 Romanae
398 1581 655 1638 Fcclesiai
704 1580 993 1649 diaconus,
1034 1580 1102 1638 de
1151 1581 1340 1638 eadem
1388 1598 1499 1638 non
1528 1583 1688 1656 quasi
1718 1583 2040 1655 peregrinus
2075 1590 2171 1639 aut
2216 1582 2430 1638 alienus
2462 1583 2681 1639 locutus
2708 1588 2867 1637 esset.
2898 1580 3020 1648 Quo
3068 1581 3219 1637 enim
3258 1589 3417 1655 pacto

104 1675 177 1732 de
225 1692 323 1733 sua
367 1674 613 1733 Ecclesia
644 1673 914 1747 potuisset
949 1674 1229 1732 scribere:
1290 1676 1444 1731 Nunc
1492 1682 1684 1747 septem
1728 1673 1978 1730 diaconos
2018 1690 2125 1728 esse
2153 1678 2377 1744 oportet,
2408 1677 2456 1726 et
2501 1671 2807 1742 aliquantos
2837 1671 3189 1742 presbyteros,
3219 1680 3280 1728 ut
3307 1672 3418 1728 bini

105 1765 217 1820 sint
253 1782 352 1837 per
385 1764 648 1821 Ecclesias
684 1764 775 1834 (In
803 1762 979 1835 Epist.
1028 1763 1061 1817 Ι
1088 1764 1161 1819 ad
1196 1763 1422 1820 Timoth.
1468 1780 1587 1837 cap.
1622 1765 1709 1836 ιιι)
1738 1765 1767 1822 7
1813 1764 2037 1821 Etenim
2066 1779 2217 1831 cum,
2249 1762 2556 1835 imperante
2579 1760 2922 1818 Diocletiano
2951 1761 3160 1834 (Optat.
3192 1762 3290 1819 lib.
3325 1763 3413 1835 ιι).

101 1854 221 1927 jam
253 1854 494 1912 basilicae
533 1853 897 1927 quadraginta
947 1860 1129 1910 essent
1167 1853 1241 1909 in.
1258 1852 1425 1923 Urbe,
1482 1869 1595 1909 non
1632 1854 1937 1925 aliquantos
1978 1853 2331 1925 presbyteros,
2380 1850 2476 1909 sed
2533 1860 2596 1910 ut
2635 1850 2931 1909 minimum
2978 1851 3258 1925 octoginta
3298 1851 3441 1909 illic-

107 1942 359 2001 ordinari
390 1959 608 2001 necesse
636 1951 777 2000 erat.

182 2033 296 2090 Nec
336 2032 563 2089 dubium
603 2040 685 2090 est
718 2031 854 2106 quin
909 2030 994 2087 hae
1049 2031 1181 2104 ipsas
1227 2048 1403 2089 causa;
1458 2032 1684 2089 Petavio
1712 2034 1771 2089 in
1802 2039 2044 2089 mentem
2075 2030 2421 2101 induxerint,
2452 2038 2515 2087 ut
2552 2030 2736 2087 eadem
2771 2029 3177 2089 Commentaria
3206 2028 3417 2088 Hilario

106 2123 338 2198 quidem
365 2130 661 2197 arrogaret,
691 2121 785 2179 sed
815 2121 911 2178 alii
940 2139 972 2177 a
1002 2121 1373 2191 Luciferiano,
1406 2123 1659 2196 quisquis
1686 2122 1909 2179 demum
1939 2122 2034 2178 ille
2063 2121 2252 2179 fuerit.
2285 2122 2358 2178 Et
2384 2136 2513 2178 sane
2545 2120 2853 2194 (Ughellus,
2888 2121 3017 2177 Ital.
3040 2136 3180 2177 sacr.
3209 2128 3347 2178 tom.
3369 2123 3417 2187 Ι,

106 2221 255 2287 part.
284 2209 369 2282 “ιι,
402 2229 523 2285 pag.
556 2213 614 2283 6)
645 2220 707 2269 ut
752 2210 1023 2268 Hilarium
1068 2211 1171 2267 sub
1213 2213 1449 2268 Damaso
1504 2229 1617 2269 non
1671 2212 1997 2270 haberemus
2052 2213 2372 2287 Papiensem
2423 2213 2759 2286 episcopum,
2799 2213 3088 2271 sanctitate
3133 2219 3187 2269 et
3213 2214 3330 2270 zelo
3359 2214 3417 2270 in

106 2304 352 2361 Arianos
380 2305 614 2374 clarum,
645 2303 734 2362 cui
776 2303 916 2360 forte
946 2304 1044 2360 illa
1073 2312 1302 2377 possunt
1332 2304 1554 2373 ascribi,
1587 2310 1883 2378 supersunt
1919 2303 2103 2360 adhuc
2142 2303 2331 2359 multae
2361 2302 2710 2374 scriptiones,
2743 2317 2981 2375 quorum
3010 2308 3259 2361 auctores
3286 2310 3419 2359 tan-

110 2400 232 2449 tum
289 2401 697 2466 cognoscuntur
747 2391 974 2449 nomine
1029 2400 1212 2461 tenus,
1249 2409 1496 2467 quosque
1544 2393 1766 2466 penitus
1795 2392 2196 2466 ignoraremus,
2254 2392 2365 2448 nisi
2404 2391 2625 2449 eosdem
2678 2390 2747 2448 ab
2798 2392 2908 2448 alio
2944 2392 3110 2450 semel
3139 2393 3418 2449 nominari

108 2502 245 2543 casu
273 2486 611 2558 contigisset.
664 2484 902 2552 Verum,
936 2485 1065 2542 licet
1109 2485 1417 2542 universim
1451 2486 1637 2558 negari
1677 2487 1782 2541 ista
1832 2491 2129 2557 nequeant,
2163 2490 2391 2555 possunt
2438 2490 2623 2537 tamen
2673 2482 2786 2537 illis
2814 2481 3018 2554 opponi
3049 2481 3418 2554 Augustinum

108 2583 308 2634 contra
337 2575 656 2647 Pelagianos
699 2574 964 2632 acerrime
1001 2574 1288 2647 originalis
1327 2575 1503 2648 culpas
1542 2575 1852 2632 doctrinam
1900 2575 2290 2645 impugnantes
2329 2589 2440 2628 non
2480 2589 2709 2628 usurum
2761 2572 2927 2628 fuisse
2958 2572 3277 2629 testimonio
3303 2572 3421 2645 ejus

107 2674 377 2733 auctoris,
407 2665 501 2737 qui
531 2665 706 2721 sicubi
763 2682 882 2722 eam
938 2666 1159 2722 videtur
1188 2682 1500 2737 agnoscere,
1534 2665 1830 2739 aliquando
1862 2674 2043 2720 tamen
2073 2662 2403 2720 contrariam
2442 2678 2552 2733 prae
2586 2678 2641 2715 se
2673 2661 2812 2715 fert:
2847 2660 3051 2733 quique
3103 2671 3286 2735 aperte
3312 2663 3423 2718 Pe-

110 2754 349 2827 lagianis
379 2754 561 2810 favere
617 2771 649 2809 a
695 2753 1034 2823 gravissimis
1062 2762 1116 2809 et
1146 2755 1549 2827 probatissimis
1604 2756 1874 2829 theologis
1914 2755 2288 2821 existimatur,
2319 2760 2372 2807 et
2404 2768 2517 2807 uno
2547 2752 2737 2806 saltem
2771 2751 2892 2806 loco
2922 2752 3206 2808 manifeste
3235 2752 3421 2808 Semi—

117 2844 444 2916 pelagianus
472 2843 862 2915 pronuntiatur
889 2860 920 2899 a
948 2844 1261 2900 Iustiniano
1297 2861 1326 2901 e
1356 2853 1613 2901 socretate
1651 2847 1775 2902 .lesu
1812 2847 1936 2901 viro
1966 2844 2289 2900 doctissimo
2322 2844 2637 2911 (Comment.
2680 2841 2732 2894 in
2771 2842 2941 2911 Epist.
2970 2843 3003 2897 Ι
3028 2843 3099 2897 ad
3133 2844 3257 2898 Cor.
3299 2859 3418 2915 cap.

114 2935 268 3004 xiv).
307 2932 449 3000 Quid
500 2932 546 2988 si
598 2931 708 2988 huc
757 2932 1119 3005 adjecerimus
1154 2945 1206 2990 et
1258 2935 1395 2990 alios
1426 2952 1636 2992 errores
1667 2935 1760 3007 qui
1820 2949 2018 3005 passnm
2061 2932 2256 2988 iisdem
2299 2932 2355 2986 in
2397 2929 2819 2988 Commentariis
2867 2929 3358 3002 deprehenduntur
3388 2930 3418 2987 Ῡ

112 3022 279 3080 Certe
310 3021 529 3078 defendi
556 3039 666 3079 non
713 3030 889 3096 potest
918 3040 1109 3080 eorum
1139 3033 1350 3093 auctor,
1381 3026 1514 3098 quin
1559 3043 1684 3082 cum
1717 3023 1953 3095 Origene
1984 3030 2214 3078 senserot
2240 3022 2351 3092 (Ex
2382 3022 2519 3076 Estii
2559 3020 2844 3075 Comment.
2878 3020 2935 3074 in
2970 3020 3143 3090 Epist.
3166 3020 3238 3075 ad
3270 3020 3414 3092 Eph.

109 3128 235 3185 cap.
275 3113 384 3182 ιιι),
419 3112 474 3168 in
517 3114 804 3169 voluntate
859 3113 1173 3170 daemonum
1223 3131 1338 3171 esse
1366 3115 1432 3170 ab
1486 3132 1669 3170 errore
1698 3116 1929 3172 rwsilire.
1963 3116 2328 3187 Exploratum
2359 3130 2575 3188 quoque
2616 3115 2772 3169 ulcus
2799 3123 2902 3180 est,
2929 3114 3076 3187 quod
3108 3117 3305 3171 marito
3343 3115 3425 3173 fas

110 3217 292 3275 usque
321 3217 437 3258 esse
460 3202 747 3259 contendit
793 3203 884 3273 (In
930 3204 1106 3274 Epist.
1161 3205 1194 3259 Ι
1227 3206 1299 3259 ad
1334 3205 1461 3260 Cor.
1490 3220 1610 3274 cap.
1644 3205 1775 3274 vu),
1804 3221 1979 3260 uxore
2017 3211 2240 3276 prepter
2269 3204 2603 3259 adulterium
2635 3202 2937 3273 repudiata,
2973 3204 3135 3258 aliam
3175 3203 3373 3260 ducere
3407 3226 3419 3263 :

110 3291 284 3348 uxori
317 3299 499 3348 autem
521 3291 591 3347 ab
630 3290 880 3345 adultero
910 3290 1142 3361 conjuge
1174 3298 1433 3363 separatae
1462 3307 1588 3346 cum
1633 3291 1742 3347 alio
1771 3294 1915 3348 inire
1946 3292 2267 3364 conjugium
2301 3292 2464 3347 licere
2493 3298 2674 3361 negat.
2708 3290 2814 3345 Sed
2844 3305 2944 3344 nec
2976 3290 3066 3344 illa
3085 3291 3252 3345 etiam
3291 3292 3423 3347 satis

106 3397 245 3438 sana
263 3389 418 3451 sunt,
442 3379 590 3455 quod
616 3378 818 3435 factam
843 3380 934 3449 (In
962 3380 1137 3449 Epist.
1166 3382 1198 3435 Ι
1214 3381 1286 3435 ad
1319 3381 1444 3436 Cor.
1477 3396 1595 3452 cap.
1628 3397 1685 3435 γι
1714 3390 1768 3438 et
1802 3399 1922 3450 xiv,
1949 3391 2002 3438 et
2028 3381 2085 3435 in
2107 3380 2284 3453 Dpist.
2309 3382 2381 3436 ad
2414 3379 2614 3436 Coloss.
2647 3395 2766 3452 cap.
2800 3380 2886 3451 ιιι)
2919 3378 2986 3435 ad
3007 3379 3300 3452 imaginem
3323 3379 3424 3437 Dei

105 3472 408 3529 mulierem
442 3486 590 3537 esse;
624 3468 908 3543 episcopos
934 3469 1271 3542 superiorem
1302 3467 1635 3542 presbyteris
1665 3469 1893 3541 gradum
1926 3472 2176 3528 obtinere
2207 3472 2298 3543 (In
2327 3470 2503 3543 Epist.
2527 3470 2599 3526 ad
2627 3471 2768 3541 Eph.
2802 3484 2921 3541 cap.
2955 3469 3062 3540 ιν),
3093 3479 3187 3527 aut
3206 3468 3424 3528 diversa

105 3561 338 3619 institui
362 3559 710 3617 ordinatione
727 3558 1044 3626 inﬁciatur;
1078 3567 1131 3616 et
1152 3559 1400 3633 quaedam
1422 3558 1531 3614 alia
1547 3561 1830 3616 communi
1851 3561 2252 3618 catholicorum
2280 3559 2463 3616 sensui
2494 3558 2679 3614 minus
2698 3574 2941 3632 congrua
2966 3558 3200 3615 subinde
3230 3559 3418 3618 trahit.

178 3653 478 3719 Praeterea,
514 3649 729 3706 etiamsi
788 3650 962 3706 multa
1008 3649 1123 3705 sint
1176 3665 1297 3722 quas
1344 3648 1413 3705 ad
1460 3648 1853 3708 vindicandam
1908 3649 2041 3707 huic
2083 3649 2234 3722 operi
2277 3647 2525 3706 eamdem
2575 3665 2702 3705 cum
2750 3649 2985 3705 Damaso
3032 3649 3417 3723 antiquitatem

106 3744 298 3799 favere
327 3741 645 3810 videantur,
676 3741 733 3797 in
783 3757 849 3797 eo
878 3756 1095 3815 quoque
1145 3748 1445 3797 occurrunt
1499 3741 1628 3810 alia,
1669 3756 1740 3798 ex
1769 3740 1972 3814 quibus
2028 3741 2087 3797 in
2131 3748 2346 3797 aetatem
2398 3741 2576 3796 multo
2629 3740 2989 3813 posteriorem
3033 3740 3187 3812 rejici
3224 3742 3417 3814 possit.

106 3830 179 3888 Ut
220 3830 372 3887 enim
406 3829 496 3886 hic
542 3829 864 3886 omittamus
910 3830 1129 3885 nullum
1179 3828 1503 3885 Latinorum
1557 3829 1618 3886 in
1662 3828 1819 3884 Pauli
1872 3828 2148 3903 Epistolas
2192 3838 2553 3903 praeterquam
2606 3828 2882 3887 Victorini
2951 3827 3421 3885 Commentarium

105 3921 339 3995 agnosci
367 3919 435 3976 ab
465 3919 803 3992 Hieronymo
831 3919 889 3975 in
932 3919 1258 3976 Auctoribus
1295 3919 1701 3989 Ecclesiasticis,
1734 3919 1966 3977 minime
1994 3919 2256 3978 abhorret
2286 3937 2319 3977 a
2367 3918 2662 3976 verisimili
2691 3919 2931 3992 plurima
2970 3918 3029 3973 in
3056 3917 3221 3974 hosce
3252 3918 3422 3976 libros

106 4028 180 4067 ex
219 4009 553 4083 Augustino,
582 4009 979 4082 Chrysostomo
1008 4017 1062 4065 et
1104 4007 1444 4082 Hieronymo
1478 4009 1744 4065 translata
1802 4026 1953 4079 esse;
2000 4011 2113 4068 imo
2139 4010 2331 4079 etiam,
2377 4009 2528 4084 quod
2568 4009 2862 4065 observatu
2907 4022 3037 4063 sane
3062 4006 3291 4080 dignum
3316 4017 3418 4072 est.

104 4116 177 4156 ex
209 4100 312 4155 illo
342 4100 460 4173 ipso
511 4106 943 4158 commentatore
989 4096 1150 4170 cujus
1204 4098 1542 4167 lucubratio,
1590 4097 1660 4155 ad
1708 4100 1915 4156 calcem
1972 4116 2202 4173 operum
2239 4097 2566 4172 Hieronymi
2597 4096 2766 4167 edita,
2798 4095 3005 4169 Pelagii
3029 4110 3144 4152 esse
3174 4111 3205 4151 a
3230 4096 3422 4155 multis

103 4189 453 4263 perhibetur.
486 4189 710 4245 Etenim
745 4205 871 4246 cum
900 4188 1013 4245 sint
1051 4187 1162 4245 loci
1191 4204 1305 4244 non
1331 4187 1490 4260 pauci
1539 4187 1635 4260 qui
1664 4190 1899 4247 totidem
1929 4191 2114 4248 verbis
2159 4192 2413 4263 legantur
2451 4190 2510 4246 in
2545 4197 2782 4263 utroque
2810 4186 3226 4256 commentario,
3259 4196 3421 4264 atque

105 4279 250 4336 adeo
281 4277 516 4334 alterum
546 4279 615 4335 ab
642 4279 815 4334 altero
840 4284 1035 4335 mutuo
1062 4276 1357 4350 sumpsisse
1384 4293 1497 4332 non
1534 4278 1607 4333 sit
1635 4277 1889 4350 dubium,
1922 4282 2107 4338 minus
2140 4280 2423 4355 probabile
2449 4281 2833 4339 existimamus
2861 4280 3417 4355 Hieronymiastrum,

107 4368 208 4442 qui
261 4376 376 4425 tam
426 4368 611 4425 brevis
644 4383 708 4425 ac
754 4368 1008 4425 concisus
1061 4375 1166 4436 est,
1196 4384 1265 4424 ex
1295 4366 1703 4425 Ambrosiastro
1730 4369 1980 4443 quaedam
2012 4370 2293 4444 petivisse,
2322 4387 2486 4445 quam
2506 4387 2536 4427 e
2563 4386 2851 4429 converso.
2901 4370 2990 4427 Ad
3048 4370 3167 4428 haec
3194 4369 3419 4444 insuper

108 4458 308 4516 licebit
338 4456 634 4530 adjungere
664 4458 731 4514 ab
759 4456 867 4514 hoc
895 4464 1122 4514 auctore
1148 4472 1260 4512 non
1288 4456 1503 4513 minore
1549 4456 1733 4514 studio
1781 4459 2000 4532 probari
2040 4460 2326 4518 Christum
2368 4460 2668 4518 Dominum
2699 4460 2993 4534 adoptione
3032 4475 3144 4516 non
3173 4475 3288 4516 esse
3317 4452 3419 4516 Dei

109 4550 345 4618 Filium,
378 4566 541 4623 quam
569 4549 615 4606 si
638 4557 762 4622 post
799 4564 1011 4606 errores
1040 4548 1237 4605 Felicis
1265 4556 1429 4623 atque
1458 4550 1718 4622 Elipandi
1747 4549 2054 4622 scripsisset
2076 4551 2166 4623 (In
2189 4550 2364 4624 Epist.
2398 4552 2471 4608 ad
2500 4551 2762 4625 Philipp,
2794 4567 2914 4625 cap.
2949 4563 3037 4623 ιι).

182 4640 307 4697 Illis
337 4648 647 4712 temporum
677 4640 1007 4698 differentiis
1053 4642 1100 4697 si
1147 4640 1425 4698 addideris
1473 4643 1802 4699 nonnullam
1832 4642 1891 4699 in
1919 4642 2262 4700 diversarum
2293 4642 2651 4716 epistolarum
2682 4642 3128 4715 expositionibus
3148 4643 3413 4704 dictionis

108 4748 174 4789 ac
203 4731 491 4788 sententiae
522 4748 684 4804 super
712 4734 901 4791 eadem
955 4733 1183 4791 materia
1231 4733 1683 4806 discrepantiam,
1717 4748 1933 4791 necnon
1988 4733 2295 4791 disserendi
2342 4733 2508 4791 modo
2557 4734 2853 4791 fusissime.
2889 4732 3052 4788 modo
3080 4734 3416 4790 contractis-

108 4822 252 4877 sime
281 4820 730 4895 inaequalitatem,
763 4823 869 4881 erit
896 4823 1129 4881 forsitan
1158 4824 1252 4897 qui
1282 4823 1529 4896 ejusdem
1559 4840 1754 4880 manus
1783 4823 1971 4879 omnia
2031 4822 2150 4879 haec
2193 4822 2589 4880 commentaria
2617 4837 2732 4877 esse
2761 4820 3068 4887 dissentiat,
3099 4831 3194 4878 aut
3220 4824 3414 4880 saltem

106 4910 176 4967 ad
208 4926 542 4983 quempuam
573 4911 890 4985 bujusmodi
922 4914 1333 4986 compilatorem
1365 4914 1650 4971 referenda
1677 4919 1945 4977 autumet,
1972 4911 2067 4986 qui
2114 4912 2172 4966 in
2196 4911 2466 4967 metendis
2486 4909 2655 4965 variis
2675 4908 2951 4979 operibus,
2975 4924 3208 4982 quorum
3241 4911 3415 4971 multa

108 4998 521 5066 interciderint,
551 5001 762 5076 aliquas
788 5002 1055 5075 temporis
1101 5002 1443 5075 singulorum
1476 5012 1635 5060 notas
1688 5002 1764 5059 ita
1799 5000 2112 5069 retinuerit,
2155 5009 2217 5056 ut
2269 5000 2354 5056 sui
2409 5000 2614 5071 pariter
2651 4997 2754 5053 aevi
2806 4999 3102 5057 nonnullas
3129 5000 3408 5076 adjecerit.

108 5089 322 5147 Verum
380 5090 670 5163 quantavis
725 5091 1022 5149 difficultas
1073 5092 1145 5148 sit
1193 5092 1253 5147 in
1294 5092 1627 5165 assignanda
1654 5093 1773 5148 sive
1802 5090 2063 5158 auctoris,
2096 5089 2213 5145 sive
2251 5089 2431 5161 operis
2461 5087 2809 5161 antiquitate,
2842 5104 3008 5146 manu
3037 5101 3278 5161 exarata,
3309 5109 3414 5149 eo-

110 5179 367 5237 rumdem
398 5179 928 5240 Commentariorum
978 5182 1285 5250 volumina,
1332 5182 1476 5240 sicut
1522 5192 1575 5239 et
1604 5182 1905 5255 scriptores
1933 5198 1963 5238 a
1992 5180 2193 5254 quibus
2229 5179 2396 5236 citata
2441 5176 2752 5250 expilatave
2780 5180 3149 5253 reperiuntur,
3182 5183 3408 5256 planum

110 5268 324 5326 faciunt
351 5270 558 5328 eisdem
589 5281 805 5346 tempus
832 5274 1033 5331 saeculo
1061 5285 1258 5331 octavo
1287 5274 1562 5345 posterius
1588 5272 1897 5346 adjudicari
1926 5272 2245 5345 neutiquam
2276 5286 2451 5343 posse.

176 5360 305 5418 Non
325 5359 560 5418 deerunt
588 5363 837 5432 fortasse,
871 5364 965 5437 qui
992 5365 1323 5421 sententiam
1345 5371 1587 5420 nostram
1619 5364 1759 5420 scire
1787 5369 1986 5420 aveant
2012 5362 2080 5418 de
2107 5368 2329 5417 auctore
2361 5359 2717 5429 Quastionum
2745 5358 2884 5418 Novi
2911 5365 2959 5416 et
2995 5358 3187 5418 Veteris
3222 5361 3408 5430 Testa-,-

107 5451 296 5519 menti,
322 5466 486 5525 quem
509 5467 635 5508 cum
666 5452 1074 5509 Ambrosiastro
1101 5452 1357 5509 eumdem
1400 5465 1517 5508 esse
1565 5451 1727 5508 multi
1771 5458 1893 5525 post
1942 5450 2229 5524 theologos
2272 5450 2664 5517 Lovanienses,
2694 5466 2728 5506 a
2755 5448 2959 5523 quibus
2989 5449 3157 5507 iidem
3189 5450 3317 5508 libri
3348 5451 3407 5509 in

108 5541 473 5617 appendicem
510 5560 738 5617 operum
771 5542 947 5601 sancti
974 5544 1270 5618 Augustini
1303 5543 1464 5616 (tom.
1491 5542 1586 5612 III,
1617 5551 1759 5617 part.
1794 5542 1836 5616 ι)
1866 5542 2055 5616 rejecti
2084 5542 2259 5612 fuere,
2285 5544 2538 5603 arbitrati
2572 5549 2720 5602 sunt.
2753 5543 2962 5601 Verum
2992 5560 3112 5618 quae
3142 5543 3407 5603 hactenus

108 5633 543 5708 disputavimus,
573 5636 707 5693 satis
734 5633 1034 5693 ostendunt
1069 5635 1138 5693 de
1190 5635 1296 5692 hac
1341 5648 1401 5690 re
1436 5640 1673 5693 statuere
1714 5649 1829 5692 non
1876 5650 1993 5692 esse
2038 5634 2301 5707 proclivis
2329 5635 2558 5709 negotii.
2598 5632 2964 5692 Proferuntur
2989 5632 3215 5708 quidem
3244 5635 3405 5708 longe

110 5725 376 5797 plurima,
407 5740 532 5798 quae
562 5724 621 5781 in
649 5731 885 5797 utroque
914 5736 1077 5797 opere
1124 5722 1322 5781 iisdem
1352 5721 1558 5794 verbis,
1588 5723 1895 5798 iisdemque
1920 5723 2105 5782 citatis
2132 5723 2427 5799 Scripturae
2467 5724 2606 5781 locis
2632 5723 2692 5778 in
2725 5724 2917 5781 oculos
2945 5723 3232 5781 incurrant
3265 5739 3279 5778 :
3311 5721 3406 5779 sed
