3932 6210
485 285 553 340 47
1505 281 1596 335 ΑΙ)
1637 278 1871 335 OPERA
1909 278 1963 330 S.
2007 276 2089 331 AN

2211 272 2337 331 OSll
2378 273 2758 329 Al’l’ENDlX.
3722 272 3799 329 48

480 409 622 466 nihil
649 407 778 464 inde
809 408 996 480 colligi
1028 414 1228 480 potest,
1267 405 1376 461 nisi
1415 405 1532 462 haec
1558 405 1676 476 ipsa
1704 420 1773 459 ex
1811 402 1920 457 alio
1967 402 2025 456 in
2075 399 2225 455 aliud
2278 398 2603 470 transcripta
2659 413 2794 453 esse.
2848 397 3105 452 Attamen
3154 396 3328 469 magis
3370 396 3667 467 probabile
3706 408 3797 455 est

478 505 758 555 auctorem
792 497 1170 565 Qmestionum,
1205 495 1251 552 si
1282 502 1464 551 tamen
1495 510 1682 551 earum
1708 499 1901 548 auctor
1924 508 2069 552 unus
2094 505 2198 565 est,
2227 511 2352 551 cum
2384 493 2458 549 sit
2487 493 2545 547 in
2579 490 2864 547 tractando
2895 492 3071 547 multo
3107 490 3305 560 fusior,
3332 499 3389 548 et
3418 492 3796 550 Ambrosias-

478 585 553 640 tri
584 584 865 641 erroribus
894 585 1079 657 plures
1104 582 1368 655 adjecerit
1396 582 1501 640 sibi
1531 584 1800 655 proprios,
1834 584 2001 657 hujus
2031 602 2147 643 esse
2175 587 2616 658 compilatorern.

551 674 845 741 Caeterum,
875 690 1001 729 cum
1032 673 1215 745 negari
1248 679 1479 745 nequeat
1522 672 1653 727 huic
1694 673 1845 745 operi
1894 673 2195 732 utilitatem
2242 676 2419 731 inesse
2463 692 2639 742 suam,
2670 688 2906 746 cumque
2949 673 3017 729 ad
3063 672 3206 729 hanc
3257 690 3431 747 usque
3475 674 3795 731 editionem

480 765 664 821 locum
698 765 841 820 inter
871 764 1147 820 Ambrosii
1178 762 1668 819 commentationes
1698 763 2026 833 obtinuerit,
2055 783 2269 822 necnon
2302 766 2532 823 citatum
2564 765 2683 838 ejus
2713 764 2936 820 nomine
2964 765 3163 836 passim
3197 775 3480 832 occurrat;
3541 764 3600 821 in
3643 765 3797 822 hanc

482 853 951 925 Appendicem'eo
984 852 1265 907 lubentius
1303 850 1438 905 illud
1468 850 1815 919 admisimus,
1849 869 1957 924 quo
1997 854 2181 925 plures
2222 874 2350 913 mss.
2399 867 2555 914 erant
2600 858 2669 913 ad
2726 874 2972 924 manum,
3021 875 3255 930 quorum
3306 857 3557 913 subsidio
3603 858 3796 914 exiret

482 943 660 997 multo
714 943 1030 998 correctius.
1072 943 1219 997 Inter
1256 942 1391 996 alias
1417 949 1599 996 autem
1632 942 2045 999 emendationes
2072 947 2475 1017 amplissimum
2509 946 2874 1018 fragmentum
2907 946 2964 1001 in
2998 946 3106 1002 ﬁne
3142 948 3521 1003 Commentarii
3550 950 3798 1019 epistolas

480 1032 669 1103 prima:
689 1031 761 1086 ad
789 1030 1110 1096 Corinthios,
1143 1039 1198 1086 et
1228 1029 1285 1084 in
1315 1031 1595 1102 sequentis
1618 1030 1782 1087 initio
1812 1033 2177 1103 restituimus,
2209 1037 2367 1110 cujus
2390 1036 2663 1107 jacturam
2694 1053 2723 1092 e
2754 1035 2956 1092 lacinia
2986 1036 3384 1093 Commentarii
3417 1037 3795 1097 Pseudo-Hie-

480 1138 601 1179 ron.
636 1129 927 1177 resarserat
955 1121 1193 1194 scriptor
1216 1120 1511 1192 quispiam.

548 1210 978 1267 Admonendum
1018 1209 1185 1266 modo
1214 1219 1479 1282 superest,
1516 1210 1964 1268 Commentarium
1993 1216 2050 1270 in
2076 1216 2374 1287 Epistolam
2402 1216 2473 1271 ad
2498 1215 2741 1271 Hebrteos
2770 1231 2800 1271 a
2822 1214 2983 1270 nobis
3012 1232 3127 1271 esse
3156 1217 3605 1287 praetermissum.
3638 1218 3792 1275 Illud

478 1300 821 1372 antiquiores
850 1317 981 1356 mss.
1015 1316 1128 1356 non
1167 1310 1509 1371 agnoverunt
1538 1317 1715 1375 neque
1745 1302 2147 1359 Amerbachius
2176 1320 2352 1375 neque
2383 1305 2659 1360 Erasmus.
2695 1303 2832 1361 Cum
2865 1320 2996 1358 vero
3026 1303 3093 1358 ab
3125 1302 3194 1360 iis
3231 1304 3325 1377 qui
3370 1312 3557 1376 postea
3592 1321 3790 1362 curam

479 1390 863 1448 Ambrosianm
891 1389 1026 1447 edit.
1058 1406 1365 1463 suscepere,
1398 1390 1700 1448 admissum
1731 1400 1890 1463 esset,
1923 1392 2058 1449 adeo
2097 1410 2206 1449 non
2259 1392 2456 1450 fefellit
2500 1393 2651 1449 viros
2690 1392 2890 1464 judicii
2940 1392 3280 1459 eruditioris,
3329 1401 3391 1448 ut
3437 1409 3505 1448 ne
3559 1393 3792 1466 quidem

482 1479 729 1551 ejusdem
758 1480 1021 1548 auctoris,
1051 1480 1142 1536 cui
1173 1478 1502 1536 tribuuntur
1532 1481 1832 1554 superiora,
1864 1499 1980 1539 esse
2012 1480 2349 1546 crederetur,
2378 1480 2555 1536 multo
2584 1480 2754 1553 igitur
2783 1481 2969 1537 minus
2996 1479 3240 1536 doctoris
3268 1480 3465 1537 nostri.
3494 1481 3568 1537 Et
3596 1498 3795 1540 revera

481 1567 626 1623 nihil
656 1566 806 1624 aliud
835 1574 937 1635 est,
969 1583 1131 1639 quam
1164 1583 1357 1639 parum
1385 1566 1597 1640 digesta
1625 1569 1845 1625 Patrum
1893 1570 2106 1643 aliquot
2152 1571 2490 1643 compilatio,
2540 1588 2659 1644 quae
2704 1588 2831 1628 cum
2875 1570 3112 1643 amplior
3157 1571 3303 1627 inter
3353 1586 3519 1644 opera
3574 1570 3792 1630 Rabani

480 1656 655 1715 Mauri
686 1657 909 1729 vulgata
936 1656 1126 1724 fuerit,
1157 1656 1344 1729 ibique
1382 1657 1727 1729 singulorum
1776 1659 2207 1731 fragmentorum
2236 1669 2485 1718 auctores
2523 1677 2552 1717 e
2588 1662 2810 1734 regione
2840 1662 3016 1734 legere
3062 1659 3246 1729 liceat,
3281 1659 3427 1717 nihil
3460 1676 3579 1717 esse
3606 1678 3792 1720 causae

481 1746 643 1804 nobis
670 1747 855 1803 visum
888 1753 971 1802 est
1001 1760 1101 1802 cur
1128 1759 1192 1800 ea
1220 1744 1279 1800 in
1307 1744 1605 1802 editionem
1637 1755 1881 1804 nostram
1912 1748 2268 1823 reciperetur.

1272 2028 2988 2206 COMMENTARIA

695 2306 867 2455 IN
979 2304 1236 2456 XII
1356 2304 2277 2460 EPISTOLAS
2389 2305 2894 2455 BEATI
3015 2306 3582 2457 PAULI.

1112 2688 1249 2775 IN
1338 2688 2105 2776 EPISTOLAM
2193 2689 2358 2774 AD
2450 2690 3156 2780 ROMANOS.

1068 2972 1455 3032 PROLOGUS.
2111 2978 2163 3040 Α
2191 2977 2533 3050 spiritualem
2577 2981 2675 3039 Dei
2723 2981 2952 3055 gratiam
3009 2988 3349 3050 consecutos,
3405 2997 3468 3041 ac
3523 2998 3626 3055 per
3683 2985 3794 3044 hoc

573 3066 670 3128 25
699 3068 771 3128 Ut
799 3084 984 3127 rerum
1010 3071 1211 3128 notitia
1240 3071 1508 3129 habeatur
1535 3072 1770 3146 plenior,
1816 3072 2088 3147 principia
2195 3067 2671 3127 conﬁrmationem
2704 3072 2783 3127 eis
2810 3071 3013 3128 deesse.
3050 3072 3117 3126 Hi
3157 3078 3288 3128 sunt
3333 3071 3428 3144 qui
3479 3081 3535 3129 et
3575 3075 3802 3135 Galatas

492 3176 680 3218 earum
721 3159 1048 3234 requirenda
1089 3171 1218 3219 sunt
1272 3162 1458 3235 prius;
1517 3170 1653 3220 tunc
1707 3162 1854 3219 enim
1912 3171 2088 3236 potest
2196 3158 2601 3228 subverterant,
2629 3169 2690 3217 ut
2718 3177 2748 3216 a
2791 3160 3087 3218 traditione
3138 3160 3512 3234 apostolorum
3561 3168 3803 3226 recede-
3886 3170 3887 3193 ³

488 3250 710 3308 facilius
738 3267 915 3307 causa;
945 3251 1087 3307 ratio
1134 3249 1423 3321 declarari,
1460 3251 1506 3307 si
1546 3250 1665 3324 ejus
1715 3252 1870 3325 origo
1916 3252 2085 3308 disca-
2198 3256 2325 3305 rent
2354 3248 2437 3320 (3)
2476 3267 2486 3303 :
2534 3250 2736 3323 quibus
2783 3249 2907 3306 ideo
2966 3250 3224 3307 irascitur
3286 3252 3609 3324 Apostolus,
3665 3256 3801 3328 quia

486 3351 580 3400 tur
612 3342 693 3415 (l)
733 3359 745 3397 :
797 3359 923 3399 cum
955 3340 1103 3398 enim
1133 3342 1377 3414 epistolae
1409 3340 1548 3397 datae
1579 3341 1803 3398 modum
1834 3350 1891 3398 et
1922 3342 2086 3399 ratio-

2196 3335 2346 3393 docti
2378 3338 2538 3408 bene,
2572 3339 2732 3396 facile
2759 3339 3067 3395 transducti
3100 3340 3336 3396 fuerant.
3375 3341 3641 3398 Romanis
3691 3361 3802 3401 au-
3886 3338 3887 3349 “

487 3450 614 3490 nem
645 3432 1070 3500 ostenderimus,
1116 3439 1295 3503 potest
1343 3448 1533 3487 verum
1581 3431 1783 3495 videri,
1813 3432 1961 3506 quod
1990 3432 2087 3489 di-

489 3522 688 3579 cimus.
746 3521 976 3578 Constat
1050 3519 1236 3594 itaque
1307 3521 1647 3593 temporibus
1712 3524 2085 3596 apostolorum

490 3608 731 3677 Judaeos,
760 3605 1048 3680 propterea
1075 3608 1221 3679 quod
1247 3608 1350 3665 sub
1381 3626 1546 3682 regno
1578 3612 1821 3669 Romano
1844 3620 2083 3686 agerent,

493 3699 682 3755 Romae
735 3696 1056 3754 habitasse:
1113 3714 1183 3753 ex
1226 3697 1428 3770 quibus
1471 3698 1529 3754 bi
1576 3701 1671 3774 qui
1719 3702 2086 3770 crediderant,

493 3786 843 3845 tradiderunt
878 3786 1139 3844 Romanis
1186 3793 1248 3842 ut
1302 3785 1583 3845 Christum
1634 3791 1971 3863 proﬁtentes,
2014 3791 2087 3845 le-

494 3894 614 3951 gem
643 3884 926 3934 servarent
959 3892 971 3930 :
1004 3875 1236 3933 Romani
1267 3886 1469 3948 autem,
1504 3879 1692 3936 audita
1724 3882 1868 3937 fama
1897 3880 2088 3934 virtu-

493 3976 613 4023 tum
672 3966 904 4035 Christi,
961 3965 1150 4023 faciles
1202 3966 1270 4023 ad
1328 3968 1663 4027 credendum
1722 3970 1948 4025 fuerunt
1980 3968 2085 4039 (2),

492 4063 683 4130 utpote
748 4055 1044 4128 prudentes
1088 4072 1100 4111 :
1148 4072 1249 4113 nec
1294 4056 1573 4115 immerito
1621 4057 1937 4131 prudentes,
1991 4057 2086 4130 qui

494 4148 635 4202 male
665 4144 882 4203 inducti
909 4145 1093 4202 statim
1126 4149 1357 4206 correcti
1387 4158 1540 4220 sunt,
1572 4157 1627 4206 et
1669 4154 2089 4221 permanserunt

493 4258 554 4298 1n
583 4258 667 4299 θο.

2196 3433 2307 3483 tem
2342 3427 2503 3484 irasci
2537 3445 2647 3483 non
2682 3428 2893 3496 debuit,
2932 3428 3025 3484 sed
3064 3436 3119 3483 et
3166 3429 3389 3485 laudare
3439 3430 3607 3486 ﬁdem
3658 3432 3803 3489 illo—

2197 3531 2321 3571 rum
2353 3532 2364 3569 :
2402 3516 2550 3587 quia,
2606 3516 2759 3571 nulla
2813 3516 3052 3587 insignia
3098 3516 3367 3573 virtutum
3400 3518 3675 3588 videntes,
3705 3538 3805 3579 nec

2197 3604 2434 3675 aliquem
2468 3604 2863 3675 apostolorum,
2890 3612 3240 3674 susceperant
3254 3604 3420 3661 fidem
3453 3606 3661 3665 Christi
3692 3611 3804 3666 ritu

2197 3691 2327 3747 licet
2356 3691 2602 3759 Iudaico,
2634 3690 2689 3744 in
2721 3690 2904 3747 verbis
2934 3693 3116 3764 potius
3144 3710 3306 3766 quam
3339 3695 3397 3750 in
3427 3712 3593 3754 sensu
3618 3717 3631 3765 ;
3692 3717 3803 3757 non

2197 3780 2345 3836 enim
2394 3779 2707 3852 expositum
2759 3780 2873 3835 illis
2912 3780 3091 3837 fuerat
3132 3784 3459 3855 mysterium
3493 3786 3576 3858 (4)
3619 3790 3807 3846 crucis

2197 3870 2425 3928 Christi.
2484 3871 2774 3942 Propterea
2826 3871 3153 3945 quibusdam
3208 3873 3661 3947 advenientibus,
3710 3879 3805 3953 qui

2197 3969 2342 4016 recte
2373 3959 2721 4016 crediderant
2745 3961 2850 4033 (5),
2866 3962 2933 4018 de
2954 3962 3166 4019 edenda
3186 3979 3347 4020 carne
3374 3972 3428 4020 et
3457 3982 3569 4021 non
3591 3968 3808 4025 edenda

2198 4050 2529 4124 quaestiones
2547 4049 2769 4119 ﬁebant;
2796 4060 2849 4108 et
2870 4063 3187 4122 utrumnam
3209 4070 3330 4126 spes
3353 4072 3473 4129 quae
3494 4056 3554 4112 in
3578 4058 3805 4117 Christo

2197 4152 2298 4211 est,
2332 4143 2628 4212 sufﬁceret,
2660 4151 2755 4200 aut
2782 4153 2836 4201 et
2867 4146 2957 4201 lex
2982 4144 3257 4202 servanda
3284 4154 3447 4204 esset.

2268 4236 2515 4304 Quatuor
2563 4237 2733 4309 igitur
2778 4239 2957 4295 modis
3003 4239 3201 4296 scribit
3233 4240 3517 4312 Romanis,
3564 4261 3807 4318 arguens

566 4331 634 4387 Hi
666 4348 797 4404 ergo
824 4347 894 4387 ex
922 4331 1143 4403 ludatis,
1186 4341 1247 4390 ut
1295 4333 1458 4390 datur
1504 4334 1763 4406 intelligi,
1804 4332 2088 4390 credentes
2116 4341 2163 4402 Β
2198 4326 2265 4384 ab
2297 4328 2460 4384 initio
2488 4345 2659 4401 genus
2689 4328 2979 4386 hominum
3011 4330 3243 4403 physica
3273 4332 3522 4401 ratione;
3563 4334 3621 4391 hi
3653 4339 3806 4394 enim

493 4422 736 4492 Christo,
779 4440 889 4480 non
940 4426 1280 4499 accipiebant
1330 4428 1507 4483 Deum
1556 4440 1672 4480 esse
1700 4424 1767 4480 de
1797 4427 1932 4494 Deo,
1973 4441 2087 4497 pu—

492 4523 673 4574 tantes
700 4516 798 4573 uni
825 4517 939 4574 Deo
965 4517 1295 4586 adversum;
1339 4518 1694 4590 quamobrem
1751 4524 1911 4589 negat
1963 4517 2088 4574 illos

536 4670 539 4673 ⁷
567 4668 650 4741 (l)
680 4668 838 4727 Rom.
873 4670 1029 4738 edit.,
1061 4669 1281 4741 facilius
1308 4672 1572 4741 poterunt
1597 4668 1807 4722 demum
1842 4669 2085 4741 intelligi,

493 4739 610 4796 cum
630 4739 822 4797 earum
857 4739 1089 4813 origines
1141 4740 1418 4813 discantur
1450 4757 1467 4813 _:
1504 4739 1646 4813 ειιίειε⁸
1680 4755 1812 4813 vero
1866 4748 1921 4797 et
1958 4739 2087 4798 mss.

493 4813 626 4869 satis
650 4814 794 4873 inter
822 4829 879 4869 se
906 4808 1303 4883 consentiunt;
1356 4808 1464 4883 nisi
1504 4810 1652 4883 quod
1695 4812 1868 4879 Flor.,
1918 4813 2086 4869 Vind.

494 4893 550 4941 et
578 4883 741 4940 Ccrb.
770 4901 914 4940 unus
940 4883 1000 4937 in
1030 4879 1563 4955 verborum‘ordine,
1588 4890 1642 4938 et
1669 4900 1809 4955 saepe
1838 4883 2002 4939 etiam
2033 4884 2092 4940 in

495 4956 786 5011 sententiis
815 4971 847 5009 a
886 4951 1099 5027 caeteris
1129 4950 1251 5027 cod.
1284 4949 1612 5027 discrepant,
1646 4949 1783 5027 quos
1814 4964 1993 5011 tamen
2023 4955 2093 5010 ob

496 5027 783 5099 scripturae
812 5022 1199 5095 antiquitatem
1230 5022 1289 5077 in
1334 5021 1441 5080 hoc
1466 5021 1715 5099 'prologo
1744 5027 2093 5099 potissimum

497 5098 671 5155 secuti
703 5110 915 5151 sumus.

574 5169 657 5240 (2)
687 5165 840 5240 Edit.
872 5164 1005 5240 Gill.
1035 5164 1092 5240 in
1118 5179 1293 5240 _mar_g.
1326 5171 1381 5221 et
1430 5166 1590 5240 Rom.
1650 5167 1709 5222 in
1750 5183 1927 5240 corp.,
1966 5167 2097 5237 fue-

496 5234 674 5294 runt:
706 5237 795 5290 sed
846 5236 985 5307 male
1040 5234 1265 5303 inducti,
1314 5238 1493 5293 statim
1544 5256 1596 5293 se
1647 5234 2012 5307 correxerunt,
2051 5245 2098 5294 et

498 5312 813 5381 manserunt
858 5306 917 5360 in
948 5313 1241 5381 eo,At—tpote
1272 5311 1573 5381 prudentes.
1625 5313 1699 5364 At
1745 5309 1905 5366 Rom.
1960 5306 2093 5366 edit.

501 5379 613 5435 duo
642 5384 918 5438 postrema
944 5376 1308 5437 incisa—etiam
1348 5381 1595 5438 invertit.

693 5447 940 5534 Editzac
965 5465 1094 5534 mss:
1127 5466 1239 5507 non
1258 5453 1450 5534 pauci,
1470 5450 1772 5534 .Istijgitur
1806 5469 1872 5534 ex
1897 5452 2099 5507 Judceis

503 5518 785 5594 credentes,
803 5525 872 5594 _et
896 5520 1129 5594 improbe
1157 5518 1513 5594 sentientes—de
1544 5518 1777 5594 Christo,
1810 5525 1965 5594 legem
1992 5540 2097 5578 ser-

502 5588 732 5645 vandam
782 5588 1039 5662 dicebant,
1077 5592 1236 5663 quasi
1279 5610 1388 5648 non
1444 5598 1572 5648 esset
1620 5593 1681 5648 in
1713 5588 1924 5650 Christo
1951 5594 2098 5650 salus

2195 4430 2357 4494 caput
2403 4428 2533 4476 sunt
2597 4420 2848 4477 omnium
2905 4423 3173 4495 gentium,
3220 4432 3283 4481 ut
3336 4424 3395 4480 in
3453 4425 3538 4482 his
3588 4427 3809 4487 discant

2196 4511 2379 4569 caeteri
2410 4510 2766 4582 universique
2797 4513 3027 4585 gentiles
3060 4513 3164 4585 (6).
3198 4512 3420 4571 Primus
3468 4515 3667 4593 modus
3696 4529 3807 4589 est,

2193 4674 2371 4749 plena.
2387 4673 2510 4729 Ideo
2528 4679 2692 4749 negat
2720 4674 2843 4729 illos
2872 4674 3204 4749 spiritultlem
3224 4676 3455 4749 gratiam
3476 4689 3804 4741 consecutos.

2199 4747 2270 4800 Hi
2298 4751 2419 4798 sunt
2443 4746 2536 4814 qui
2565 4752 2612 4798 et
2645 4745 2866 4800 Galatas
2894 4745 3279 4816 subuerterant,
3324 4756 3383 4804 ut
3426 4769 3459 4806 a
3521 4754 3811 4811 traditione

2200 4816 2444 4886 Apostoli
2473 4816 2761 4870 recedentes
2782 4816 3152 4885 judaizarent.

2277 4886 2358 4956 (4)
2396 4886 2564 4964 [idem
2598 4898 2811 4964 mss._et_
2841 4888 2997 4954 edit.,
3030 4891 3257 4964 videntes
3313 4894 3564 4964 insignia,
3620 4913 3810 4953 susce-

2200 4964 2393 5034 perant
2422 4958 2575 5034 ﬁdem
2610 4959 2830 5034 Christi,
2862 4963 3103 5034 quamvis
3157 4958 3437 5034 corrupto'
3461 4958 3648 5033 sensu;
3702 4985 3811 5025 non

2206 5028 2342 5110 enim
2371 5029 2684 5110 audierant;
2731 5028 2888 5088 Rom'.
2927 5032 3088 5102 edit.,
3128 5035 3285 5104 plane
3314 5028 3812 5110 audierant'mys-

2208 5106 2416 5168 terium,
2448 5108 2551 5157 etc.

2281 5172 2361 5243 (5)
2395 5173 2561 5229 Citati
2595 5190 2723 5230 mss.
2759 5181 2813 5230 et
2841 5174 2999 5243 edit.,
3047 5177 3110 5230 de
3155 5178 3342 5235 Juan
3390 5187 3452 5235 ut
3491 5178 3671 5236 urbem
3706 5183 3809 5241 Ro-

2204 5261 2346 5325 mam
2370 5245 2783 5325 advenieutibus,
2821 5247 2955 5301 sicut
2987 5253 3058 5325 et_
3062 5249 3315 5325 Priscilla
3355 5258 3409 5325 et
3460 5251 3687 5325 Aquila,
3718 5254 3813 5325 qui

2207 5322 2340 5370 recte
2368 5317 2664 5382 sentirent;
2693 5317 2826 5373 edit.
2860 5335 2985 5374 cum
3018 5319 3191 5386 Flor.,
3226 5321 3395 5378 Vind.
3428 5329 3483 5378 et
3512 5317 3682 5380 Colb;
3706 5317 3811 5383 soli

2208 5386 2474 5465 exhibent
2502 5389 2807 5462 sequentia,
2838 5396 2886 5443 et
2914 5396 3224 5448 utrumnam
3250 5410 3478 5465 spes.....
3512 5401 3559 5449 et
3587 5396 3675 5451 lea:
3702 5414 3810 5453 ser-

2207 5458 2385 5512 vanda
2407 5466 2553 5514 esset.

2238 5597 2247 5607 _
2280 5527 2361 5599 (6)
2392 5529 2543 5612 Edit.
2593 5531 2783 5612 Rom.,_
2796 5604 2805 5612 _
2824 5534 2881 5589 hi
2904 5534 3044 5590 enim
3072 5542 3231 5612 caput
3261 5543 3386 5591 sunt
3415 5538 3653 5612 omnium
3681 5557 3814 5612 gen-

2208 5601 2359 5667 tium,
2389 5606 2450 5655 ut
2500 5601 2561 5657 in
2614 5603 2695 5659 his
2748 5604 2954 5663 discant
3011 5601 3204 5677 caeteri,
3261 5624 3491 5681 arguens
3543 5610 3611 5666 ab
3656 5601 3811 5669 initio
