3932 6210
146 374 220 432 49
1261 376 1631 435 COMMENT.
1679 377 1751 434 IN
1788 378 2005 436 EPIST.
2048 382 2143 437 AD
2183 382 2351 439 ROM.
3392 381 3466 442 50

150 516 262 573 quo
308 515 366 555 se
412 498 651 556 ostendit
687 497 823 573 quid
854 500 947 569 sit,
995 508 1049 557 et
1098 500 1234 574 quid
1269 500 1456 569 fuerit,
1506 510 1560 557 et
1597 501 1758 574 cujus
1784 504 1837 565 A
1882 483 1895 494 ’
1935 504 2166 562 Servum
2213 515 2396 586 autem
2444 506 2652 566 Christi
2681 509 2807 566 Iesu
2855 525 2912 566 se
2952 509 3239 583 proﬁtens,
3271 528 3304 568 a
3345 512 3464 585 lege

149 591 246 660 sit,
279 608 387 666 quo
438 599 492 648 et
546 591 781 649 haereses
818 591 1077 662 percutit.
1110 591 1396 649 Secundus
1423 593 1622 651 modus
1648 603 1749 666 est,

150 698 262 755 quo
288 683 469 755 arguit
510 682 659 756 quod
692 690 902 739 naturae
958 681 1172 738 ratione
1205 698 1317 738 non
1337 699 1394 739 se
1421 682 1755 755 subjecerint

151 772 252 828 uni
290 775 427 842 Deo,
459 781 512 830 et
540 789 660 846 quae
711 772 1010 828 inhonesta
1055 779 1110 829 et
1162 772 1345 846 turpia
1372 775 1584 847 egerint
1612 776 1753 833 invi-

152 878 296 928 cem,
323 862 568 935 despecti
607 863 678 918 ob
707 862 815 919 hoc
840 878 872 918 a
904 864 1039 931 Deo,
1070 872 1131 919 ut
1158 867 1505 935 gratulentur
1531 869 1754 925 creden-

152 960 253 1009 tes.
292 953 513 1009 Tertius
542 952 741 1009 modus
770 960 874 1021 est,
905 953 1052 1025 quod
1082 954 1258 1026 legem
1288 968 1617 1028 spreverunt
1644 960 1752 1015 da-

152 1050 291 1111 tam,
337 1042 486 1098 unde
535 1041 819 1113 anteponit
849 1041 1051 1098 Graecis
1087 1043 1323 1102 Iudaeos.
1357 1047 1595 1114 Quartus
1624 1065 1753 1104 mo-

150 1130 259 1188 dus
309 1139 412 1199 est,
482 1147 591 1203 quo
646 1129 804 1185 docet
854 1130 1071 1187 Iudaeos
1125 1133 1464 1192 exorbitasse
1494 1153 1525 1192 a
1554 1138 1669 1210 lege
1698 1147 1753 1196 et

150 1221 522 1293 promissione
577 1221 676 1276 Dei
730 1220 788 1276 in
845 1237 1008 1278 causa
1058 1222 1263 1281 Christi
1306 1227 1410 1297 (7),
1471 1227 1751 1303 {actosque

149 1310 369 1367 similes
423 1309 763 1382 gentilibus;
815 1320 877 1367 ut
934 1313 1153 1385 utrique
1213 1315 1492 1390 indigeant
1524 1320 1750 1376 miseri-

147 1399 340 1457 cordia
383 1399 502 1467 Dei,
560 1415 672 1455 non
718 1416 814 1473 per
844 1400 1039 1474 Legem
1070 1404 1300 1462 salutem
1333 1408 1622 1479 sperando,
1653 1408 1748 1467 sed

146 1506 249 1562 per
270 1488 435 1545 ﬁdem
466 1487 673 1547 Christi
708 1491 857 1546 Iesu.

222 1581 365 1637 Hinc
391 1591 473 1639 est
504 1582 649 1639 unde
675 1584 827 1639 omni
868 1584 1144 1642 industria
1174 1587 1229 1644 id
1259 1589 1391 1660 agit,
1440 1599 1507 1649 ut
1550 1608 1581 1647 a
1632 1593 1748 1666 lege

149 1687 245 1727 eos
280 1671 434 1727 tollat
464 1690 477 1739 ;
538 1672 670 1745 quia
727 1674 819 1728 lex
876 1682 930 1730 et
959 1676 1236 1748 propheta:
1270 1695 1440 1752 usque
1477 1681 1543 1737 ad
1573 1681 1748 1739 Ioan-

149 1777 279 1817 nem
313 1761 463 1835 (Luc.
498 1778 615 1829 xvr,
644 1762 767 1834 16):
803 1763 929 1820 etin
955 1766 1069 1821 sola
1100 1766 1226 1822 illos
1255 1768 1363 1824 ﬁde
1391 1769 1593 1827 Christi
1620 1789 1746 1829 con-

1867 609 1925 650 se
1972 601 2202 650 exutum
2258 596 2517 654 ostendit.
2556 598 2629 655 Et
2675 597 2800 655 ideo
2831 607 3129 673 utrumque
3166 600 3372 674 posuit,
3402 600 3462 657 id

1866 692 1969 752 est,
1997 686 2124 742 Iesu
2167 685 2412 745 Christi:
2453 696 2516 744 ut
2569 697 2623 746 et
2658 691 2759 747 Dei
2797 699 2851 747 et
2880 691 3125 749 hominis
3170 708 3459 766 personam

1866 776 2143 849 signaret:
2196 778 2328 851 quia
2368 780 2427 835 in
2472 788 2705 855 utroque
2749 790 2830 838 est
2884 783 3176 853 Dominus,
3216 784 3360 842 sicut
3404 790 3461 841 et

1866 866 2059 923 Petrus
2091 868 2370 940 apostolus
2398 870 2880 928 testatur‘dicens:
2932 896 2950 920 ο
2988 873 3092 930 Hic
3119 883 3222 944 est,
3254 874 3457 948 inquit,

1865 957 2116 1013 omnium
2165 958 2437 1015 Dominus
2501 960 2643 1032 (Act.
2695 977 2753 1028 x,
2813 960 2927 1033 36).
2977 987 2998 1011 ι
3039 963 3181 1030 Quia
3232 980 3360 1036 ergo
3404 971 3461 1021 et

1864 1045 2154 1115 Dominus,
2213 1054 2269 1102 et
2327 1049 2473 1105 Deus
2527 1058 2630 1117 est,
2684 1049 2903 1107 dicente
2968 1050 3183 1108 David:
3246 1074 3266 1100 ι
3316 1052 3461 1120 Quia

1863 1135 2135 1191 Dominus
2188 1136 2304 1209 ipse
2359 1146 2441 1193 est
2498 1140 2645 1194 Deus
2703 1140 2878 1207 (Psal.
2911 1154 3066 1208 xcrx,
3097 1139 3180 1211 3).
3238 1166 3257 1189 ι
3301 1140 3459 1208 Quod

1864 1226 2095 1283 haereses
2144 1237 2361 1299 negant.
2402 1230 2669 1287 Marcioni
2698 1231 2847 1287 enim
2898 1232 3121 1288 videtur
3146 1232 3274 1289 odio
3300 1234 3458 1306 Legis

1863 1314 2144 1372 Christum
2193 1324 2247 1372 et
2292 1333 2492 1389 corpus
2521 1318 2640 1391 ejus
2679 1336 2896 1392 negare,
2949 1321 3132 1378 Iesum
3165 1323 3455 1396 proﬁteri:

1861 1407 2065 1463 Iudaeis
2130 1415 2313 1465 autem
2369 1419 2422 1466 et
2472 1409 2711 1467 Photino
2760 1419 2983 1484 propter
3036 1413 3213 1469 zelum
3278 1413 3457 1485 Legis,

1860 1497 2044 1553 Iesum
2064 1514 2259 1570 negare
2279 1499 2424 1572 quod
2440 1501 2586 1556 Deus
2603 1500 2693 1556 sit.
2718 1501 2852 1557 Nam
2878 1500 3313 1577 quotiescunque
3335 1502 3455 1575 (14)

1860 1596 1955 1644 aut
2001 1588 2183 1644 Iesum
2230 1588 2368 1646 dicit
2419 1598 2514 1646 aut
2553 1590 2874 1659 Christum;
2922 1592 3220 1665 aliquando
3256 1595 3455 1663 Deum,

1860 1677 2159 1749 aliquando
2188 1678 2467 1733 hominem
2510 1679 2807 1751 signiﬁcat,
2855 1680 2999 1737 sicut
3026 1680 3134 1737 hoc
3162 1681 3283 1738 loco
3312 1681 3460 1738 inter

1860 1779 2089 1828 caetera:
2136 1793 2165 1822 «
2195 1772 2267 1828 Et
2322 1788 2487 1841 unus,
2551 1772 2753 1845 inquit,
2812 1771 3084 1829 Dominus
3136 1774 3311 1841 Iesus,
3360 1791 3458 1848 per

148 1850 364 1919 stituat,
405 1858 458 1907 et
484 1851 636 1924 quasi
675 1860 868 1909 contra
896 1855 1090 1926 legem,
1140 1856 1504 1930 Evangelium
1543 1862 1740 1919 vindi—
1770 1863 1815 1924 B
1850 1877 2012 1936 quem
2062 1860 2249 1916 omnia
2278 1862 2335 1933 (Ι
2367 1861 2492 1918 Cor.
2529 1878 2654 1931 vm,
2686 1862 2766 1934 6),
2799 1887 2819 1910 ι
2860 1861 3007 1935 quod
3038 1863 3230 1937 utique
3257 1863 3326 1920 ad
3355 1864 3455 1921 Dei

148 1948 240 1997 cat
290 1940 394 2013 (8),
441 1959 551 1998 non
600 1943 887 2001 destruens
918 1947 1113 2018 legem,
1144 1948 1237 2004 sed
1268 1951 1560 2022 praeferens
1589 1953 1749 2011 chri-

148 2031 520 2089 stianismum.
554 2033 762 2090 Asserit
792 2035 937 2092 enim
972 2037 1051 2093 sic
1078 2037 1357 2095 Christum
1391 2043 1744 2113 promissum,

147 2128 211 2177 ut
270 2123 566 2192 praedicato
612 2140 676 2179 eo
706 2133 941 2182 cessaret
981 2127 1071 2183 lex
1103 2128 1184 2201 (9)
1238 2147 1250 2184 :
1312 2146 1421 2185 non
1451 2139 1584 2200 tota,
1618 2135 1749 2205 quia

147 2210 495 2269 abbreviatio
553 2213 691 2270 facta
727 2215 861 2288 legis
889 2225 990 2285 est,
1039 2234 1159 2290 qua:
1213 2222 1543 2293 compendio
1593 2223 1748 2281 daret

147 2301 423 2370 salutem;
487 2304 660 2359 multa
706 2305 852 2361 enim
895 2312 988 2369 26
1026 2308 1307 2365 veteribus
1357 2312 1560 2371 tradita
1618 2324 1748 2372 sunt

147 2409 374 2471 propter
425 2399 687 2458 duritiam
743 2405 926 2461 cordis
956 2404 1221 2481 illorum,
1258 2417 1320 2464 ut
1371 2409 1525 2465 oneri
1583 2416 1742 2481 esset,

149 2503 273 2561 qua;
303 2490 681 2548 misericordia
710 2495 808 2550 Dei
835 2478 1304 2570 abbreviarit,per
1322 2498 1601 2579 Christum
1622 2478 1748 2557 data

148 2580 553 2652 praeteritorum
589 2584 932 2642 remissione.
978 2587 1226 2658 Ingratus
1255 2595 1336 2643 est
1365 2603 1493 2660 ergo
1524 2589 1747 2647 miseri-

146 2669 352 2727 cordias
390 2671 511 2741 Dei,
543 2672 637 2746 qui
669 2675 790 2731 vult
838 2689 954 2731 esse
1009 2675 1111 2732 sub
1160 2677 1312 2749 lege;
1356 2694 1484 2734 nam
1533 2679 1750 2737 dixerat

146 2758 367 2832 Moyses
423 2779 435 2817 :
494 2761 584 2820 Sic
637 2763 896 2821 timentes
950 2765 1164 2822 facietis
1229 2766 1375 2824 ﬁlios
1429 2769 1593 2825 Israel
1627 2770 1744 2842 (10)

151 2850 343 2923 (Leuit.
384 2868 483 2920 xv,
509 2852 623 2925 31),
665 2863 728 2911 ut
759 2872 1103 2929 quacumque
1146 2872 1205 2913 se
1242 2864 1538 2927 verterent,
1572 2859 1745 2932 legem

145 2942 435 3013 haberent,
486 2953 546 3002 ut
587 2946 707 3002 sine
731 2948 1107 3005 sollicitudine
1137 2950 1367 3007 omnino
1397 2967 1507 3006 non
1542 2961 1741 3009 essent.

145 3032 325 3105 Igitur
356 3042 417 3090 ut
446 3034 505 3091 in
535 3034 756 3093 Christo
807 3037 927 3093 sine
957 3038 1073 3111 lege
1102 3055 1254 3111 spem
1284 3039 1413 3096 vitae
1443 3041 1747 3116 salutisque

144 3123 455 3196 ponendam
488 3125 686 3196 tradat,
720 3136 774 3183 et
798 3127 1097 3184 Dominum
1129 3131 1310 3201 ipsum
1342 3145 1458 3185 esse
1490 3131 1741 3187 omnium

144 3212 363 3283 doceat,
394 3215 474 3272 sic
495 3214 694 3287 incipit
725 3232 736 3269 :
1284 3237 1301 3244 ·

669 3303 898 3361 CAPUT
936 3306 1230 3362 PRIMUM.

220 3392 407 3465 (Vers.
441 3393 521 3465 1.)
569 3415 587 3438 ε
633 3392 837 3447 Paulus
869 3409 1060 3449 servus
1086 3392 1293 3450 Christi
1322 3394 1476 3450 Iesu.
1528 3419 1547 3443 ι»
1589 3396 1750 3468 Apud

142 3489 363 3540 veteres
377 3490 598 3538 nostros
618 3481 829 3538 ratione
849 3482 1079 3538 nomina
1102 3483 1579 3556 componebantur
1607 3486 1747 3557 (11),

142 3576 205 3624 ut
230 3571 387 3626 Isaac
416 3576 639 3642 propter
669 3570 863 3641 risum,
896 3582 950 3629 et
974 3572 1140 3629 Iacob
1158 3580 1380 3646 propter
1395 3574 1744 3643 calcaneum;

144 3656 224 3713 ita
250 3665 306 3714 et
331 3657 435 3714 iste
462 3666 684 3731 propter
713 3659 1153 3735 inquietudinem
1184 3662 1382 3719 Saulus
1412 3672 1492 3720 est
1522 3681 1747 3721 nuncu-

142 3756 342 3821 patus:
390 3761 677 3824 postquam
706 3762 887 3809 autem
912 3751 1169 3822 credidit,
1200 3768 1271 3809 ex
1308 3754 1474 3810 Saulo
1514 3754 1744 3811 Paulum

143 3857 201 3897 se
231 3840 394 3910 dicit,
424 3841 529 3899 hoc
553 3851 653 3910 est,
689 3842 1042 3899 immutatum
1076 3842 1220 3915 (12).
1285 3844 1356 3899 Et
1386 3843 1516 3917 quia
1547 3845 1745 3900 Saulus

142 3928 451 3986 secundum
505 3930 876 4003 supradictum
946 3949 1188 4001 sensum,
1265 3932 1596 4005 inquietudo
1647 3950 1741 3991 seu

144 4018 380 4075 tentatio
411 4019 821 4093 intrepretatur,
863 4021 955 4080 hic
983 4039 1107 4079 cum
1131 4021 1200 4079 ad
1230 4022 1394 4079 ﬁdem
1424 4021 1631 4080 Christi
1660 4038 1741 4079 ac-

142 4108 329 4175 cessit,
377 4108 609 4165 Paulum
661 4126 718 4166 se
743 4110 900 4180 dicit,
959 4110 1016 4166 id
1059 4121 1160 4180 est,
1194 4112 1351 4185 quasi
1373 4129 1441 4168 ex
1472 4121 1743 4170 tentatore

143 4198 355 4254 factum
383 4198 651 4270 quietum,
683 4200 1084 4274 humilemque,
1124 4201 1212 4256 vel
1244 4203 1537 4273 parvulum
1563 4220 1577 4269 ;
1615 4203 1745 4275 quia

143 4304 255 4362 pax
280 4296 363 4343 est
391 4287 527 4343 ﬁdes
553 4297 758 4345 nostra.
792 4288 929 4347 Cum
958 4288 1111 4362 prius
1139 4288 1287 4345 enim
1316 4290 1650 4347 tentationes
1673 4308 1744 4347 ex

143 4377 534 4450 inquietudine
563 4378 827 4434 Iudaismi
849 4379 968 4451 (13)
1000 4378 1101 4434 Dei
1129 4378 1303 4436 servis
1338 4379 1583 4448 inferret,
1621 4388 1744 4453 post

146 4466 261 4538 ipse
290 4466 622 4523 tentationes
650 4484 839 4540 passus
863 4475 947 4524 est
974 4475 1197 4539 propter
1225 4483 1398 4540 spem,
1433 4484 1598 4540 quam
1615 4478 1742 4527 ante

144 4571 334 4611 amore
369 4555 635 4614 Iudaismi
664 4565 904 4629 negarat.

143 4671 304 4739 genus
358 4655 626 4710 hominum
663 4656 864 4739 parting
916 4655 1389 4739 physifafatione,
1420 4657 1617 4739 parting
1646 4676 1744 4739 per

147 4729 304 4801 legem
338 4744 351 4781 :
397 4744 525 4783 mss.
552 4726 705 4801 (vero
735 4726 1294 4801 nobiscumtaciunt,
1326 4726 1432 4801 nisi
1466 4729 1613 4801 quod
1642 4726 1742 4786 alii

146 4798 389 4871 retinent
408 4800 610 4871 partim
624 4815 723 4871 per
754 4800 954 4870 Legem,
994 4798 1090 4853 alii
1120 4798 1569 4870 praetermittunt.

218 4869 300 4944 (7)
335 4868 421 4944 Ita
445 4868 606 4927 Carn.
624 4868 693 4927 et
711 4871 805 4926 alii
826 4868 1074 4944 quatuor
1098 4868 1266 4944 mss.;
1296 4871 1500 4944 reliqui
1530 4888 1661 4928 vero
1689 4879 1744 4929 et

145 4940 306 5014 edit.,
337 4959 376 5014 ᾳ
404 4942 507 5014 lege
536 4949 585 4998 et
605 4940 873 5014 prophetis
898 4941 953 4995 in
980 4958 1141 4995 causa
1175 4942 1393 5014 Christi.

217 5012 302 5084 (8)
336 5012 474 5068 Cod.
501 5012 645 5071 Prat.
677 5012 730 5070 et
750 5015 932 5079 Gein.,
964 5013 1310 5082 Evangelium
1340 5013 1531 5068 vincat.

217 5085 301 5157 (9)
338 5084 542 5140 Omnes
588 5085 746 5153 edit.,
806 5083 1106 5141 Ostendit...
1157 5090 1215 5137 ut
1250 5084 1346 5139 illo
1391 5084 1741 5151 adveniente;

149 5171 439 5229 mss.7vero
469 5157 671 5229 plures,
709 5165 770 5213 ut
800 5158 855 5229 in
884 5164 1062 5229 textu.

218 5228 337 5298 (10)
372 5225 535 5283 Corb.
564 5229 761 5296 codex,
792 5227 996 5297 facietis
1014 5225 1118 5298 filii
1138 5227 1329 5298 Israel.

218 5296 338 5371 (11)
375 5300 531 5371 Rom.
581 5299 738 5371 edit.,
768 5296 1032 5355 Occasione
1073 5297 1288 5371 nomina
1319 5296 1737 5367 imponebantur.

217 5368 338 5439 (12)
372 5368 574 5426 Eadem
606 5370 766 5436 edit.,
799 5388 863 5423 ea:
911 5370 1074 5426 Saulo
1101 5369 1332 5424 Paulum
1360 5374 1740 5438 nuncupatum,

147 5443 236 5497 hoc
281 5449 360 5497 est
403 5442 779 5505 immutatum;
831 5442 951 5496 aliae
995 5439 1128 5495 edit.
1179 5456 1240 5495 ac
1291 5455 1417 5493 mss.
1452 5439 1737 5495 nobiscum

147 5512 382 5585 faciunt,
415 5514 522 5569 nisi
552 5514 699 5585 quod
741 5529 840 5584 pro
870 5512 1222 5585 immutatum,
1264 5508 1386 5564 cod.
1419 5509 1583 5565 Mich.
1610 5511 1740 5583 legit

149 5584 483 5640 imminutum
510 5603 523 5652 ;
548 5583 659 5640 non
693 5583 1062 5640 incommode.

219 5657 338 5725 (l3)
384 5655 535 5711 Edit.
568 5656 700 5712 Gill.
750 5655 808 5709 in
838 5670 1007 5725 marg.
1037 5661 1090 5708 et
1128 5655 1285 5710 Rom.
1319 5653 1374 5708 in
1408 5660 1583 5721 textu,
1612 5672 1738 5711 cum

153 5744 276 5785 mss.
312 5726 668 5804 quibusdam,
699 5744 765 5782 ea:
801 5725 1133 5783 wirtulatione
1182 5726 1346 5799 legis;
1389 5725 1482 5782 hoc
1508 5731 1601 5794 est,
1647 5725 1739 5780 in-

1857 1952 2063 2009 Filium
2093 1952 2351 2024 pertinet,
2373 1950 2536 2024 juxta
2572 1951 2719 2024 quod
2749 1953 2895 2007 Deus
2920 1959 3023 2007 est.
3051 1952 3122 2009 Et
3149 1951 3260 2008 alio
3289 1953 3450 2011 loco:

1870 2066 1888 2090 ι
1917 2045 2074 2100 Iesus
2102 2051 2309 2111 autem,
2341 2042 2544 2115 inquit,
2576 2040 2900 2113 proﬁciebat
2917 2047 3075 2097 aetate
3103 2050 3156 2098 et
3183 2042 3454 2115 sapientia

1859 2136 2010 2207 (Luc.
2043 2153 2105 2205 ιι,
2146 2136 2266 2207 52),
2307 2159 2327 2183 ι
2365 2135 2513 2208 quod
2541 2134 2732 2208 utique
2771 2134 2986 2191 homini
3026 2135 3309 2209 competit.

1941 2248 1959 2272 ε
1999 2225 2241 2283 Vocatus
2273 2225 2569 2298 apostolus.
2612 2248 2631 2272 ι
2675 2224 2905 2297 Propter
2950 2224 3097 2298 quod
3143 2227 3318 2282 Deum
3349 2243 3454 2283 co—

1858 2316 2049 2389 gnovit
2077 2324 2132 2371 et
2161 2316 2388 2385 fatetur,
2418 2316 2594 2373 factus
2635 2315 2868 2372 idoneus
2891 2332 3103 2385 servus,
3141 2324 3455 2390 promotum

1858 2422 1914 2462 se
1936 2404 2178 2462 ostendit
2209 2404 2327 2476 (15)
2358 2403 2584 2461 dicens:
2633 2428 2653 2452 ι
2681 2403 2925 2462 Vocatus
2951 2407 3254 2478 apostolus,
3287 2430 3307 2454 ι
3351 2406 3457 2463 hoc

1857 2502 1960 2562 est,
2014 2510 2046 2549 a
2103 2492 2342 2549 Domino
2386 2492 2587 2549 missus
2624 2493 2693 2550 ad
2747 2510 2833 2550 res
2878 2492 2997 2565 ejus
3042 2493 3297 2568 agendas.
3355 2495 3458 2551 Per

1857 2583 2006 2657 quod
2070 2583 2313 2640 ostendit
2369 2584 2519 2640 hunc
2578 2584 2836 2641 meritum
2895 2584 3096 2642 habere
3140 2586 3258 2658 (16)
3309 2585 3456 2657 apud

1855 2678 2051 2745 Deum,
2085 2675 2181 2748 qui
2233 2676 2407 2731 servit
2442 2692 2555 2731 non
2588 2676 2715 2747 legi,
2760 2676 2855 2731 sed
2888 2675 3151 2742 Christo;
3182 2676 3455 2732 Dominus

1856 2774 1936 2824 est
1953 2766 2099 2823 enim
2124 2766 2300 2823 Filius
2315 2765 2561 2822 hominis
2581 2765 2744 2821 etiam
2762 2764 2987 2821 Sabbati
3006 2765 3220 2837 (Matth.
3240 2781 3345 2833 χιι,
3363 2762 3445 2835 8).

1941 2884 1959 2906 ι
2001 2858 2321 2930 Segregatus
2368 2856 2426 2912 in
2476 2856 2838 2929 Evangelium
2868 2857 2994 2913 Dei.
3026 2882 3045 2905 ι
3084 2857 3457 2931 Evangelium

1854 2949 1955 3006 Dei
2010 2957 2092 3006 est
2145 2949 2352 3004 bonum
2409 2947 2668 3005 nuntium
2710 2950 2830 3021 Dei,
2883 2966 2992 3024 quo
3030 2960 3340 3024 peccatores
3385 2951 3456 3009 ad

1859 3038 2258 3112 indulgentiam
2288 3047 2704 3109 convocantur;
2746 3041 3043 3113 Apostolus
3068 3049 3275 3111 autem,
3307 3058 3458 3116 quo—

1856 3128 2004 3185 niam
2036 3128 2096 3184 in
2127 3128 2411 3185 Iudaismo
2456 3130 2639 3186 locum
2693 3129 2934 3187 doctoris
2963 3130 3220 3199 habebat,
3266 3138 3460 3203 utpote

1782 3227 1824 3285 C
1858 3217 2183 3289 phariszeus,
2231 3218 2356 3274 ideo
2387 3234 2419 3272 a
2445 3216 2715 3273 Iudaismi
2762 3217 3155 3289 praedicatione
3201 3234 3460 3291 segrega-

1858 3312 1977 3360 tum
2008 3321 2065 3360 se
2084 3305 2222 3361 dicit
2252 3305 2309 3360 in
2338 3304 2701 3375 Evangelium
2740 3305 2863 3374 Dei,
2885 3313 2949 3360 ut
2975 3323 3008 3362 a
3035 3306 3152 3378 lege
3186 3305 3461 3363 dissimu-

1860 3396 1999 3465 lans,
2034 3394 2316 3452 Christum
2346 3393 2688 3468 praedicaret,
2710 3394 2804 3469 qui
2834 3394 2982 3469 quod
3011 3395 3102 3451 lex
3121 3411 3232 3453 non
3254 3396 3455 3468 potuit,

1861 3490 1959 3548 27
1988 3483 2272 3542 credentes
2317 3484 2371 3540 in
2419 3500 2477 3541 se
2500 3483 2829 3556 justiﬁcaret
2862 3486 3003 3557 (17).
3037 3484 3143 3543 Sed
3172 3502 3284 3543 non
3313 3503 3457 3545 con-

1859 3590 1946 3639 tra
1976 3584 2169 3657 legem,
2195 3582 2289 3639 sed
2320 3600 2419 3656 pro
2449 3582 2563 3656 lege
2589 3593 2697 3640 est:
2735 3582 2850 3657 ipsa
2877 3583 3025 3641 enim
3054 3584 3161 3643 hoc
3189 3584 3326 3642 dicit
3357 3585 3459 3641 fu-

1858 3682 2069 3743 turum,
2114 3673 2330 3731 dicente
2387 3675 2527 3730 Isaia
2572 3674 2872 3747 propheta:
2921 3699 2939 3723 ι
2969 3674 3170 3732 Veniet
3196 3692 3267 3732 ex
3295 3676 3452 3747 Sion,

1858 3765 1953 3838 qui
1980 3765 2178 3838 eripiat
2208 3772 2261 3821 et
2289 3773 2501 3821 avertat
2528 3766 2904 3838 captivitatem
2932 3766 3000 3822 ab
3028 3766 3193 3823 Iacob
3217 3784 3231 3833 ;
3262 3774 3317 3823 et
3349 3767 3456 3826 hoc

1855 3857 1971 3912 illis
2025 3872 2057 3912 a
2113 3871 2199 3911 me
2258 3863 2670 3922 testamentum,
2726 3873 2851 3914 cum
2906 3855 3184 3912 abstulero
3234 3863 3456 3927 peccata

1854 3963 2044 4003 eorum
2078 3946 2213 4017 (Isa.
2244 3962 2360 4012 1.1x,
2392 3944 2507 4015 20).
2542 3971 2559 3993 -

1926 4035 2101 4107 Igitur
2128 4034 2175 4091 si
2218 4035 2308 4090 lex
2337 4033 2432 4091 Dei
2466 4033 2594 4090 data
2623 4040 2705 4089 est
2732 4048 2830 4105 per
2877 4031 3126 4103 Moysen,
3160 4039 3215 4087 et
3244 4030 3455 4102 praedi-

1852 4123 1997 4179 catio
2024 4139 2182 4179 novae
2212 4122 2347 4196 legis
2380 4121 2479 4178 Dei
2518 4128 2635 4189 est;
2685 4120 2820 4194 quid
2851 4119 3111 4192 estquod
3142 4118 3347 4188 differt,
3392 4129 3455 4177 ut

1855 4229 1887 4269 a
1925 4213 2042 4285 lege
2080 4227 2244 4284 quam
2294 4213 2439 4267 Deus
2488 4209 2662 4278 dedit,
2709 4208 3037 4266 translatum
3089 4224 3146 4265 se
3201 4207 3347 4265 dicat
3393 4208 3454 4265 in

1854 4302 2218 4375 Evangelium
2258 4300 2408 4358 Dei?
2441 4300 2531 4356 Sic
2569 4307 2651 4356 est
2698 4298 2825 4368 hoc,
2872 4298 3151 4371 quomodo
3177 4297 3271 4372 qui
3313 4315 3343 4354 a
3371 4314 3449 4355 se-

1852 4397 2035 4472 cundo
2091 4395 2263 4472 gradu
2322 4392 2553 4472 accedit
2585 4393 2653 4450 ad
2691 4392 3067 4472 _primum,_et
3108 4408 3140 4447 a
3184 4391 3330 4472 bono
3382 4391 3452 4448 ad

1854 4469 2069 4525 melius.
2094 4463 2236 4523 'Lex
2283 4467 2432 4523 enim
2463 4482 2493 4521 a
2519 4467 2632 4521 Deo
2677 4463 2805 4521 data
2830 4471 2912 4520 est
2938 4463 3007 4519 ad
3050 4463 3450 4521 correctionem

1773 4580 1821 4638 ι)
1851 4559 2195 4632 disciplinae;
2244 4557 2607 4630 Evangelium
2654 4565 2837 4613 autem
2879 4555 2978 4613 Dei
3025 4563 3129 4621 est,
3178 4570 3275 4626 per
3302 4553 3450 4627 quod

1851 4659 2169 4733 quietudine,
2202 4666 2307 4733 et_c.
2402 4730 2409 4733 Α
2549 4727 2564 4733 _
2746 4728 2789 4733 __
3318 4723 3375 4733 Μ

1925 4730 2042 4801 (14)
2074 4724 2326 4804 Ita;edit.
2380 4727 2604 4804 Ameria:
2645 4735 2700 4783 et
2745 4728 2902 4804 Eras.
2938 4741 3064 4781 cum
3096 4741 3227 4804 mss.
3250 4741 3277 4804 ⁸;
3307 4724 3444 4804 _Gill.

1851 4796 2033 4857 autem
2060 4809 2113 4856 et
2156 4802 2313 4857 Rom.
2356 4801 2512 4868 edit.,
2545 4799 2684 4853 Nam
2712 4798 3115 4868 quotiescunque
3142 4796 3444 4868 scriptura.

1852 4872 1957 4929 Sed
2019 4873 2076 4927 in
2142 4871 2266 4927 aliis
2332 4864 2508 4928 recte'
2550 4864 2990 4938 subintelligitur
3026 4864 3291 4934 ’Paulus,
3360 4864 3447 4920 vel

1850 4943 2153 5016 Αροεεοιιιξο
2846 5007 2856 5016 .
2985 5012 2994 5016 _
3268 5012 3278 5016 -
3365 5008 3400 5016 -.

1925 5014 2041 5083 (15)
2076 5014 2201 5068 Mss.
2246 5008 2524 5083 nonnulli,
2558 5024 2739 5083 servus
2764 5007 2941 5077 primo
2966 5012 3088 5083 _tu_m
3111 5021 3167 5063 se
3199 5008 3443 5065 ostendit.

1924 5079 2040 5156 (16)
2074 5082 2236 5141 Corb.
2268 5079 2463 5156 codex,
2495 5081 2587 5134 hoc
2605 5079 2850 5134 meritum
2883 5096 2935 5134 se
2960 5079 3166 5156 habere.

1924 5150 2041 5226 (17)
2077 5156 2235 5226 Rom.
2280 5151 2413 5208 edit.
2459 5167 2585 5206 cum
2634 5167 2765 5226 mss.
2789 5150 3086 5226 nonnullis
3114 5150 3447 5226 quidquidﬂa

1851 5222 2031 5283 verbo
2056 5225 2377 5295 justiﬁcaret
2420 5238 2591 5293 usque
2615 5222 2684 5279 ad
2715 5223 2889 5295 Igitur
2921 5223 2968 5278 si
2997 5225 3081 5279 lea:
3105 5222 3206 5279 Dei
3234 5222 3444 5294 inter-ji-

1850 5299 2014 5366 citur,
2041 5296 2413 5369 jugulaverat,
2432 5309 2580 5369 quos
2607 5311 2708 5351 nos
2736 5311 2765 5350 θ
2795 5295 3049 5369 pluribus
3076 5310 3207 5369 mss.
3240 5300 3315 5369 et_
3323 5302 3439 5350 ant.

1850 5363 2400 5445 edit.'res_t'_ituimus._
2431 5363 2810 5445 Rursus_vero
2856 5365 3043 5445 eadem
3282 5364 3439 5445 Rom.

1848 5449 2025 5517 t_ot_um
2072 5438 2221 5517 illud
2259 5437 2405 5517 quod
2451 5436 2770 5517 ah_eisdem.
2810 5436 3044 5517 vocibus
3073 5436 3252 5506 Igitur
3278 5436 3325 5517 si

1848 5512 1947 5586 Dei
1977 5507 2420 5586 incipien_s,'aliis
2449 5508 2569 5565 istis
2612 5507 2962 5586 terminatur,
2996 5513 3049 5586 et
3071 5507 3445 5586 queu_t_3i_tisisti

1848 5584 2025 5639 Iesum
2092 5577 2384 5650 Christum,
2439 5597 2509 5636 ex
2559 5579 2728 5635 variis
2788 5577 3119 5650 lectionibus
3163 5577 3311 5650 _Gill.
3383 5578 3442 5634 in

1849 5662 2061 5731 textum
2091 5653 2350 5731 restituit,
2369 5647 2531 5731 lquod
2560 5667 2661 5731 nos
2703 5648 3018 5730 earumdem
3051 5647 3350 5706 lectionum
3380 5664 3445 5705 ac

1849 5743 1951 5782 ms.
1982 5724 2145 5785 Corb.
2178 5724 2504 5785 auctoritate
2542 5724 2895 5780 retinuimus.
