3932 6210
173 263 253 321 53
1303 268 1666 328 COMMENT.
1713 269 1785 326 IN
1823 267 2039 325 EPIST.
2084 271 2179 326 AD
2221 272 2389 328 ROM.
3427 268 3497 326 55

178 391 336 463 quod
366 393 710 464 praedicatur,
741 394 1072 452 incredibile
1101 395 1308 452 mundo
1337 403 1438 465 est,
1483 395 1648 467 gestis
1675 395 1784 451 ﬁe—
1814 398 1865 457 Α
1893 393 2023 466 quia
2051 394 2184 451 ﬁdes
2221 395 2447 451 illorum
2475 395 2535 451 in
2563 394 2716 451 omni
2757 395 2879 452 loco
2905 393 3198 463 currebat;
3242 393 3498 467 quamvis

178 490 268 541 ret
324 482 608 542 credibile.
662 484 859 543 Missos
908 484 1081 557 igitur
1133 486 1412 558 apostolos
1475 494 1657 554 vocat,
1724 494 1787 542 ut

178 575 551 648 pradicarent
582 576 703 651 (24)
739 576 907 633 ﬁdem
932 576 1194 633 omnibus
1223 576 1495 649 gentibus,
1517 582 1579 631 ut
1602 575 1785 632 obedi-

178 673 332 732 rent,
372 674 426 722 et
465 667 817 723 salvarentnr
845 684 859 733 ;
890 672 955 721 ut
997 664 1207 722 donum
1253 667 1353 721 Dei
1382 682 1492 722 non
1515 665 1630 738 jam
1656 665 1788 722 solis

178 754 411 824 Iudaeis,
445 772 642 811 verum
671 756 840 812 etiam
876 754 1139 811 omnibus
1181 755 1431 827 gentibus
1470 771 1787 811 concessum

178 843 473 901 videretur
492 863 505 911 ;
524 852 580 900 et
607 844 753 900 hanc
772 859 888 900 esse
918 843 1017 900 Dei
1049 845 1408 913 voluntatem,
1441 852 1504 899 ut
1531 845 1590 899 in
1619 844 1789 902 Chri-

178 940 291 1001 sto,
324 941 380 989 et
418 950 515 1007 per
545 932 831 991 Christum
880 933 1140 989 omnibus
1177 933 1520 1002 misereatur,
1568 932 1790 990 vicariis

178 1023 305 1097 ejus
351 1025 802 1098 praedicantibus,
854 1023 960 1080 hoc
987 1031 1105 1081 est:
1159 1049 1177 1072 σ
1222 1025 1327 1080 Pro
1372 1024 1593 1081 nomine
1640 1025 1785 1097 ejus;

177 1112 334 1169 sicut
380 1114 516 1170 alibi
559 1113 727 1171 dicit:
774 1115 878 1170 Pro
926 1129 1036 1186 quo
1080 1114 1351 1186 legatione
1380 1114 1667 1187 fungimur
1704 1117 1787 1185 (II

186 1202 324 1260 Cor.
358 1222 417 1273 v,
451 1205 567 1275 20).
600 1229 618 1251 -

260 1302 445 1367 (Vers.
494 1303 574 1375 6.)
639 1327 659 1351 ι
704 1303 767 1359 In
817 1301 1016 1375 quibus
1060 1302 1190 1359 estis
1235 1310 1289 1358 et
1325 1319 1425 1359 vos
1453 1303 1635 1359 vocati
1663 1302 1790 1358 Jesu

176 1389 415 1448 Christi.
457 1415 477 1439 ι
536 1392 653 1448 Hoc
703 1401 802 1461 est,
840 1392 1115 1464 legatione
1146 1393 1307 1449 nobis
1348 1392 1704 1464 fungentibus
1730 1392 1787 1447 in

177 1478 447 1536 omnibus
490 1479 746 1553 gentibus
792 1498 891 1554 pro
937 1482 1164 1541 nomine
1209 1483 1337 1539 Jesu
1367 1482 1599 1550 Christi,
1645 1482 1789 1537 inter

178 1583 325 1642 quos
367 1570 502 1626 estis
528 1577 583 1626 et
611 1586 712 1626 vos
740 1571 924 1627 vocati
950 1588 964 1636 ;
1003 1572 1130 1645 quia
1161 1571 1369 1627 donum
1400 1571 1501 1629 Dei
1532 1571 1789 1628 omnibus
1848 1566 1854 1573 ’

180 1661 416 1719 missum
459 1671 559 1726 est.
610 1669 674 1718 ut
722 1679 848 1720 cum
891 1662 1126 1719 audiunt
1172 1679 1230 1720 se
1259 1663 1405 1720 inter
1429 1672 1654 1721 caeteros
1680 1681 1787 1720 vo-

1896 500 2006 540 non
2034 484 2337 541 secundum
2366 484 2610 557 regulam
2643 483 2712 540 ab
2740 483 3064 542 auctoribus
3088 481 3308 540 tradita
3338 481 3498 538 veri—

1900 574 2030 629 tatis
2062 574 2204 646 (28),
2242 584 2427 631 tamen
2472 575 2601 647 quia
2640 574 2788 648 quod
2832 574 2899 631 ab
2941 590 3054 631 uno
3083 576 3197 632 Deo
3228 580 3366 643 erat,
3398 571 3497 628 in-

1896 664 2163 738 terposito
2191 662 2400 722 Christi
2440 663 2685 732 nomine,
2729 672 3007 738 cmperant
3064 662 3339 732 venerari,
3379 677 3495 734 gra-

1898 757 2129 822 tulatur,
2161 754 2340 810 sciens
2371 753 2495 809 illos
2523 769 2678 824 posse
2702 755 2985 825 proﬁcere.
3019 755 3122 810 Per
3149 753 3298 828 quod
3326 751 3494 809 etiam

1898 843 2224 901 charitatein
2254 858 2408 897 suam
2433 842 2579 898 circa
2617 842 2743 898 illos
2791 843 3050 912 ostendit,
3098 843 3318 918 quando
3368 858 3494 899 con-

1900 934 2097 1006 gaudet
2139 932 2287 989 bono
2329 939 2508 1005 coepto
2549 932 2797 1000 illorum,
2837 941 2891 988 et
2937 932 3190 989 hortatur
3226 933 3295 990 ad
3319 931 3497 1005 profe-

1897 1031 2071 1080 ctum.

1980 1122 2076 1179 29
2125 1126 2342 1182 Gratias
2386 1141 2513 1197 ergo
2560 1141 2717 1197 agere
2747 1142 2804 1182 se
2832 1126 2971 1183 dicit
3009 1128 3123 1183 Deo
3151 1142 3251 1182 suo
3286 1125 3498 1182 dumta~

1898 1221 2013 1282 xat,
2038 1214 2169 1287 quia
2197 1215 2381 1270 adhuc
2402 1215 2626 1270 illorum
2650 1230 2761 1270 non
2783 1224 2899 1271 erat
2916 1216 3110 1288 plene;
3140 1215 3270 1289 quia
3287 1231 3355 1272 ex
3382 1215 3500 1287 ipso

1898 1315 1981 1363 est
2035 1307 2219 1363 omnis
2276 1308 2574 1379 paternitas
2626 1309 2847 1379 (Ephes.
2891 1324 2986 1375 ιιι,
3047 1307 3155 1378 l5).
3212 1306 3317 1363 Sed
3371 1305 3502 1380 quia

1899 1396 2080 1451 omnis
2123 1395 2414 1466 dispositio
2451 1395 2646 1451 salutis
2687 1402 2887 1451 nostrai
2916 1411 2948 1452 a
2983 1397 3098 1452 Deo
3129 1394 3375 1469 quidem,
3406 1393 3501 1451 sed

1900 1501 1995 1558 per
2023 1484 2308 1542 Christum
2335 1493 2437 1553 est,
2461 1502 2572 1541 non
2602 1501 2699 1558 per
2719 1486 2913 1558 legem,
2936 1501 3113 1559 neque
3144 1500 3240 1557 per
3258 1484 3499 1557 aliquem

1898 1575 2251 1649 prophetam,
2286 1575 2485 1647 gratias
2514 1575 2737 1648 quidem
2767 1591 2925 1648 agere
2952 1591 3008 1631 se
3046 1575 3184 1632 dicit
3222 1576 3355 1643 Deo,
3405 1574 3500 1632 sed

1899 1681 1996 1738 per
2016 1664 2323 1732 Christum,
2347 1667 2475 1737 quia
2497 1664 2642 1720 fama
2672 1663 2800 1720 ﬁdei
2828 1664 3052 1721 illorum
3082 1672 3198 1720 erat
3226 1663 3501 1736 profectus

180 1758 359 1819 catos,
416 1752 621 1808 scirent
667 1767 722 1807 se
770 1751 873 1808 sub
916 1751 1032 1824 lege
1078 1767 1237 1824 agere
1266 1767 1378 1807 non
1409 1752 1628 1821 debere,
1661 1753 1790 1826 quia
1818 1776 1864 1837 Β
1902 1756 2244 1823 multorum;
2296 1762 2358 1810 ut
2408 1753 2513 1811 hoc
2541 1753 2721 1826 ipsum
2760 1753 2831 1810 ad
2858 1754 2959 1811 Dei
2984 1753 3388 1827 providentiam
3420 1771 3501 1812 re-

181 1839 312 1895 sine
364 1840 478 1913 lege
516 1840 695 1913 Moysi
744 1850 1102 1913 susceperunt
1146 1849 1357 1898 caterae
1398 1851 1585 1916 gentes
1615 1843 1788 1915 legem

180 1928 418 1988 Christi.

262 2028 448 2100 (Vers.
495 2031 574 2103 7.)
643 2058 661 2081 ε
690 2030 963 2090 Omnibus
1004 2031 1099 2104 qui
1148 2039 1280 2087 sunt
1333 2034 1540 2101 Romae,
1571 2031 1787 2089 dilectis

182 2117 292 2176 Dei
329 2119 473 2191 (25),
512 2121 721 2179 vocatis
749 2121 971 2179 sanctis.
995 2145 1012 2168 ι
1055 2121 1320 2189 Quamvis
1350 2122 1610 2179 Romanis
1639 2122 1786 2178 scri—

180 2207 304 2277 bat,
333 2210 450 2267 illis
480 2219 661 2268 tamen
687 2213 922 2269 scribere
952 2229 1008 2269 se
1037 2212 1330 2285 signiﬁcat,
1363 2214 1455 2287 qui
1488 2215 1546 2270 in
1593 2214 1787 2271 chari-

181 2305 299 2355 tate
337 2299 437 2355 Dei
487 2308 635 2356 sunt.
682 2302 787 2368 Qui
829 2312 957 2359 sunt
1001 2302 1084 2371 hi,
1132 2304 1243 2359 nisi
1284 2303 1379 2377 qui
1408 2304 1474 2359 de
1503 2304 1602 2360 Dei
1642 2304 1785 2361 Filio

183 2395 335 2444 recte
363 2388 612 2444 sentiunt
637 2388 665 2445 ?
693 2391 789 2446 Isti
825 2391 1000 2447 sancti
1030 2399 1180 2459 sunt,
1208 2398 1263 2446 et
1279 2392 1459 2447 vocati
1487 2392 1781 2461 dicuntur;

183 2478 294 2535 sub
320 2478 459 2550 Lege
487 2479 634 2536 enim
668 2487 890 2552 agentes
923 2480 1061 2535 male
1092 2481 1415 2553 intelligunt
1462 2481 1743 2538 Christum
1769 2496 1780 2533 :

183 2573 243 2623 et
271 2565 530 2639 injuriam
559 2569 672 2625 Deo
702 2569 849 2625 Patri
887 2568 1122 2637 faciunt,
1172 2586 1300 2626 cum
1340 2586 1408 2625 an
1450 2571 1508 2627 in
1564 2570 1785 2629 Christo

184 2663 427 2738 perfecta
461 2681 582 2738 spes
601 2666 796 2722 salutis
826 2665 919 2734 sit,
949 2666 1227 2724 dubitant.
1278 2666 1407 2725 Ideo
1453 2666 1628 2724 sancti
1671 2683 1783 2723 non

184 2761 339 2823 sunt,
373 2766 549 2828 neque
574 2755 754 2813 vocati
786 2756 1068 2813 dicuntur.

273 2870 293 2893 ι
333 2847 519 2903 Gratia
548 2849 706 2905 vobis
734 2858 787 2905 et
817 2849 931 2904 Pax
960 2866 990 2904 a
1023 2851 1136 2905 Deo
1166 2849 1321 2905 Patre
1361 2856 1569 2919 nostro,
1601 2857 1654 2906 et
1679 2852 1780 2905 Dc-

184 2936 344 2992 mino
373 2937 499 2992 Jesu
538 2936 781 2996 Christo.
816 2962 834 2986 ι
879 2937 1123 2995 Gratiam
1155 2946 1209 2995 et
1238 2954 1427 3010 pacem
1457 2956 1581 2997 cum
1614 2939 1682 2995 iis
1702 2938 1781 2994 di-

184 3026 267 3085 cit
321 3042 455 3095 esse,
513 3027 605 3101 qui
665 3037 811 3085 recte
864 3028 1117 3087 credunt.
1178 3029 1365 3086 Gratia
1415 3038 1515 3097 est,
1579 3030 1707 3102 quia
1755 3047 1783 3085 a

1898 1846 2037 1903 ferat
2068 1861 2164 1917 per
2192 1844 2500 1902 Christum.
2534 1843 2645 1901 Aut
2683 1843 2831 1900 enim
2878 1842 3188 1916 gaudebant
3232 1843 3499 1911 roborati,

1898 1938 1993 2012 qui
2043 1936 2423 1994 crediderant:
2472 1936 2678 2003 caeteri,
2726 1934 2857 2009 quia
2904 1933 3171 1992 videbant
3222 1934 3500 2009 principes

1897 2043 2023 2083 suos
2079 2027 2285 2083 factos:
2338 2032 2434 2082 aut
2478 2033 2623 2082 certe
2652 2024 2749 2099 qui
2793 2039 2906 2081 non
2941 2022 3309 2093 crediderant,
3350 2032 3496 2098 pote-

1897 2126 2019 2173 rant
2072 2116 2264 2174 cedere
2324 2114 2523 2171 borum
2571 2114 2842 2187 exemplo.
2908 2114 3090 2172 Facile
3155 2114 3306 2171 enim
3362 2112 3499 2171 facit

1897 2205 2148 2274 inferior,
2181 2205 2326 2279 quod
2359 2205 2478 2261 ﬁeri
2506 2204 2712 2261 viderit
2740 2220 2771 2260 a
2801 2204 2983 2278 priore
3016 2203 3157 2276 (29).

1970 2305 2152 2375 (Vers.
2186 2303 2266 2374 9.)
2312 2328 2330 2351 ι
2361 2303 2537 2360 Testis
2568 2304 2714 2359 enim
2746 2303 2887 2360 mihi
2919 2313 2999 2361 est
3014 2304 3181 2372 Deus,
3205 2300 3295 2360 cui
3316 2300 3499 2360 servio

1895 2394 1952 2450 in
1986 2394 2186 2466 spiritu
2216 2409 2357 2462 meo,
2398 2392 2456 2448 in
2488 2394 2789 2467 Evangelio
2819 2393 2948 2450 Filii
3003 2392 3140 2464 ejus,
3188 2391 3336 2466 quod
3378 2392 3499 2449 sine

1894 2484 2309 2541 intermissione
2364 2487 2685 2542 memoriam
2735 2486 2904 2543 vestri
2970 2486 3114 2543 facio
3170 2502 3385 2559 semper
3438 2485 3498 2541 in

1895 2579 2240 2635 orationibus
2283 2578 2440 2635 meis.
2484 2603 2503 2626 ι
2554 2578 2623 2635 Ut
2661 2578 2885 2634 suadeat
2934 2577 3280 2647 charitatem,
3321 2579 3498 2633 Deum

1892 2678 2087 2727 testem
2127 2671 2239 2739 dat,
2272 2672 2361 2727 cui
2402 2671 2592 2737 servit,
2625 2670 2692 2725 ad
2738 2687 2899 2744 quem
2948 2678 3003 2725 et
3031 2685 3247 2741 precem
3280 2685 3378 2741 pro
3408 2668 3499 2724 his

1892 2761 2047 2829 facit,
2078 2777 2189 2817 non
2223 2761 2279 2817 in
2313 2761 2429 2832 lege
2458 2758 2770 2827 serviendo,
2803 2759 2896 2814 sed
2926 2759 2985 2814 in
3015 2757 3320 2830 Evangelio
3366 2757 3497 2814 Filii

1894 2849 2034 2922 ejus,
2067 2850 2173 2906 hoc
2203 2858 2306 2919 est,
2333 2866 2445 2906 non
2475 2850 2530 2904 in
2569 2865 2635 2904 eo
2660 2847 2806 2922 quod
2836 2848 3051 2921 Moyses
3096 2864 3287 2904 servus
3327 2845 3493 2903 tradi-

1893 2940 1998 3007 dit,
2053 2939 2146 2995 sed
2206 2939 2263 2995 in
2321 2956 2384 2995 eo
2433 2938 2576 3011 quoi
2627 2936 2805 2993 Filius
2846 2937 3240 2994 dilectissimus
3268 2935 3488 3003 docuit;

1894 3036 2161 3102 quantum
2180 3030 2327 3087 enim
2355 3028 2522 3085 distat
2542 3044 2735 3084 servus
2765 3045 2794 3083 a
2814 3027 3063 3095 domino,
3086 3035 3302 3085 tantum
3326 3026 3493 3083 distat

184 3123 428 3195 peccatis
456 3121 690 3178 absoluti
722 3132 887 3179 sunt:
936 3140 1041 3195 pax
1070 3139 1221 3191 vero,
1267 3123 1397 3197 quia
1437 3138 1506 3177 ex
1544 3122 1786 3180 inimicis
1821 3146 1863 3203 Ο
1897 3118 2243 3189 evangelium
2276 3135 2306 3173 a
2335 3118 2451 3190 lege
2477 3136 2487 3172 :
2523 3133 2635 3172 non
2666 3116 2812 3189 quod
2841 3118 2984 3173 mala
3012 3117 3084 3173 sit
3113 3118 3223 3186 lex,
3254 3116 3345 3173 sed
3365 3116 3496 3190 quia

185 3211 530 3271 reconciliati
551 3219 681 3268 sunt
702 3211 969 3280 Creatori,
993 3213 1136 3269 sicut
1161 3212 1298 3269 dicit
1319 3212 1591 3268 Dominus
1620 3231 1630 3268 :
1681 3235 1701 3260 ι
1728 3213 1790 3267 In

182 3320 575 3381 quamcunque
609 3302 837 3357 domum
870 3302 1218 3370 introieritis,
1249 3310 1303 3357 et
1332 3303 1638 3372 receperint
1670 3318 1788 3370 vos,

181 3394 358 3452 dicite
392 3413 404 3450 :
453 3394 571 3450 Pax
618 3390 751 3447 huic
795 3390 986 3446 domui
1037 3392 1188 3462 (Luc.
1220 3408 1278 3460 x,
1313 3391 1396 3462 5).
1428 3415 1447 3438 ι
1493 3393 1563 3447 Et
1582 3399 1644 3447 ut
1674 3393 1792 3448 sine

183 3484 418 3545 Christo
442 3483 651 3538 nullam
684 3498 799 3538 esse
828 3497 1011 3554 pacem
1046 3488 1099 3537 et
1123 3497 1273 3555 spem
1305 3479 1548 3547 doceret,
1594 3480 1793 3553 adjecit

183 3574 422 3649 gratiam
454 3582 508 3630 et
533 3588 718 3645 pacem
750 3588 863 3627 non
898 3572 1076 3627 solum
1106 3586 1136 3626 a
1165 3572 1282 3627 Deo
1328 3571 1487 3627 Patre
1517 3587 1653 3639 esse,
1696 3572 1791 3629 sed

183 3672 244 3721 et
273 3680 306 3719 a
335 3662 556 3721 Christo
584 3662 729 3718 Jesu.
763 3663 939 3718 Deum
972 3662 1185 3718 Patrem
1217 3668 1469 3718 nostrum
1500 3660 1639 3718 dicit
1670 3678 1789 3733 pro-

186 3762 313 3827 pter
335 3751 626 3825 originem,
658 3750 787 3825 quia
812 3750 882 3807 ab
913 3749 1030 3824 ipso
1070 3758 1198 3806 sunt
1243 3751 1463 3807 omnia:
1507 3749 1788 3807 Christum

186 3850 375 3899 autem
405 3842 729 3911 Dominum,
756 3841 886 3916 quia
913 3839 1033 3913 ejus
1059 3839 1326 3915 sanguine
1365 3840 1655 3913 redempti,
1700 3841 1791 3897 fa-

187 3934 270 3991 cti
309 3950 499 3990 sumus
537 3933 641 3989 ﬁlii
672 3933 799 3990 Dei.

269 4022 450 4094 (Vers.
483 4022 565 4095 8.)
605 4047 623 4070 ι
645 4022 892 4078 Primum
921 4020 1143 4096 quidem
1174 4022 1374 4093 gratias
1404 4036 1505 4093 ago
1530 4022 1643 4077 Deo
1671 4035 1792 4077 meo

188 4131 291 4190 per
318 4115 502 4171 Iesum
538 4114 821 4172 Christum
853 4130 951 4187 pro
980 4112 1238 4169 omnibus
1265 4111 1423 4168 vobis
1448 4130 1461 4179 ;
1496 4111 1627 4185 quia
1656 4110 1792 4166 ﬁdes

189 4213 377 4263 vestra
429 4205 791 4261 annuntiatur
834 4204 893 4260 in
948 4204 1209 4259 universo
1252 4201 1480 4258 mundo.
1530 4226 1548 4249 ι
1608 4201 1793 4257 Finita

190 4294 514 4373 praefatione
536 4303 661 4351 ante
690 4294 879 4350 omnia
906 4293 1165 4365 gaudium
1197 4310 1358 4350 suum
1391 4309 1507 4349 esse
1536 4300 1790 4359 testatur,

190 4392 387 4460 utpote
422 4384 665 4457 gentium
696 4384 1013 4457 Apostolus,
1067 4383 1213 4457 quod
1257 4401 1385 4441 cum
1434 4384 1664 4439 Romani
1699 4399 1792 4438 re-

193 4491 424 4558 gnarent
448 4482 506 4537 in
546 4480 773 4549 mundo,
814 4478 1149 4551 subjecerint
1177 4494 1234 4535 se
1273 4477 1401 4535 ﬁdei
1443 4478 1791 4548 Christianas,
1817 4508 1865 4567 Ι)

193 4582 319 4647 quae
369 4570 734 4645 prudentibus
780 4568 967 4626 saeculi
1018 4568 1245 4625 humilis
1291 4575 1345 4624 et
1392 4569 1563 4625 stulta
1628 4568 1793 4626 vide—

193 4671 291 4719 tur
319 4660 457 4733 (26).
492 4659 628 4718 Cum
664 4675 792 4731 ergo
816 4659 988 4714 multa
1007 4664 1187 4714 essent
1213 4674 1283 4713 ex
1312 4657 1512 4733 quibus
1537 4658 1796 4731 gauderet

195 4752 259 4809 in
285 4750 548 4809 Romanis
584 4750 764 4821 (erant
792 4749 940 4805 enim
970 4747 1220 4805 doctrina
1259 4748 1643 4804 memorabiles
1675 4748 1793 4819 (27)

196 4853 256 4902 et
284 4841 418 4899 boni
448 4842 630 4915 operis
660 4840 872 4914 cupidi,
903 4840 1247 4913 studiosique
1286 4841 1461 4911 magis
1484 4838 1678 4912 agendi
1705 4838 1793 4895 be-

195 4950 291 5003 ne,
325 4949 489 5006 quam
519 4931 809 5001 sermonis,
842 4930 989 5005 quod
1028 4945 1138 4986 non
1176 4931 1333 5002 longe
1361 4939 1443 4986 est
1471 4946 1502 4985 a
1532 4929 1796 5001 religione

194 5022 441 5094 divina),
487 5022 545 5078 in
589 5022 694 5080 hoc
743 5030 927 5079 tamen
980 5021 1221 5094 primum
1268 5020 1500 5093 gaudere
1543 5010 1600 5077 Se
1638 5020 1795 5088 dicit,

274 5138 392 5211 (24)
428 5140 586 5197 Rom.
635 5138 793 5207 edit.,
847 5138 992 5197 Mitti
1021 5137 1187 5209 igitur
1228 5137 1515 5208 apostolos,
1564 5143 1625 5191 ut
1661 5153 1798 5207 pra:-

198 5214 461 5270 dicarem.

274 5284 393 5353 (25)
422 5281 612 5340 Codex
640 5279 832 5353 Mich,
864 5282 1042 5338 Romw
1070 5280 1136 5353 in
1157 5280 1415 5353 charilate
1452 5279 1568 5353 Dei.

272 5349 390 5421 (26)
428 5355 585 5409 Rom.
618 5352 750 5407 edit.
793 5353 927 5417 sola,
958 5351 1136 5405 seculi
1184 5350 1342 5419 hujus
1389 5350 1551 5421 stulta
1570 5349 1799 5421 videtur.

271 5419 392 5496 (27)
428 5423 634 5479 Eadem
685 5422 845 5496 edit.,
875 5422 1187 5496 disciplina:
1227 5420 1482 5496 moralis;
1516 5429 1624 5496 vet.
1667 5419 1798 5474 edit.

197 5507 252 5555 et
280 5491 477 5569 plures
510 5510 662 5569 mss,
714 5491 1288 5569 doctrime;qui.dam,
1337 5491 1639 5569 disciplina,
1692 5506 1807 5543 me-

200 5561 511 5625 morabiles.
560 5561 654 5619 At
686 5562 915 5619 omnino
955 5561 1245 5633 legendum
1288 5578 1417 5618 cum
1482 5561 1643 5618 Carn.
1703 5576 1805 5633 ms.

200 5640 454 5700 doctrina
485 5635 871 5704 memorabiles,
902 5631 1163 5708 nisi—quis
1186 5633 1345 5691 malit
1367 5649 1493 5691 cum
1522 5634 1649 5691 Vat.
1683 5631 1806 5687 cod.

1903 3205 2100 3261 melius
2124 3213 2207 3260 est
2244 3205 2630 3276 Evangelium.
2662 3206 2777 3259 Deo
2806 3204 2989 3277 itaque
3017 3206 3187 3261 servit
3220 3206 3278 3260 in
3315 3206 3494 3260 Evan-

1902 3294 2043 3365 gelio
2091 3294 2219 3350 Filii
2262 3292 2401 3363 ejus,
2451 3301 2513 3349 ut
2556 3291 2811 3348 ostendat
2856 3293 2957 3348 Dei
2986 3308 3101 3348 esse
3129 3292 3491 3361 voluntatem,

1902 3391 1963 3438 ut
1991 3383 2243 3439 credatur
2272 3381 2330 3437 in
2361 3381 2664 3439 Christum.

1984 3505 2004 3528 ι
2040 3480 2142 3539 Cui
2178 3489 2230 3537 et
2250 3482 2450 3538 servio.
2494 3507 2512 3530 ι
2556 3479 2885 3550 Quomodo?
2925 3505 2943 3529 ε
2972 3480 3029 3537 in
3058 3479 3258 3551 spiritu
3280 3495 3421 3547 meo,
3463 3506 3482 3530 ι

1901 3571 2104 3645 inquit,
2146 3587 2259 3628 non
2303 3573 2358 3628 in
2411 3573 2832 3630 circumcisione
2868 3571 3199 3640 manufacta,
3232 3586 3407 3645 neque
3437 3570 3495 3627 in

1901 3668 2227 3737 ueomeniis,
2259 3675 2313 3724 et
2341 3667 2601 3738 Sabbato,
2634 3675 2687 3723 et
2717 3667 3049 3724 discretione
3082 3682 3368 3723 escarum:
3402 3664 3494 3722 sed

1902 3759 1959 3814 in
1991 3760 2211 3831 spiritu,
2249 3759 2304 3815 id
2335 3768 2438 3828 est,
2472 3761 2529 3816 in
2565 3768 2770 3816 mente.
2810 3759 2951 3828 Quia
2977 3761 3119 3815 Deus
3138 3758 3366 3831 spiritus
3392 3765 3493 3827 est,

1901 3850 2099 3923 spiritu
2128 3849 2215 3905 vel
2244 3849 2431 3905 animo
2461 3851 2646 3923 potius
2665 3849 2825 3905 debet
2853 3848 2934 3904 illi
2966 3847 3161 3904 serviri
3186 3864 3200 3913 ;
3231 3847 3320 3903 cui
3347 3846 3497 3902 enim

1901 3938 2086 3994 animo
2117 3938 2378 4008 servitur,
2410 3956 2479 3994 ex
2508 3938 2616 3994 ﬁde
2648 3938 2731 3993 illi
2763 3936 3023 3993 servitur.
3058 3934 3185 3990 Haec
3214 3942 3268 3990 et
3296 3934 3499 3991 Domi—

1902 4046 2006 4086 nus
2044 4028 2221 4085 factus
2269 4036 2351 4084 est
2394 4029 2459 4084 ad
2504 4025 2913 4093 Samaritidem,
2953 4032 3238 4095 putantem
3263 4022 3411 4097 quod
3441 4023 3499 4080 in

1906 4126 2089 4174 monte
2119 4117 2335 4174 adorari
2368 4134 2422 4171 s-
2453 4118 2599 4173 Deus
2630 4116 2789 4183 velit,
2820 4114 3047 4171 dicens:
3095 4137 3114 4160 ι
3142 4112 3311 4170 Venit
3341 4112 3497 4182 hora,

1901 4215 1954 4266 et
1984 4224 2131 4264 nunc
2160 4215 2261 4270 est.
2310 4205 2530 4280 quando
2562 4206 2679 4261 veri
2716 4205 3029 4262 adoratores
3071 4202 3378 4261 adorabunt
3406 4204 3498 4260 Pa-

1903 4308 2041 4354 trem
2060 4296 2118 4352 in
2140 4295 2343 4369 spiritu
2366 4306 2413 4350 et
2436 4295 2687 4351 veritate.
2720 4295 2940 4351 Etenim
2963 4295 3121 4350 Pater
3144 4293 3282 4350 tales
3302 4292 3502 4367 quaerit

1903 4386 1998 4459 qui
2048 4386 2281 4443 adorent
2328 4403 2475 4443 eum.
2507 4384 2743 4457 Spiritus
2785 4392 2866 4440 est
2895 4385 3040 4440 Deus
3071 4383 3258 4455 (Joan.
3297 4398 3375 4450 iv,
3409 4381 3498 4440 23o

1901 4478 2016 4548 24).
2048 4503 2066 4525 ι
2122 4477 2428 4533 Adorantes
2467 4493 2616 4548 ergo,
2650 4476 2707 4532 in
2741 4475 2940 4549 spiritu
2969 4483 3024 4532 et
3068 4475 3299 4531 veritate
3346 4489 3503 4546 opor-

1902 4580 1981 4628 tet
2029 4572 2277 4640 adorare,
2336 4580 2391 4628 et
2436 4585 2548 4626 non
2595 4571 2749 4627 locus
2794 4570 3100 4625 orationem
3133 4564 3501 4636 commendet,

1904 4662 1997 4718 sed
2043 4662 2276 4718 devotus
2317 4662 2555 4717 animus.
2614 4661 2732 4717 Hoc
2777 4667 2877 4728 est,
2929 4658 2987 4714 in
3016 4657 3249 4713 veritate
3278 4655 3503 4710 adorare

1906 4750 1962 4805 in
1993 4749 2193 4823 spiritu
2224 4750 2400 4805 Deum
2443 4749 2711 4819 Spiritum
2749 4755 2803 4802 et
2856 4745 3160 4810 Christum,
3212 4758 3385 4798 unum
3436 4756 3506 4796 ex

1906 4856 2014 4910 quo
2043 4838 2251 4904 omnia,
2284 4847 2338 4893 et
2366 4853 2540 4892 unum
2572 4852 2667 4907 per
2695 4849 2859 4908 quem
2889 4831 3077 4888 omnia
3119 4830 3177 4899 (Ι
3198 4828 3325 4884 Cor.
3379 4845 3503 4894 vui,

1906 4928 1985 4997 6).
2023 4928 2130 4982 llos
2167 4926 2364 4998 quaerit
2394 4925 2708 4980 adoratores
2747 4922 2924 4977 Pater.
2967 4919 3264 4975 Memorem
3294 4933 3422 4991 ergo
3450 4935 3508 4976 se

1909 5016 2137 5072 illorum
2170 5015 2229 5070 in
2274 5013 2620 5070 orationibus
2662 5011 2778 5070 suis
2823 5009 3050 5084 ﬂagitat,
3095 5017 3158 5068 ut
3184 5009 3417 5068 seminet
3450 5010 3507 5068 in

1907 5134 2164 5191 doctrinm
2199 5130 2582 5187 memorabilis.

1983 5206 2100 5275 (28)
2137 5202 2322 5260 Codex
2356 5201 2591 5275 Remig,
2642 5202 2745 5258 ista
2794 5201 3023 5275 inserit:
3063 5203 3211 5259 Mira
3260 5200 3396 5256 enim
3425 5218 3509 5275 res

1910 5272 2208 5341 videbatur,
2242 5281 2299 5328 ut
2349 5274 2550 5329 domini
2576 5275 2806 5346 gentium
2836 5274 3229 5330 inclinarentur
3279 5272 3508 5343 promis-

1913 5348 2052 5403 sioni
2075 5346 2406 5403 Iudaeorum.

1987 5419 2104 5489 (29)
2140 5419 2218 5472 Ita
2248 5424 2358 5472 vet.
2400 5416 2539 5489 edit,
2566 5433 2629 5472 ac
2658 5434 2787 5489 mss.
2819 5415 3161 5486 complures:
3212 5411 3349 5489 edit.
3380 5430 3512 5470 vero

1917 5484 2047 5546 Gill.
2096 5489 2155 5543 in
2199 5494 2473 5560 margqet
2518 5488 2676 5560 Rom.
2728 5488 2787 5560 in
2834 5484 2985 5560 corp.
3017 5501 3143 5560 cum
3185 5484 3512 5560 aliis_mss.,

1913 5560 2181 5633 principes
2208 5555 2343 5613 suos
2370 5557 2567 5628 fratres
2612 5559 2713 5614 sibi
2757 5555 3010 5631 factos‘in
3259 5555 3453 5614 viderit
3479 5572 3517 5610 α

1911 5632 2127 5688 satiare.
