3932 6210
468 311 541 367 55
1476 309 1571 364 AD
1610 306 1843 365 OPERA
1881 306 1936 363 S.
1976 305 2309 363 AMBROSII
2346 304 2731 361 APPENDIX.

3732 305 3798 368 56

462 432 583 493 Illis
608 432 969 501 cbaritatem;
1022 430 1153 489 facit
1189 432 1336 488 enim
1385 432 1499 489 illis
1544 432 1877 489 desiderium
1926 432 2036 487 sui.
2081 434 2131 492 A
2161 430 2436 499 humanas,
2467 431 2581 485 sola
2613 430 2719 487 ﬁde
2767 428 2956 487 addita
3002 428 3112 502 legi
3160 429 3428 497 naturali,
3488 430 3791 489 hominum

464 524 601 592 Quis
647 523 793 580 enim
839 538 949 578 non
990 529 1136 578 amet
1191 539 1316 579 eum
1368 539 1529 596 quem
1574 522 1727 579 audit
1769 538 2065 578 memorem

464 615 551 671 sui
598 613 757 670 esse?
790 613 847 669 Si
899 613 1047 668 enim
1098 612 1166 668 ab
1212 612 1281 669 iis
1319 612 1414 686 qui
1448 611 1601 668 missi
1641 628 1751 668 non
1784 621 1958 680 erant,
1990 611 2069 667 li—

464 704 658 761 benter
708 710 1028 775 acceperant
1070 701 1380 758 doctrinam
1431 702 1535 759 sub
1582 701 1807 757 nomine
1837 701 2067 766 Christi,

466 793 788 851 adulteratis
835 793 1053 859 verbis;
1105 801 1315 865 quanto
1362 790 1534 864 magis
1562 791 1631 846 ab
1671 807 1735 846 eo
1775 808 1938 863 quem
1968 792 2070 847 sci-

465 892 590 941 rent
634 900 750 940 esse
795 883 1122 955 apostolum,
1175 890 1229 938 et
1275 880 1433 953 cujus
1485 879 1652 936 verba
1706 879 2069 936 comitaretur

464 974 663 1042 virtus,
694 972 1067 1029 desiderarent
1096 971 1286 1027 audire
1322 973 1334 1027 l

537 1065 723 1135 (Vers.
778 1064 890 1135 10.)
943 1084 969 1113 «
1021 1062 1325 1118 Obsecrans
1367 1061 1411 1117 si
1458 1077 1569 1134 quo
1626 1060 1792 1117 modo
1839 1060 2065 1117 tandem

464 1155 759 1228 aliquando
822 1170 1142 1228 prosperum
1208 1152 1313 1209 iter
1368 1151 1598 1207 habeam
1657 1152 1715 1207 in
1780 1153 2065 1208 voluntate

461 1245 581 1313 Dei,
613 1243 871 1299 veniendi
911 1243 979 1298 ad
1009 1259 1128 1297 vos.
1161 1266 1179 1289 ι
1225 1240 1504 1297 Orationis
1532 1257 1642 1296 suae
1676 1257 1775 1311 pro
1803 1240 1917 1296 illis
1946 1257 2064 1295 sen-

461 1351 581 1390 sum
607 1331 882 1397 ostendit;
916 1334 1092 1387 Deum
1111 1331 1258 1386 enim
1290 1347 1345 1386 se
1373 1330 1513 1386 dicit
1537 1338 1738 1401 petere,
1762 1337 1823 1385 ut
1854 1331 2067 1386 veniret

460 1422 530 1479 ad
560 1422 763 1478 Urbem
797 1421 913 1492 (30)
940 1420 1007 1475 ad
1037 1418 1341 1491 profectum
1374 1419 1597 1474 illorum
1640 1435 1767 1474 cum
1809 1421 1908 1475 Dei
1955 1436 2066 1475 vo-

462 1514 696 1581 luntate,
727 1510 885 1584 cujus
926 1510 1185 1585 praedicat
1229 1511 1457 1566 donum.
1493 1511 1647 1567 Tunc
1690 1510 1839 1567 enim
1866 1511 2062 1584 profe-

462 1609 584 1657 ctus
611 1600 782 1668 adest,
813 1599 859 1654 si
889 1599 1035 1673 quod
1056 1598 1326 1672 agendum
1354 1606 1455 1666 est,
1485 1614 1612 1654 cum
1644 1598 1743 1655 Dei
1777 1600 2062 1655 voluntate

459 1698 669 1762 agatur.
711 1690 844 1747 Orat
885 1706 1012 1761 ergo
1042 1696 1105 1744 ut
1152 1704 1477 1761 quacunque
1507 1705 1578 1744 ex
1614 1704 1776 1745 causa
1799 1688 1914 1761 jam
1954 1690 2063 1745 da-

2179 537 2348 591 genus
2379 521 2591 576 salvare
2622 519 2893 577 decrevit.

2248 610 2394 679 Quid
2436 619 2518 667 est
2563 618 2747 667 tamen
2778 619 2840 667 ut
2869 627 2993 667 cum
3025 611 3249 683 scriptis
3280 611 3407 668 illos
3437 614 3710 685 corrigat,
3742 623 3793 669 et

2177 716 2205 755 a
2234 701 2440 756 carnali
2472 717 2635 757 sensu
2658 700 2961 769 abstrahat,
2993 701 3342 773 praesentiam
3390 718 3548 759 suam
3603 720 3794 761 neces-

2176 790 2371 845 sariam
2422 790 2590 855 dicat,
2643 798 2705 845 nt
2735 790 2966 861 gratiam
3000 791 3116 847 illis
3149 791 3457 865 spiritalem
3489 794 3791 851 ministra-

2176 887 2292 944 ret;
2325 894 2451 934 cum
2481 894 2544 933 ea
2573 894 2694 951 quas
2724 878 2940 947 scribit,
2973 879 3245 951 spiritalia
3283 881 3431 936 sint:
3483 881 3593 938 nisi
3644 898 3790 954 pro-

2175 977 2295 1040 pter
2324 968 2428 1026 hoc
2456 971 2586 1042 quia
2614 969 2774 1024 aliter
2801 968 2952 1024 dicta
2976 968 3044 1023 ad
3074 970 3226 1026 aliud
3250 971 3432 1027 solent
3461 972 3602 1043 rapi,
3635 973 3789 1030 sicut

2175 1057 2241 1111 ab
2273 1057 2547 1113 haereticis
2576 1057 2638 1112 ﬁt
2664 1058 2691 1113 τ
2722 1058 2851 1113 Ideo
2883 1056 3156 1114 desiderat
3185 1068 3245 1116 ut
3300 1076 3538 1131 praesens
3566 1060 3788 1117 doctri-

2179 1163 2301 1201 nam
2352 1147 2725 1218 evangelicam
2771 1162 2936 1203 sensu
2987 1165 3097 1222 quo
3144 1148 3359 1217 scribit,
3422 1148 3510 1205 his
3556 1149 3780 1216 tradat;

2175 1251 2244 1290 ne
2288 1236 2392 1290 sub
2456 1236 2781 1291 auctoritate
2831 1236 3139 1293 litterarum
3193 1253 3311 1309 ejus
3356 1254 3469 1293 non
3500 1238 3785 1294 auferetur

2174 1342 2344 1394 error,
2399 1325 2494 1382 sed
2537 1326 2884 1383 ﬁrmaretur:
2935 1326 3137 1399 quippe
3188 1344 3316 1383 cum
3374 1345 3611 1399 praesens
3657 1346 3784 1402 qua

2175 1416 2357 1472 verbis
2403 1416 2630 1473 suadere
2689 1434 2800 1473 non
2844 1424 3077 1491 poterat,
3133 1417 3387 1476 suaderet
3434 1420 3666 1490 virtute,
3723 1429 3785 1479 ut

2174 1506 2344 1577 magis
2374 1506 2486 1561 illis
2516 1506 2769 1578 proficiat
2806 1506 2999 1562 aditis.

2246 1597 2429 1667 (Vers.
2462 1597 2574 1668 12.)
2623 1622 2640 1645 ι
2666 1597 2727 1654 Id
2752 1605 2859 1667 est,
2886 1597 3053 1654 simul
3081 1598 3360 1655 consolari
3410 1599 3471 1657 in
3496 1601 3658 1660 vobis
3682 1619 3783 1675 per

2171 1702 2289 1742 eam
2320 1703 2440 1760 quas
2472 1687 2711 1744 invicem
2734 1696 2835 1756 est,
2870 1688 3035 1744 ﬁdem
3068 1699 3305 1746 vestram
3326 1697 3491 1763 atque
3520 1708 3727 1747 meam.
3749 1719 3767 1741 ι

460 1788 612 1837 retur
661 1781 899 1849 occasio,
956 1797 1065 1853 qua
1108 1780 1323 1836 veniret
1355 1780 1424 1835 ad
1456 1780 1654 1836 Urbem
1680 1797 1694 1847 ;
1727 1779 1857 1853 quia
1886 1797 2059 1838 occu-
2095 1802 2141 1861 Β
2172 1776 2458 1833 Consolari
2488 1793 2545 1832 se
2575 1776 2713 1835 dicit
2738 1794 2865 1834 cum
2907 1778 3040 1847 illis,
3071 1778 3115 1834 si
3150 1779 3575 1851 apprehendant
3613 1782 3778 1854 spiri-

460 1879 621 1945 patus
673 1880 791 1927 erat
840 1870 964 1926 aliis
1018 1869 1401 1942 pradicando:
1454 1869 1535 1926 sic
1590 1886 1911 1942 prosperum
1958 1875 2062 1927 iter

461 1969 743 2035 reputans,
776 1960 823 2016 si
859 1962 972 2017 Deo
1002 1960 1223 2016 volente
1252 1959 1503 2027 veniret;
1534 1958 1665 2033 quia
1697 1960 1929 2033 provida
1980 1969 2062 2017 est

460 2051 561 2108 Dei
592 2052 868 2107 voluntas.
914 2050 1242 2121 Prosperum
1287 2065 1414 2121 ergo
1444 2050 1553 2105 iter
1603 2057 1683 2106 est
1729 2065 1842 2105 non
1872 2050 2062 2107 incas-

461 2157 583 2198 sum
622 2138 863 2195 laborem
912 2137 1129 2194 itineris
1174 2137 1383 2194 subire.
1447 2139 1574 2195 Haec
1622 2146 1776 2211 rogat
1822 2146 1885 2193 ut
1914 2140 2060 2195 Deus

462 2229 707 2302 impleat,
740 2227 989 2285 vocando
1018 2228 1146 2283 illos
1186 2226 1255 2284 ad
1284 2244 1437 2284 suam
1481 2228 1732 2301 gratiam.
1776 2228 2059 2286 Aviditate

460 2319 633 2376 animi
662 2318 941 2391 loquitur;
985 2316 1257 2375 desiderat
1286 2318 1434 2374 enim
1464 2318 1611 2388 illos,
1644 2319 1822 2375 sciens
1861 2326 1917 2375 et
1944 2318 2059 2375 illis

459 2418 516 2466 et
546 2409 652 2465 sibi
700 2409 975 2481 prodesse,
1025 2408 1170 2471 sicut
1212 2407 1344 2463 alibi
1374 2407 1509 2464 dicit
1537 2425 1549 2462 :
1599 2433 1616 2455 ι
1638 2408 1795 2476 Quod
1822 2415 1904 2464 est
1932 2424 2056 2480 gau-

458 2500 614 2558 dium
661 2508 911 2555 nostrnm
960 2504 1014 2554 et
1042 2514 1242 2555 corona
1263 2498 1291 2554 ?
1317 2499 1509 2555 Nonne
1538 2514 1636 2553 vos
1665 2496 1723 2552 in
1757 2497 2056 2553 adventum

458 2588 682 2648 Domini
715 2589 774 2662 (Ι
806 2588 980 2645 Thess.
1013 2604 1075 2655 II,
1110 2588 1199 2659 19)
1223 2588 1251 2643 ?
1278 2610 1297 2635 ι
1341 2588 1577 2645 Fructus
1619 2586 1766 2641 enim
1801 2587 2053 2658 Apostoli

457 2687 540 2738 est
566 2678 813 2747 uberior,
844 2678 889 2732 si
921 2679 1166 2734 lucretur
1207 2677 1430 2733 multos.
1464 2676 1733 2732 Praeterea
1769 2676 1899 2749 quia
1927 2692 2057 2732 ma—

452 2772 546 2846 jus
577 2770 838 2845 gaudium
874 2777 973 2838 est,
1018 2770 1062 2825 si
1113 2776 1362 2842 potentes
1417 2767 1613 2823 mundi
1659 2774 2057 2823 convertantur

456 2862 525 2919 ad
570 2864 769 2929 Deum,
816 2860 945 2933 quia
985 2866 1194 2931 quanto
1242 2857 1459 2914 inimici
1504 2872 1694 2928 graves
1725 2864 1874 2923 sunt,
1903 2862 2055 2911 tanto

457 2951 632 3023 magis
669 2949 1012 3007 reconciliati
1042 2946 1355 3004 necessarii.
1406 2940 1696 3003 Voluntati
1725 2944 1909 3018 itaque
1938 2942 2054 3016 ejus

459 3040 542 3097 sic
569 3039 784 3096 occasio
811 3038 939 3094 data
965 3046 1065 3105 est,
1099 3044 1162 3093 ut
1190 3044 1411 3093 coactus
1443 3036 1739 3108 appellaret
1765 3033 2050 3102 Cassarem,

460 3138 515 3186 et
548 3129 880 3201 dirigeretur
919 3143 991 3183 ex
1015 3127 1123 3183 alia
1152 3141 1315 3183 causa
1342 3126 1409 3183 ad
1439 3125 1629 3181 urbem
1661 3126 1907 3193 Romam,
1939 3127 2053 3181 Deo
2084 3165 2127 3224 Ο

461 3220 722 3286 volente;
774 3224 837 3273 ut
879 3216 1130 3288 impleret
1176 3214 1517 3287 propositum
1570 3214 1871 3270 voluntatis
1917 3230 2049 3270 suae.

460 3309 710 3383 Denique
740 3309 795 3363 in
823 3306 1109 3379 naufragio
1129 3305 1311 3378 posito
1339 3305 1802 3361 astititDominus
1822 3302 2011 3360 dicens
2036 3322 2047 3359 :

473 3425 491 3447 ι
519 3400 644 3456 Noli
690 3400 909 3465 timere,
958 3396 1144 3465 Paule,
1189 3396 1334 3452 sicut
1364 3397 1511 3451 enim
1547 3396 1870 3454 testiﬁcatus
1900 3414 1957 3453 es
1987 3396 2053 3452 de

461 3505 547 3546 me
578 3488 1000 3560 Hierosolymis,
1030 3487 1106 3542 ita
1125 3496 1180 3543 et
1208 3488 1393 3544 Romae
1426 3489 1566 3558 (Act.
1605 3504 1771 3556 xxm,
1803 3489 1914 3559 11).
1941 3512 1959 3534 ι

534 3580 697 3652 (Vers
752 3580 866 3650 11.)
915 3602 933 3626 ι
961 3578 1223 3635 Desidero
1251 3578 1398 3634 enim
1429 3579 1613 3635 videre
1658 3595 1777 3646 vos,
1826 3586 1888 3634 ut
1931 3594 2054 3651 gra-

461 3670 598 3725 tiam
625 3667 993 3740 spiritutalem
1026 3667 1185 3723 vobis
1214 3666 1592 3724 administrem
1623 3668 1692 3725 ad
1722 3667 2054 3725 conﬁrman-

462 3757 565 3813 dos
594 3773 713 3813 vos.
746 3782 764 3804 »
809 3756 1172 3813 Conﬁrmatio
1212 3756 1328 3813 haec
1357 3764 1466 3813 tres
1505 3774 1763 3830 personas
1801 3756 2055 3829 requirit,

463 3846 759 3903 annuentis
786 3846 908 3917 Dei,
948 3846 1384 3905 administrantis
1425 3848 1701 3919 Apostoli,
1736 3846 2059 3919 accipientis

465 3938 677 4013 populi.
708 3939 868 3995 Nunc
886 3952 1015 4009 ergo
1035 3935 1293 3993 desiderii
1315 3939 1401 3994 sui
1426 3940 1770 3994 voluntatem
1793 3937 2056 4005 ostendit,

465 4042 705 4101 quonam
752 4035 894 4083 esset
930 4034 1061 4082 voto
1106 4027 1253 4083 circa
1298 4028 1461 4095 illos;
1511 4044 1637 4083 cum
1689 4025 1838 4082 enim
1882 4024 2055 4083 dicit:

479 4143 499 4166 ε
538 4118 608 4175 Ut
624 4117 850 4191 gratiam
882 4117 1224 4190 spiritualem
1252 4117 1414 4174 vobis
1442 4116 1849 4183 administrem,
1882 4139 1900 4162 ι
1946 4130 2058 4170 car-

466 4209 648 4264 nalem
687 4207 814 4263 illos
856 4223 1073 4263 sensum
1126 4215 1402 4264 assecutos
1443 4206 1753 4279 signiﬁcat;
1786 4204 1916 4278 quia
1958 4203 2060 4260 sub

466 4296 693 4353 nomine
737 4295 939 4353 Christi
995 4313 1107 4352 non
1153 4297 1251 4353 illa
1305 4314 1426 4370 quas
1476 4295 1728 4353 Christus
1778 4294 2058 4361 docuerat,

467 4386 686 4442 fuerant
730 4386 983 4455 assecuti,
1024 4387 1119 4442 sed
1149 4403 1212 4442 ea
1240 4403 1362 4459 quae
1393 4385 1610 4441 fuerant
1638 4401 1670 4439 a
1707 4383 1910 4439 Iudaeis
1940 4392 2061 4440 tra-

2171 1867 2339 1934 talia;
2390 1867 2521 1940 quia
2566 1867 2821 1941 quamvis
2858 1867 3199 1939 congaudeat
3228 1868 3357 1925 ﬁdei
3390 1869 3637 1939 illorum,
3675 1871 3779 1927 do-

2172 1956 2279 2011 leat
2307 1964 2490 2012 tamen
2518 1957 2647 2029 quia
2675 1973 2786 2013 non
2816 1965 3019 2013 rectam
3051 1957 3396 2030 accipiebant
3425 1958 3612 2015 ﬁdem.
3656 1961 3777 2019 Hoc

2171 2045 2368 2101 affectu
2395 2046 2509 2103 fuit
2542 2046 2861 2119 Apostolus,
2891 2054 2953 2103 ut
2990 2046 3168 2102 aliena
3198 2047 3335 2103 vitia
3366 2048 3520 2121 quasi
3551 2065 3652 2104 sua
3679 2048 3777 2105 do-

2172 2134 2324 2189 leret.
2369 2134 2452 2189 Ac
2492 2150 2588 2207 per
2637 2134 2742 2191 hoc
2786 2135 3156 2204 consolemur,
3204 2135 3407 2209 inquit,
3461 2152 3559 2208 per
3603 2153 3776 2196 unam

2168 2231 2329 2296 atque
2359 2224 2608 2280 eamdem
2636 2223 2827 2293 ﬁdem,
2859 2233 2922 2281 ut
2952 2232 3086 2282 tunc
3127 2225 3432 2282 consolatio
3459 2241 3572 2281 una
3597 2227 3693 2295 sit,
3726 2227 3775 2284 si

2168 2312 2334 2368 unius
2380 2312 2509 2368 ﬁdei
2554 2313 2900 2371 efﬁcerentur
2930 2315 2987 2371 in
3018 2314 3243 2373 Christo
3273 2333 3287 2383 ;
3328 2322 3391 2370 ut
3420 2314 3775 2373 administra-

2167 2401 2246 2457 tio
2295 2403 2481 2473 gratize
2520 2403 2807 2477 spiritalis,
2860 2404 3269 2478 evangelizante
3298 2406 3588 2478 Apostolo,
3620 2406 3777 2468 hunc

2167 2499 2447 2562 praestaret
2478 2493 2753 2550 eﬂ’ectum.

2241 2590 2421 2661 (Vers.
2458 2592 2569 2664 l3.)
2615 2617 2633 2639 ι
2663 2593 2782 2649 Non
2826 2601 3010 2650 autem
3064 2593 3304 2651 arbitror
3348 2595 3600 2668 ignorare
3648 2613 3772 2672 vos,

2166 2676 2380 2747 fratres,
2412 2681 2541 2752 quia
2589 2698 2731 2755 saepe
2778 2682 3037 2756 proposui
3069 2684 3260 2741 venire
3291 2684 3360 2740 ad
3408 2701 3528 2753 vos,
3565 2694 3619 2742 et
3647 2702 3773 2758 pro-

2165 2766 2376 2823 hibitus
2421 2786 2543 2825 sum
2592 2788 2764 2845 usque
2804 2772 3007 2831 adhuc.
3041 2797 3059 2819 ι
3097 2774 3451 2846 Propositum
3490 2782 3544 2831 et
3578 2785 3769 2833 votum

2164 2873 2324 2913 suum
2353 2859 2617 2929 ostendit,
2654 2861 2802 2935 quod
2837 2863 3059 2936 quidem
3096 2864 3238 2920 scire
3267 2863 3393 2919 illos
3426 2880 3537 2920 non
3588 2864 3767 2922 ambi-

2164 2947 2242 3017 git
2271 2964 2366 3021 per
2390 2965 2482 3005 eos
2509 2949 2725 3020 fratres,
2760 2953 2855 3026 qui
2886 2954 2953 3009 ab
2997 2953 3296 3009 Jerusalem
3328 2954 3414 3009 vel
3447 2953 3769 3011 conﬁnibus

2162 3036 2482 3094 civitatibus
2520 3055 2681 3096 causa
2720 3058 2833 3097 sum
2884 3042 3168 3114 religionis
3221 3040 3291 3096 ad
3338 3040 3538 3098 Urbem
3585 3044 3767 3101 venie-

2163 3128 2316 3198 bant,
2365 3130 2509 3187 sicut
2552 3131 2756 3204 Aquila
2801 3140 2854 3188 et
2895 3132 3174 3200 Priscilla,
3223 3139 3414 3187 votum
3458 3130 3579 3203 ejus
3635 3134 3766 3191 insi-

2163 3227 2394 3275 nuantes
2418 3221 2699 3277 Romanis.
2734 3220 2873 3278 Cum
2904 3222 3052 3277 enim
3085 3238 3225 3295 saepe
3256 3222 3423 3277 vellet
3461 3222 3677 3293 venire,
3712 3231 3765 3280 et

2165 3314 2570 3384 prohiberetur,
2596 3315 2676 3372 sic
2700 3313 2907 3370 factum
2941 3320 3022 3369 est
3052 3320 3115 3369 ut
3141 3312 3407 3371 scriberet
3435 3314 3760 3386 epistolam;

2165 3420 2233 3459 ne
2280 3403 2378 3460 diu
2425 3405 2484 3460 in
2534 3405 2676 3460 mala
2730 3404 3125 3460 exercitatione
3166 3403 3400 3472 detenti,
3451 3420 3565 3460 non
3609 3405 3772 3463 facile

2165 3493 2589 3564 corrigerentur.
2613 3494 2686 3548 Et
2717 3494 2912 3549 fratres
2938 3510 3030 3549 eos
3062 3502 3241 3562 vocat,
3288 3510 3400 3549 non
3430 3495 3608 3550 solum
3642 3495 3772 3568 quia

2168 3580 2342 3636 renati
2390 3589 2584 3648 erant;
2630 3581 2725 3637 sed
2772 3589 2827 3637 et
2882 3582 3012 3654 quia
3063 3590 3219 3638 erant
3269 3581 3416 3638 inter
3461 3600 3572 3653 eos,
3643 3585 3773 3641 licet

2166 3669 2346 3741 pauci,
2398 3668 2493 3740 qui
2542 3676 2687 3725 recte
2734 3670 3024 3726 sentirent.
3074 3669 3227 3725 Unde
3256 3669 3439 3726 dixit:
3494 3696 3513 3718 ι
3544 3672 3771 3729 Vocatis

2167 3757 2371 3814 sanctis
2412 3759 2588 3829 (Rom.
2634 3775 2675 3827 Ι,
2728 3760 2805 3832 7).
2846 3785 2865 3808 ι
2915 3760 3059 3828 Quid
3108 3767 3292 3818 tamen
3339 3770 3442 3828 est,
3498 3788 3517 3810 ι
3547 3763 3770 3821 Vocatis

2169 3847 2416 3904 sanctis?
2447 3872 2465 3896 ι
2506 3848 2562 3904 Si
2616 3847 2763 3904 enim
2803 3847 2915 3921 jam
2967 3851 3142 3907 sancti
3186 3860 3337 3920 sunt,
3368 3852 3647 3925 quomodo
3678 3870 3771 3908 vo-

2170 3944 2364 3993 cantur
2404 3946 2465 3994 ut
2514 3939 2927 3996 sanctiﬁcantur
2952 3942 2980 3997 ‘I
3011 3941 3116 3998 Sed
3160 3940 3268 3998 hoc
3294 3941 3360 3998 ad
3398 3941 3498 3998 Dei
3530 3943 3774 4014 pertinet

2170 4029 2593 4102 praescientiam,
2624 4032 2754 4105 quia
2779 4048 2915 4105 quos
2945 4032 3050 4090 scit
3093 4033 3238 4088 Deus
3270 4032 3487 4089 futuros
3529 4041 3771 4103 sanctos,

2164 4117 2278 4190 jam
2308 4120 2453 4192 apud
2482 4120 2643 4176 illum
2670 4121 2845 4177 sancti
2872 4131 3021 4190 sunt,
3054 4128 3107 4177 et
3138 4122 3317 4178 vocati
3349 4132 3695 4194 permanent.

2242 4211 2589 4268 Prohibitum
2648 4219 2831 4268 tamen
2893 4228 2950 4268 se
3005 4211 3143 4268 dicit
3199 4228 3371 4285 usque
3430 4211 3497 4268 ad
3550 4219 3774 4286 tempus

2170 4298 2310 4355 datas
2343 4299 2607 4371 epistolae,
2638 4316 2669 4355 a
2698 4300 2811 4356 Deo
2840 4300 3051 4374 utique,
3086 4299 3201 4373 qui,
3245 4300 3424 4357 sciens
3456 4299 3640 4358 adhuc
3670 4302 3773 4358 im-

2170 4395 2387 4460 paratos
2416 4388 2562 4457 illos,
2588 4386 2655 4443 ad
2682 4388 2818 4444 alias
2848 4388 3011 4444 urbes
3035 4387 3241 4444 direxit
3267 4388 3616 4462 Apostolum,
3648 4408 3773 4465 quas

467 4483 602 4541 dita.
660 4483 728 4540 Se
781 4491 961 4542 autem
1017 4500 1214 4557 cupere
1263 4484 1431 4540 citius
1488 4482 1699 4550 venire,
1758 4490 1819 4537 ut
1863 4478 1957 4536 30
1993 4482 2061 4538 ab
2090 4519 2138 4577 D
2170 4476 2277 4549 jam
2461 4478 2833 4551 recipiendam
2899 4478 3184 4535 veritatem
3263 4486 3443 4534 essent
3508 4494 3770 4577 capaces;

467 4573 572 4630 hac
620 4573 745 4631 illos
795 4574 1095 4631 traditione
1140 4572 1504 4639 abstraheret,
1539 4581 1593 4628 et
1620 4570 1907 4643 spirituale
1949 4571 2061 4628 illis

466 4661 706 4720 traderet
751 4664 983 4733 donum,
1028 4671 1090 4719 ut
1126 4662 1375 4735 acquirat
1421 4660 1547 4716 illos
1583 4662 1718 4727 Deo,
1770 4660 2059 4732 participes

466 4752 592 4807 illos
636 4752 840 4809 faciens
883 4753 1070 4825 gratiae
1117 4749 1405 4822 spiritalis,
1443 4757 1504 4805 ut
1546 4748 1606 4804 in
1637 4748 1977 4821 professione
2004 4758 2060 4806 et

466 4840 572 4898 fide
601 4858 699 4898 sua
725 4851 906 4899 essent
936 4839 1187 4913 perfecti.

538 4930 681 4987 Hinc
721 4930 885 4987 datur
918 4927 1156 4999 intelligi
1201 4926 1453 4999 superius
1501 4943 1614 4983 non
1645 4926 1807 4983 ﬁdem
1831 4927 2058 4985 illorum

467 5018 734 5088 laudasse,
765 5018 861 5074 sed
891 5016 1212 5072 facilitatem
1245 5025 1297 5072 et
1337 5024 1526 5072 votum
1560 5015 1707 5073 circa
1735 5016 2054 5084 Christum;

464 5108 810 5165 Christianos
848 5104 995 5160 enim
1036 5119 1093 5159 se
1131 5104 1470 5177 proﬁtentes,
1521 5105 1624 5161 sub
1668 5106 1785 5178 lege
1828 5106 2059 5178 agebant

462 5195 814 5267 simpliciter,
846 5192 993 5247 sicut
1022 5191 1137 5249 illis
1161 5193 1339 5249 fuerat
1367 5194 1654 5251 traditum.
1682 5195 1819 5251 Nam
1846 5195 2056 5250 miseri-

462 5284 652 5340 cordia
699 5281 800 5338 Dei
840 5280 904 5336 ad
953 5279 1060 5337 hoc
1102 5281 1227 5339 data
1274 5291 1375 5352 est,
1407 5294 1469 5341 ut
1494 5285 1585 5340 lex
1622 5292 1878 5353 cessaret,
1910 5283 2057 5356 quod

462 5387 605 5444 saepe
626 5369 743 5441 jam
770 5367 920 5436 dixi;
954 5369 1082 5442 quia
1113 5371 1228 5443 (31)
1260 5372 1405 5429 Deus
1433 5372 1729 5429 consulens
1744 5372 2054 5428 inﬁrmitati

535 5584 651 5657 (30)
702 5584 849 5642 Edit.
904 5586 1034 5644 Gill.
1067 5604 1131 5646 ac
1179 5590 1360 5657 Rom.,
1404 5594 1463 5646 ut
1489 5589 1712 5648 Romam
1750 5586 1948 5645 veniret
1984 5588 2057 5644 ad

455 5654 771 5730 prefectum,
811 5664 915 5716 etc.

2169 4566 2423 4638 quamvis
2467 4568 2569 4623 sub
2617 4569 2843 4624 nomine
2887 4578 3110 4640 agerent
3137 4569 3456 4637 Salvatoris,
3488 4568 3582 4625 sed
3614 4570 3774 4628 vitiis

2168 4657 2604 4729 prohibebantur
2650 4658 3011 4726 carnalibus;
3087 4676 3156 4716 ne
3217 4659 3370 4732 digni
3412 4659 3528 4732 jam
3588 4671 3773 4718 essent

2167 4745 2447 4802 addiscere
2473 4746 2761 4818 spiritalia.
2795 4746 3045 4820 Denique
3087 4749 3338 4805 volentes
3376 4748 3675 4823 aliquando
3708 4750 3769 4807 in

2169 4835 2491 4908 Bithyniam
2524 4837 2625 4902 ire,
2654 4836 2923 4909 prohibiti
2952 4848 3084 4897 sunt
3112 4856 3143 4895 a
3171 4849 3361 4897 sancto
3389 4839 3602 4913 Spiritu
3631 4841 3770 4897 Pau-

2168 4925 2255 4981 lus
2309 4931 2364 4980 et
2414 4923 2555 4979 Silas
2606 4923 2747 4995 (Act.
2799 4942 2920 4996 xvr,
2964 4928 3058 5000 7):
3092 4945 3213 4997 cur,
3256 4928 3365 4985 nisi
3394 4929 3559 4986 sciret
3587 4927 3771 4985 adhuc

2167 5012 2422 5070 affectum
2452 5013 2685 5072 deesse?
2713 5016 2877 5090 Apud
2921 5018 3240 5076 Corinthios
3286 5026 3469 5075 autem
3510 5034 3771 5075 commo-

2168 5109 2330 5169 netur
2374 5104 2689 5176 Apostolus,
2730 5105 2947 5164 dicente
2988 5109 3264 5164 Domino:
3333 5133 3350 5155 ι
3386 5109 3647 5182 Loquere,
3696 5123 3769 5163 ne

2166 5193 2436 5261 tacueris;
2478 5194 2608 5266 quia
2642 5197 2881 5268 populus
2929 5195 3068 5251 mihi
3117 5197 3325 5253 multus
3362 5204 3443 5253 est
3471 5198 3530 5252 in
3561 5198 3664 5254 hac
3691 5197 3767 5252 ci-

2168 5280 2335 5337 vitate
2367 5283 2509 5354 (Act.
2536 5301 2698 5354 xvnr,
2730 5286 2786 5353 9,
2820 5285 2933 5354 10).
2955 5309 2972 5331 ι
3015 5285 3138 5341 Non
3166 5302 3294 5358 ergo
3323 5287 3496 5342 otiose
3519 5286 3767 5358 prohibi-

2165 5378 2282 5427 tum
2328 5388 2385 5427 se
2416 5372 2572 5442 dicit,
2619 5373 2713 5430 sed
2743 5380 2796 5429 et
2825 5390 3016 5431 causas
3068 5392 3349 5432 morarum
3388 5374 3676 5445 discrevit,
3707 5382 3767 5432 et

2162 5590 2355 5722 et0(31)
2386 5591 2514 5650 Mss.
2545 5591 2777 5669 aliquot,
2818 5599 2877 5650 ut
2902 5601 3164 5653 cessarent
3202 5611 3366 5654 onera
3410 5595 3559 5669 legis,
3612 5595 3763 5669 quia,
