3932 6210
152 328 222 385 57
1266 318 1631 379 COMMENT.

1704 318 1773 375 1N
1811 317 2026 375 EPIST.
2068 320 2166 376 AD
2205 320 2376 378 non.
3405 320 3478 378 58
3558 290 3567 296 ’

159 455 258 509 hos
286 460 349 509 ut
379 468 438 507 se
467 457 833 524 praepararent
876 447 1204 506 adhortatus
1236 455 1347 515 est;
1389 453 1452 502 ut
1480 443 1768 501 audientes
1796 446 1845 506 Α
1875 443 1987 499 illis
2016 443 2364 514 dicebantur,
2395 444 2452 501 in
2482 445 2680 519 quibus
2701 452 2858 503 tanta
2879 445 3059 502 virtus
3078 444 3281 501 inesset
3308 445 3475 517 (nulli

157 542 263 598 sibi
294 540 525 613 gratiam
554 540 858 613 spiritalem
908 536 1333 594 ministrandam
1382 534 1521 604 fore,
1571 534 1764 607 dignos

158 648 215 686 se
243 631 542 699 eﬂicerent,
567 646 599 686 a
627 629 786 686 vitiis
808 627 1125 685 carnalibus
1145 626 1501 694 abstinentes,
1527 625 1595 681 ad
1620 624 1765 682 exci-

158 720 415 794 piendam
447 736 590 776 eam.

245 836 264 859 ι
291 812 360 867 Ut
388 810 631 883 aliquem
675 807 918 863 fructum
966 804 1195 861 habeam
1226 814 1279 861 et
1309 803 1364 859 in
1398 802 1573 871 vobis,
1625 802 1769 860 sicut

158 909 211 957 et
243 901 298 955 in
331 899 548 957 caeteris
574 896 849 970 gentibus.
882 918 901 942 ι
944 894 1051 949 Pro
1080 894 1319 950 utilitate
1349 893 1630 949 communi
1661 910 1769 949 cu-

158 989 352 1061 pidum
386 1005 441 1043 se
464 983 726 1042 veniendi
756 982 824 1039 ad
858 984 958 1038 hos
985 982 1246 1050 declarat,
1278 991 1339 1037 ut
1362 991 1417 1037 et
1447 983 1502 1037 hi
1535 992 1765 1039 salutem

157 1077 427 1151 spiritalis
458 1075 645 1147 gratiae
675 1082 1097 1147 consequantur,
1142 1082 1313 1129 ratam
1346 1071 1610 1129 habentes
1639 1072 1766 1128 ﬁdei

156 1184 272 1223 sua:
330 1164 764 1239 professionem;
820 1169 881 1217 ut
932 1160 1024 1216 hic
1072 1161 1313 1216 fructum
1370 1159 1570 1216 habeat
1625 1159 1768 1232 apud

157 1259 336 1314 Deum
369 1253 660 1311 ministerii
691 1252 796 1320 sui,
830 1268 924 1324 per
951 1250 1100 1324 quod
1125 1250 1340 1306 lacessit
1362 1249 1491 1305 illos
1511 1247 1578 1304 ad
1601 1248 1766 1304 ﬁdem

157 1354 389 1413 rectam,
445 1342 698 1415 exemplo
754 1349 1074 1397 caaterarum
1124 1341 1409 1411 gentium:
1464 1338 1769 1410 promptior

154 1434 307 1491 enim
339 1432 401 1488 ﬁt
431 1432 555 1505 quis
576 1429 643 1486 ad
673 1445 787 1487 rem
809 1428 916 1486 sibi
942 1428 1227 1498 traditam,
1261 1428 1306 1485 si
1338 1428 1423 1484 illi
1453 1429 1660 1483 multos
1686 1427 1766 1482 vi-

153 1522 281 1580 deat
308 1521 585 1579 assentiri.

231 1612 412 1685 (Vers.
452 1609 567 1679 14.)
618 1632 635 1656 ι
666 1607 871 1665 Graecis
910 1615 964 1664 et
1005 1606 1279 1675 Barbaris,
1330 1606 1671 1680 sapientibus
1717 1614 1770 1664 et

158 1698 554 1772 insipientibus
607 1697 825 1754 debitor
876 1714 1019 1753 sum.
1078 1722 1096 1744 ι
1168 1696 1482 1753 Debitorem
1529 1712 1585 1752 se
1634 1697 1771 1753 dicit

1873 534 2019 589 enim
2053 533 2284 590 dubium
2317 536 2483 591 verba
2509 536 2704 592 virtuti
2739 537 2952 602 cedere,
2989 552 3053 592 ac
3080 553 3177 608 per
3206 535 3314 592 hoc
3343 553 3475 608 quo-

1873 622 2030 678 nium
2063 621 2287 677 illorum
2310 625 2462 679 nulla
2492 625 2611 680 visa
2637 634 2793 681 erant
2823 634 3074 698 portenta
3106 624 3246 696 (34),
3280 623 3474 697 praedi-

1875 712 2019 768 catio
2052 712 2274 767 illorum
2305 713 2422 768 sine
2450 713 2654 770 virtute
2685 717 2783 771 Dei
2816 717 2979 787 erat),
3013 714 3244 789 ideoque
3274 731 3386 771 non
3416 733 3476 774 se

1875 803 2013 859 dicit
2041 802 2359 860 erubescere
2384 803 2745 875 Evangelium
2772 805 2895 870 Dei,
2947 806 3070 862 illos
3124 812 3307 861 autem
3355 821 3476 861 eru-

1877 894 2126 958 bescere;
2166 892 2296 965 quia
2320 891 2467 965 quod
2498 892 2582 948 illi
2614 893 2952 949 tradiderant
3004 894 3144 964 (35),
3194 894 3251 949 in
3296 909 3477 967 repre-

1879 982 2200 1038 hensionem
2232 983 2505 1051 veniebat,
2553 998 2654 1039 nec
2694 999 2970 1056 quoquam
3025 983 3343 1038 testimonio
3385 982 3475 1038 ﬁr-

1879 1072 2151 1141 mabatur,
2193 1080 2247 1128 et
2283 1072 2633 1129 discordabat
2662 1089 2694 1127 a
2722 1071 2975 1128 doctrina
3003 1070 3324 1144 apostolica.
3353 1071 3477 1128 Vir-

1880 1168 1967 1216 tus
1996 1161 2168 1231 igitur
2195 1161 2293 1218 Dei
2314 1170 2414 1230 est,
2448 1179 2567 1235 quae
2590 1161 2792 1217 invitat
2815 1160 2883 1217 ad
2913 1160 3100 1228 ﬁdem,
3133 1168 3187 1215 et
3215 1159 3309 1216 dat
3336 1160 3479 1215 salu-

1880 1258 1988 1305 tem
2014 1252 2165 1307 omni
2196 1250 2462 1319 credenti,
2491 1250 2623 1306 dum
2645 1260 2865 1323 peccata
2880 1252 3071 1319 donat,
3096 1258 3152 1306 et
3169 1249 3477 1322 justiﬁcat;

1878 1350 1939 1397 ut
1968 1360 1999 1398 a
2027 1343 2265 1400 secunda
2292 1350 2468 1398 morte
2496 1342 2730 1398 detineri
2753 1360 2852 1399 nos
2881 1344 3051 1416 possit
3074 1343 3323 1415 signatus
3337 1358 3481 1414 mys-

1877 1433 2017 1488 terio
2047 1433 2245 1490 crucis.
2278 1432 2601 1489 Praedicatio
2646 1432 2796 1488 enim
2839 1432 3021 1489 crucis
3069 1431 3277 1489 Christi
3334 1430 3479 1486 indi-

1878 1523 2026 1579 cium
2101 1532 2182 1580 est
2240 1523 2357 1596 (36)
2422 1523 2615 1579 mortis
2668 1523 2882 1592 evictze,
2955 1523 3173 1580 dicente
3230 1520 3481 1594 apostolo

1878 1613 2085 1668 Joanne
2120 1632 2130 1669 :
2182 1636 2199 1660 ε
2229 1613 2317 1668 Ad
2345 1612 2451 1669 hoc
2475 1613 2621 1668 enim
2654 1613 2806 1669 venit
2828 1612 3002 1668 Filius
3016 1611 3138 1680 Dei,
3162 1618 3225 1666 ut
3244 1611 3484 1666 solveret

1878 1718 2041 1775 Opera
2072 1703 2276 1760 diaboli
2330 1704 2385 1775 (Ι
2408 1704 2567 1759 Joan.
2601 1720 2683 1770 ιιι,
2716 1704 2799 1775 8),
2846 1726 2866 1751 ι
2928 1708 2989 1757 ut
3028 1701 3209 1756 omnis
3255 1699 3485 1757 credens

157 1790 380 1858 horum,
414 1806 550 1864 quos
583 1795 869 1857 memorat,
911 1787 1042 1861 quia
1089 1786 1157 1843 ad
1200 1786 1305 1844 hoc
1336 1785 1535 1844 missus
1563 1794 1665 1855 est,
1705 1796 1768 1844 ut
1802 1813 1846 1873 B
1878 1809 1990 1848 non
2014 1800 2264 1849 teneatur
2289 1808 2320 1847 a
2341 1800 2549 1859 morte;
2578 1791 2706 1865 quia
2725 1791 2944 1864 signum
2973 1790 3137 1847 habet
3157 1788 3306 1864 quod
3334 1789 3484 1846 victa

157 1879 418 1936 omnibus
446 1877 768 1951 praedicaret
802 1896 813 1933 :
869 1893 965 1950 per
1006 1876 1153 1949 quod
1182 1875 1347 1931 etiam
1379 1892 1571 1931 omnes
1600 1877 1766 1949 signi-

156 1967 289 2026 ﬁcat
316 1967 627 2035 debitores;
661 1966 912 2024 conﬁteri
946 1964 1096 2021 enim
1126 1965 1438 2023 Creatorem
1470 1967 1667 2035 Deum,
1697 1982 1767 2021 ex

159 2075 273 2133 quo
303 2058 512 2127 omnia,
544 2066 597 2114 et
625 2073 722 2129 per
749 2073 910 2131 quem
962 2056 1171 2123 omnia,
1218 2063 1272 2111 et
1317 2054 1536 2112 debitus
1589 2055 1768 2111 honor

156 2158 263 2217 est,
290 2155 344 2203 et
364 2147 510 2205 salus
529 2146 860 2204 conﬁtentis.
891 2146 1109 2203 Graecos
1140 2163 1267 2218 ergo
1298 2146 1528 2217 gentiles
1559 2146 1762 2217 posuit,

156 2236 254 2295 sed
305 2252 399 2293 eos
443 2235 539 2310 qui
587 2235 819 2292 Romani
871 2236 1129 2293 dicantur
1182 2234 1299 2291 sive
1355 2234 1598 2303 natione,
1650 2234 1768 2291 sive

158 2324 457 2397 adoptione
491 2343 502 2380 :
536 2324 802 2380 Barbaros
822 2340 952 2380 vero
972 2341 1065 2380 eos
1084 2323 1179 2398 qui
1210 2325 1439 2382 Romani
1473 2341 1585 2380 non
1616 2331 1764 2394 sunt,

157 2432 395 2491 quorum
426 2431 596 2487 genus
624 2414 915 2471 adversum
945 2424 1046 2483 est,
1084 2423 1135 2471 et
1164 2424 1294 2472 sunt
1341 2416 1574 2488 gentiles
1620 2415 1763 2487 (32).

159 2515 450 2588 Sapientes
478 2524 660 2571 autem
692 2515 818 2572 illos
846 2515 1013 2584 dixit,
1036 2513 1124 2569 31
1152 2515 1247 2589 qui
1279 2515 1574 2572 mundanis
1604 2502 1769 2572 ratio-

159 2606 328 2662 nibus
354 2606 579 2675 eruditi,
624 2606 894 2681 sapientes
943 2616 1210 2664 vocantur
1255 2607 1313 2663 in
1360 2608 1588 2676 saeculo;
1636 2606 1768 2662 dum

159 2701 259 2750 aut
288 2694 530 2751 siderum
581 2696 949 2768 speculatores
996 2704 1145 2765 sunt,
1189 2705 1283 2753 aut
1333 2696 1625 2765 mensuris,
1676 2705 1771 2753 aut

160 2786 428 2854 numeris,
474 2794 568 2844 aut
610 2787 715 2844 arti
752 2789 1122 2861 grammaticae
1163 2789 1407 2858 student,
1457 2788 1767 2856 rhetoricis,

158 2883 259 2932 aut
292 2877 531 2934 musicae.
563 2878 659 2933 His
686 2879 945 2935 omnibus
973 2878 1215 2935 ostendit
1236 2880 1379 2936 nihil
1407 2879 1525 2936 haec
1552 2878 1771 2951 prodes-

159 2980 241 3033 se,
276 2982 378 3021 nec
408 2983 536 3023 vere
560 2968 830 3039 sapientes
854 2985 989 3037 esse,
1014 2967 1121 3024 nisi
1143 2968 1369 3025 credant
1386 2968 1443 3023 in
1462 2966 1767 3024 Christum:

159 3052 364 3109 stultos
395 3070 522 3110 vero
550 3054 650 3111 hos
677 3055 842 3125 dixit,
884 3056 979 3130 qui
1022 3056 1431 3129 simplicitatem
1463 3064 1770 3130 sequentes,

1876 1901 2023 1940 mors
2051 1892 2152 1940 88L

1959 2006 1977 2029 ε
2006 1982 2195 2039 Iudaeo
2228 1981 2492 2055 primum,
2519 1990 2573 2038 et
2600 1982 2808 2040 Graeco.
2846 2004 2865 2028 ›
2907 1980 2969 2037 Id
2996 1986 3101 2049 est,
3126 1978 3260 2037 huic
3287 1979 3383 2054 qui
3412 1994 3485 2036 ex

1876 2089 2069 2146 genere
2098 2081 2179 2129 est
2210 2072 2464 2142 Abrahae,
2513 2080 2567 2129 et
2616 2072 2749 2130 huic
2798 2074 2895 2145 qui
2947 2088 3017 2128 ex
3073 2071 3362 2144 gentibus;
3424 2070 3483 2127 in

1877 2163 2064 2220 Graeco
2103 2163 2252 2219 enim
2302 2163 2563 2235 gentilem
2613 2161 2921 2235 signiﬁcat:
2989 2160 3048 2217 in
3104 2160 3294 2217 Judaao
3350 2175 3483 2217 vero

1876 2270 2001 2309 eum
2032 2252 2125 2327 qui
2165 2269 2233 2308 ex
2264 2269 2456 2326 genere
2483 2252 2652 2309 fuerit
2700 2252 2958 2309 Abrahae.
3007 2253 3141 2308 Nam
3190 2250 3365 2308 Judaei
3413 2267 3484 2307 ex

1877 2349 2121 2415 tempore
2149 2342 2301 2399 Iuda:
2333 2342 2628 2400 Machabzei
2650 2341 2759 2398 dici
2789 2348 3095 2415 coeperunt,
3121 2340 3295 2415 quiin
3320 2355 3486 2397 causa

1877 2432 2050 2489 cladis
2102 2432 2307 2489 restitit
2361 2431 2661 2505 sacrilegiis
2708 2430 2975 2503 gentium,
3029 2438 3084 2485 et
3139 2429 3347 2486 ﬁducia
3382 2428 3484 2485 Dei

1878 2522 2100 2595 collegit
2128 2522 2415 2595 populum,
2447 2529 2499 2576 et
2530 2520 2777 2577 defendit
2807 2537 2975 2593 genus
3003 2537 3186 2576 suum.
3217 2520 3345 2576 Fuit
3374 2535 3485 2574 au—

1882 2619 1990 2667 tem
2020 2626 2090 2665 ex
2119 2609 2252 2666 ﬁliis
2281 2611 2487 2667 Aaron.
2512 2610 2775 2678 Quamvis
2793 2626 2921 2681 ergo
2939 2616 3217 2681 praeponat
3233 2607 3485 2664 Judaeum

1880 2716 2044 2755 causa
2073 2706 2312 2771 patrum,
2346 2708 2529 2756 tamen
2558 2699 2818 2756 similiter
2836 2699 3006 2754 etiam
3030 2698 3213 2769 ipsum
3238 2695 3484 2767 indigere

1880 2790 2015 2847 dicit
2046 2790 2192 2846 dono
2218 2790 2504 2863 Evangelii
2538 2788 2763 2847 Christi.
2797 2789 2853 2844 Si
2885 2804 3012 2859 ergo
3040 2794 3095 2843 et
3124 2785 3345 2843 Judzeus
3372 2802 3485 2841 non

1875 2879 2230 2952 justiﬁcatur,
2281 2880 2391 2937 nisi
2420 2897 2515 2953 per
2543 2880 2707 2937 ﬁdem
2731 2878 2939 2938 Christi
2970 2879 3118 2946 Iesu,
3168 2876 3304 2951 quid
3349 2892 3487 2949 opus

1881 2978 1962 3026 est
1987 2987 2102 3026 esse
2131 2970 2233 3027 sub
2267 2970 2428 3043 lege?

1956 3050 2137 3139 (Vere.
2176 3068 2289 3139 17.)
2329 3093 2345 3115 ι
2375 3068 2595 3125 Iustitia
2623 3067 2770 3123 enim
2793 3068 2891 3124 Dei
2927 3066 3201 3123 revelatur
3235 3064 3294 3121 in
3323 3080 3388 3122 eo
3416 3080 3488 3120 ex

160 3142 359 3198 harum
387 3159 572 3239 {erum
612 3144 855 3216 impériti
878 3146 1189 3239 fuat-bis
1235 3145 1495 3202 omnibus
1541 3147 1772 3239 missum
1812 3179 1855 3239 (ι
1883 3158 1991 3214 ﬁde
2022 3158 2081 3214 in
2108 3158 2293 3214 ﬁdem.
2328 3182 2347 3207 ι
2391 3159 2506 3213 Hoc
2534 3156 2691 3223 dicit,
2722 3157 2851 3229 quia
2889 3156 2947 3210 in
2992 3156 3089 3211 illo
3135 3155 3232 3227 qui
3288 3154 3485 3222 credit,

161 3247 221 3287 se
256 3231 552 3304 praedicare
584 3240 835 3289 testatur.
878 3235 957 3289 De
987 3234 1192 3289 Judaeis
1216 3241 1397 3289 autem
1428 3234 1621 3301 tacuit,
1650 3233 1779 3305 quia

168 3324 434 3393 magister
458 3322 706 3394 gentium
737 3329 838 3377 est.
875 3323 953 3377 Ac
981 3339 1075 3394 per
1106 3323 1211 3379 hoc
1240 3322 1545 3378 debitorem
1577 3338 1632 3377 se
1664 3338 1782 3394 pro-

164 3411 393 3478 ﬁtetur;
427 3411 560 3484 quia
591 3409 659 3464 ad
690 3408 795 3465 hoc
824 3410 1035 3481 accepit
1070 3410 1403 3477 doctrinam,
1446 3418 1507 3466 ut
1557 3410 1738 3466 tradat
1766 3429 1776 3466 :

164 3510 218 3558 et
246 3518 382 3558 cum
414 3500 603 3569 tradit,
638 3501 905 3574 acquirat.

243 3588 435 3674 (Vers.
474 3599 589 3670 15.)
635 3624 652 3648 ο
682 3600 871 3674 Itaque
910 3601 1055 3675 quod
1104 3600 1162 3657 in
1213 3618 1299 3657 me
1350 3610 1450 3671 est,
1502 3609 1787 3675 promptus

170 3707 322 3758 sum,
372 3697 428 3746 et
484 3689 641 3746 vobis
692 3691 788 3764 qui
855 3692 1041 3748 Romae
1099 3691 1250 3760 estis,
1312 3693 1703 3765 evangelizare.
1753 3718 1771 3740 ι

170 3778 442 3848 Quamvis
470 3795 527 3834 se
560 3779 789 3836 missum
821 3779 1119 3851 praedicare
1149 3780 1407 3837 omnibus
1453 3782 1600 3838 dicat
1646 3797 1786 3853 gen-

171 3870 349 3936 tibus,
382 3878 696 3941 promptum
725 3876 909 3925 tamen
938 3885 994 3925 se
1024 3871 1287 3927 Romanis
1335 3872 1528 3927 asserit
1575 3871 1786 3927 tradere

173 3958 545 4030 Evangelium
580 3958 767 4030 gratim
813 3959 932 4028 Dei,
987 3959 1131 4033 apud
1176 3976 1313 4033 quos
1360 3962 1510 4032 regni
1556 3960 1786 4017 Romani

177 4048 297 4121 (33)
331 4055 495 4118 caput
523 4055 576 4103 et
605 4045 758 4103 sedes
788 4055 888 4104 est.
920 4046 1006 4103 Ad
1036 4049 1411 4105 membrorum
1442 4049 1591 4105 enim
1631 4048 1783 4104 utili-

173 4144 347 4192 tatem
384 4135 470 4191 vel
499 4135 741 4209 requiem
772 4135 1029 4209 pertinet,
1063 4138 1109 4193 si
1146 4145 1308 4210 caput
1336 4138 1645 4211 inquietum
1678 4156 1790 4195 non

176 4224 369 4281 fuerit.
403 4223 530 4280 Ideo
560 4226 931 4282 Romanorum
969 4242 1153 4297 pacem
1186 4233 1355 4298 optat,
1395 4236 1457 4283 ut
1495 4244 1607 4283 non
1653 4229 1789 4283 mul-

179 4323 297 4371 tum
332 4330 389 4369 se
412 4313 583 4386 jactet
621 4315 867 4384 Satanas,
918 4325 973 4373 et
1018 4317 1303 4374 uberiores
1342 4318 1557 4374 fructus
1597 4318 1792 4375 habeat

180 4421 368 4477 operis
398 4421 507 4459 sui.

1889 3247 2006 3303 sive
2033 3246 2251 3302 Iudaeus
2275 3247 2368 3313 sit,
2398 3247 2513 3300 sive
2543 3244 2782 3311 Grmcus,
2814 3243 3033 3315 justitia
3058 3243 3158 3298 Dei
3188 3244 3488 3298 revelatur.

1892 3336 2170 3391 Justitiam
2216 3334 2313 3390 Dei
2364 3333 2521 3401 dicit,
2578 3333 2707 3406 quia
2749 3332 2915 3404 gratis
2952 3330 3220 3403 justiﬁcat
3256 3331 3487 3403 impium

1893 3442 1990 3499 per
2029 3424 2217 3493 ﬁdem,
2268 3423 2386 3480 sine
2435 3422 2691 3494 operibus
2748 3422 2903 3495 legis,
2951 3421 3095 3478 sicut
3133 3420 3266 3477 alibi
3314 3419 3490 3478 dicit:

1911 3540 1927 3562 ι
1959 3515 2027 3571 Ut
2058 3512 2312 3570 inveniar
2356 3512 2414 3568 in
2466 3512 2566 3567 illo
2601 3527 2711 3568 non
2742 3511 2949 3568 habens
2988 3527 3162 3567 meam
3188 3510 3491 3584 justitiam,

1894 3620 2015 3677 qua:
2039 3620 2109 3660 ex
2138 3603 2252 3675 lege
2278 3610 2381 3671 est,
2406 3602 2501 3658 sed
2531 3602 2682 3658 illam
2716 3618 2836 3675 quae
2866 3618 2935 3659 ex
2980 3601 3087 3658 ﬁde
3112 3610 3194 3658 est
3227 3601 3489 3673 (Philipp.

1895 3711 1979 3763 In,
2020 3695 2107 3766 9).
2138 3717 2156 3741 ι
2210 3694 2340 3761 Quae
2369 3710 2438 3749 ex
2476 3694 2590 3750 Deo
2637 3702 2719 3749 est
2751 3692 2973 3765 justitia
3029 3693 3087 3748 in
3134 3691 3264 3759 ﬁde,
3315 3690 3493 3764 ipsam

1890 3781 2168 3855 justitiam
2207 3781 2344 3837 dicit
2381 3782 2613 3837 revelari
2664 3781 2722 3837 in
2770 3781 3093 3853 Evangelio,
3143 3779 3276 3836 dum
3325 3779 3495 3835 donat

1896 3873 2111 3931 homini
2157 3871 2320 3929 ﬁdem
2380 3889 2476 3945 per
2526 3889 2688 3946 quam
2758 3870 3117 3943 justiﬁcetur.
3172 3867 3496 3924 Ostenditur

1896 3964 2043 4020 enim
2097 3963 2153 4018 in
2212 3978 2276 4017 eo
2315 3962 2519 4017 veritas
2570 3969 2624 4016 et
2660 3960 2880 4031 justitia
2924 3959 3047 4027 Dei,
3080 3957 3212 4014 dum
3241 3956 3418 4013 credit
3443 3965 3498 4013 et

1899 4052 2229 4124 proﬁtetur:
2279 4051 2497 4123 justitia
2543 4059 2623 4106 est
2664 4050 2782 4117 Dei,
2848 4049 2977 4122 quia
3025 4047 3173 4121 quod
3221 4047 3496 4119 promisit,

1900 4141 2070 4197 dedit.
2118 4141 2246 4197 Ideo
2279 4140 2507 4197 credens
2556 4139 2661 4197 hoc
2716 4156 2832 4195 esse
2877 4155 2935 4195 se
2964 4144 3317 4194 consecutum
3353 4134 3494 4207 (37),

1901 4230 2049 4303 quod
2096 4229 2422 4302 promiserat
2461 4231 2606 4285 Deus
2648 4246 2744 4302 per
2790 4228 3084 4300 prophetas
3111 4243 3259 4294 suos,
3282 4224 3495 4296 justum

1900 4324 2077 4378 Deum
2102 4321 2316 4394 probat,
2339 4330 2393 4378 et
2424 4321 2577 4377 testis
2606 4328 2688 4376 est
2712 4319 2929 4391 justitia
2958 4318 3093 4391 ejus.
3142 4343 3159 4364 ι
3190 4319 3276 4373 Ex
3302 4315 3410 4372 ﬁde
3439 4316 3497 4371 in

1902 4413 2086 4469 ﬁdem.
2126 4434 2151 4465 ››
2185 4411 2330 4479 Quid
2378 4412 2530 4468 aliud
2573 4421 2675 4479 est,
2723 4436 2741 4458 ι
2771 4427 2839 4466 ex
2884 4409 2990 4466 ﬁde
3020 4410 3078 4465 in
3108 4408 3295 4476 ﬁdem,
3328 4432 3347 4456 ι
3389 4405 3499 4465 nisi

254 4492 443 4565 (Vers.
475 4494 821 4595 .16.):‘Non
872 4493 1022 4595 enim
1073 4493 1337 4593 erubesco
1383 4495 1745 4595 Evangelium
1774 4515 1786 4564 ;
1820 4537 1868 4595 D
1904 4502 2033 4573 quia
2076 4502 2212 4559 ﬁdes
2247 4502 2345 4559 Dei
2392 4511 2474 4559 est
2524 4503 2582 4558 in
2632 4517 2719 4569 eo,
2768 4498 2915 4573 quod
2960 4497 3028 4555 de
3063 4513 3120 4554 se
3172 4492 3494 4595 repomis‘it‘;

186 4582 370 4638 virtus
398 4582 546 4637 enim
578 4584 677 4640 Dei
698 4593 779 4640 est
800 4584 857 4640 in
881 4584 1110 4640 salutem
1145 4582 1297 4639 omni
1329 4584 1593 4642 credenti.
1624 4610 1641 4633 ι
1678 4586 1791 4643 Hoc

185 4669 334 4727 dicto
365 4671 493 4727 illos
537 4673 729 4745 tangit,
761 4690 793 4729 a
821 4672 1025 4747 quibus
1062 4681 1383 4745 acceperant
1430 4690 1542 4730 non
1588 4683 1792 4731 rectam

187 4758 374 4828 ﬁdem,
412 4762 783 4833 apostolorum
831 4771 1017 4819 tamen
1065 4762 1378 4819 doctrinam
1422 4765 1602 4819 virtus
1649 4780 1793 4819 com-

190 4849 514 4918 mendabat;
576 4859 637 4908 ut
689 4854 820 4926 quia
879 4852 1206 4909 incredibile
1273 4852 1583 4922 videbatur,
1648 4853 1795 4926 quod

188 4941 607 5013 praedicabatur,
640 4938 794 5016 signa
826 4954 881 5000 et
926 4940 1174 5015 prodigia
1218 4944 1287 4999 ab
1338 4946 1602 5015 apostolis
1655 4945 1798 5000 facta

188 5030 514 5087 testimonio
542 5041 740 5103 essent,
773 5050 883 5091 non
926 5032 1291 5090 difﬁdendum
1338 5033 1405 5089 de
1448 5033 1517 5090 iis
1562 5049 1682 5107 quae
1730 5032 1797 5088 ab

264 5163 384 5236 (32)
418 5163 570 5247 Edit.
600 5165 822 5247 Amerb.
873 5174 1035 5247 atque
1088 5166 1359 5247 Erasmac
1411 5166 1594 5247 plqres
1642 5182 1796 5233 mss.,

192 5240 238 5288 et
264 5252 373 5306 non
402 5241 529 5289 sunt
552 5238 768 5306 gentiles
788 5255 806 5291 :
836 5236 1037 5293 melius
1066 5236 1201 5292 edit.
1236 5236 1368 5291 Gill.
1400 5243 1453 5291 et
1484 5237 1642 5293 Rom.
1671 5253 1797 5293 cum

192 5305 313 5361 cod.
338 5307 520 5380 iMich.
552 5305 607 5362 et
639 5308 782 5380 Vall.
820 5308 1175 5380 negationem,
1197 5306 1521 5380 excludunt.

266 5379 385 5448 (33)
416 5379 515 5451 Ita
532 5386 645 5451 vet.
679 5378 814 5435 edit.
846 5377 1091 5451 acimss.,
1123 5379 1233 5436 nisi
1264 5377 1412 5451 quod
1442 5379 1801 5451 proRomani

194 5446 255 5522 in
271 5446 573 5522 nonnullis
600 5451 769 5507 Roma
800 5449 1059 5522 ponitur;
1107 5458 1163 5507 at
1190 5446 1387 5505 neutra
1413 5446 1525 5506 vox
1550 5450 1609 5506 in
1639 5450 1797 5507 Rom.

196 5518 327 5577 edit.
361 5521 606 5578 admissa
632 5530 731 5578 est.

267 5592 386 5666 (34)
422 5593 553 5666 Mss.
589 5591 735 5666 Flor.
768 5598 823 5647 et
853 5589 1053 5666 Vind.,_
1077 5593 1233 5649 nulla
1260 5590 1375 5648 visa
1406 5598 1523 5647 erat
1542 5590 1802 5666 potentia;

199 5659 385 5736 Corb.,
417 5665 580 5720 nulla
606 5663 685 5719 vis
713 5670 831 5719 erat
851 5661 1117 5738 potentiae.

1904 4599 1956 4646 et
1986 4591 2121 4647 ﬁdes
2154 4591 2418 4659 hominis,
2460 4591 2553 4664 qui
2584 4590 2759 4648 credit
2790 4586 3130 4661 promittenti
3163 4604 3177 4651 ;
3208 4592 3271 4639 ut
3293 4599 3363 4638 ex
3394 4579 3499 4636 ﬁde

1902 4680 2003 4735 Dei
2045 4679 2423 4754 promittentis
2475 4680 2534 4735 in
2590 4678 2753 4734 ﬁdem
2795 4675 3039 4733 hominis
3080 4670 3356 4730 credentis
3402 4667 3500 4723 Dei

1898 4766 2120 4839 justitia
2166 4768 2489 4823 reveletur?
2520 4769 2581 4823 In
2630 4764 2885 4822 credente
2923 4763 3070 4817 enim
3118 4759 3305 4830 justus
3353 4757 3502 4811 Deus

1904 4865 2153 4929 apparet:
2198 4857 2256 4911 in
2287 4873 2351 4912 eo
2390 4865 2568 4912 autem
2603 4854 2698 4927 qui
2730 4869 2840 4908 non
2861 4850 3057 4916 credit,
3083 4847 3320 4919 injustus
3350 4844 3500 4900 vide-

1905 4953 2033 5014 tur;
2078 4952 2241 5017 negat
2286 4945 2433 5000 enim
2481 4958 2730 4998 veracem
2776 4942 2973 5007 Deum,
3023 4939 3118 5011 qui
3171 4953 3281 4993 non
3326 4933 3503 4993 credit

1905 5036 2080 5090 Deum
2111 5032 2325 5090 dedisse
2376 5032 2522 5105 quod
2569 5028 2841 5103 promisit.
2895 5028 3009 5085 Hoc
3049 5034 3243 5087 contra
3285 5029 3502 5088 Iudaeos

1978 5167 2090 5239 (35)
2124 5166 2247 5223 Vet.
2284 5165 2419 5239 edit.
2452 5172 2506 5221 et
2536 5165 2720 5239 plures
2740 5179 2903 5239 mss.,
2934 5163 3074 5239 qugd
3102 5162 3215 5218 illis
3255 5163 3503 5239 tradide-

1904 5234 1995 5295 rat
2023 5257 2043 5303 ;
2070 5234 2226 5295 Rom.
2256 5237 2390 5293 edit.
2421 5234 2552 5295 cuni
2578 5236 2701 5295 cod.
2735 5237 2883 5292 Prat.
2923 5243 2980 5291 et
3009 5236 3170 5291 Gem.
3210 5234 3415 5304 aptius,
3438 5241 3501 5290 ut

1908 5311 1968 5366 in
1995 5316 2281 5383 contentu.
2830 5380 2844 5383 ,
3018 5376 3056 5383 ,,
3136 5376 3172 5383 __
3245 5372 3255 5383 .

1945 5381 2099 5462 .(36)
2138 5380 2333 5462 Codex
2370 5381 2538 5440 Mich.
2587 5387 2641 5438 et
2692 5380 2942 5453 quaedam
2972 5376 3106 5432 edit.
3135 5375 3332 5442 Paris.,
3354 5375 3503 5445 judi-

1908 5459 2276 5648 αἲῖἕῆαῇίεε.
2328 5526 2485 5583 Gem.
2542 5542 2606 5582 ac
2654 5524 2823 5591 Prat.,
2878 5522 2969 5576 hoc
3009 5536 3114 5575 esse
3145 5518 3500 5575 constitutum.

1911 5595 1972 5648 In
2000 5609 2061 5648 ra
2096 5610 2245 5648 vero.
2279 5596 2372 5648 ubi
2401 5607 2510 5648 vet.
2545 5596 2680 5648 edit.
2712 5610 2840 5648 cum
2877 5609 3031 5648 mss..
3061 5591 3202 5648 auod
3239 5591 3301 5647 de
3328 5609 3380 5648 se
3417 5608 3498 5645 re-

1911 5591 2245 5673 Infravero,
2259 5596 2387 5673 ubi
2401 5607 2511 5655 vet.
2545 5596 2680 5673 edit.
2712 5609 3031 5673 cum_mss.,
3061 5591 3202 5673 ῃρά
3239 5591 3301 5647 de
3328 5609 3380 5648 se
3417 5608 3498 5645 re-

1910 5665 2186 5737 Ρνοτηίέίεί
2214 5663 2346 5729 edit.
2369 5671 2528 5734 Rom.
2557 5669 2694 5737 sola,
2733 5666 2875 5740 quod
2892 5663 3180 5742 promittit.
