3932 6210
462 353 534 412 59
1488 356 1584 411 AD
1624 355 1858 413 OPEBA
1896 354 1951 410 S.
1994 353 2329 414 AMBROSII
2367 356 2752 415 APPENDIX.
3709 363 3781 421 δο

459 479 733 554 loquitur,
787 480 882 553 qui
929 487 1131 553 negant
1169 479 1319 537 hunc
1368 496 1483 537 esse
1526 480 1830 550 Christum,
1879 497 2044 555 quem
2078 482 2131 541 A

464 571 723 646 promisit
752 573 918 628 Deus.
965 595 983 619 ι
1023 572 1177 629 Sicut
1206 572 1470 645 scriptum
1494 580 1576 629 est
1608 591 1619 629 :
1662 573 1849 629 Justus
1874 582 2057 630 autem

461 677 532 716 ex
561 661 669 717 ﬁde
697 661 840 717 vivit
891 662 1115 734 (Habac.
1167 680 1227 729 ιι,
1260 662 1340 733 4).
1389 688 1405 709 ι
1468 663 1725 734 Proptere
1763 663 1831 719 ad
1862 678 2059 718 exem-

462 752 617 824 plum
647 753 925 826 prophetae
956 753 1211 810 Habacuc
1239 769 1294 809 se
1336 754 1631 822 convertit,
1669 763 1729 810 ut
1760 754 2061 812 declararet

462 849 559 907 32
600 851 735 907 olim
782 860 1058 908 ostensum
1097 850 1311 922 justum
1371 867 1437 907 ex
1479 852 1607 919 ﬁde,
1659 869 1770 909 non
1819 870 1889 910 ex
1943 855 2059 927 lege

461 939 669 1007 vivere,
721 939 825 996 hoc
871 947 971 1007 est,
1026 955 1136 995 non
1186 938 1485 1011 justiﬁcari
1563 941 1844 998 hominem
1912 943 2058 1015 apud

460 1034 633 1089 Deum
665 1048 759 1104 per
788 1033 981 1102 legem,
1013 1031 1109 1088 sed
1135 1049 1228 1105 per
1266 1032 1429 1089 ﬁdem
1459 1049 1469 1087 :
1505 1033 1621 1089 vita
1673 1034 1822 1089 enim
1852 1050 1921 1089 ex
1952 1034 2060 1090 ﬁde

460 1139 570 1179 non
619 1123 736 1180 haec
784 1140 1020 1195 praesens
1067 1132 1168 1188 est,
1219 1125 1314 1181 sed
1360 1126 1588 1193 futura;
1622 1126 1750 1199 quia
1774 1125 1959 1198 justus
1990 1143 2059 1181 ex

458 1212 566 1269 ﬁde
606 1214 770 1282 vivit,
802 1214 896 1270 sed
924 1213 1068 1286 apud
1100 1216 1297 1270 Deum.

533 1302 718 1373 (Vers.
774 1302 887 1371 18.)
936 1328 954 1349 ι
986 1304 1282 1359 Revelatur
1311 1304 1457 1359 enim
1492 1304 1573 1360 ira
1609 1306 1707 1361 Dei
1738 1305 1805 1361 de
1831 1307 1970 1361 cmlo
2001 1306 2059 1362 in

459 1406 681 1447 omnem
704 1390 1045 1462 impietatem
1077 1401 1130 1447 et
1168 1391 1496 1462 injustitiam
1528 1392 1814 1450 hominum
1845 1412 2055 1463 eorum,

460 1479 557 1552 qui
604 1478 890 1535 veritatem
943 1479 1039 1535 Dei
1089 1480 1145 1535 in
1203 1479 1429 1553 injustia
1475 1482 1770 1539 destinent.
1824 1510 1841 1532 ι
1907 1485 2059 1541 Sicut

460 1566 610 1624 enim
651 1569 707 1623 in
740 1568 839 1623 illo
867 1568 963 1642 qui
994 1569 1193 1639 credit,
1216 1569 1437 1642 justitia
1462 1573 1562 1628 Dei
1595 1573 1890 1640 revelatur,
1915 1575 2059 1630 sicut

459 1673 624 1731 supra
652 1659 953 1714 memoravi
978 1678 992 1727 ;
1026 1660 1103 1715 ita
1131 1669 1184 1715 et
1215 1661 1272 1716 in
1302 1678 1365 1717 eo
1388 1662 1481 1735 qui
1518 1679 1629 1719 non
1663 1665 1837 1721 credit
1866 1664 2055 1737 impie-

457 1755 542 1804 tas
562 1756 617 1804 et
638 1747 915 1819 injustitia
943 1750 1241 1805 reveletur.
1266 1751 1353 1805 Ex
1380 1751 1498 1823 ipsa
1518 1753 1666 1808 enim
1695 1754 1818 1809 οωιῇ
1850 1754 2058 1810 fabrica

459 1835 633 1892 iratus
662 1836 776 1892 illis
796 1838 941 1893 Deus
972 1837 1226 1905 videtur;
1266 1838 1476 1895 idcirco
1504 1841 1650 1896 enim
1680 1850 1793 1897 tam
1829 1842 2056 1914 pulchra
2086 1846 2132 1906 Β

459 1934 606 1982 astra
635 1925 905 1994 condidit,
929 1933 990 1982 ut
1008 1942 1078 1982 ex
1100 1926 1169 1982 iis
1189 1934 1429 2000 quantus
1455 1936 1509 1983 et
1528 1945 1688 2002 quam
1713 1930 2060 1989 admirabilis

461 2023 682 2076 creator
710 2032 901 2073 eorum
931 2025 1032 2086 est,
1064 2018 1237 2090 possit
1272 2020 1516 2092 agnosci,
1560 2028 1613 2076 et
1642 2022 1792 2078 solus
1820 2022 2055 2081 adorari.

461 2108 617 2166 Unde
647 2108 915 2179 scriptum
958 2118 1039 2165 est
1096 2109 1154 2165 in
1209 2110 1465 2169 Psalmo:
1540 2137 1558 2158 ι
1612 2112 1749 2169 (ἰωιί
1804 2124 2059 2172 enarrant

461 2197 691 2272 gloriam
739 2198 861 2267 Dei,
891 2206 945 2254 et
984 2214 1146 2272 opera
1170 2214 1435 2257 manuum
1474 2199 1592 2273 ejus
1624 2203 1916 2259 annuntiat
1954 2203 2060 2260 ﬁr-

461 2294 801 2345 mamentum
836 2289 1011 2362 (Psat.
1046 2306 1211 2359 xvm,
1248 2289 1327 2361 2).
1364 2316 1381 2338 ι
1437 2291 1539 2347 Per
1589 2294 1892 2350 naturalem
1930 2311 2058 2367 ergo

460 2378 635 2451 legem
666 2394 820 2434 reum
855 2378 986 2435 facit
1015 2394 1184 2451 genus
1208 2379 1515 2437 humanum
1544 2426 1558 2450 ,
1588 2390 1885 2455 potuerunt
1909 2384 2057 2441 enim

461 2466 520 2524 id
553 2484 648 2540 per
677 2469 850 2541 legem
880 2477 1095 2524 naturai
1123 2466 1552 2543 apprehendere,
1602 2472 1808 2530 fabrica
1864 2475 2058 2533 mundi

459 2558 810 2628 tostiﬁcante,
830 2567 1110 2618 auctorem
1130 2561 1306 2617 Deum
1329 2563 1506 2619 solum
1529 2563 1894 2638 diligendum,
1910 2570 2057 2642 quod

459 2649 675 2723 Moyses
698 2652 897 2709 litteris
927 2652 1153 2709 tradidit
1188 2654 1365 2725 (Deut.
1398 2673 1473 2725 vr,
1496 2657 1587 2731 5):
1622 2658 1717 2714 sed
1746 2658 1904 2733 impii
1927 2661 2059 2717 facti

460 2748 588 2797 sunt
638 2757 749 2797 non
795 2742 1027 2799 colendo
1077 2742 1416 2814 Creatorem,
1458 2753 1511 2802 et
1550 2747 1828 2819 injustitia
1874 2749 1932 2805 in
1980 2750 2059 2807 eis

458 2839 697 2903 apparet,
729 2832 861 2889 dum
901 2833 1155 2891 videntes
1204 2835 1562 2897 dissimulant
1589 2856 1622 2895 a
1665 2842 1915 2911 veritate,
1949 2859 2059 2899 non

460 2918 692 2977 fatentes
720 2939 891 2978 unum
917 2926 1092 2980 Deum
1126 2924 1266 2996 (38).

534 3020 719 3089 (Vers.
764 3022 877 3093 19.)
922 3046 941 3070 ο
986 3024 1127 3091 Quia
1169 3025 1318 3097 quod
1360 3034 1554 3082 notum
1602 3036 1682 3084 est
1709 3029 1829 3098 Dei,
1871 3031 2059 3087 mani-

460 3105 664 3164 festum
704 3117 786 3166 est
839 3111 898 3167 in
947 3112 1079 3169 illis.
1113 3140 1131 3163 ι
1175 3114 1385 3171 Notitia
1437 3116 1534 3172 Dei
1569 3118 1855 3175 manifesta
1881 3128 1962 3176 est
1990 3137 2058 3177 ex

460 3198 654 3256 mundi
684 3199 925 3270 fabrica;
957 3211 1019 3259 ut
1049 3204 1195 3260 enim
1231 3208 1393 3275 Deus,
1426 3206 1520 3279 qui
1564 3215 1760 3264 natura
1789 3208 2057 3267 invisibi-
2086 3215 2131 3276 Ο

459 3288 528 3345 lis
581 3297 679 3358 est,
713 3290 878 3348 etiam
901 3292 1220 3350 visibilibus
1247 3296 1420 3368 possit
1464 3297 1617 3365 sciri,
1665 3315 1803 3371 opus
1846 3299 2053 3357 factum

456 3387 537 3436 est
564 3380 634 3437 ab
662 3397 747 3450 eo,
786 3381 935 3455 quod
962 3383 1212 3455 opiﬁcem
1244 3385 1571 3445 visibilitate
1599 3405 1697 3445 sua
1728 3391 2054 3449 manifesta-

454 3478 558 3539 ret,
607 3480 669 3527 ut
718 3488 813 3545 per
839 3480 1051 3529 certum
1100 3475 1371 3532 incertum
1402 3488 1584 3549 posset
1645 3479 1812 3537 sciri:
1862 3498 1927 3539 ac
1961 3498 2057 3555 per

455 3560 564 3616 hoc
609 3561 758 3633 quod
804 3564 1016 3619 creteris
1064 3564 1407 3637 impossibile
1451 3575 1552 3637 est,
1605 3569 1699 3626 ille
1742 3588 1860 3628 esse
1908 3573 2056 3631 Deus

457 3650 707 3707 omnium
746 3652 1079 3721 crederetur,
1119 3655 1214 3729 qui
1249 3657 1353 3714 hoc
1379 3675 1517 3730 opus
1555 3659 1708 3717 fecit.

544 3766 562 3788 ι
600 3741 745 3799 Deus
773 3743 921 3800 enim
952 3744 1066 3801 illis
1113 3746 1509 3818 manifestavit,
1552 3776 1570 3799 ι
1615 3750 1722 3809 hoc
1767 3762 1870 3823 est,
1919 3771 2057 3827 opus

454 3828 609 3899 fecit,
639 3847 737 3904 per
761 3834 906 3907 quod
939 3835 1110 3908 possit
1140 3839 1360 3910 agnosci
1387 3854 1481 3910 per
1510 3839 1681 3898 ﬁdem
1715 3843 1855 3916 (39).

529 3921 706 3994 (Vers.
766 3922 884 3999 20.)
950 3953 967 3974 ι
1011 3928 1324 3987 Invisibilis
1377 3932 1523 3989 enim
1579 3931 1698 4004 ejus
1736 3950 1768 3988 a
1809 3939 2058 3989 creatura

456 4010 651 4067 mundi
681 4030 775 4086 per
798 4032 860 4072 ea
890 4033 1010 4090 qua:
1038 4018 1183 4076 facta
1213 4029 1365 4088 sunt,
1396 4022 1680 4080 intellecta
1707 4022 2057 4095 conspiciun-

454 4106 565 4156 tur.
599 4126 617 4150 ι
661 4103 811 4161 Idem
840 4123 1033 4165 sensus
1061 4117 1167 4177 est,
1195 4128 1357 4185 quem
1389 4115 1626 4186 repetit;
1661 4120 1723 4168 ut
1751 4112 2059 4169 absolutius

455 4187 650 4247 doceat
693 4195 823 4267 quia
860 4214 984 4253 cum
1036 4215 1131 4272 per
1177 4218 1232 4258 se
1274 4204 1521 4276 potentia
1557 4211 1613 4260 et
1654 4202 1908 4275 majestas
1956 4205 2057 4276 Dei

455 4287 718 4366 creaturae
766 4286 942 4344 oculis
986 4291 1157 4363 aspici
1205 4309 1314 4350 non
1362 4295 1594 4366 possint,
1649 4310 1812 4366 opere
1860 4294 2056 4349 mundi

456 4364 736 4429 intellecta
792 4374 907 4449 (40)
959 4364 1399 4453 conspiciuntur.
1463 4383 1579 4438 Hoc
1634 4364 1809 4453 igitur
1865 4398 2059 4453 genere

455 4471 578 4514 reos
624 4460 755 4519 facit
801 4481 892 4522 eos
919 4468 1012 4542 qui
1060 4470 1177 4527 sine
1226 4472 1340 4543 lege
1383 4471 1648 4526 vixerunt
1675 4478 1729 4527 et
1758 4477 1971 4527 natura)
2006 4480 2060 4529 et

2246 504 2266 529 ι
2292 480 2634 552 Sempiterna
2662 497 2879 555 quoque
2905 481 3023 555 ejus
3049 482 3231 539 virtus
3260 490 3315 539 et
3357 483 3659 555 divinitas,
3700 488 3784 544 ita

2167 579 2229 627 ut
2256 569 2369 627 sint
2389 570 2813 629 inexcusabiles.
2839 598 2857 621 ν
2896 574 2964 631 Ut
2985 576 3217 630 omnino
3237 577 3489 632 excusari
3512 576 3782 649 impietas

2167 675 2280 715 non
2317 660 2508 732 possit,
2540 661 2741 732 adjecit
2768 663 2935 718 etiam
2966 664 3240 720 virtutum
3268 665 3389 733 Dei,
3427 673 3481 721 et
3510 666 3782 723 divinita-

2168 755 2275 802 tem
2315 750 2702 822 sempiternam
2736 750 3013 821 cognitam
3053 768 3168 807 esse
3212 752 3281 807 ab
3330 752 3682 820 hominibus,
3726 760 3781 809 et

2168 844 2389 909 stupore
2433 841 2673 911 quodam
2716 840 2999 897 hebetasse
3038 842 3108 899 ad
3150 842 3539 898 honorandum
3572 845 3781 911 Deum,

2168 942 2329 999 quem
2379 934 2433 983 et
2490 944 2625 997 esse,
2666 937 2721 985 et
2764 930 2975 1002 operari
3028 929 3095 986 ad
3144 931 3443 987 utilitatem
3472 948 3628 988 suam
3663 949 3782 991 non

2167 1018 2524 1090 ignorarent;
2572 1036 2634 1076 ea
2681 1022 2829 1077 enim
2866 1038 2987 1095 quae
3026 1021 3286 1105 humanis
3324 1022 3517 1079 usibus
3547 1025 3781 1083 evoluta

2167 1125 2312 1165 anno
2341 1110 2663 1180 gignuntur,
2697 1110 2876 1182 ipsum
2920 1110 3227 1168 decrevisse
3267 1110 3408 1166 nulli
3439 1111 3499 1167 in
3537 1111 3778 1169 dubium

2167 1208 2351 1263 venit.
2391 1208 2622 1263 jEterna
2659 1225 2787 1280 ergo
2817 1209 2997 1266 virtus
3049 1211 3167 1283 ejus
3215 1209 3468 1268 Christus
3520 1217 3622 1278 est,
3683 1228 3782 1284 per

2168 1312 2328 1369 quem
2376 1295 2638 1363 instituit,
2689 1312 2810 1369 quas
2858 1315 2968 1355 non
3020 1307 3197 1365 erant,
3227 1307 3281 1355 et
3332 1306 3555 1355 manent
3598 1298 3658 1354 in
3690 1315 3777 1356 eo.

2169 1382 2338 1455 Cujus
2390 1386 2436 1441 si
2497 1385 2708 1442 dudum
2763 1404 2994 1458 persona
3041 1390 3227 1462 agnita
3295 1406 3407 1445 non
3454 1399 3558 1459 est,
3612 1408 3779 1464 opera

2164 1481 2350 1530 tamen
2400 1476 2689 1532 manifesta
2736 1488 2903 1535 sunt:
2976 1478 3254 1537 Divinitas
3307 1496 3461 1550 vero,
3528 1481 3660 1554 quia
3722 1482 3776 1539 in

2167 1578 2327 1634 opere
2357 1563 2462 1619 sibi
2501 1564 2720 1622 decreto
2748 1566 3047 1638 perdurant
3067 1569 3341 1624 elementa
3374 1585 3583 1626 rerum.

2252 1676 2270 1700 ι
2301 1654 2370 1710 Ut
2418 1653 2531 1709 sint
2582 1656 3011 1713 inexcusabiles.
3062 1658 3250 1715 Multis
3278 1660 3426 1715 enim
3465 1658 3647 1717 modis
3677 1662 3776 1734 qui

2164 1758 2290 1798 reus
2318 1743 2678 1801 convincitur
2707 1747 2961 1803 excusari
2990 1763 3101 1803 non
3130 1755 3326 1820 potest.

2242 1833 2422 1906 (Vers.
2456 1834 2569 1903 21.)
2625 1860 2642 1884 ι
2672 1836 2944 1904 Quoniam
2992 1854 3119 1894 cum
3149 1837 3537 1912 cognovissent
3573 1842 3772 1912 Deum,

2170 1937 2280 1978 non
2326 1922 2471 1980 sicut
2506 1926 2681 1981 Deum
2725 1926 3238 1999 magniﬁcaverunt,
3280 1936 3376 1986 aut
3423 1929 3626 2001 gratias
3655 1945 3775 2002 ege-

2169 2018 2319 2068 runt.
2352 2036 2370 2059 ι
2417 2012 2596 2086 Usque
2624 2014 2760 2072 adeo
2792 2032 2901 2070 non
2933 2014 3347 2088 ignoraverunt,
3376 2026 3436 2073 ut
3464 2017 3776 2075 faterentur

2170 2116 2345 2157 unum
2385 2119 2500 2160 esse
2528 2103 2887 2177 principium,
2911 2121 2942 2160 a
2970 2121 3079 2178 quo
3107 2106 3295 2161 omnia
3324 2106 3546 2164 initium
3577 2107 3776 2165 sortita

2169 2189 2302 2260 sint,
2358 2194 2606 2250 cmlestia
2657 2201 2712 2249 et
2782 2195 3063 2250 terrestria
3115 2203 3169 2251 et
3214 2195 3467 2251 inferna:
3516 2203 3571 2252 et
3624 2197 3775 2254 hunc

2170 2297 2343 2335 unum
2374 2297 2490 2337 esse
2532 2282 2626 2354 qui
2660 2281 2918 2337 omnibus
2966 2281 3272 2339 decreverit
3320 2283 3679 2356 proprietates
3720 2293 3775 2342 et

2169 2369 2350 2425 oIIicia
2392 2370 2757 2438 naturaliter,
2809 2378 2862 2427 et
2907 2370 3025 2428 haec
3075 2370 3313 2427 scientes
3372 2388 3483 2428 non
3542 2383 3774 2447 egerunt

2170 2461 2387 2533 gratias.
2439 2464 2515 2518 De
2564 2462 2931 2520 anterioribus
2982 2463 3249 2537 loquitur,
3302 2471 3361 2519 ut
3392 2473 3690 2535 prementes
3719 2474 3773 2521 et

2169 2551 2386 2608 futuros
2408 2553 2665 2626 corrigat.

2256 2665 2275 2688 ι
2305 2640 2409 2698 Sed
2437 2650 2782 2699 evanuerunt
2823 2643 2881 2699 in
2911 2643 3342 2715 cogitationibus
3380 2642 3515 2700 suis.
3549 2667 3568 2691 ι
3612 2645 3773 2701 Eva-

2170 2740 2445 2788 nuerunt:
2504 2732 2756 2790 videntes
2810 2731 2954 2788 enim
3012 2732 3281 2788 mundum
3362 2733 3503 2790 miro
3568 2744 3770 2792 ornatu

2170 2826 2413 2891 aptatum
2463 2821 2532 2878 ab
2585 2839 2668 2891 eo,
2719 2839 2881 2896 quem
2930 2821 3047 2894 ejus
3085 2822 3338 2895 opiﬁcem
3369 2832 3766 2897 cognoverant,

2168 2908 2663 2968 dissimulaverunt
2694 2912 2834 2984 (42).

2255 3023 2273 3047 ι
2302 3001 2374 3055 Et
2402 3000 2751 3058 obscuratum
2785 3009 2867 3058 est
2895 3000 3164 3073 insipiens
3190 3018 3287 3058 cor
3315 3017 3526 3058 eorum.
3574 3027 3595 3053 ι
3654 3006 3771 3062 Ne-

2168 3086 2300 3144 bula
2329 3090 2532 3147 erroris
2571 3092 2713 3147 texit
2742 3107 2837 3147 cor
2866 3091 3113 3157 illorum,
3145 3089 3276 3161 quia
3294 3104 3420 3145 cum
3450 3089 3769 3152 Creatorem

2168 3195 2237 3234 ex
2267 3179 2358 3249 iis,
2389 3196 2509 3254 quae
2542 3181 2673 3239 fecit
2703 3180 2953 3254 pulchra,
2987 3179 3224 3252 amplius
3265 3178 3635 3242 honoriﬁcam
3666 3186 3771 3243 de-

2163 3277 2404 3346 buerint,
2439 3277 2622 3334 obtusi
2661 3284 2813 3345 sunt,
2844 3276 3036 3334 relicto
3064 3277 3181 3346 illo,
3215 3277 3334 3334 haec
3370 3279 3488 3334 sola
3522 3280 3771 3339 dicentes

2165 3368 2271 3427 sibi
2301 3368 2549 3425 suﬂicere
2576 3368 2644 3424 ad
2675 3368 2969 3437 culturam,
3006 3384 3127 3441 quae
3170 3367 3453 3426 videntur.

2239 3469 2420 3539 (Vers.
2453 3468 2582 3539 22.)
2648 3491 2666 3515 ι
2696 3467 2955 3524 Dicentes
3000 3467 3148 3523 enim
3198 3483 3256 3523 se
3297 3483 3414 3524 esse
3473 3469 3767 3541 sapientes,

2165 3556 2320 3613 stulti
2351 3556 2481 3611 facti
2517 3562 2665 3611 sunt.
2699 3578 2717 3600 ι
2762 3554 3044 3626 Sapientes
3097 3556 3245 3611 enim
3290 3573 3347 3613 se
3394 3557 3763 3627 arbitrantur;

2169 3645 2297 3720 quia
2326 3645 2569 3701 rationes
2597 3644 2855 3717 physicas
2884 3643 3241 3719 investigasse
3275 3664 3332 3704 se
3370 3656 3587 3721 putant,
3620 3666 3769 3712 scru-

2164 3743 2341 3791 tantes
2368 3751 2562 3791 cursus
2592 3733 2855 3801 siderum,
2905 3742 2959 3791 et
2998 3736 3290 3809 qualitates
3338 3738 3765 3808 elementorum,

2165 3830 2467 3888 Dominum
2500 3840 2681 3887 autem
2710 3829 2909 3887 horum
2940 3841 3296 3906 spernentes;
3332 3836 3456 3892 ideo
3486 3834 3581 3891 33
3613 3838 3769 3894 stulti

2165 3930 2326 3988 sunt;
2349 3937 2475 3979 cum
2496 3922 2543 3979 si
2561 3923 2679 3978 haec
2693 3921 2969 3979 laudanda
2984 3924 3331 3998 sint,quanto
3354 3927 3526 4000 magis
3546 3926 3771 3986 Creator

2167 4012 2391 4068 illorum
2429 4013 2440 4068 l
2475 4011 2665 4069 Solent
2694 4018 2880 4069 tamen
2910 4013 3175 4086 pudorem
3204 4015 3368 4086 passi,
3403 4017 3641 4089 neglecti
3672 4019 3775 4075 Dei

2168 4105 2367 4162 misera
2397 4105 2479 4162 uti
2510 4107 2888 4176 excusatione,
2920 4107 3163 4164 dicentes
3204 4123 3301 4179 per
3331 4107 3464 4164 istos
3505 4124 3664 4181 posse
3694 4109 3776 4165 ire

2167 4196 2235 4252 ad
2262 4198 2460 4263 Deum,
2499 4195 2644 4252 sicut
2671 4213 2766 4268 per
2813 4197 3044 4253 comites
3103 4196 3423 4270 pervenitur
3467 4197 3536 4253 ad
3566 4213 3773 4270 regem.

2167 4288 2302 4359 Age,
2354 4286 2629 4360 numquid
2670 4293 2782 4341 tam
2812 4287 3038 4343 demens
3085 4295 3168 4344 est
3198 4287 3421 4363 aliquis,
3454 4298 3550 4345 aut
3577 4293 3778 4348 salutis

2168 4394 2278 4433 suae
2334 4376 2648 4444 immemor,
2699 4384 2761 4431 ut
2812 4375 3289 4433 honoriﬁcentiam
3342 4377 3483 4450 regis
3524 4378 3779 4437 vindicet

2168 4467 2358 4524 comiti
2391 4485 2405 4534 ;
2437 4483 2565 4523 cum
2605 4465 2673 4522 de
2715 4465 2819 4523 hac
2853 4482 2911 4522 re
2962 4466 3008 4521 si
3037 4465 3133 4539 qui
3162 4465 3330 4521 etiam
3379 4474 3614 4523 tractare
3644 4468 3779 4525 fue-

455 4547 671 4623 Moysi;
727 4559 1123 4616 consuetudine
1187 4561 1334 4616 enim
1408 4560 1671 4632 peccandi
1755 4559 2061 4636 obruerunt
2089 4586 2137 4644 ι)
2170 4559 2284 4612 rint
2330 4555 2565 4622 inventi,
2608 4553 2733 4625 jure
2762 4561 2824 4610 ut
2857 4553 2936 4610 rei
2966 4554 3299 4644 damnentur
3328 4554 3627 4627 majestatis
3648 4557 3676 4613 ?
3703 4558 3781 4613 Et

456 4644 629 4718 legem
697 4657 924 4720 natura),
996 4651 1266 4723 oblitique
1324 4649 1648 4704 memoriam
1705 4648 1824 4721 ejus
1885 4649 2050 4722 (41):

453 4737 627 4807 legem
674 4749 854 4797 autem
892 4758 1013 4816 quae
1060 4742 1129 4798 ad
1169 4739 1618 4795 reformationem
1673 4738 1801 4795 data
1852 4739 2049 4810 fuerat,

454 4828 732 4901 percipere
763 4832 1084 4899 noluerunt,
1108 4838 1169 4885 ut
1190 4827 1402 4900 duplici
1422 4827 1584 4884 modo
1607 4827 1840 4885 obnoxii
1859 4829 2055 4887 ﬁerent

455 4916 820 4977 damnationi.

527 5066 636 5138 (38)
663 5065 814 5122 Edit.
851 5063 1164 5138 Amerb._et
1185 5062 1500 5138 Eras._cum
1515 5080 1648 5138 mss.
1671 5063 1819 5121 haud
1841 5064 2052 5137 paucis,

453 5133 560 5194 non
587 5138 841 5208 facientes
869 5152 1043 5208 unum
1064 5135 1233 5189 Deum
1254 5152 1274 5198 ;
1293 5133 1429 5191 edit.
1461 5134 1593 5191 Gill.
1641 5152 1703 5194 ac
1732 5133 1892 5195 Rom.
1926 5152 2053 5193 cum

453 5206 666 5267 caeteris
697 5224 853 5274 mss.,
886 5222 994 5259 non
1012 5206 1252 5275 fatentes,
1285 5212 1390 5261 etc.

529 5280 646 5353 (39)
674 5279 754 5334 Ita
775 5276 1157 5353 vet._edit._ac_
1176 5293 1329 5345 mss.,
1360 5277 1464 5353 nisi
1491 5280 1635 5353 quod
1662 5279 1728 5353 in
1754 5278 1870 5336 illis
1892 5277 2053 5353 habe-

454 5348 568 5419 tur,
597 5348 811 5423 agnosci
837 5348 987 5418 ﬁdes,
1019 5349 1117 5423 hin
1143 5349 1209 5417 is,
1237 5350 1447 5423 agnosci
1475 5348 1577 5423 per,
1595 5352 1749 5423 ﬁdem
1772 5369 1785 5416 ;
1810 5357 1867 5406 at
1893 5351 2051 5423 Rom.

456 5423 591 5480 edit.
620 5421 701 5476 sic
726 5420 907 5492 locum
946 5421 1201 5492 praefert:
1233 5420 1604 5492 Mani/estavit
1642 5440 1694 5477 se
1734 5423 1876 5478 Deus
1920 5421 2052 5488 illis,

457 5493 583 5566 dum
606 5507 739 5562 opus
766 5488 907 5560 fecit,
934 5488 1034 5565 per
1077 5493 1219 5565 quod
1263 5488 1428 5566 possit
1470 5493 1701 5563 agnosci.
1750 5491 2054 5549 Invisibitia

460 5563 620 5628 enim,
648 5569 752 5619 etc.

532 5633 650 5707 (40)
688 5634 818 5693 Gill.
870 5653 933 5695 ac
978 5639 1133 5696 Rom.
1189 5636 1322 5709 edit.
1369 5650 1500 5709 cum
1525 5650 1674 5709 _m_ss.
1722 5633 2053 5709 quibusdam

460 5704 647 5782 opere;
702 5725 855 5779 mss.,
904 5727 1088 5786 Opera,
1132 5707 1415 5765 mundana:
1458 5704 1712 5777 fabricae;
1738 5704 1971 5766 'Amerb.
2003 5715 2057 5764 et

2170 4643 2262 4699 isti
2289 4661 2344 4700 se
2373 4659 2486 4699 non
2517 4650 2712 4714 putant
2756 4658 2897 4710 reos,
2949 4643 3041 4716 qui
3092 4643 3357 4700 honorem
3388 4644 3635 4701 nominis
3673 4645 3779 4702 Dei

2163 4734 2420 4789 deferunt
2465 4741 2749 4799 creatura,
2800 4740 2856 4788 et
2899 4733 3094 4791 relicto
3156 4735 3418 4801 Domino,
3472 4751 3779 4793 conservos

2162 4822 2414 4888 adorant,
2466 4821 2622 4895 quasi
2670 4820 2743 4876 sit
2780 4820 2994 4894 aliquid
3053 4823 3195 4895 plus,
3250 4823 3399 4896 quod
3452 4833 3779 4882 reservetur

2163 4915 2296 4970 Deo.
2327 4913 2463 4968 Nam
2493 4920 2547 4969 et
2576 4912 2700 4968 ideo
2729 4912 2800 4969 ad
2829 4928 3010 4985 regem
3051 4931 3147 4987 per
3175 4915 3431 4972 tribunos
3467 4924 3563 4972 aut
3590 4919 3773 4974 comi-

2164 5064 2296 5122 Gill.
2328 5079 2455 5120 cum
2488 5060 2717 5135 reliquis
2747 5061 2894 5131 cod.,
2919 5078 3116 5133 opere;
3147 5062 3332 5135 plures
3372 5078 3528 5131 mss.,
3579 5081 3775 5136 opera,

2165 5136 2368 5192 mundi.

2238 5208 2355 5279 (41)
2387 5205 2478 5263 Sic
2506 5206 2640 5262 edit.
2673 5203 2902 5279 Amerb.
2935 5211 2989 5259 et
3017 5205 3177 5279 Era_s_.
3204 5206 3557 5279 cumrmultis
3578 5224 3718 5279 mss.
3760 5225 3775 5275 ;

2164 5275 2296 5336 Gill.
2329 5295 2460 5334 vero
2490 5286 2544 5333 et
2574 5279 2730 5336 Rom.
2762 5275 2897 5332 edit.
2930 5291 3055 5331 cum
3084 5277 3230 5345 aliis,
3263 5277 3620 5335 obtitterando
3657 5295 3782 5333 me-

2167 5351 2392 5406 moriam
2421 5350 2554 5416 ejus.

2240 5421 2357 5493 (42)
2390 5423 2517 5478 Mss.
2559 5418 2817 5476 nonnulli
2849 5425 2903 5475 et
2932 5417 3065 5475 Gill.
3104 5420 3161 5475 in
3190 5420 3363 5476 variis
3394 5420 3565 5493 rlect.,
3615 5437 3781 5493 vere—

2162 5492 2419 5549 vanitatis
2438 5564 2443 5565 γ
2462 5498 2538 5547 est
2572 5495 2687 5557 hoc,
2718 5497 2823 5565 Aut,
2881 5498 3253 5565 cognoscentes,
3284 5492 3589 5561 veritatem,
3621 5492 3778 5565 cogi—

2166 5571 2341 5636 tarent
2368 5564 2521 5619 aliud
2549 5563 2820 5636 colendam
2842 5606 2858 5632 ,
2890 5564 3041 5636 quod,
3071 5564 3366 5636 nesciebant
3414 5581 3604 5619 verum
3632 5563 3775 5632 esse;

2164 5642 2223 5691 ut
2269 5635 2663 5691 dissimulantes
2718 5635 2783 5690 ab
2836 5653 2915 5704 eo,
2946 5635 3173 5692 colerent
3216 5635 3384 5693 idola.
3418 5636 3495 5693 Et
3526 5644 3782 5694 contene-

2165 5708 2378 5765 bratum
2408 5712 2502 5773 est,
2532 5714 2636 5765 etc.
