3932 6210
192 352 265 411 61
1299 345 1665 406 COMMENT.
1707 347 1779 403 IN
1817 346 2033 404 EPIST.
2073 346 2171 403 AD
2212 348 2384 408 ROM.
3447 345 3516 410 62

199 483 282 531 tes
309 474 461 542 itur;
494 474 623 547 quia
651 474 820 532 homo
850 474 1045 548 utique
1062 482 1146 532 est
1163 489 1284 539 rex,
1313 479 1370 529 et
1395 471 1572 530 nescit
1597 471 1798 546 quibus
1824 474 1877 533 Α
1904 479 2166 527 raverunt
2197 471 2301 527 ista
2324 473 2597 544 faciendo,
2627 492 2729 534 nec
2748 476 2906 555 in_iis
2934 495 3057 553 quae
3082 478 3335 536 visibilis
3354 488 3512 548 sunt,

200 567 397 626 debeat
451 567 854 641 rempublicam
914 566 1159 624 credere.
1217 566 1304 623 Ad
1365 567 1542 622 Deum
1595 574 1800 632 autem,

198 671 362 729 quem
392 655 588 729 utique
625 654 771 711 nihil
806 656 939 711 latet
972 654 1250 725 (omnium
1279 653 1428 711 enim
1460 654 1657 710 merita
1694 670 1804 710 no—

199 745 330 816 vit),
362 744 819 817 promerendum,
852 743 1215 815 suffragatore
1242 759 1352 798 non
1395 760 1533 815 opus
1575 752 1675 811 est,
1708 742 1803 798 sed

199 840 382 888 mente
411 832 633 889 devota.
666 831 996 903 Ubicunque
1026 832 1175 886 enim
1203 831 1328 888 talis
1381 832 1593 888 locutus
1637 830 1803 888 fuerit

169 916 271 990 'ei,
302 920 663 995 respondebit
692 920 800 976 illi.

272 1021 458 1093 (Vers.
493 1020 613 1090 23.)
658 1042 676 1065 ι
708 1019 777 1074 Et
809 1028 1165 1077 mutaverunt
1193 1020 1423 1092 gloriam
1458 1019 1803 1092 incorrupti-

194 1109 332 1167 bilis
380 1108 481 1165 Dei
531 1108 591 1163 in
637 1107 1061 1164 similitudinem
1112 1108 1369 1181 imaginis
1426 1111 1804 1183 corruptibilis

198 1198 473 1257 hominis.
504 1221 524 1247 ι
568 1197 658 1253 Sic
686 1197 1022 1254 obcaecatum
1047 1206 1130 1255 est
1157 1215 1251 1256 cor
1287 1200 1539 1263 illorum.
1579 1208 1643 1256 ut
1692 1217 1802 1256 ma-

192 1288 453 1361 jestatem
486 1285 787 1343 invisibilis
815 1288 935 1354 Dei,
967 1304 1130 1361 quem
1156 1306 1224 1345 ex
1254 1288 1342 1345 his
1369 1290 1527 1347 factis
1554 1306 1805 1362 agnove-

198 1385 347 1444 rant,
380 1392 489 1433 non
521 1375 845 1432 hominibus
878 1376 1018 1449 (43),
1069 1378 1164 1434 sed
1202 1379 1351 1451 quod
1408 1378 1564 1451 pejus
1614 1388 1717 1448 est,
1750 1390 1804 1438 et

197 1464 581 1522 inexcusabile
635 1464 872 1531 crimen,
921 1466 981 1521 in
1031 1467 1458 1524 similitudinem
1514 1468 1801 1526 hominum

196 1561 497 1621 mutarent,
526 1563 588 1610 ut
616 1555 797 1610 forma
828 1556 1212 1628 corruptibilis
1257 1556 1503 1614 hominis
1550 1560 1695 1615 Deus
1735 1559 1803 1615 ab

196 1642 287 1699 his
316 1650 568 1712 vocetur,
598 1642 705 1700 hoc
733 1652 837 1711 est,
868 1642 1224 1701 simulacrum
1257 1646 1503 1703 hominis
1534 1663 1546 1700 :
1581 1655 1642 1703 ut
1668 1664 1805 1721 quos

196 1734 360 1790 vivos
404 1732 511 1789 hoc
549 1732 776 1789 nomine
811 1732 1015 1790 donare
1053 1751 1166 1791 non
1195 1734 1421 1802 audent,
1459 1744 1803 1794 mortuorum

1910 576 2097 632 sapere
2127 570 2440 633 potuerunt.
2474 564 2712 623 Diﬁicile
2741 567 2886 623 enim
2938 568 2997 625 in
3035 568 3343 642 majoribus
3371 585 3513 642 pru-

1911 646 2068 716 dens,
2100 649 2158 704 in
2186 652 2499 708 minoribus
2519 668 2631 709 non
2658 655 2799 726 sapit
2831 656 2973 727 (48).

1986 736 2170 807 (Vers.
2225 738 2341 810 24.)
2394 764 2412 785 ι
2471 741 2697 813 Propter
2739 747 2886 816 quod
2930 747 3158 804 tradidit
3200 747 3329 804 illos
3366 748 3513 804 Deus

1912 824 1971 881 in
1996 826 2270 884 desideria
2314 829 2497 886 cordis
2553 832 2801 900 illorum,
2858 836 2917 892 in
2965 838 3401 909 immunditiam,
3451 847 3513 897 ut

1912 916 2268 973 contumeliis
2312 918 2558 975 alliciant
2602 938 2831 993 corpora
2873 941 2971 980 sua
3018 926 3072 981 in
3118 928 3446 1000 semetipsis.
3477 952 3496 976 ›

1912 1006 2207 1073 Quoniam,
2240 1006 2446 1079 inquit,
2474 1008 2543 1065 ad
2574 1009 2835 1081 injuriam
2867 1014 3127 1069 creatoris
3156 1017 3254 1071 Dei
3286 1015 3510 1087 ﬁgmen-

1916 1106 1968 1153 ta
1995 1104 2047 1151 et
2078 1096 2476 1154 similitudines
2507 1116 2687 1155 rerum
2719 1099 3134 1171 deiﬁcaverunt,
3164 1104 3356 1161 traditi
3384 1112 3512 1161 sunt

1913 1187 2226 1255 illudendi;
2264 1197 2317 1245 et
2350 1190 2536 1245 traditi
2567 1207 2679 1246 non
2714 1201 2771 1247 ut
2807 1192 2904 1248 illa
2932 1202 3174 1265 agerent,
3207 1210 3326 1267 quae
3352 1195 3515 1251 nole-

1914 1277 2082 1342 bant;
2124 1278 2219 1333 sed
2268 1287 2329 1333 ut
2381 1280 2479 1335 illa
2535 1280 2884 1351 perﬁcerent,
2933 1299 3054 1355 quae
3100 1282 3507 1340 desiderabant.

1911 1368 1984 1423 Et
2012 1366 2104 1423 hic
2141 1367 2359 1425 bonitas
2404 1370 2504 1425 Dei
2547 1379 2664 1438 est;
2704 1389 2832 1428 cum
2876 1373 3027 1429 enim
3058 1373 3288 1446 dignum
3320 1374 3514 1431 fuisset

1913 1456 2110 1528 subjici
2144 1458 2291 1526 illos,
2328 1466 2390 1515 ut
2428 1460 2670 1516 facerent
2699 1478 2820 1534 quin
2872 1462 3136 1518 nolebant
3184 1472 3239 1519 et
3284 1465 3510 1521 crucia-

1914 1557 2131 1616 rentur;
2163 1551 2313 1624 quia,
2343 1551 2472 1607 licet
2492 1553 2722 1613 bonum.
2750 1553 2795 1608 si
2816 1562 3008 1610 contra
3030 1556 3371 1613 voluntatem
3394 1556 3512 1626 ﬁat,

1913 1653 2162 1694 amarum
2189 1647 2243 1695 et
2282 1640 2487 1696 malum
2529 1649 2627 1697 est.
2660 1644 2756 1699 Isti
2788 1650 2995 1712 autem,
3050 1652 3358 1701 avertentes
3401 1661 3457 1702 se
3482 1660 3517 1701 a

1912 1731 2048 1798 Deo,
2090 1729 2274 1786 traditi
2305 1740 2435 1787 sunt
2465 1731 2704 1789 diabolo.
2738 1733 2971 1789 Tradere
3022 1744 3207 1792 autem
3255 1748 3337 1794 est
3384 1755 3517 1811 per-

198 1821 472 1895 imagines
503 1820 561 1877 in
592 1822 823 1894 gloriam
847 1822 944 1879 Dei
964 1823 1487 1895 recipiant.Quauta
1505 1825 1799 1894 hebetudo,
1832 1840 1879 1900 Β
1918 1820 2159 1887 mittere,
2191 1836 2304 1875 non
2338 1820 2570 1878 incitare
2602 1830 2698 1879 aut
2724 1823 3065 1894 immittere;
3099 1835 3161 1883 ut
3189 1844 3252 1884 ea
3292 1845 3412 1901 quae
3455 1831 3515 1887 in

197 1918 406 1984 quanta
455 1910 713 1979 stultitia,
760 1910 863 1967 hos
907 1912 1181 1985 sapientes
1224 1915 1500 1986 appellare
1542 1916 1610 1972 ad
1648 1934 1801 1973 suam

197 1998 639 2068 damnationem,
670 2000 814 2072 apud
844 2017 981 2074 quos
1010 2003 1136 2074 plus
1179 2010 1359 2075 potest
1412 2005 1591 2078 imago
1639 2022 1803 2079 quam

197 2089 444 2157 veritas;
473 2096 529 2147 et
556 2089 762 2145 mortui
791 2091 1035 2164 potiores
1061 2100 1194 2148 sunt
1223 2093 1370 2150 vivis
1407 2093 1525 2168 (44)
1554 2097 1564 2151 l
1597 2098 1646 2152 A
1672 2096 1803 2151 vivo

197 2184 352 2242 enim
383 2186 499 2241 Deo
546 2184 882 2255 recedentes,
928 2187 1163 2244 mortuis
1204 2186 1414 2258 favent,
1461 2190 1520 2245 in
1568 2206 1802 2263 quorum

197 2291 435 2332 numero
462 2284 615 2343 sunt,
645 2276 790 2333 sicut
816 2277 1082 2350 scriptum
1111 2285 1193 2334 est
1232 2277 1292 2333 in
1338 2278 1611 2350 sapientia
1640 2278 1804 2335 Salo—

199 2363 385 2420 monis
420 2381 433 2420 :
472 2388 491 2411 ι
530 2364 777 2422 Mortalis
804 2364 965 2438 ﬁngit
994 2373 1278 2423 mortuum
1309 2367 1568 2424 manibus
1597 2367 1804 2442 iniquis

202 2450 360 2524 (Sap.
395 2469 493 2521 xv,
526 2452 638 2524 17).
673 2467 715 2502 ι·

287 2583 307 2607 ι
335 2560 407 2616 Et
431 2560 742 2627 volucrum,
769 2569 825 2618 et
852 2559 1298 2635 quadrupedum,
1326 2571 1381 2621 et
1408 2564 1790 2637 serpentium.-

202 2648 302 2705 llis
330 2648 592 2721 subjectis
620 2651 926 2707 cumulavit
955 2652 1024 2708 ad
1051 2669 1268 2724 pmnam
1303 2652 1803 2728 hebetudinisUiS),

202 2746 269 2795 ut
325 2738 468 2794 ultra
511 2739 805 2796 stultitiam
848 2749 902 2797 et
949 2742 1253 2800 vanitatem
1301 2744 1413 2800 sint
1460 2742 1799 2815 hujusmodi.

201 2826 295 2884 Sic
329 2827 476 2883 enim
508 2829 605 2885 Dei
637 2829 973 2903 majestatem
1005 2840 1060 2889 et
1098 2832 1327 2906 gloriam
1371 2833 1710 2904 minuerunt,
1743 2844 1805 2892 ut

208 2916 412 2973 borum
440 2933 560 2990 quae
591 2920 824 2977 minima
851 2929 908 2977 et
934 2937 1104 2994 parva
1127 2932 1259 2979 sunt
1291 2922 1404 2993 (46)
1445 2923 1802 2981 similitudini

209 3006 315 3065 Dei
346 3006 822 3092 honoriﬁcentiam
853 3012 1087 3081 darent;
1122 3012 1289 3086 primi
1322 3013 1470 3069 enim
1510 3014 1803 3087 Babylonii

206 3097 384 3153 Deum
414 3109 755 3157 vocaverunt
786 3101 1111 3174 ﬁgmentum
1144 3102 1261 3159 Beli
1291 3102 1577 3175 cujusdam
1617 3119 1805 3175 quou-

201 3184 332 3242 dam
361 3186 605 3245 hominis
635 3191 862 3259 mortui,
894 3193 990 3256 qui
1020 3190 1392 3263 principatum
1426 3191 1484 3245 in
1530 3207 1622 3247 eos
1650 3192 1804 3247 dici-
1838 3210 1881 3269 ρ

199 3282 297 3332 tur
323 3276 516 3348 egisse.
536 3278 845 3336 Coluerunt
871 3287 926 3334 et
954 3288 1259 3350 serpentem
1293 3278 1608 3345 draconem,
1640 3295 1800 3351 quem

198 3363 411 3421 occidit
431 3365 630 3422 Daniel
654 3365 821 3422 homo
845 3366 945 3422 Dei
970 3366 1136 3438 (Dan.
1158 3382 1281 3433 xiv,
1307 3364 1399 3436 2i)
1422 3364 1581 3437 cujus
1607 3367 1802 3423 simili-

195 3452 458 3510 tudinem
490 3453 714 3510 habent.
744 3454 995 3528 Egyptii
1026 3461 1209 3511 autem
1230 3453 1481 3511 colebant
1501 3455 1802 3529 quadrupe-

192 3542 352 3609 dem,
374 3558 540 3616 quam
571 3541 829 3603 dicebant
856 3543 1024 3617 Apin,
1047 3544 1105 3599 in
1136 3543 1560 3599 similitudinem
1591 3561 1794 3613 vaccae;

194 3631 349 3706 quod
395 3632 604 3688 malum
652 3633 903 3691 imitatus
951 3641 1033 3691 est
1073 3633 1363 3690 Jeroboam
1396 3634 1513 3705 (ΙΙΙ
1537 3636 1660 3706 Reg.
1692 3652 1796 3705 xu,

193 3721 318 3793 28'),
349 3737 544 3779 vaccas
572 3721 850 3780 instruens
878 3723 938 3780 in
981 3723 1228 3780 Samaria
1259 3722 1403 3794 (47),
1454 3723 1655 3795 quibus
1699 3741 1797 3781 sa-

192 3809 512 3869 criﬁcarent
537 3811 743 3881 Judaei;
772 3821 826 3869 et
855 3814 1130 3882 volucres,
1179 3812 1311 3886 quia
1352 3811 1618 3870 Coracina
1645 3829 1798 3871 sacra

193 3898 472 3957 habebant
500 3901 718 3974 pagani.
749 3902 954 3959 Harum
984 3912 1169 3960 tamen
1204 3918 1387 3958 rerum
1418 3918 1552 3975 quas
1592 3919 1794 3960 memo-

192 3990 340 4058 ravi,
392 3991 687 4049 simulacra
746 3994 1040 4050 coluerunt
1088 3993 1363 4066 Egyptii,
1414 4001 1468 4049 et
1512 3994 1621 4049 alia
1672 4010 1793 4067 qu'.e

190 4096 347 4137 nunc
374 4080 556 4138 dicere
598 4098 708 4138 non
761 4091 844 4140 est
901 4099 1144 4141 necesse.
1203 4084 1332 4140 Haec
1382 4083 1452 4140 ab
1509 4082 1595 4139 his
1650 4083 1794 4140 facta

192 4178 348 4238 sunt,
384 4172 480 4243 qui
529 4187 587 4227 se
629 4171 902 4245 sapientes
953 4173 1370 4230 aestimaverunt
1423 4172 1482 4228 in
1542 4172 1787 4240 mundo;

190 4260 328 4334 quia
350 4261 498 4317 enim
529 4261 872 4318 invisibilem
897 4264 1044 4319 Deus
1073 4269 1431 4335 agnoscentes
1462 4278 1575 4318 non
1604 4262 1792 4319 hono-

262 4437 388 4510 (43)
426 4439 594 4511 Rom.
617 4437 761 4511 edit.
794 4454 857 4495 ac
886 4439 1047 4511 pauci
1092 4456 1247 4506 mss.,
1273 4452 1399 4511 _non
1444 4436 1501 4491 in
1538 4436 1785 4511 homines.

188 4508 345 4570 Infra
368 4508 503 4566 Vero
542 4509 637 4565 ubi
668 4509 855 4567 eadem
889 4508 1016 4567 cum
1055 4511 1179 4567 aliis
1226 4508 1358 4566 edit.
1409 4524 1472 4565 ac
1519 4525 1648 4565 mss.
1691 4510 1788 4564 ali-

1915 1907 2204 1964 desideriis
2247 1918 2633 1983 conceperant,
2678 1911 2854 1985 adjuti
2896 1930 2927 1969 a
2963 1914 3186 1972 diabolo
3228 1920 3516 1991 explerent

1911 1996 1971 2053 in
1999 2014 2162 2070 opere
2187 2014 2200 2055 :
2238 2015 2339 2056 nec
2358 2000 2509 2057 enim
2542 2010 2765 2074 possent
2789 2002 3110 2075 hujusmodi
3137 2006 3344 2063 bonum
3371 2006 3515 2081 cogi-

1911 2094 2083 2144 tatum
2117 2086 2339 2145 habere.

1982 2175 2196 2234 Traditi
2241 2194 2370 2251 ergo
2404 2188 2535 2236 sunt
2575 2204 2594 2229 ι
2638 2182 2696 2238 in
2740 2182 3177 2254 immunditiam,
3216 2193 3279 2242 ut
3319 2195 3511 2245 contu-

1911 2266 2093 2322 meliis
2120 2267 2364 2326 alIiciant
2401 2286 2637 2343 corpora
2682 2289 2781 2328 sua
2825 2273 2885 2329 in
2933 2274 3261 2346 semetipsis.
3310 2300 3330 2325 ι
3372 2278 3509 2335 Cum

1911 2355 2189 2427 praeterita
2244 2359 2469 2429 recolat,
2532 2361 2697 2417 etiam
2756 2367 2855 2424 34
2903 2364 3189 2435 praesentis
3242 2366 3513 2437 temporis

1912 2451 2057 2506 mala
2113 2453 2426 2524 signiﬁcat;
2483 2456 2613 2529 quia
2667 2458 2965 2516 traduntur
3017 2476 3169 2516 nunc
3226 2477 3401 2534 usque
3449 2470 3512 2519 ut

1913 2542 2271 2599 contumeliis
2317 2545 2558 2601 alliciant
2612 2564 2843 2621 corpora
2888 2566 3003 2606 sua.
3057 2545 3303 2622 Originis
3361 2551 3511 2608 enim

1914 2631 2069 2687 illius
2097 2647 2248 2691 nunc
2277 2650 2449 2707 usque
2477 2643 2607 2691 sunt
2635 2636 2889 2695 homines
2932 2638 3028 2710 qui
3074 2638 3339 2696 dicuntur
3393 2657 3507 2697 cor-

1912 2739 2045 2796 pora
2073 2740 2171 2782 sua
2209 2725 2569 2783 dehonestare
2599 2727 2859 2786 invicem.
2911 2729 3048 2787 Cum
3092 2731 3353 2803 cogitatio
3395 2731 3509 2789 aui-

1913 2829 2014 2869 ma:
2048 2815 2121 2871 sit
2158 2815 2217 2873 in
2255 2816 2510 2887 crimine,
2540 2834 2772 2890 corpora
2816 2820 3081 2878 dicuntur
3122 2822 3508 2892 dehonestari;

1912 2922 2102 2978 quare,
2134 2908 2242 2964 nisi
2272 2910 2399 2982 quia
2432 2910 2645 2967 macula
2673 2913 2919 2984 corporis
2947 2912 3216 2969 indicium
3255 2921 3339 2970 est
3374 2928 3509 2985 pec-

1910 2998 2019 3055 cati
2048 3000 2245 3058 auimm
2268 3001 2295 3057 ?
2326 3000 2462 3059 Cum
2488 3003 2636 3058 enim
2668 3000 2867 3075 corpus
2894 3004 3322 3074 contaminatur,
3344 3019 3507 3061 nemo

1910 3086 2140 3159 ambigit
2168 3089 2367 3145 animae
2404 3107 2519 3147 esse
2545 3100 2854 3163 peccatum.

1985 3177 2165 3247 (Vers.
2197 3179 2311 3250 25.)
2358 3202 2376 3225 ι
2420 3179 2528 3245 Qui
2574 3189 3055 3237 commutaverunt
3082 3182 3373 3239 veritatem
3404 3184 3506 3241 Dei

1911 3265 1972 3321 in
2002 3265 2374 3334 mendacium,
2407 3276 2461 3323 et
2489 3270 2781 3325 coluerunt
2809 3279 2862 3326 et
2888 3274 3198 3329 servierunt
3244 3282 3507 3331 creatura

1913 3355 2098 3428 potius
2130 3371 2291 3428 quam
2327 3357 2593 3423 Creatori,
2625 3357 2719 3431 qui
2746 3366 2829 3414 est
2851 3358 3174 3418 benedictus
3200 3361 3258 3417 in
3287 3362 3506 3422 saecula.

1911 3446 2111 3502 Amen.
2144 3470 2163 3494 ι
2208 3446 2700 3505 Commutaverunt
2728 3451 3013 3506 veritatem
3054 3451 3152 3508 Dei
3179 3451 3238 3507 in
3272 3452 3506 3509 menda-

1910 3536 2081 3605 cium,
2113 3537 2218 3595 hoc
2243 3547 2326 3594 est
2359 3554 2556 3594 nomen
2598 3540 2695 3596 Dei
2738 3541 2834 3613 qui
2881 3557 3043 3598 verus
3087 3549 3187 3611 est,
3237 3543 3507 3601 dederunt

1908 3630 1979 3686 iis
2007 3630 2101 3704 qui
2147 3646 2260 3687 non
2289 3638 2419 3687 sunt
2447 3629 2548 3686 dii.
2580 3631 2882 3704 Lapidibus
2913 3633 3064 3690 enim
3107 3641 3161 3690 et
3201 3634 3381 3707 lignis,
3417 3634 3505 3690 vel

1907 3722 2119 3779 caeteris
2150 3723 2391 3779 metallis
2408 3723 2720 3779 auferentes
2739 3724 2886 3797 quod
2906 3732 3054 3794 sunt,
3067 3724 3200 3784 dant
3226 3726 3336 3782 illis
3357 3724 3505 3800 quod

1909 3828 2020 3867 non
2050 3821 2199 3878 sunt,
2229 3819 2284 3866 et
2323 3810 2429 3869 hoc
2456 3821 2539 3868 est
2587 3813 2882 3869 immutare
2932 3829 3123 3869 verum
3170 3815 3229 3869 in
3276 3814 3498 3872 falsum.

1904 3904 2027 3959 Non
2058 3902 2208 3958 enim
2238 3910 2510 3960 vocantur
2523 3902 2639 3974 jam
2675 3904 2813 3975 lapis
2841 3913 2937 3961 aut
2966 3904 3199 3975 lignum,
3229 3905 3323 3961 sed
3342 3905 3495 3963 deus:

1905 3989 2010 4047 hoc
2037 4000 2118 4047 est
2146 3992 2357 4047 servire
2388 3992 2571 4063 potius
2597 4000 2861 4047 creaturae
2887 4007 3050 4064 quam
3075 3993 3340 4049 Creatori.
3382 3995 3501 4051 Non

1903 4081 2052 4136 enim
2110 4088 2310 4153 negant
2360 4082 2554 4147 Deum,
2601 4080 2696 4135 sed
2747 4080 2999 4136 serviunt
3038 4089 3346 4138 creatum:
3393 4099 3503 4156 quo

1903 4186 2014 4225 non
2040 4177 2395 4236 excusantur,
2429 4169 2525 4226 sed
2548 4177 2876 4227 accusantur
2899 4171 3104 4243 magis;
3141 4171 3271 4245 quia
3304 4188 3500 4246 cogno-

1901 4269 2113 4319 scentes
2143 4260 2285 4332 (49),
2319 4277 2428 4317 non
2460 4259 2737 4317 honorant
2766 4264 2964 4320 Deum.

1900 4438 2163 4492 instruens
2192 4443 2285 4491 aut
2312 4435 2542 4510 instituit
2595 4451 2692 4507 pro
2722 4434 3017 4510 instituens:
3052 4436 3203 4492 Infra
3223 4453 3380 4510 _veiro,
3399 4454 3499 4510 pro

1904 4510 2169 4565 Coraeina
2213 4517 2308 4563 aut
2360 4508 2601 4562 coronica
2654 4524 2830 4575 sacra,
2883 4507 3108 4580 quidam
3139 4508 3263 4566 cod.
3297 4507 3502 4567 habent

190 4592 349 4657 quot,
380 4580 658 4657 utforma
715 4583 1092 4657 corruptibilis
1146 4581 1417 4657 hominis;
1477 4596 1605 4636 mss.
1659 4596 1791 4635 non-
1822 4574 1869 4630 D
1905 4581 2097 4657 Latina
2128 4597 2262 4657 voce
2291 4581 2510 4657 corvina
2535 4596 2711 4634 sacra.

188 4652 622 4780 girllihomittunt
639 4652 891 4724 hominis,
901 4655 996 4711 alii
1017 4655 1251 4712 efferunt
1268 4660 1325 4709 ut
1341 4652 1521 4725 forma
1536 4658 1789 4724 corrupta

254 4744 295 4780 ιι
359 4740 571 4780 οτηιηιε.

233 4726 295 4782 lii
324 4725 571 4780 hominis.

186 4728 295 4799 filii
324 4728 571 4780 hominis.

264 4797 383 4869 (44)
434 4797 562 4871 Vet.
624 4795 757 4871 edit.
812 4813 875 4854 ac
926 4797 1325 4871 propemodum
1383 4808 1575 4871 omnes
1632 4809 1785 4861 mss.,

264 4815 383 4869 (44)
442 4815 557 4853 vet.
624 4815 757 4853 etut.
812 4815 875 4854 ac
966 4815 1325 4871 ropemouum
1383 4815 1575 4851 omnes
1632 4815 1784 4861 mss.,

188 4871 405 4938 Quanta
434 4867 757 4945 (egritudo...
789 4815 1090 4945 apufquos
1127 4871 1252 4942 plus
1304 4868 1502 4945 mortui
1540 4872 1784 4945 pessuiit,

224 4956 353 4995 nam
414 4937 539 5021 uini;
596 4945 644 4994 et
698 4937 896 4995 mortui
912 5013 925 5021 _
936 4937 1177 5021 potionis
1211 4948 1333 4995 sunt
1378 4939 1531 5021 uiuis.
1566 4937 1788 5021 _Optime

234 5010 520 5090 om_._‘edit.
552 5026 677 5066 cum
715 5028 825 5090 mss
876 5010 1109 5085 aliquot,
1141 5020 1203 5090 ut
1236 5028 1340 5090 _nos
1378 5012 1436 5090 in
1460 5016 1641 5090 textu.

261 5082 382 5155 (45)
414 5084 493 5159 Ita
516 5090 631 5159 _vet.
667 5082 826 5159 edit_.,
855 5100 919 5140 ac
952 5078 1109 5150 mss.,
1144 5082 1251 5159 nisi
1283 5081 1431 5159 quod
1448 5080 1514 5159 _in
1545 5078 1787 5159 quibus-

179 5153 308 5212 dam
342 5153 627 5211 Omittitur
651 5155 747 5221 ad;
768 5156 928 5212 Rom.
960 5162 1143 5211 autem
1166 5153 1312 5210 editi
1336 5154 1416 5210 sic
1446 5153 1781 5207 immutavit:

180 5228 283 5284 His
310 5227 551 5281 cumulat
579 5242 761 5281 eorum
790 5227 1164 5295 hebetudinem,
1197 5231 1274 5290 ut,
1305 5231 1409 5280 etc.

257 5298 372 5370 (46)
396 5299 567 5375 _Bom.
599 5297 761 5375 e_dit.,
797 5315 913 5368 qua:
942 5300 1159 5375 inimica
1185 5303 1235 5351 et
1255 5312 1434 5375 praua
1470 5299 1641 5375 sunt:
1656 5302 1781 5375 vet.

179 5364 317 5426 vero
346 5364 483 5426 edit.
526 5377 589 5424 ut
617 5369 676 5423 in
706 5364 994 5442 con—textu,
1019 5369 1129 5425 nisi
1158 5364 1511 5442 qu6d__Eras.
1566 5372 1621 5421 et
1650 5364 1781 5422 Gill.

178 5442 239 5498 in
268 5458 443 5514 marg.
476 5448 530 5497 et
559 5456 690 5495 mss.
721 5439 885 5497 Corb.
929 5440 989 5495 in
1027 5437 1193 5513 corp:
1225 5437 1478 5496 scribunt
1520 5442 1569 5491 et
1610 5453 1785 5509 prava

178 5521 371 5655 8mg.”
404 5582 576 5642 Corb.
607 5582 757 5655 cod.,
790 5582 1028 5637 imitatus
1077 5581 1591 5655 Jeroboam_paeca§
1611 5580 1783 5655 _insti-

178 5650 279 5712 tuit
315 5650 366 5712 et
391 5656 455 5710 in
485 5656 632 5721 Dan,
664 5660 711 5708 et
737 5654 918 5710 Bethel
953 5670 964 5708 :
996 5652 1178 5709 caeteri
1222 5668 1286 5709 ac
1327 5650 1463 5708 edit.
1494 5651 1784 5708 nobiscum

175 5729 410 5797 faciunt,
480 5726 592 5783 nisi
655 5725 802 5798 quod
852 5725 911 5783 in
972 5739 1105 5782 mss.
1163 5739 1276 5782 non
1332 5724 1521 5797 paucis
1586 5723 1785 5798 legitur

1975 4651 2098 4723 (48)
2132 4653 2211 4708 Ita
2239 4660 2345 4707 \vet.
2378 4651 2510 4706 edit.
2545 4668 2607 4707 ac
2636 4651 2960 4723 m_ss.glouge
2991 4651 3220 4722 plurimi
3256 4667 3268 4705 :
3309 4658 3373 4723 _at
3398 4651 3495 4723 alii

1898 4721 2155 4779 nonnulli
2201 4722 2456 4789 afferunt,
2496 4723 2552 4775 in
2587 4721 2882 4790 majoribus
2909 4721 3246 4792 imprudens,
3300 4721 3356 4775 in
3400 4721 3497 4775 mi-

1896 4795 2116 4850 noribus
2146 4795 2325 4864 sapit;
2356 4795 2513 4849 Heln.
2557 4792 2690 4847 edit.
2722 4792 2866 4864 sola,
2920 4791 2998 4845 ini
3028 4791 3323 4845 minoribus
3364 4808 3497 4862 pru-

1897 4867 2041 4932 dens,
2078 4866 2131 4919 in
2161 4862 2454 4933 majoribus
2480 4880 2586 4916 non
2613 4862 2775 4931 sapit,
2810 4863 2997 4933 inepto
3024 4878 3223 4933 sensu.

1971 4935 2088 5060 (49)
2137 4932 2267 5023 Quae
2329 4934 2782 5013 subsequuntur,‘
2813 4932 2935 4987 cod.
2989 4932 3197 5013 _Corh.,
3255 4933 3492 5019 Remigv

1971 5007 2056 5060 ub.
2088 5013 2143 5060 et
2163 5006 2293 5060 (ull.
2330 5021 2386 5058 Ill
2419 5020 2588 5058 vanis
2611 5004 2734 5058 lect.
2769 5010 2844 5057 ita
2871 5001 3170 5060 exhibent:
3204 5004 3350 5060 Dant
3377 5008 3490 5060 illis

1897 5001 2143 5063 Colbﬁet
2163 5005 2293 5061 Gill.
2330 5004 2386 5058 in
2419 5001 2588 5058 variis
2611 5004 2734 5058 lect.
2769 5002 2844 5057 ita
2871 5001 3170 5061 exhibent:
3204 5004 3350 5061 Dant
3377 5001 3490 5063 illis

1895 5078 2036 5150 quod
2067 5094 2176 5150 non
2207 5082 2349 5150 sunt,
2382 5083 2439 5129 ut
2458 5075 2557 5131 Dei
2580 5074 2780 5150 veritas
2799 5075 2871 5130 sit
2898 5077 3244 5143 mendacium,
3276 5080 3493 5149 quando

1899 5146 2036 5221 lapis
2063 5149 2263 5205 dicitur
2293 5148 2435 5221 Deus
2457 5164 2478 5212 ;
2506 5147 2733 5221 quando
2749 5146 2950 5221 factum
2975 5152 3159 5221 pulsat
3192 5146 3495 5221 Deum,qui

1894 5219 2049 5278 verus
2087 5227 2197 5286 est;
2227 5226 2287 5276 ut
2312 5219 2440 5291 quia
2472 5219 2734 5274 communi
2754 5220 2963 5274 nomine
2976 5219 3335 5291 arbitrantur
3361 5219 3496 5289 falsi

1894 5301 1943 5350 et
1978 5294 2113 5361 veri,
2155 5290 2333 5348 simili
2368 5290 2519 5347 modo
2547 5308 2701 5346 verus
2732 5292 2875 5347 Deus
2903 5291 3180 5358 habeatur,
3209 5298 3267 5345 ut
3294 5290 3490 5360 falsus.

1892 5366 2003 5422 Hoc
2047 5372 2121 5421 est
2155 5365 2435 5420 immutare
2476 5381 2659 5419 verum
2702 5367 2761 5417 in
2796 5362 3017 5432 falsum.
3073 5363 3160 5419 Sic
3197 5362 3497 5421 servierunt

1893 5443 2152 5518 creatum
2197 5436 2376 5518 potius
2428 5452 2588 5518 quam
2633 5433 2915 5518 Creatori;
2956 5450 3081 5518 .non
3119 5432 3257 5518 enim
3303 5443 3496 5506 negant

1897 5506 2169 5579 (quidam,
2198 5505 2465 5577 invocant)
2491 5508 2679 5579 Deum,
2708 5505 2798 5558 sed
2810 5505 3070 5579 serviunt
3090 5510 3348 5579 creatura:
3374 5505 3391 5561 ξ
3437 5516 3494 5565 ut

1894 5575 2033 5658 enim
2062 5578 2367 5658 viderentur
2405 5575 2700 5658 dignantes
2731 5576 2929 5658 _colere,
2972 5575 3071 5631 Dei
3097 5577 3365 5658 _honorem

1892 5650 2276 5719 imposuerunt,
2310 5658 2368 5705 ut
2404 5646 2612 5720 injuria
2642 5647 2740 5720 Dei
2762 5646 2957 5720 lterum
2982 5653 3110 5703 esset
3130 5649 3362 5705 cultura.
3403 5651 3490 5707 Id-

1891 5717 2030 5777 circo
2049 5720 2122 5777 ad
2138 5717 2350 5793 pwnam
2373 5717 2556 5779 eorum
2578 5717 2812 5792 proﬁcit,
2830 5717 2962 5789 quia
2988 5725 3365 5792 cognoscentes,
3380 5726 3487 5783 etc.
