3932 6210
410 324 419 329 1
454 375 524 435 63
1462 372 1557 427 AD
1594 372 1825 429 OPERA
1865 370 1919 426 S.
1962 369 2295 426 AMBROSII
2332 369 2712 427 APPENDIX.
3705 368 3778 429 64

536 529 555 552 ι
584 504 691 573 Qui
733 510 816 561 est
846 502 1173 559 benedictus
1202 503 1259 558 in
1290 503 1510 559 saecula.
1546 505 1759 569 Amen;
1803 503 1909 557 hoc
1939 509 2043 570 est,
2082 504 2129 563 Α
2160 516 2283 556 eum
2334 518 2516 569 usum,
2577 518 2671 572 per
2719 518 2881 576 quem
2938 500 3453 572 dehonestarentur,
3505 518 3588 559 rei
3638 500 3775 559 facti

456 612 673 651 verum.
699 595 844 650 Deus
870 610 1002 649 vero
1036 595 1113 649 ait
1148 613 1158 649 :
1214 618 1230 640 ι
1260 592 1587 648 Benedictus
1633 592 1690 646 in
1734 591 1969 657 saecula;
2019 616 2036 637 -

460 687 589 760 quia
615 692 899 757 permanet
921 686 1093 751 Deus;
1127 683 1235 739 diis
1253 692 1431 739 autem
1466 683 1707 753 gentium
1740 681 1807 737 ad
1837 689 2053 753 tempus

461 773 760 846 impietatis
780 774 873 829 dat
902 772 1167 829 honorem
1195 791 1206 839 ;
1252 772 1373 827 ideo
1397 788 1507 825 non
1532 778 1613 825 est
1636 788 1837 826 verum.
1856 773 1918 827 In
1942 773 2053 828 Deo

460 873 642 921 autem
672 872 854 920 manet
884 861 1105 917 veritas.
1141 861 1290 915 Hanc
1324 859 1761 916 benedictionem
1790 860 1901 916 alio
1932 862 2053 918 loco

462 953 604 1010 Filio
645 953 743 1009 Dei
775 952 1033 1022 assignat,
1086 949 1230 1005 inter
1272 957 1467 1005 caetera
1521 948 1755 1006 dicens:
1804 975 1822 997 ι
1868 952 1939 1005 Et
1984 968 2051 1006 ex

461 1041 661 1115 quibus
693 1040 943 1098 Christus
979 1038 1280 1094 secundum
1328 1054 1571 1107 carnem,
1617 1039 1713 1111 qui
1764 1047 1846 1095 est
1891 1056 2055 1111 super

458 1130 644 1186 omnia
669 1132 815 1186 Deus
838 1128 1163 1185 benedictus
1192 1128 1248 1183 in
1292 1131 1512 1183 saecula.
1545 1130 1722 1184 Amen
1757 1132 1932 1198 (Rom.
1970 1147 2051 1198 rx,

456 1220 537 1289 5).
578 1244 596 1267 ι
641 1223 753 1275 Aut
782 1226 1012 1291 uterque
1053 1217 1121 1273 ad
1153 1217 1436 1274 Christum
1471 1217 1783 1289 pertinens;
1824 1227 1920 1275 aut
1970 1237 2051 1275 ea-

456 1308 579 1365 dem
606 1308 753 1363 dixit
782 1307 849 1363 de
876 1306 1044 1374 Filio,
1077 1323 1197 1378 quae
1228 1316 1282 1362 et
1311 1306 1378 1361 de
1410 1308 1587 1363 Patre.

531 1408 715 1479 (Vers.
739 1407 855 1477 26.)
890 1431 906 1452 ι
938 1408 1233 1479 Propterea
1261 1406 1491 1463 tradidit
1518 1408 1644 1463 illos
1672 1410 1818 1463 Deus
1846 1409 1904 1463 in
1935 1427 2051 1481 pas-

458 1494 643 1549 siones
662 1493 982 1565 ignominiae
1008 1495 1142 1549 Nam
1167 1494 1385 1550 feminae
1407 1512 1595 1550 eorum
1621 1497 2054 1554 immutaveruut

458 1584 763 1639 naturalem
796 1600 955 1639 usum
986 1584 1043 1638 in
1074 1601 1197 1638 eum
1230 1601 1387 1640 usum
1422 1586 1515 1657 qui
1555 1597 1635 1642 est
1664 1596 1853 1643 contra
1881 1595 2053 1643 natu-

452 1690 589 1731 ram.
625 1700 644 1723 ι
687 1675 814 1729 Haec
844 1675 989 1731 irato
1008 1678 1120 1731 Deo
1151 1684 1370 1748 propter
1400 1676 1773 1733 idololatriam
1807 1678 2051 1734 humano

458 1764 641 1836 generi
688 1765 1009 1836 provenisse
1059 1773 1310 1833 testatur,
1371 1773 1433 1820 ut
1495 1768 1695 1823 mulier
1760 1767 2050 1824 mulierem

2163 592 2357 647 mortis
2403 593 2676 649 secundae.
2730 592 3002 661 Quoniam
3047 609 3179 647 vero
3222 592 3386 648 aliam
3435 593 3612 664 legem
3642 592 3776 649 dare

2163 699 2274 737 non
2306 689 2483 754 potest
2530 682 2776 749 Satanas,
2819 681 2961 736 nihil
3010 681 3155 736 enim
3204 680 3388 749 habet,
3430 698 3695 738 concessa
3723 689 3777 736 et

2164 771 2317 827 licita
2366 772 2423 827 in
2474 770 2635 826 aliam
2668 772 2919 827 ordinem
2949 778 3151 838 versat,
3181 780 3243 827 ut
3269 772 3400 827 dum
3434 771 3598 827 aliter
3627 770 3776 827 fiunt

2163 878 2326 935 quam
2357 877 2613 917 concessa
2632 868 2781 929 sunt,
2816 860 2927 916 sint
2959 868 3264 933 peccatum.

2250 977 2267 998 ι
2300 953 2367 1007 Et
2421 952 2923 1025 compensationem
2983 951 3249 1007 mercedis
3288 966 3451 1025 quam
3496 954 3771 1024 oportuit,

2163 1042 2391 1097 terroris
2421 1042 2505 1096 sui
2537 1042 2596 1096 in
2627 1049 2799 1097 semet
2828 1040 2963 1112 ipsis
2990 1040 3340 1112 recipientes.
3388 1065 3406 1088 ι
3448 1041 3605 1097 Hanc
3631 1042 3775 1100 dicit

2164 1133 2663 1204 compensationem
2701 1132 2818 1204 (53)
2881 1147 2995 1188 esse
3043 1132 3345 1205 contempti
3394 1133 3513 1201 Dei,
3567 1134 3627 1191 id
3664 1144 3769 1203 est,

2164 1224 2565 1296 turpitudinem
2613 1231 2667 1279 et
2714 1223 3287 1290 contaminationem;
3335 1223 3453 1280 huic
3490 1232 3574 1280 est
3616 1227 3771 1282 enim

2164 1315 2341 1385 prima
2382 1329 2543 1369 causa
2590 1313 2758 1385 hujus
2789 1313 3016 1385 peccati.
3060 1313 3205 1380 Quid
3234 1311 3381 1367 enim
3416 1312 3589 1385 pejus,
3633 1314 3772 1387 quid

2163 1403 2403 1459 deterius
2454 1403 2557 1458 hoc
2605 1411 2826 1474 peccato
2860 1403 2977 1473 (54)
3003 1404 3032 1458 Ῡ
3082 1402 3357 1468 Quantum
3397 1402 3547 1458 enim
3580 1403 3772 1459 idolo-

2165 1492 2322 1547 latria
2351 1493 2683 1565 perimpium
2723 1500 2819 1557 35
2858 1503 2911 1550 et
2941 1493 3329 1564 gravissimum
3359 1491 3623 1548 delictum
3646 1504 3768 1562 est;

2162 1598 2376 1646 tantum
2410 1600 2463 1647 et
2490 1594 2864 1666 compensatio
2893 1594 3011 1666 ejus
3042 1594 3336 1663 horrenda,
3369 1600 3423 1649 et
3450 1594 3773 1666 persordida

2162 1683 2343 1754 passio
2375 1692 2473 1739 est.

2238 1774 2419 1845 (Vers.
2462 1776 2579 1848 28.)
2634 1799 2652 1822 ι
2694 1776 2763 1831 Εῑ
2784 1777 2925 1833 sicut
2948 1793 3056 1833 non
3081 1777 3455 1851 probaverunt
3478 1777 3656 1833 Deum
3678 1775 3770 1831 ha-

455 1854 608 1926 turpi
654 1853 929 1910 desiderio
970 1854 1037 1910 ad
1085 1872 1241 1911 usum
1286 1864 1579 1928 appeteret.
1630 1858 1787 1925 Quod
1828 1858 2051 1931 quidam
2085 1865 2129 1923 B
2160 1863 2286 1918 bere
2320 1864 2375 1919 in
2409 1864 2624 1933 notitia,
2650 1864 2879 1922 tradidit
2912 1866 3036 1921 illos
3067 1868 3211 1922 Deus
3242 1866 3300 1921 in
3331 1865 3627 1937 reprobum
3651 1880 3771 1920 sen-

457 1943 619 1999 aliter
657 1944 1108 2016 interpretantur,
1144 1962 1253 2002 non
1298 1947 1686 2019 perspicientes
1729 1948 1842 2003 vim
1890 1947 2049 2004 dicti.

458 2032 605 2101 Quid
634 2043 715 2091 est
743 2034 890 2091 enim
921 2044 1213 2092 immutare
1260 2039 1562 2093 naturalem
1611 2054 1769 2093 usum
1822 2037 1880 2092 in
1927 2054 2053 2093 eum

458 2139 619 2181 usum
677 2126 769 2199 qui
819 2134 901 2182 est
944 2134 1135 2181 contra
1190 2133 1464 2197 naturam,
1510 2127 1616 2183 nisi
1669 2127 1886 2183 sublato
1926 2144 2052 2183 con.

459 2229 613 2269 cesso
640 2230 744 2269 usu
768 2214 927 2271 aliter
953 2215 1034 2269 uti
1068 2215 1211 2287 (50),
1245 2224 1307 2271 ut
1335 2233 1448 2272 una
1495 2224 1659 2289 atque
1697 2216 1887 2273 eadem
1929 2233 2055 2289 pars

458 2303 707 2375 corporis
734 2303 1167 2378 uniuscujusque
1205 2305 1351 2363 inter
1381 2324 1438 2363 se
1471 2306 1713 2363 invicem
1746 2323 1911 2363 sexus
1958 2306 2056 2362 ali-

460 2399 545 2450 ter
568 2410 623 2450 se
651 2393 719 2448 ad
748 2409 906 2450 usum
939 2395 1197 2467 praebeat,
1228 2412 1389 2477 quam
1422 2412 1740 2453 concessum
1770 2396 1896 2451 est?
1921 2396 2056 2450 Nam

460 2483 507 2539 si
564 2482 660 2539 illa
705 2490 786 2540 est
830 2500 954 2557 pars
996 2486 1245 2557 corporis
1292 2502 1454 2559 quam
1500 2494 1726 2558 putant,
1778 2485 2057 2558 quomodo

458 2572 894 2629 immutaveruut
920 2574 1038 2645 (51)
1062 2590 1223 2629 usum
1254 2582 1485 2642 naturai,
1516 2592 1640 2631 cum
1676 2590 1785 2628 non
1820 2573 2059 2629 habeant

458 2661 774 2734 hujusmodi
823 2680 986 2720 usum
1034 2664 1223 2720 datum
1266 2681 1298 2719 a
1344 2664 1589 2720 natura?
1626 2664 1887 2736 Superius
1941 2663 2058 2735 jam

455 2751 670 2809 dixerat
701 2752 934 2809 traditos
962 2751 1022 2808 in
1051 2751 1483 2821 immunditiam,
1513 2770 1624 2809 non
1654 2761 1837 2808 tamen
1872 2751 2061 2825 quali-

457 2849 627 2898 tatem
685 2842 867 2913 operis
920 2840 1293 2897 immunditiis
1337 2841 1510 2912 ipsius
1556 2842 1912 2907 ostenderat,
1959 2857 2059 2912 pro

456 2946 568 3003 quo
596 2947 748 2986 nunc
769 2930 1011 2986 declarat
1035 2945 1047 2983 :

533 3027 717 3098 (Vers.
750 3026 867 3097 27.)
910 3050 929 3073 ι
958 3026 1226 3082 Similiter
1250 3035 1431 3082 autem
1480 3034 1533 3083 et
1582 3030 1834 3098 masculi,
1866 3030 2059 3087 relicto

460 3117 700 3173 naturali
730 3133 836 3171 usu
863 3114 1105 3184 feminas,
1138 3125 1461 3192 exarserunt
1502 3117 1561 3173 in
1607 3118 1897 3176 desideriis
1944 3120 2058 3177 suis

2164 1970 2306 2022 sum,
2331 1962 2391 2009 ut
2413 1956 2615 2011 faciant
2638 1973 2699 2011 ea
2719 1973 2839 2029 quae
2862 1973 2971 2012 non
2992 1957 3352 2013 conveniunt.
3374 1981 3391 2003 ι
3430 1955 3658 2025 Propter
3687 1969 3769 2009 er-

2166 2060 2314 2099 rores
2351 2045 2771 2101 simulacrorum
2804 2046 2993 2102 traditi
3024 2053 3154 2101 sunt
3189 2046 3259 2101 ad
3305 2044 3487 2117 turpia
3516 2043 3772 2100 facienda

2169 2132 2425 2201 invicem,
2451 2134 2594 2190 sicut
2618 2133 2730 2205 jam
2753 2133 2961 2190 dictum
2991 2143 3092 2191 est.
3119 2136 3189 2189 Et
3217 2138 3347 2208 quia
3379 2132 3769 2205 impunitatem

2166 2222 2367 2277 horum
2410 2223 2843 2291 aestimaverunt,
2869 2222 3208 2279 incuriosum
3240 2225 3410 2278 Deum
3432 2221 3767 2293 judicantes,

2166 2326 2229 2367 ac
2249 2328 2343 2383 per
2363 2311 2465 2366 hoc
2497 2311 2905 2382 negligendum.
2939 2314 3078 2369 Hinc
3109 2313 3357 2368 additum
3388 2318 3488 2377 est,
3512 2318 3575 2365 ut
3598 2310 3771 2381 magis

2167 2418 2229 2457 ac
2261 2401 2431 2471 magis
2462 2400 2721 2469 hebetati,
2741 2402 2809 2456 ad
2832 2402 3020 2457 omnia
3043 2402 3184 2456 mala
3210 2399 3553 2456 admittenda
3573 2398 3769 2455 ﬁerent

2168 2494 2548 2565 promptiores,
2597 2503 2658 2549 ut
2703 2493 2842 2550 facta
2870 2511 2990 2567 quas
3021 2492 3341 2549 hominibus
3370 2509 3480 2547 non
3513 2491 3770 2562 ambige-

2169 2592 2289 2640 rent
2305 2584 2614 2656 displicere,
2640 2586 2814 2640 Deum
2845 2585 3128 2641 crederent
3150 2599 3259 2638 non
3282 2581 3584 2637 vindicare.
3610 2582 3768 2637 Nunc

2168 2681 2452 2729 enumerat
2506 2673 2693 2729 omnia
2724 2675 2864 2729 mala
2913 2689 3033 2747 qua:
3065 2672 3177 2727 illis
3233 2669 3585 2742 superaddita
3613 2676 3764 2735 sunt,

2169 2770 2230 2817 ut
2259 2762 2345 2817 vel
2376 2761 2456 2819 sic
2484 2762 2736 2818 conversi
2766 2762 2834 2817 ad
2868 2761 3171 2818 naturalem
3202 2758 3567 2825 intellectum,
3603 2757 3765 2813 intel-

2169 2851 2418 2923 ligerent,
2452 2851 2593 2907 irato
2621 2854 2755 2920 Deo,
2787 2850 2905 2907 haec
2931 2850 3037 2906 sibi
3068 2849 3405 2921 provenisse.

2243 2940 2424 3011 (Vers.
2459 2939 2546 3009 29,
2580 2940 2696 3011 30.)
2733 2964 2750 2986 ι
2781 2940 3053 3012 Repletos,
3081 2939 3178 3006 ait,
3208 2938 3359 2993 omni
3389 2935 3702 3009 iniquitate.
3730 2959 3752 2985 ι

2172 3029 2273 3085 Hic
2301 3029 2615 3086 summatim
2649 3031 2865 3086 locutus
2890 3038 2990 3095 est,
3039 3036 3092 3084 et
3121 3025 3345 3097 subjicit
3372 3024 3614 3083 membra
3649 3025 3765 3081 ini—

2168 3120 2395 3192 quitatis
2420 3139 2430 3176 :
2452 3143 2470 3166 ε
2493 3118 2720 3187 Malitia,
2747 3115 3114 3188 impudicitia,
3145 3113 3347 3187 inquit,
3378 3113 3635 3183 avaritia,
3660 3129 3765 3170 ne-

461 3204 521 3260 in
551 3204 810 3272 invicem,
845 3206 1074 3261 masculi
1106 3206 1165 3261 in
1199 3207 1470 3264 masculos
1497 3208 1898 3280 turpitudinem
1932 3227 2055 3282 ope-
2089 3230 2137 3293 Ο
2167 3210 2362 3283 quitia,
2383 3211 2572 3283 plenos
2594 3208 2824 3275 invidia,
2845 3205 3181 3274 homicidiis,
3205 3204 3579 3273 contentione,
3613 3206 3760 3273 dolo,

458 3302 661 3352 rantes.
693 3319 713 3343 ι
754 3296 916 3352 Nunc
962 3296 1336 3352 manifestavit
1385 3300 1681 3370 quomodo,
1725 3301 1871 3373 quod
1900 3318 2055 3373 supe-

456 3386 575 3442 rius
602 3385 669 3442 de
695 3386 1030 3442 mulieribus
1059 3386 1225 3451 dixit,
1279 3387 1515 3460 intelligi
1566 3389 1782 3446 debeat.
1827 3391 2059 3458 Quando

455 3483 639 3533 autem
690 3475 965 3546 subjecit:
1029 3500 1047 3523 ‹
1102 3476 1391 3545 Similiter,
1433 3485 1487 3533 et
1545 3480 1796 3547 masculi,
1846 3480 2053 3549 dicens,

456 3574 782 3622 exarserunt
808 3564 865 3619 in
897 3565 1231 3621 desiderium
1254 3568 1340 3622 sui
1365 3568 1512 3639 (52);
1547 3593 1564 3615 ι
1607 3572 1847 3627 ostendit
1875 3581 2056 3643 aperte

456 3661 741 3727 peccatum
782 3653 1101 3710 mulierum.
1158 3656 1408 3728 Denique
1452 3673 1562 3713 non
1613 3658 1758 3715 dixit
1806 3660 1873 3716 de
1920 3662 2058 3719 viris

457 3742 607 3815 quod
637 3742 1076 3799 immutaveruut
1121 3746 1426 3801 naturalem
1476 3763 1635 3803 usum
1682 3748 1737 3804 in
1779 3749 2051 3817 invicem;

458 3834 589 3907 quia
618 3833 938 3906 hujusmodi
967 3851 1097 3889 usus
1124 3834 1254 3891 huic
1293 3836 1432 3908 parti
1476 3853 1764 3896 concessus
1809 3857 1919 3896 non
1950 3848 2051 3908 est,

458 3923 554 3980 sed
581 3923 649 3979 de
680 3923 923 3980 feminis.
952 3925 1024 3981 Et
1044 3926 1174 3997 quid
1206 3928 1428 3997 mirum,
1461 3945 1585 3985 cum
1621 3929 1895 4003 hodieque
1920 3930 2055 3985 tales

459 4011 719 4069 mulieres
748 4014 1126 4085 reperiantur;
1160 4026 1221 4073 ut
1248 4017 1392 4072 sicut
1436 4018 1574 4076 illud
1613 4036 1644 4075 a
1682 4020 1841 4089 viris,
1871 4020 2055 4092 itaque

459 4110 514 4157 et
539 4101 646 4158 hoc
671 4117 704 4158 a
723 4104 1050 4160 mulieribus
1070 4104 1141 4161 sit
1161 4106 1449 4163 inventum
1472 4109 1501 4164 ‘P
1527 4111 1775 4182 Denique
1798 4110 2055 4165 mulieres

459 4192 604 4247 inter
649 4209 706 4248 se
758 4202 1038 4259 accusant,
1085 4202 1140 4250 et
1186 4195 1291 4252 viri
1338 4198 1633 4265 similiter;
1698 4199 2050 4256 manifestum

460 4290 542 4338 est
567 4286 694 4355 ergo
724 4291 787 4340 ut
834 4285 929 4358 qui
967 4285 1083 4356 jam
1131 4289 1419 4346 veritatem
1464 4290 1562 4346 Dei
1618 4291 2056 4347 immutaveruut

461 4372 521 4429 in
553 4372 922 4444 mendacium,
954 4375 1315 4435 immutarent
1345 4388 1399 4435 et
1429 4379 1737 4435 naturalem
1787 4395 1949 4434 usum
1996 4381 2052 4436 in

536 4519 663 4594 (50)
686 4522 767 4577 Ita
793 4530 900 4579 vet.
934 4523 1066 4581 edit.
1099 4543 1163 4583 ac
1190 4526 1375 4594 plures
1406 4540 1561 4591 mss.,
1602 4539 1633 4594 a
1659 4520 1861 4594 quibus
1891 4524 2048 4581 Rom.

536 4543 653 4592 (δυ)
686 4543 767 4577 ua
793 4543 900 4579 vet.
934 4543 1066 4581 eali.
1099 4543 1163 4583 ac

461 4589 593 4671 edit.
651 4592 755 4671 hoc
802 4603 1015 4671 tantum
1066 4543 1224 4653 receg

460 4665 794 4733 immutavit,
826 4669 932 4724 nisi
960 4670 1202 4724 naturali
1230 4665 1566 4734 concessoque
1594 4681 1692 4718 usu
1718 4665 1879 4718 aliter
1916 4668 1995 4721 uti
2036 4686 2047 4723 :

462 4740 639 4790 totum
670 4754 801 4793 vero
833 4740 1015 4797 locum
1066 4757 1195 4795 mss.
1247 4736 1504 4792 nonnulli
1552 4734 1657 4789 hoc
1704 4735 1865 4790 modo
1911 4754 2054 4793 con-

460 4805 708 4933 trahbunt,
760 4811 865 4865 nisi
911 4812 1120 4867 sublato
1148 4823 1384 4865 concesso
1415 4823 1513 4860 usu
1538 4806 1698 4861 aliter
1726 4822 1778 4860 se
1800 4808 1872 4861 ad
1902 4826 2053 4865 usum

460 4893 571 4933 prie
603 4886 706 4933 eat.

454 4886 658 4948 praesa
671 4886 706 4936 t.

534 4949 652 5022 (51)
675 4953 802 5009 Mss.
836 4952 1115 5023 nonnulli,
1151 4951 1284 5005 Nam
1317 4949 1362 5004 si
1389 4947 1505 5003 alia
1532 4954 1613 5023 est
1628 4965 1775 5023 pars
1815 4954 2053 5023 corporis

457 5019 965 5145 quam'immutavit.
1002 5022 1150 5078 Infra
1178 5036 1309 5075 vero
1333 5036 1524 5077 omnes
1552 5019 1708 5088 edit.,
1733 5039 1849 5077 cum
1868 5019 2055 5079 habeat

494 5097 764 5145 uiusmodi
788 5113 806 5145 :
836 5094 1180 5145 reposuimus
1216 5108 1245 5145 e
1275 5091 1487 5145 cunctis
1520 5109 1649 5145 mss.
1682 5110 1799 5145 cum
1826 5112 1930 5145 non
1959 5097 2052 5145 ha-

461 5091 806 5218 zujusmodi;
836 5094 1180 5164 reposuimus
1216 5108 1245 5147 e
1275 5091 1487 5149 cunctis
1520 5109 1649 5148 mss.
1682 5110 1799 5147 cum
1826 5112 1930 5149 non
1959 5097 2052 5151 ha-

491 5173 631 5218 eant.
668 5174 774 5218 etc.

491 5173 631 5232 eant,
668 5174 774 5223 etc.

533 5237 650 5308 (52)
678 5235 845 5308 Pauci
877 5250 1043 5308 niss.,
1074 5235 1255 5308 relicto
1279 5236 1521 5308 naturali
1550 5253 1651 5291 usu
1678 5236 1921 5306 femineo,
1952 5255 2053 5293 ac—

456 5304 596 5366 censi
625 5304 751 5362 sunt
778 5307 834 5358 in
862 5304 1175 5359 desiderium
1204 5306 1288 5360 sui
1315 5306 1371 5359 in
1398 5308 1633 5363 invicem.

533 5378 650 5449 (53)
685 5377 812 5449 Mss.
847 5375 990 5431 Corb
1021 5420 1034 5443 ,
1069 5378 1137 5432 Et
1164 5378 1487 5449 reciprocam
1520 5381 1868 5437 mercedem...
1904 5382 2053 5435 Hanc

459 5448 589 5508 dicit
616 5448 942 5518 reciprocam
961 5448 1397 5517 mercedem,etc.;
1424 5452 1518 5506 alii
1542 5452 1798 5507 nonnulli
1820 5461 1874 5507 et
1890 5452 2048 5518 edit.,

460 5524 535 5578 Et
559 5518 846 5573 mercedem
878 5533 889 5570 :
938 5520 1029 5576 sed
1070 5521 1165 5576 alii
1208 5521 1457 5577 omnium
1488 5522 1713 5595 optime,
1746 5530 1806 5577 ut
1835 5522 1893 5577 in
1924 5539 2050 5578 con-

461 5598 640 5647 textu.

538 5660 655 5734 (54)
689 5659 836 5735 idem
869 5661 1060 5731 codex,
1110 5664 1201 5735 hoc
1232 5670 1465 5735 peccato,
1495 5664 1636 5733 quod
1666 5663 1876 5735 diabolo
1904 5664 2052 5718 deci-

458 5731 653 5806 piente,
682 5731 940 5790 hominem
966 5731 1249 5806 mortiﬁcet
1261 5731 1548 5790 obnoxium
1568 5736 1596 5789 ?
1625 5736 1699 5793 Et
1743 5734 1896 5801 sicut,
1943 5741 2047 5794 etc.

2172 3300 2530 3371 malignitate,
2564 3305 2949 3365 susurratores,
2984 3296 3337 3363 detractores,
3371 3297 3485 3352 Deo
3502 3296 3759 3364 odibiles,

2169 3389 2616 3457 contumeliosos,
2667 3386 2946 3459 superbos,
2995 3388 3184 3455 elatos,
3227 3385 3544 3441 inventores
3587 3385 3760 3440 malo-

2170 3496 2311 3535 rum.
2346 3504 2363 3526 ι
2400 3479 2577 3549 Caput
2612 3478 2923 3551 iniquitatis
2948 3477 3217 3533 malitiam
3248 3477 3415 3543 dixit,
3439 3473 3598 3546 cujus
3628 3491 3763 3546 opus

2170 3568 2591 3623 fornicationem
2625 3566 2808 3637 posuit
2833 3575 2994 3637 atque
3022 3564 3333 3620 avaritiam.
3377 3566 3503 3621 Haec
3529 3564 3761 3620 fornica-

2168 3657 2245 3712 tio
2269 3657 2386 3727 (55)
2422 3654 2586 3710 habet
2611 3655 2666 3709 in
2698 3670 2753 3710 se
2783 3663 2835 3710 et
2864 3653 3193 3709 adulterium
3230 3672 3241 3709 :
3276 3654 3322 3710 si
3355 3654 3501 3709 enim
3532 3652 3761 3711 dixisset

2165 3746 2519 3814 adulterium,
2539 3745 2829 3801 videbatur
2847 3760 3134 3802 excusasse
3154 3744 3596 3814 fornicationem,
3620 3745 3763 3801 sicut

2166 3835 2309 3906 leges
2346 3836 2633 3902 Romanae;
2684 3834 2807 3891 ideo
2829 3834 2974 3908 quod
2998 3834 3180 3889 minus
3199 3843 3281 3889 est
3302 3832 3503 3905 posuit,
3523 3839 3587 3888 ut
3613 3832 3762 3905 quod

2167 3923 2343 3996 majus
2371 3933 2452 3980 est
2479 3924 2721 3981 inultum
2752 3941 2860 3980 non
2889 3924 3060 3997 possit
3085 3922 3232 3979 credi
3262 3921 3401 3993 (56).

2236 4013 2446 4070 Deinde
2474 4013 2694 4086 adjecit,
2745 4014 2997 4085 nequitia,
3041 4010 3199 4083 cujus
3232 4010 3457 4066 affectus
3487 4007 3763 4065 invidiam

2165 4104 2308 4175 parit
2361 4110 2416 4160 et
2476 4102 2798 4171 homicidia,
2840 4101 3249 4159 contentionem
3280 4116 3342 4155 ac
3372 4099 3584 4155 dolum.
3634 4098 3765 4153 Post

2166 4192 2283 4248 haec
2335 4191 2573 4263 subjecit
2626 4192 2954 4263 malignitate
2983 4233 3001 4256 ,
3042 4205 3163 4262 quae
3206 4188 3381 4260 gignit
3433 4187 3764 4243 susurratio-

2166 4296 2262 4336 nes
2317 4288 2480 4354 atque
2535 4280 2900 4337 detractiones
2950 4297 2963 4345 ;
3047 4287 3101 4335 et
3153 4277 3415 4350 quoniam
3475 4275 3593 4331 haec
3649 4276 3765 4331 Deo

2166 4388 2276 4427 non
2303 4370 2593 4444 displicere
2643 4386 2756 4426 non
2813 4377 3060 4442 possunt,
3092 4367 3171 4424 ait
3200 4385 3211 4423 :
3264 4390 3282 4413 ι
3316 4369 3429 4422 Deo
3457 4365 3695 4421 odibiles
3730 4390 3748 4413 ι

2240 4516 2355 4589 (55)
2388 4516 2467 4589 ita
2489 4515 2645 4589 Rom.
2664 4511 2798 4569 edit.
2830 4528 2956 4589 cum
2973 4528 3105 4589 mss.
3140 4507 3559 4589 quibusdamac
3589 4505 3762 4589 variis

1230 4576 1508 4668 Initia
1528 4576 2051 4668 prim‘aiverba'sic
2083 4592 2129 4650 D
2161 4576 2285 4668 lect.
2337 4576 2476 4668 edit.
2538 4584 2700 4668 Gile.,
2756 4582 3083 4668 quibusdam
3114 4576 3296 4637 tamen
3326 4576 3621 4668 additis‘et
3636 4595 3761 4668 mu-

2160 4659 2328 4725 tatis;
2393 4664 2503 4711 vet.
2560 4650 2735 4711 autsm
2771 4650 2954 4725 'edit._
2986 4669 3069 4725 ac,
3108 4670 3236 4708 mss.
3295 4650 3470 4725 nostri
3522 4655 3762 4725 contra-

2163 4719 2617 4793 clius'exhibent,
2650 4725 2883 4793 Malitia,
2923 4722 3295 4794 fornicatione.
3358 4724 3479 4779 ch
3506 4719 3761 4790 fornica-

2164 4802 2255 4856 tio.
2285 4809 2388 4856 etc.

2236 4845 2509 4943 'Vet.
2544 4867 2675 4925 edit.
2706 4868 3174 4946 ac_plures_mss.,
3229 4881 3334 4920 non
3380 4863 3554 4946 possit
3590 4862 3755 4946 credi.

2168 4939 2435 4999 Et'cwtera
2465 4956 2580 5008 qua:
2610 4939 2888 5009 mnifesto
2918 4939 3198 5009 videntur;
3233 4939 3752 5009 avaritia,nequ_itia_,

2162 5018 2340 5086 plenos
2366 5006 2582 5066 invidia.
2620 5006 2938 5086 homicidiis,
2970 5007 3309 5086 contentione,
3336 5009 3479 5086 dolo,
3512 5006 3756 5086 maligni-

2164 5080 2286 5150 late,
2332 5090 2726 5149 susurratores,
2776 5084 3111 5147 detractores,
3146 5081 3253 5134 Deo
3283 5080 3522 5143 odibiles,
3578 5083 3757 5131 contu-

2162 5157 2422 5220 meliosos,
2479 5156 2749 5229 superbos,
2806 5156 2968 5229 elatos
3002 5153 3292 5229 inventores
3320 5151 3608 5229 malorum,
3634 5166 3745 5220 pa-

2159 5229 2394 5285 rentibus
2415 5245 2517 5283 non
2540 5222 2850 5283 oboedientes.
2882 5225 3091 5290 Quanta
3121 5227 3295 5277 autem
3324 5222 3625 5276 insolentia.

2233 5308 2395 5366 Corb.
2436 5308 2558 5365 cod.
2593 5314 2713 5380 post
2741 5306 2799 5357 τὸ
2830 5320 2933 5380 non
2962 5302 3248 5380 obedientes
3277 5299 3581 5380 subjungit,
3616 5298 3756 5380 insi-

2154 5381 2374 5453 pientes,
2410 5370 2815 5453 incompositos._
2836 5375 2946 5430 sine
2974 5375 3195 5453 affectu,
3240 5373 3350 5426 sine
3368 5370 3754 5453 misericordia,

2159 5442 2252 5522 qui
2286 5442 2401 5506 cum
2422 5442 2689 5520 justitiam
2721 5447 2815 5503 Dei
2843 5442 3217 5522 cognouissent,
3248 5461 3365 5522 non
3382 5442 3758 5522 intellexerunt

2159 5514 2539 5593 quomodo'qui
2572 5522 2703 5577 talia
2730 5514 3059 5593 aguntdigni
3087 5522 3210 5571 sunt
3232 5520 3560 5593 morteanon
3585 5514 3755 5593 solum

2159 5584 2251 5665 qui
2278 5595 2376 5649 itla
2397 5584 2737 5665 faciunt,sed
2763 5584 2920 5646 etiam
2946 5584 3039 5661 qui
3074 5587 3399 5665 consentiunt
3417 5584 3748 5665 [incientibus

2164 5655 2336 5735 Caput
2364 5655 2687 5735 iniquitatis,
2716 5669 2845 5729 etc.,
2873 5655 3149 5736 utg'supra.
3177 5658 3287 5715 Nos
3318 5655 3497 5736 varias
3524 5655 3657 5735 Gill.
3684 5655 3751 5709 le-

2158 5731 2367 5796 ctiones
2389 5731 2679 5795 intextum
2700 5734 2979 5793 Rom.edit
2999 5731 3115 5804 jam
3142 5737 3383 5804 receptas
3397 5731 3746 5784 retinuinius.
