3932 6210
167 282 241 339 65
1284 276 1648 335 COMMENT.
1690 277 1760 333 ΙΝ
1798 276 2015 332 EPIST.
2058 279 2152 333 AD
2195 277 2362 335 ROM.
3420 281 3493 337 66

163 413 220 461 et
279 405 409 478 quia
448 420 548 461 nec
586 404 915 461 hominibus
961 406 1199 477 placent,
1262 430 1280 453 ‹
1310 402 1760 471 contumeliosos,
1789 405 1837 464 A
1865 401 1983 458 haec
2005 403 2291 459 emendata
2319 404 2542 472 fuerint,
2575 404 2733 462 facile
2762 407 3115 480 corrigantur
3141 414 3197 463 et
3268 423 3486 463 morum

166 493 375 564 inquit,
451 492 738 565 superbos,
818 494 1015 561 elatos,
1094 494 1432 561 inventores,
1491 518 1509 539 ι
1582 492 1639 547 id
1704 500 1785 548 est

167 590 441 649 auctores,
508 584 799 638 malorum.
879 582 1002 638 Non
1069 600 1200 654 ergo
1263 597 1479 654 semper
1552 582 1780 638 malum.

170 674 271 729 Isti
301 683 483 731 autem
530 676 844 731 imitatores
876 675 1009 732 facti
1038 676 1212 747 patris
1240 677 1324 732 sui
1354 675 1583 744 diaboli,
1613 676 1783 731 idolo-

172 764 354 820 latriae
392 765 600 820 malum
659 765 1017 832 invenerunt,
1078 782 1174 837 per
1225 765 1371 838 quod
1424 765 1611 820 omnia
1651 765 1788 821 vitia

170 858 231 912 in
285 859 499 914 mundo
557 866 689 914 sunt
746 866 898 926 nata,
956 866 1010 914 et
1057 859 1295 930 perditio
1344 859 1604 913 maxima.
1651 860 1782 914 Nam

167 946 449 1015 diabolus,
484 962 647 1020 quem
700 946 769 1002 ab
800 946 965 1002 initio
991 946 1282 1018 Scriptura
1310 963 1532 1018 peccare
1561 956 1790 1004 testatur

172 1036 232 1107 (Ι
256 1037 420 1091 Joan.
462 1053 549 1104 ιιι,
580 1036 665 1107 8),
695 1051 1006 1108 quanquam
1037 1037 1345 1107 tyrannicae
1368 1033 1786 1108 praesumptioni

167 1124 414 1192 studeat,
446 1141 559 1181 non
590 1133 771 1180 tamen
806 1126 864 1181 id
892 1141 1058 1181 ausus
1088 1135 1175 1183 est
1200 1126 1467 1199 proﬁteri,
1500 1136 1563 1183 ut
1590 1127 1737 1183 dicat
1767 1147 1779 1184 :

184 1238 205 1263 ι
242 1216 364 1287 Ego
420 1231 542 1271 sum
593 1217 756 1272 Deus.
796 1240 814 1263 ι
869 1215 1127 1289 Denique
1180 1218 1325 1274 inter
1383 1225 1578 1274 caetera
1641 1217 1785 1273 dixit

169 1303 243 1359 ad
299 1304 629 1360 Dominum:
696 1330 713 1352 ε
768 1304 897 1360 Haec
951 1303 1141 1361 omnia
1195 1306 1335 1361 mihi
1394 1306 1595 1362 tradita
1654 1312 1783 1361 sunt

172 1393 329 1463 (Luc.
380 1410 458 1459 ιν,
485 1393 566 1464 6).
598 1417 616 1439 ι
659 1393 782 1449 Non
835 1393 1015 1450 dicit:
1048 1397 1097 1450 A
1152 1411 1244 1450 me
1293 1402 1459 1462 sunt;
1502 1394 1612 1463 vel,
1665 1409 1783 1449 mea

168 1490 319 1537 sunt.
354 1480 427 1536 Et
453 1481 513 1536 in
545 1480 688 1551 libro
716 1481 818 1538 Job
848 1491 1177 1556 potestatem
1219 1484 1326 1540 sibi
1358 1484 1490 1540 dari
1532 1482 1782 1556 exposcit

172 1568 294 1640 (Job
350 1587 391 1638 ι,
448 1571 564 1642 12).
622 1570 987 1638 Quamobrem
1044 1574 1161 1645 (57)
1220 1573 1432 1647 pejores
1486 1573 1578 1629 isti
1629 1579 1781 1640 sunt,

176 1659 272 1732 qui
307 1675 419 1716 non
447 1667 663 1717 tantum
686 1660 998 1728 elementis,
1019 1662 1115 1718 sed
1145 1672 1198 1719 et
1224 1663 1502 1736 ﬁgmentis
1530 1664 1784 1720 tribuunt

172 1748 454 1806 deitatem.

248 1840 433 1911 (Vers.
466 1840 583 1912 31.)
622 1838 982 1897 «Parentibus
1010 1855 1123 1897 non
1145 1840 1486 1899 obedientes.
1509 1867 1526 1889 ι
1561 1840 1779 1909 Quanta

175 1936 360 1987 autem
389 1929 686 1986 insolentia
712 1929 918 2002 arrepti
951 1939 1101 2000 sunt,
1128 1937 1191 1987 ut
1220 1947 1322 1988 nec
1349 1938 1601 2005 parentes
1628 1947 1776 2000 suos,

176 2035 316 2092 quos
366 2027 616 2076 auctores
658 2019 718 2075 in
783 2018 1074 2076 nativitate
1118 2019 1344 2089 habent,
1403 2029 1777 2095 agnoscerent,

176 2109 387 2183 quique
432 2125 489 2165 se
530 2116 690 2166 natos
718 2109 1054 2182 gauderent:
1104 2111 1234 2168 illos
1284 2119 1469 2168 tamen
1518 2129 1615 2186 per
1644 2128 1781 2185 quos

176 2213 297 2256 esse
347 2206 647 2271 eruperant,
698 2198 1119 2256 contemnebant
1170 2201 1333 2274 (58)l
1389 2202 1505 2258 Hoc
1543 2210 1624 2258 est
1667 2217 1783 2258 esse

177 2289 292 2345 sine
318 2289 606 2358 intellectu,
638 2290 751 2344 sine
793 2289 1067 2359 charitate,
1100 2290 1196 2346 sed
1224 2291 1365 2358 Dei;
1403 2308 1528 2347 nam
1561 2299 1678 2347 erat
1724 2291 1782 2346 in

180 2380 308 2437 illos
335 2379 578 2437 charitas
608 2378 807 2437 carnis.
843 2380 933 2449 Hi,
964 2382 1066 2437 Dei
1091 2381 1367 2453 justitiam
1396 2389 1787 2455 cognoscentes

180 2486 277 2542 per
314 2469 486 2543 legem
532 2477 741 2525 naturae
772 2469 1080 2543 (sciverunt
1124 2470 1271 2526 enim
1306 2470 1424 2527 haec
1451 2473 1565 2527 Deo
1597 2471 1784 2543 displi-

181 2580 323 2634 cere,
380 2564 476 2621 sed
518 2564 577 2620 in
628 2563 812 2620 animo
853 2580 1057 2637 ponere
1099 2566 1421 2636 noluerunt,
1467 2591 1485 2614 ι
1514 2565 1786 2634 Quoniam

185 2653 286 2727 qui
335 2652 457 2710 haec
501 2662 691 2727 agunt,
730 2653 885 2726 digni
935 2661 1066 2710 sunt
1111 2656 1338 2727 morte),
1370 2680 1389 2704 ι
1436 2671 1609 2729 usque
1652 2655 1787 2712 adeo

176 2741 457 2815 justitiam
515 2743 614 2799 Dei
660 2751 1058 2815 cognoverunt,
1122 2750 1184 2799 ut
1244 2761 1355 2800 non
1425 2751 1623 2817 negent
1670 2743 1790 2800 haec

182 2830 393 2900 omnia,
423 2847 544 2903 quas
581 2830 808 2902 faciant,
851 2848 1013 2905 poma
1042 2831 1210 2905 digna
1239 2841 1294 2889 et
1322 2842 1498 2890 morte
1537 2834 1675 2907 (59).
1716 2834 1791 2888 Et

180 2938 291 2977 non
330 2922 502 2977 solum
547 2922 639 2993 qui
665 2922 873 2993 faciunt
898 2942 980 2994 ea,
1025 2924 1116 2979 sed
1162 2924 1319 2979 etiam
1343 2925 1436 2995 qui
1465 2924 1791 2995 consentiunt

181 3012 523 3084 facientibus.
552 3013 821 3071 Assensus
851 3015 997 3070 enim
1032 3015 1383 3088 participatio
1412 3025 1509 3074 est.

266 3102 448 3173 (Vers.
481 3102 596 3173 32.)
634 3128 652 3151 ‹
675 3104 782 3172 Qui
813 3120 937 3161 cum
955 3104 1232 3176 justitiam
1253 3106 1351 3162 Dei
1382 3108 1787 3178 cognovissent,
1823 3128 1867 3188 ρ

185 3206 304 3247 non
353 3192 771 3259 intellexerunt,
805 3192 1066 3264 quoniam
1104 3194 1200 3265 qui
1249 3193 1368 3248 haec
1414 3202 1602 3265 agunt,
1639 3193 1794 3264 digni

183 3288 322 3336 sunt
372 3288 584 3336 morte:
646 3289 701 3335 et
745 3296 858 3334 non
904 3280 1084 3335 solum
1124 3280 1339 3336 faciunt
1379 3296 1461 3347 ea,
1509 3280 1603 3336 sed
1630 3282 1795 3336 etiam

182 3370 551 3425 consentiunt
625 3366 978 3423 facientibus.
1041 3391 1059 3414 ι
1150 3367 1278 3423 Haec
1368 3368 1555 3424 omnia
1656 3368 1799 3423 mala

180 3475 393 3530 corpus
444 3465 528 3513 est
582 3464 968 3527 peccatorum;
1015 3456 1105 3512 cui
1152 3456 1449 3528 mancipati
1495 3458 1623 3515 facti
1669 3466 1797 3516 sunt

182 3547 482 3621 potestatis
516 3544 782 3617 ejusdem,
817 3555 878 3603 ut
928 3545 1134 3603 faciant
1164 3546 1460 3618 punienda.
1494 3548 1619 3605 Haec
1647 3549 1794 3605 enim

183 3638 467 3694 malorum
514 3651 679 3691 causa
724 3652 755 3690 a
800 3634 1102 3691 Sodomitis
1147 3643 1323 3708 coepta
1366 3644 1448 3693 est
1494 3638 1795 3694 offensione

182 3727 293 3784 Dei
328 3727 472 3782 sicut
534 3742 700 3798 supra
736 3724 946 3782 dictum
987 3732 1086 3793 est,
1134 3733 1187 3780 et
1243 3725 1301 3780 in
1358 3743 1577 3783 omnem
1626 3744 1794 3801 prope

183 3824 401 3891 partem
435 3816 629 3873 mundi
658 3832 839 3871 ramos
866 3832 994 3871 suos
1023 3815 1294 3885 extendit,
1322 3816 1458 3873 iram
1490 3818 1588 3874 Dei
1622 3818 1793 3875 idolo-

188 3905 371 3962 latrize
410 3921 626 3961 causam
662 3904 943 3971 nuntians,
973 3920 1094 3976 quas
1122 3903 1301 3975 prima
1330 3922 1455 3978 pars
1483 3914 1563 3962 est
1592 3908 1793 3964 erroris

186 4006 244 4053 et
298 3996 622 4069 impietatis,
676 4010 839 4067 quam
890 3995 1131 4067 primum
1161 3994 1523 4065 condemnat;
1561 4005 1623 4053 ut
1666 4014 1791 4054 cum

266 4120 390 4193 (57)
420 4121 521 4176 Ms.
554 4119 743 4189 Corb.,
774 4120 1024 4191 exposcit.
1058 4122 1134 4176 Et
1160 4120 1217 4175 in
1236 4123 1491 4193 propheta
1522 4123 1793 4181 Zacharia

188 4192 549 4249 contradicere
594 4210 646 4247 se
690 4193 850 4247 ducat
896 4193 1173 4260 sacerdoti,
1223 4210 1330 4247 non
1370 4194 1471 4249 sibi
1515 4195 1794 4252 vindicans

184 4270 513 4337 potestatem.
549 4265 717 4337 Quam
747 4265 809 4319 ob
838 4280 969 4330 rem,
999 4271 1103 4319 etc.
1207 4334 1231 4337 ᾧ
1302 4333 1317 4337 _
1472 4336 1477 4337 γ
1656 4324 1665 4330 ,

265 4335 386 4407 (58)
415 4335 562 4409 ϐίη.
583 4336 874 4392 varietates
901 4352 1025 4390 cum
1045 4352 1162 4409 Ams.
1195 4333 1357 4409 Cprb.
1390 4343 1445 4390 et
1469 4336 1680 4409 Remig.
1724 4339 1793 4396 ad

192 4405 366 4463 finem
401 4406 596 4478 capitis
624 4409 795 4463 ferme
824 4405 1184 4463 conveniunt.
1219 4406 1405 4478 Potior
1432 4414 1618 4465 tamen
1635 4405 1717 4466 est
1740 4420 1795 4467 et

191 4476 500 4535 correctior
545 4477 710 4550 hujus
752 4479 943 4545 series,
997 4493 1160 4549 quam
1194 4476 1556 4534 exhibemus:
1598 4480 1661 4536 Ut
1710 4499 1800 4537 nec
1833 4476 2124 4548 Dcordia;

188 4555 440 4622 parentes
495 4566 616 4605 suos
661 4556 1019 4621 cognoscerent
1062 4550 1399 4622 honorandos
1428 4568 1451 4615 ;
1498 4550 1610 4606 ideo
1652 4554 1795 4609 insi-

230 4623 396 4677 ientes
426 4622 785 4693 incompositos
815 4639 922 4677 esse
948 4621 1110 4688 dixit,
1138 4639 1229 4676 nec
1266 4621 1363 4677 Dei
1392 4638 1482 4675 nec
1525 4623 1796 4681 hominum

268 4695 440 4747 bentes
495 4695 754 4763 a/fectum.
796 4694 933 4748 Hinc
976 4699 1053 4749 est
1091 4694 1229 4748 unde
1265 4699 1311 4747 et
1357 4693 1796 4752 immisericordes

192 4770 393 4838 essent.
441 4766 543 4832 Qui
586 4765 723 4819 enim
757 4765 825 4838 in
853 4782 974 4819 suos
1020 4764 1248 4838 crudelis
1280 4771 1371 4831 est,
1403 4773 1600 4834 quanto
1630 4769 1797 4838 magis

192 4837 252 4893 in
313 4836 552 4908 alienos!
600 4838 664 4892 In
710 4836 789 4890 his
821 4836 1220 4908 ergoomnibus
1258 4843 1583 4891 contumaces
1613 4836 1792 4908 effecti,

192 4907 459 4989 cognitam
509 4908 746 4988 habentes
795 4905 895 4962 Dei
940 4905 1231 4989 justitiam,
1269 4908 1328 4961 in
1378 4908 1555 4989 animo
1603 4905 1797 4989 ponere

192 4981 507 5043 noluerunt,
581 4979 834 5049 quoniam
908 4978 1001 5047 qui
1056 4978 1162 5031 hcec
1221 4985 1405 5048 agunt,
1467 4978 1620 5050 digni
1676 4987 1799 5035 sunt

192 5056 368 5106 morte
388 5068 409 5114 ;
439 5057 486 5103 et
514 5066 603 5104 nec
630 5053 721 5105 hos
752 5051 1005 5104 immunes
1033 5064 1138 5101 esse
1165 5067 1200 5103 a
1222 5057 1386 5103 morte
1413 5050 1526 5118 qui,
1557 5068 1669 5104 cum
1693 5053 1799 5105 hcec

192 5140 301 5178 non
330 5120 563 5191 faciunt,
612 5123 935 5176 consentiunt
971 5120 1306 5190 facientibus.
1360 5120 1485 5191 Istis
1529 5122 1664 5175 enim
1694 5140 1799 5177 non

193 5190 561 5260 horrentibus,
592 5209 682 5246 nec
710 5193 1077 5264 arguentibus,
1122 5191 1207 5245 illi
1234 5208 1291 5264 in
1316 5190 1470 5264 peius
1490 5193 1796 5264 proﬁciunt.

196 5265 427 5332 Quando
479 5264 618 5332 enim
658 5262 796 5318 videt
822 5263 1080 5318 honorari
1114 5279 1166 5315 se
1192 5262 1258 5316 ab
1293 5262 1374 5315 his
1407 5263 1501 5330 qui
1546 5279 1649 5315 non
1697 5264 1803 5317 sint

196 5325 349 5406 tales,
395 5325 583 5390 creséit
632 5335 688 5389 in
716 5336 947 5400 malitia,
982 5341 1030 5388 et
1070 5325 1494 5406 gloriaturfore
1524 5349 1576 5386 se
1605 5334 1802 5406 talem;

192 5403 395 5465 idcirco
424 5407 646 5478 dignum
674 5413 748 5478 est
784 5423 893 5478 una
938 5407 1032 5478 hos
1054 5403 1213 5478 poena
1250 5403 1572 5478 multandos.
1623 5404 1803 5478 Omnis

196 5486 371 5537 tamen
394 5473 719 5535 conscientia
736 5477 884 5531 novit
906 5476 1001 5530 Dei
1007 5473 1275 5543 justitiam
1300 5473 1555 5529 creditam
1573 5474 1804 5538 mundo;

196 5553 393 5608 occulte
419 5550 565 5606 enim
589 5564 706 5619 qua:
730 5546 1001 5619 punienda
1029 5552 1171 5619 sunt,
1197 5550 1506 5617 operantur.
1533 5546 1803 5619 Quomodo

196 5638 316 5698 ergo
370 5616 615 5679 credunt
647 5616 754 5674 istd
807 5617 1019 5690 impune
1072 5616 1285 5688 futura,
1317 5632 1436 5688 qua:
1462 5632 1568 5673 non
1608 5616 1806 5674 audent

1892 490 2047 545 vitia.
2072 489 2297 547 Sublato
2317 492 2462 548 enim
2495 494 2718 551 malitias
2733 495 2966 565 semine,
2987 496 3251 569 nequitia
3272 495 3487 553 fructus

1893 590 2141 639 arescent
2166 600 2180 649 ;
2209 600 2320 639 non
2349 585 2497 640 enim
2527 586 2620 642 dat
2650 586 2813 643 arbor
2838 587 3072 655 fructus,
3102 586 3260 658 cujus
3288 586 3486 643 excisa

1894 681 2022 729 sunt
2069 671 2278 728 radices
2331 673 2446 746 (60)
2499 679 2595 737 36
2640 676 2774 732 Nam
2814 677 2938 733 ideo
2982 685 3036 733 et
3083 677 3297 750 Moyses
3328 678 3485 750 (Gen.

1896 786 2015 837 χιχ,
2047 769 2136 837 24,
2168 769 2260 841 25)
2285 769 2532 825 Sodomae
2549 780 2603 827 et
2629 772 2949 829 Gomorrhae
2971 782 3116 845 gesta
3137 774 3485 840 memoravit,

1895 859 2241 931 exitiumque
2273 876 2381 915 non
2425 861 2617 928 tacuit,
2649 871 2710 917 ut
2757 863 3013 918 timorem
3062 874 3286 936 poneret
3322 862 3488 936 hujus

1897 946 1975 1001 rei
2027 947 2286 1004 vitandae.
2317 948 2428 1005 Nec
2456 966 2585 1021 ergo
2617 950 2722 1007 hoc
2749 952 2953 1007 artium
3003 961 3057 1007 et
3096 952 3489 1010 contaminatio

1895 1036 2267 1094 dehonestatae
2298 1039 2426 1094 vitae
2471 1039 2539 1094 ab
2582 1056 2647 1095 eo
2685 1039 3020 1109 admittitur,
3071 1040 3167 1114 qui
3214 1041 3274 1097 in
3304 1041 3489 1098 animo

1896 1123 2099 1195 cogitat
2126 1125 2322 1180 Deum.

1965 1216 2107 1271 Sunt
2138 1216 2363 1288 quidam
2394 1216 2489 1290 qui
2521 1232 2576 1272 se
2602 1233 2724 1273 reos
2752 1234 2863 1273 non
2894 1225 3110 1290 putant,
3139 1218 3185 1275 si
3213 1234 3325 1274 non
3354 1235 3485 1292 ope-

1893 1312 2087 1359 rentur
2104 1321 2225 1377 quze
2250 1306 2391 1361 mala
2417 1313 2565 1374 sunt,
2593 1306 2901 1362 assentiant
2927 1314 3111 1363 autem
3138 1307 3490 1364 facientibus.

1894 1394 2173 1450 Assentire
2222 1403 2404 1451 autem
2449 1404 2552 1464 est,
2598 1396 2667 1465 si,
2709 1413 2835 1452 cum
2869 1396 3042 1469 possit
3070 1397 3492 1469 reprehendere,

1891 1490 2095 1540 taceat:
2132 1494 2227 1541 aut
2272 1484 2500 1542 audiens
2536 1485 2636 1542 has
2691 1485 2927 1555 fabulas,
2972 1486 3245 1543 aduletur.
3296 1486 3490 1543 Sciens

1891 1574 2038 1630 enim
2085 1575 2338 1648 impurus
2386 1584 2440 1632 et
2484 1575 2761 1648 malignus
2800 1592 2911 1632 non
2939 1577 3182 1649 ignorari
3212 1594 3333 1650 qua
3360 1576 3493 1649 agit,

1890 1673 1945 1720 et
1974 1663 2206 1721 minime
2238 1682 2295 1721 se
2336 1665 2523 1733 vitari,
2562 1664 2657 1721 sed
2686 1666 2850 1721 etiam
2883 1665 3083 1720 honori
3112 1681 3251 1733 esse,
3284 1665 3495 1736 gloria—

1810 1766 1857 1825 B
1893 1760 1983 1809 tur
2012 1754 2152 1810 forte
2180 1771 2236 1810 se
2266 1754 2431 1811 talem
2464 1754 2580 1826 (61)
2609 1772 2620 1809 :
2656 1770 2759 1810 nec
2785 1752 3056 1810 confundi
3088 1760 3266 1826 potest
3294 1752 3354 1808 in
3385 1752 3493 1819 his,

1888 1844 2106 1918 quando
2138 1845 2291 1901 videt
2340 1844 2517 1901 faveri
2548 1844 2675 1913 sibi,
2716 1850 2770 1900 et
2800 1841 3165 1901 obsecundari
3202 1841 3271 1898 ab
3301 1842 3370 1898 iis
3399 1842 3496 1915 qui

1888 1951 1999 1991 non
2028 1942 2159 1992 sunt
2181 1934 2320 1991 tales
2344 1953 2357 2003 ;
2392 1941 2447 1991 et
2476 1934 2555 1991 ita
2582 1941 2687 2003 est,
2717 1941 2779 1990 ut
2816 1933 2910 2005 qui
2941 1932 3189 1989 fomitem
3215 1931 3497 2005 praebeant

1889 2023 2109 2081 delictis
2151 2024 2415 2080 illorum:
2470 2023 2705 2096 ideoque
2747 2022 2974 2095 dignum
3005 2029 3088 2079 est
3118 2030 3181 2078 ut
3209 2020 3329 2096 pari
3375 2019 3497 2077 cri-

1890 2113 2039 2170 mine
2084 2114 2164 2170 rei
2218 2113 2548 2170 habeantur.
2582 2113 2723 2169 Sunt
2769 2112 2972 2169 iterum
3004 2111 3119 2179 alii,
3152 2111 3247 2185 qui
3272 2126 3383 2167 non
3411 2127 3494 2168 so-

1891 2202 2007 2259 lum
2039 2202 2251 2260 faciunt
2274 2203 2438 2272 mala,
2457 2202 2551 2260 sed
2577 2202 2742 2259 etiam
2765 2200 3122 2259 consentiunt
3142 2200 3491 2270 facientibus,

1892 2300 1956 2349 ut
2000 2308 2110 2348 non
2155 2293 2335 2348 solum
2371 2291 2596 2360 faciant,
2630 2292 2726 2349 sed
2774 2300 2828 2347 et
2875 2290 3082 2347 talibus
3125 2289 3492 2347 consentiant.

1894 2383 2109 2455 Duplex
2158 2398 2287 2456 ergo
2336 2382 2535 2439 horum
2583 2390 2665 2439 est
2708 2382 2995 2456 nequitia:
3044 2398 3156 2438 non
3204 2382 3351 2439 enim
3382 2391 3495 2438 tam

1897 2471 2026 2526 mali
2054 2478 2203 2541 sunt,
2239 2472 2333 2544 qui
2365 2472 2600 2541 faciunt,
2632 2481 2685 2528 et
2716 2471 3051 2527 facientibus
3068 2470 3491 2538 contradicunt;

1896 2560 2130 2616 scientes
2159 2560 2308 2617 enim
2339 2560 2567 2629 nefaria,
2599 2576 2713 2617 non
2760 2561 2854 2616 illa
2902 2560 3193 2617 vindicant
3223 2560 3341 2633 (62)
3370 2577 3381 2615 :
3411 2558 3497 2614 illi

1898 2665 2030 2705 vero
2078 2657 2190 2705 tam
2235 2650 2561 2722 nequissimi
2610 2659 2759 2718 sunt,
2791 2649 2886 2722 qui
2915 2658 2970 2706 et
2999 2650 3232 2719 faciunt,
3286 2657 3341 2705 et
3371 2662 3499 2705 con-

1898 2738 2149 2796 sentiunt
2177 2738 2543 2807 facientibus,
2583 2748 2646 2795 ut
2674 2756 2775 2797 nec
2800 2741 2973 2795 Deum
3002 2740 3269 2807 timeant;
3302 2737 3396 2795 sed
3420 2737 3499 2793 in-

1898 2845 2139 2886 crescere
2184 2830 2468 2902 cupientes
2517 2829 2677 2897 mala,
2722 2828 2846 2884 ideo
2893 2827 3009 2885 haec
3058 2827 3287 2884 minime
3316 2824 3496 2883 vindi-

1898 2929 2043 2990 cant,
2077 2928 2138 2978 ut
2167 2920 2435 2980 suadeant
2466 2937 2577 2978 non
2608 2920 2707 2977 illa
2735 2935 2852 2978 esse
2892 2918 3137 2978 vitanda.

2528 3128 2758 3190 CAPUT
2793 3129 2862 3187 II.

1979 3278 2163 3350 (Vers.
2204 3279 2276 3348 1.)
2324 3302 2342 3325 ι
2371 3276 2711 3347 Quapropter
2742 3272 3136 3331 inexcusabilis
3162 3289 3238 3341 es,
3270 3288 3303 3328 o
3331 3271 3499 3330 homo

1907 3368 2106 3435 omnis,
2136 3366 2232 3439 qui
2276 3365 2512 3438 judicas.
2563 3366 2625 3420 In
2674 3382 2783 3438 quo
2822 3364 2970 3419 enim
2988 3362 3206 3435 judicas
3241 3363 3499 3429 alterum,

1904 3468 1958 3516 te
2013 3461 2195 3532 ipsum
2239 3447 2608 3525 condemnas;
2651 3454 2837 3511 eadem
2869 3456 3015 3512 enim
3046 3456 3180 3527 agis,
3212 3472 3332 3528 quas
3351 3452 3499 3526 judi-

1903 3567 2014 3607 cas.
2045 3575 2063 3599 ι
2110 3548 2383 3617 Quoniam
2437 3547 2726 3604 facientem
2757 3546 3017 3618 maligna,
3050 3552 3103 3600 et
3141 3541 3500 3601 consentien-

1902 3645 2010 3694 tem
2062 3636 2409 3706 facientibus,
2444 3646 2618 3694 morte
2672 3634 2868 3708 dignos
2908 3633 3187 3702 ostendit;
3235 3648 3304 3688 ne
3355 3630 3498 3687 forte

1902 3728 1995 3784 hic
2024 3728 2117 3801 qui
2154 3728 2305 3797 facit,
2338 3734 2391 3784 et
2421 3744 2533 3784 non
2562 3726 2837 3783 consentit
2866 3723 3218 3791 facientibus,
3235 3736 3498 3779 excusare

1901 3834 1957 3874 se
2014 3834 2170 3889 posse
2217 3825 2430 3889 putare,
2480 3816 2643 3873 docet
2687 3813 3009 3887 hujusmodi
3063 3809 3497 3868 inexcusabilem

1901 3908 2036 3964 fore.
2069 3909 2209 3964 Nom
2238 3907 2385 3963 enim
2415 3906 2626 3978 justum
2659 3914 2761 3975 est,
2794 3912 2856 3961 ut
2884 3904 3018 3959 huic
3055 3902 3281 3973 impune
3308 3915 3495 3957 conce-

1901 3997 2098 4066 datur;
2132 3997 2263 4071 quia
2292 4013 2387 4069 per
2414 3995 2739 4069 hypocrisin
2775 3992 3018 4049 ostendit
3046 4007 3102 4047 se
3143 3990 3330 4057 talem,
3370 4004 3497 4044 cum

1896 4123 2103 4195 publice
2130 4125 2344 4195 gerere?
2375 4119 2509 4195 Cod.
2554 4118 2770 4173 Thuan.
2819 4123 2872 4195 et
2912 4113 3070 4195 Colh.
3117 4113 3231 4195 illis
3275 4126 3501 4168 consen-

1902 4189 2050 4251 tiunt
2078 4189 2250 4265 usque
2279 4193 2346 4247 ad
2372 4190 2540 4245 verba
2568 4206 2757 4262 ponere
2781 4189 3102 4243 noluerunt:
3131 4193 3328 4242 caatera
3368 4197 3501 4239 vero

1903 4265 2170 4322 exhibent
2198 4272 2260 4319 ut
2291 4265 2347 4319 in
2376 4271 2553 4319 textu.

1977 4338 2094 4409 (59)
2127 4337 2207 4391 Ita
2234 4352 2363 4409 mss.
2394 4350 2457 4389 ac
2483 4342 2589 4409 vet.
2625 4331 2781 4409 edi_t.,
2800 4330 2909 4409 nisi
2937 4330 3085 4409 quod
3107 4327 3486 4409 praemittunt:

1901 4400 2230 4480 Insipvientes,
2262 4407 2645 4477 incompositos,
2676 4405 2786 4458 sine
2813 4400 3241 4473 affectionaisine
3267 4400 3501 4453 miseri-

1903 4480 2121 4525 nnrtlia:
2158 4494 2278 4525 num
2306 4478 2473 4525 verba
2501 4494 2626 4525 cum
2654 4475 2777 4525 cod.
2807 4476 2979 4525 Flor..
3026 4472 3213 4525 Corb..
3247 4469 3416 4525 Vind.
3447 4476 3501 4525 et

1904 4471 2124 4546 cordia;
2197 4471 2278 4534 uae
2306 4471 2473 4533 verba
2501 4471 2637 4534 curn
2654 4475 2777 4532 cod.
2807 4471 2979 4543 Flor.,
3026 4472 3213 4540 Corb.,
3247 4471 3416 4528 Vind.
3447 4476 3503 4525 et

1904 4552 2062 4608 Rom.
2129 4494 2262 4625 egit.
2321 4549 2638 4605 recidimus.
2709 4545 3061 4625 Retinuimus
3095 4560 3280 4625 ver-0,.
3335 4543 3503 4625 Usque

1903 4624 2102 4678 adeo...
2135 4623 2294 4691 digna
2314 4629 2437 4676 sunt
2465 4628 2513 4675 et
2537 4625 2727 4686 morte,
2758 4617 3067 4691 quaeverba
3092 4616 3150 4670 in
3179 4613 3373 4691 iisdem
3404 4613 3499 4665 tri-

1903 4639 2102 4678 aaeo...
2135 4639 2189 4677 αι
2260 4641 2294 4677 a
2314 4639 2437 4676 sunt
2465 4639 2513 4675 et
2537 4639 2727 4686 morte,
2758 4639 2878 4691 quae
2901 4639 3067 4672 verba
3092 4639 3150 4670 ιιι
3182 4639 3373 4669 usuum
3407 4639 3499 4665 ιιι-

1900 4696 2007 4770 bus
2031 4639 2852 4770 cod._ggsiderantur,‘quaeque
2883 4688 2938 4767 in
2978 4689 3134 4770 Rom.
3176 4684 3325 4770 edita
3347 4696 3502 4770 rese:

1904 4766 2040 4822 catis
2087 4765 2212 4837 aliis
2255 4781 2425 4835 usque
2467 4764 2534 4818 ad
2574 4754 2694 4828 'Qui
2748 4754 2864 4837 cum
2900 4757 3176 4837 justitiam
3226 4754 3326 4808 Dei
3383 4759 3503 4822 post

1905 4837 2159 4893 eumdem
2187 4829 3108 4906 Scriptura;textum_rejiciuntur.
3226 4902 3236 4906 _
3330 4892 3370 4906 ἢ
3426 4892 3477 4906 Η

1980 4908 2098 4975 (60)
2128 4907 2263 4959 Voci
2295 4892 2498 4959 nadices
2534 4918 2662 4977 mss.
2699 4892 2910 4977 aliquot
2937 4895 3278 4977 adjungunt:
3322 4892 3398 4977 De
3421 4892 3503 4977 his

1907 4963 2000 5049 qui
2027 4963 2270 5049 faciunt,
2288 4973 2722 5049 et‘contradicunt
2743 4990 2755 5033 ;
2786 4963 2962 5049 unus,
2976 4963 3046 5048 ea:
3069 4963 3176 5049 his,
3191 4963 3502 5049 _etc.‘_Sirni-

1912 5035 2037 5104 liter
2064 5035 2421 5103 etiam'infra.
2452 5050 2571 5114 post
2602 5040 2767 5095 verba
2790 5039 3082 5114 assentiant
3107 5044 3281 5114 autem
3305 5035 3502 5107 facien-

1909 5120 2063 5185 tibus,
2096 5116 2416 5189 adnectunt,
2448 5109 2535 5189 _I_le
2576 5114 2656 5167 his
2696 5114 2868 5189 (unus
2902 5112 2988 5189 Yw
3028 5111 3157 5179 his),
3189 5109 3281 5180 qui
3326 5123 3502 5189 assen-

1911 5192 2048 5246 tiunt
2075 5187 2408 5258 facientibus.
2447 5186 2651 5258 Verum
2696 5184 2755 5239 hi
2790 5184 2939 5258 tituli
2987 5191 3137 5258 sunt,
3180 5184 3502 5258 emargini-

1909 5263 2011 5317 bus
2040 5251 2099 5314 in
2138 5266 2355 5313 textum
2384 5274 2416 5311 a
2446 5255 2686 5312 librariis
2715 5255 2990 5311 incautius
3016 5251 3251 5324 trajecti.

1984 5332 2102 5403 (61)
2136 5328 2261 5383 Vet.
2291 5328 2449 5403 e_dit.,
2496 5329 2761 5403 gloriatur
2800 5326 2917 5403 fore
2943 5343 2995 5380 se
3038 5322 3236 5403 talem;
3260 5322 3418 5377 Rom.
3451 5326 3506 5376 et

1913 5396 2042 5474 mss.
2055 5396 2236 5474 prgpe
2266 5399 2334 5454 ad
2366 5396 2561 5474 unum,
2587 5396 3038 5474 gloriaturforte,
3068 5402 3173 5474 etc.
3375 5462 3386 5473 ο
3444 5461 3482 5474 μ

1980 5417 2236 5527 λεηὲπορθ
2266 5417 2334 5454 aa
2367 5417 2561 5478 unum,
2587 5417 3032 5479 glommfjorw,
3068 5417 3173 5474 etc.
3214 5463 3225 5474 .
3375 5462 3386 5473 ο
3472 5461 3482 5472 .

1980 5473 2044 5543 (6
2083 5472 2104 5543 )
2128 5471 2288 5526 Rom.
2320 5470 2476 5537 edit.,
2504 5470 2752 5540 facientes
2786 5485 2924 5524 enim
2942 5465 3176 5537 nefa-ria,
3204 5463 3307 5520 illa
3332 5461 3505 5519 vindi-

1913 5549 2054 5599 cant.
