3932 6210
411 285 479 340 67

1430 247 1527 336 AD
1567 280 1803 335 OPERA
1841 276 1895 332 S.
1938 276 2271 331 AMBROSII
2309 274 2695 331 APPENDIX.

3661 276 3731 332 68

412 406 566 479 pejor
603 422 719 462 esse
746 405 1211 478 deprehendatur.
1242 403 1409 461 Fallit
1434 404 1605 471 enim,
1632 410 1694 457 ut
1723 401 1853 457 dum
1894 415 2007 472 pu-
2031 405 2083 463 Α
2114 399 2593 467 contemnendam,
2626 415 2781 472 quasi
2831 414 2942 455 non
2971 406 3256 454 curantem
3300 413 3386 452 res
3421 397 3740 463 humanas:

412 494 652 551 niendus
676 494 768 562 sit,
801 494 1009 549 honore
1040 494 1240 565 dignus
1273 500 1545 565 appareat.

487 586 671 651 (Vers.
729 585 809 655 2.)
883 608 901 631 ι
943 584 1159 639 Scimus
1205 593 1384 639 autem
1439 581 1697 654 quoniam
1735 578 2012 651 judicium

412 675 514 732 Dei
545 684 626 731 est
645 674 947 731 secundum
980 674 1267 729 veritatem
1300 672 1357 726 in
1378 687 1468 725 eos
1497 671 1589 743 qui
1608 670 1750 743 'talia
1769 678 1956 739 agunt.
1983 693 2001 716 ι

414 765 529 821 Hoc
558 774 659 834 est,
707 782 819 821 non
868 764 1178 836 ignoramus
1222 765 1391 817 Deum
1420 760 1797 830 judicaturum
1830 759 1897 815 de
1929 757 2016 813 his

416 855 475 909 in
516 854 770 922 veritate,
812 854 1032 926 quando
1078 869 1175 906 nos
1216 850 1319 923 ipsi
1366 850 1434 906 de
1473 849 1560 904 his
1587 847 1923 920 judicamus.
1958 846 2015 901 Si

415 943 563 998 enim
601 943 761 998 nobis
794 942 1069 1013 displicet,
1102 947 1306 1011 quanto
1348 937 1520 1009 magis
1550 939 1680 1003 Deo,
1713 935 1809 1009 qui
1844 936 2017 1005 magis

409 1031 591 1103 justus
637 1042 717 1088 est
756 1039 808 1085 et
855 1047 992 1103 Opus
1040 1046 1198 1085 suum
1244 1029 1491 1085 zelatur!
1532 1028 1592 1083 In
1625 1027 1856 1082 veritate
1888 1043 2016 1097 ergo

414 1137 538 1175 cum
572 1119 709 1175 dicit
734 1119 1113 1190 judicaturum
1154 1118 1327 1172 Deum
1368 1117 1436 1173 de
1475 1116 1584 1183 his,
1627 1123 1891 1171 terrorem
1919 1116 2018 1171 in—

411 1209 587 1271 cutit;
639 1216 699 1263 ut
738 1224 897 1281 quem
944 1208 1002 1262 hi
1040 1206 1234 1279 perﬁdi
1282 1207 1622 1263 incuriosum
1662 1204 1879 1273 dicunt,
1914 1206 2017 1262 iste

412 1299 589 1354 malos
635 1298 941 1353 secundum
980 1297 1270 1352 veritatem
1313 1296 1461 1352 dicat
1482 1295 1884 1367 judicaturum,
1915 1296 2019 1353 hoc

412 1396 514 1457 est,
550 1386 839 1442 verissime
887 1385 1113 1441 reddere
1146 1386 1447 1441 secundum
1480 1401 1791 1441 mensuram
1830 1386 2016 1442 unius-

412 1476 704 1550 cujusque,
729 1486 781 1533 et
810 1493 923 1532 non
950 1492 1187 1547 parcere.

489 1566 670 1637 (Vers.
705 1566 787 1637 3.)
854 1590 870 1611 ι
901 1565 1203 1620 Existimas
1234 1573 1415 1619 autem
1457 1564 1582 1632 hoc,
1624 1582 1656 1619 o
1704 1565 1889 1632 homo,
1922 1563 2017 1638 qui

408 1632 627 1730 judicas
655 1657 722 1713 de
762 1632 831 1711 iis
874 1656 969 1729 qui
999 1656 1130 1711 talia
1158 1664 1348 1727 agunt,
1395 1662 1449 1710 et
1494 1655 1628 1711 facis
1659 1672 1756 1720 ea;
1801 1632 2019 1727 quia-tu

415 1748 644 1820 effugies
676 1746 954 1819 judicium
994 1746 1145 1801 Dei?
1188 1769 1207 1792 ι
1273 1746 1387 1800 Hoc
1432 1753 1535 1812 est,
1579 1746 1851 1818 numquid
1890 1745 2020 1818 quia

412 1837 516 1894 tibi
538 1853 770 1893 examen
801 1836 991 1891 datum
1027 1842 1107 1891 est
1128 1836 1413 1906 potestatis
1437 1833 1727 1906 judicandi
1761 1835 1827 1890 de
1859 1835 2019 1891 malis

414 1936 470 1984 et
502 1927 728 1999 stupris,
779 1942 906 1982 cum
949 1924 1136 1980 eadem
1169 1941 1312 1997 agas,
1356 1934 1411 1981 et
1457 1942 1567 1980 non
1614 1933 1696 1981 est
1738 1925 1836 1998 qui
1865 1935 1919 1982 te
1950 1925 2018 1981 ad

415 2031 657 2089 praesens
686 2014 923 2086 judicet,
962 2014 1186 2085 effugies
1225 2012 1503 2085 judicium
1546 2015 1696 2070 Dei?
1726 2016 1848 2070 Non
1895 2013 2019 2069 uti-

415 2121 559 2179 que;
600 2105 728 2179 quia
773 2104 821 2160 si
845 2103 1121 2176 judicium
1159 2103 1259 2158 Dei
1291 2104 1348 2158 in
1373 2103 1581 2159 mundo
1611 2103 1857 2171 evasisti,
1889 2102 2020 2175 quia

419 2202 603 2257 omnis
646 2200 762 2256 haec
808 2207 1042 2272 potestas
1082 2207 1135 2255 et
1177 2197 1452 2269 judicium
1484 2196 1552 2252 ab
1598 2213 1661 2252 eo
1701 2205 1802 2261 est,
1847 2196 1903 2251 in
1934 2196 2016 2251 fu-

418 2298 605 2347 turum
646 2305 757 2345 non
805 2289 1000 2345 evades
1050 2287 1190 2359 (63).
1244 2287 1344 2342 Per
1389 2304 1446 2343 se
1491 2285 1640 2341 enim
1666 2284 2019 2357 judicaturus

415 2390 499 2437 est
542 2381 705 2447 Deus,
735 2377 878 2450 apud
910 2393 1071 2450 quem
1102 2385 1277 2433 cessat
1301 2375 1548 2431 adulatio
1569 2382 1624 2430 et
1662 2391 2016 2447 personarum

415 2469 677 2543 acceptio.
701 2472 814 2524 Aut
833 2475 977 2523 certe
1001 2467 1045 2523 si
1063 2466 1279 2538 justum
1299 2466 1469 2521 alicui
1490 2466 1730 2532 videtur,
1749 2473 1811 2520 ut
1832 2464 2018 2536 hujus-

415 2559 562 2629 modi
592 2557 858 2614 immunis
884 2574 915 2612 a
949 2574 1107 2629 paena
1129 2557 1221 2621 sit,
1246 2555 1414 2611 dicat.
1448 2554 1607 2622 Quod
1631 2553 1677 2610 si
1702 2553 1914 2625 justum
1938 2562 2020 2611 est

415 2655 477 2704 ut
506 2665 615 2704 non
646 2648 861 2715 evadat,
885 2646 1073 2702 credat
1090 2648 1267 2701 Deum
1284 2644 1664 2716 judicaturum
1690 2663 1703 2713 ;
1725 2653 1785 2701 ut
1800 2652 1853 2700 et
1873 2644 2020 2716 quod

411 2735 619 2809 justum
649 2752 765 2793 esse
779 2735 994 2807 judicat
1019 2750 1213 2790 verum
1236 2734 1329 2801 sit,
1358 2742 1412 2788 et
1431 2734 1746 2805 impleatur,
1769 2742 1823 2787 et
1844 2734 2020 2787 Deum

417 2828 761 2885 conditorem
824 2824 1021 2881 mundi
1066 2823 1422 2895 providenter
1469 2830 1523 2876 et
1576 2822 1791 2877 curiose
1841 2820 2021 2893 Operis

420 2916 508 2971 sui
567 2916 765 2970 merita
816 2913 1095 2986 requirere
1153 2913 1409 2966 fateatur.
1463 2910 1519 2966 Si
1576 2911 1723 2966 enim
1779 2910 1909 2967 fecit
1968 2919 2022 2967 et

417 3003 672 3073 negligit,
725 3004 903 3058 malus
952 3002 1138 3071 opifex
1191 3000 1444 3066 dicitur;
1485 3001 1616 3072 quia
1657 3016 1752 3071 per
1791 3000 1847 3055 id
1873 3001 2019 3072 quod

415 3092 667 3164 negligit,
715 3108 826 3146 non
867 3091 1013 3145 bona
1060 3107 1115 3144 se
1145 3090 1358 3157 fecisse,
1392 3106 1511 3162 quae
1555 3089 1705 3158 fecit,
1740 3090 2015 3156 ostendit;

415 3183 511 3239 sed
539 3182 668 3255 quia
711 3181 856 3236 bona
899 3178 1091 3235 fecisse
1122 3178 1307 3249 negari
1340 3194 1451 3232 non
1490 3186 1668 3251 potest
1701 3179 2017 3251 (indignum

414 3282 496 3330 est
528 3288 673 3328 enim
702 3279 756 3328 et
782 3270 1144 3343 improbabile
1162 3270 1372 3324 bonum
1394 3271 1539 3325 mala
1566 3269 1806 3341 fecisse),
1829 3286 2015 3326 curam

413 3378 603 3419 eorum
649 3378 868 3419 necesse
897 3369 978 3417 est
1020 3370 1081 3416 ut
1128 3360 1347 3416 dicatur
1392 3376 1587 3433 agere;
1630 3361 1761 3433 quia
1810 3367 2017 3415 contu-

413 3454 578 3508 melia
622 3450 740 3523 ejus
784 3452 890 3508 erit
934 3459 987 3506 et
1035 3450 1335 3517 accusatio,
1386 3450 1434 3505 si
1468 3451 1739 3505 bonorum
1787 3466 1819 3505 a
1855 3466 1910 3505 se
1941 3449 2016 3505 fa-

412 3558 628 3605 ctorum
662 3547 944 3618 negligens
977 3545 1307 3613 inducatur;
1350 3544 1551 3617 quippe
1580 3561 1703 3600 cum
1730 3542 1848 3616 ejus
1878 3553 2018 3601 nutu

415 3652 479 3693 ac
509 3635 858 3708 providentia
886 3634 1003 3689 vita
1032 3634 1147 3705 ipsa
1182 3641 1518 3688 sustentetur
1549 3633 1854 3689 ministerio
1897 3635 2018 3688 ele-

416 3732 752 3792 mentorum,
796 3724 938 3780 sicut
983 3722 1096 3795 ipse
1134 3722 1406 3778 Dominus
1435 3722 1608 3779 dicit:
1666 3746 1683 3770 ε
1710 3723 1813 3791 Qui
1844 3725 2017 3779 solem

417 3830 578 3870 suum
606 3812 740 3869 oriri
786 3813 920 3868 facit
947 3828 1110 3884 super
1136 3812 1310 3869 bonos
1350 3822 1404 3869 et
1436 3812 1629 3881 malos,
1670 3820 1723 3869 et
1751 3818 1845 3875 3’7
1876 3812 2019 3885 pluit

417 3926 580 3982 super
606 3908 786 3982 justos
814 3918 870 3967 et
916 3908 1151 3981 injustos
1190 3910 1406 3980 (Matth.
1435 3927 1490 3978 v,
1525 3909 1640 3983 45).
1679 3936 1697 3959 ι
1754 3912 1860 3978 Qui
1890 3925 2017 3979 ergo

416 4008 639 4073 praestat
693 4016 904 4068 curam,
956 4015 1067 4055 non
1116 3999 1228 4072 agit
1289 4015 1612 4056 conservare
1663 3999 1811 4073 quod
1861 3998 2015 4067 fecit,

415 4100 479 4148 ut
538 4101 785 4150 amantes
858 4108 914 4148 se
986 4101 1320 4162 remuneret,
1392 4103 1816 4166 spernentesque
1888 4107 2014 4148 con-

415 4181 639 4240 demnet
657 4183 686 4239 ?

489 4271 674 4346 (Vers.
693 4272 776 4346 4.)
821 4298 839 4320 ι
859 4275 945 4329 An
974 4273 1197 4331 divitias
1216 4274 1482 4332 bonitatis
1502 4273 1640 4346 ejus,
1661 4280 1716 4329 et
1735 4273 2014 4345 patientia;

415 4374 471 4421 et
537 4365 969 4437 longanimitatis
1033 4368 1361 4436 contemnis,
1430 4368 1688 4437 ignorans
1752 4365 2013 4437 quoniam

414 4454 635 4512 bonitas
676 4456 775 4512 Dei
824 4456 891 4513 ad
942 4458 1321 4531 pcenitentiam
1376 4465 1429 4512 te
1476 4453 1784 4527 provocat?
1814 4478 1831 4500 ι
1885 4454 2065 4531 Haec,

414 4544 572 4614 dicit,
603 4554 665 4602 ut
693 4562 803 4602 non
825 4545 938 4618 jam
970 4564 1025 4604 se
1060 4557 1215 4620 putet
1240 4545 1499 4609 evasisse,
1526 4545 1572 4599 si
1603 4544 1764 4599 illum
1793 4540 2011 4599 bonitas

413 4635 514 4691 Dei
536 4636 743 4708 patitur
755 4637 853 4693 diu
875 4647 1188 4710 peccantem
1218 4656 1230 4693 :
1262 4651 1364 4691 nec
1376 4633 1696 4705 patientiam
1720 4629 1839 4702 ejus
1858 4642 2012 4704 putet

489 4850 605 4924 (63)
646 4851 745 4908 Ms.
794 4852 982 4919 Corb.,
1033 4851 1151 4924 Non
1186 4849 1301 4901 vult
1328 4845 1612 4924 hujus__rei
1646 4845 2012 4917 impunitatem

412 4923 479 4979 ab
500 4919 592 5000 his
613 4941 850 5000 sperare,
882 4925 1010 5000 quia
1031 4921 1287 5000 injustam
1316 4925 1391 5000 est
1418 4919 1845 5000 quibusexamen
1865 4927 2008 5000 pote-

414 4998 565 5050 statis
595 4990 777 5050 datum
802 4990 965 5048 est—de
991 4992 1149 5046 matis
1174 4992 1252 5045 vel
1281 4991 1481 5062 stupris
1519 4990 1822 5059 hujusmodi
1845 4990 2010 5060 judi-

413 5083 553 5135 care,
592 5084 709 5121 cum
738 5066 844 5118 sint
889 5065 1036 5135 tales,
1060 5063 1319 5135 elfugere.
1354 5062 1491 5130 Quia
1533 5064 1578 5117 si
1615 5064 1771 5131 deest,
1815 5063 2007 5135 inquit,

414 5138 486 5193 ad
508 5130 741 5209 praesens
766 5135 858 5209 qui
886 5134 948 5209 de
987 5130 1262 5209 tejudicct,
1293 5136 1513 5205 effugere
1552 5142 1721 5190 tamen
1742 5130 2010 5204 judicium

413 5202 647 5264 Dei-non
679 5202 880 5272 potiaris
910 5204 967 5257 in
993 5202 1197 5272 futuro.

491 5279 619 5353 (64)
642 5273 772 5332 Mss.
818 5274 1050 5353 Remig,
1095 5273 1294 5353 Corb.,
1327 5275 1540 5353 Thuan.
1567 5277 1864 5353 _et_-Colb.,
1901 5293 2010 5331 non

414 5346 725 5423 credidisse,
749 5346 842 5423 qui
877 5349 946 5423 ut
973 5351 1223 5401 terrorem
1262 5346 1439 5417 futuri
1477 5348 1675 5423 judicii
1696 5350 1803 5423 (sui
1830 5354 2010 5423 esten:-

412 5421 577 5485 τιον-ει,
610 5423 659 5470 et
684 5419 996 5486 patientiam
1040 5434 1145 5472 non
1172 5422 1616 5485 contemnendam,
1647 5421 1727 5477 ait
1757 5439 1769 5476 :
1825 5419 2006 5487 Tacui,

417 5487 679 5570 numquid
707 5501 907 5570 semper
950 5489 1521 5570 tacebatffujusinodi
1548 5492 1768 5570 ergo__in
1800 5490 2009 5570 judicio

412 5553 621 5631 positus
669 5556 784 5631 sine
809 5553 1005 5631 Tracta
1045 5553 1327 5631 paenitebit,
1376 5562 1557 5616 videns
1591 5553 1857 5630 iudiciuin
1887 5561 2005 5628 Dei,

417 5625 560 5699 quod
597 5625 826 5696 negavit,
872 5625 1159 5695 futurum;
1196 5639 1256 5686 ut
1291 5625 1381 5687 nec
1416 5625 1672 5701 pudorem
1715 5632 1901 5687 habeat
1925 5625 2009 5684 de-

2051 1772 2095 1831 B

2050 3137 2093 3198 C

2043 4505 2092 4563 D

2124 489 2396 563 intelligat
2424 500 2609 546 autem
2642 490 2764 545 ideo
2803 505 2834 544 a
2879 505 2935 545 se
2978 487 3335 555 dissimulari,
3366 490 3498 562 quia
3534 505 3655 544 non
3684 489 3743 545 in

2124 580 2226 635 hac
2256 580 2371 635 vita
2393 578 2667 651 judicium
2702 579 2798 634 Dei
2828 579 3159 650 promissum
3184 585 3265 633 est
3288 577 3565 645 futurum,
3600 578 3741 634 utin

2126 680 2358 727 ventura
2387 651 2504 725 viia
2533 670 2796 742 poeniteat
2827 668 2985 723 illum
3010 667 3254 740 judicent
3284 669 3460 723 Deum
3486 684 3601 723 non
3625 685 3741 725 cre-

2126 759 2330 815 didisse
2363 759 2483 830 (64)
2516 779 2526 815 :
2563 760 2619 815 in
2648 775 2809 831 poena
2838 758 2985 813 enim
3018 759 3231 830 positus
3259 757 3377 812 sine
3408 757 3596 813 fructu
3630 774 3742 830 pm-

2128 850 2395 916 nitentiaa,
2450 849 2775 920 paenitebit;
2835 846 2966 919 quia
3010 864 3119 902 non
3166 845 3405 902 credidit
3447 844 3739 916 judicium

2127 939 2246 1005 Dei,
2276 938 2423 1011 quod
2453 938 2607 994 videt
2637 954 2848 992 verum.
2886 937 3109 992 Necesse
3141 944 3222 991 est
3266 934 3411 990 enim
3455 942 3516 989 ut
3549 935 3741 991 acrius

2127 1029 2469 1097 emendetur,
2554 1030 2668 1084 imo
2744 1029 2921 1101 poenis
2988 1028 3323 1100 perennibus
3385 1034 3735 1099 torqueatur,

2127 1135 2288 1192 quem
2320 1119 2601 1192 patientiae
2633 1119 3025 1191 longanimitas
3053 1135 3164 1174 non
3195 1116 3530 1174 emendavit.
3569 1116 3737 1175 Seve-

2126 1208 2249 1263 rissi
2259 1224 2342 1262 me
2372 1209 2635 1282 loquitur,
2659 1208 2839 1265 sciens
2860 1208 3159 1279 malignam
3178 1215 3418 1265 mentem
3438 1222 3553 1263 non
3574 1223 3739 1280 posse

2128 1297 2235 1352 nisi
2266 1296 2462 1351 timore
2490 1314 2521 1352 a
2550 1296 2705 1354 vitiis
2733 1297 2894 1354 facile
2924 1296 3191 1353 revocari.

2201 1386 2383 1459 (Vers.
2417 1387 2473 1455 5,
2509 1387 2591 1458 6.)
2640 1410 2658 1434 ι
2690 1387 3004 1444 Secundum
3033 1386 3296 1443 duritiam
3341 1396 3523 1445 autem
3555 1398 3735 1459 tuam,

2126 1484 2179 1531 et
2218 1471 2569 1548 impaenitens
2606 1494 2700 1533 cor
2728 1477 3065 1534 thezaurizas
3104 1475 3205 1533 tibi
3235 1476 3374 1532 iram
3400 1477 3458 1533 in
3487 1477 3580 1535 die
3613 1480 3736 1550 iras,

2127 1574 2180 1621 et
2210 1566 2564 1623 revelationis
2599 1566 2739 1639 justi
2766 1565 2966 1639 judicii
3000 1565 3124 1633 Dei,
3154 1565 3250 1639 qui
3281 1565 3473 1623 reddet
3499 1567 3738 1627 unicui-

2127 1672 2231 1728 que
2267 1656 2571 1712 secundum
2619 1673 2785 1729 opera
2834 1673 2950 1713 sua.
2992 1682 3010 1705 ι
3067 1655 3459 1727 Impunitatem
3508 1673 3739 1730 sperans

2126 1756 2494 1818 peccatorum,
2553 1763 2665 1802 non
2724 1748 2902 1803 solum
2962 1746 3125 1803 durat
3182 1745 3630 1806 inconvertibilis
3681 1756 3741 1805 et

2129 1836 2496 1893 intractabilis
2530 1854 2794 1894 manens:
2846 1836 2941 1894 sed
2984 1836 3168 1893 adhuc
3214 1834 3470 1893 acerbius
3518 1846 3733 1908 peccat,

2128 1942 2352 1983 securus
2378 1927 2526 2000 quod
2569 1944 2683 1984 non
2729 1927 2801 1984 sit
2829 1926 2973 1984 ultio
3009 1926 3215 1995 futura,
3251 1942 3346 1983 cor
3382 1924 3592 1983 habens
3616 1928 3737 1983 im-

2127 2017 2421 2089 posnitens,
2480 2017 2739 2088 ignorans
2793 2018 2923 2091 quia
2968 2016 3107 2074 iram
3162 2016 3268 2074 sibi
3322 2027 3619 2090 congregat
3672 2017 3737 2073 in

2128 2111 2219 2167 die
2241 2112 2355 2167 irae.
2387 2110 2616 2167 Necesse
2649 2117 2731 2167 est
2760 2109 2908 2165 enim
2925 2111 3144 2167 saeviori
3176 2125 3337 2184 paena
3354 2121 3415 2167 ut
3435 2110 3734 2182 plectatur,

2128 2199 2241 2258 imo
2281 2202 2517 2258 ﬂammis
2568 2200 2903 2273 perennibus
2943 2209 3281 2276 torqueatur,
3316 2201 3410 2274 qui
3442 2200 3605 2273 longa
3632 2200 3735 2258 Dei

2128 2291 2396 2364 patientia
2434 2308 2545 2348 non
2576 2292 2753 2347 solum
2785 2308 2841 2348 se
2871 2292 3160 2348 emendare
3186 2292 3386 2359 noluit,
3417 2289 3511 2347 sed
3550 2290 3736 2349 adhuc

2127 2382 2333 2438 addens
2371 2382 2439 2438 ad
2488 2388 2865 2454 contemptum
2915 2382 3266 2453 exaggeravit
3310 2389 3551 2454 peccata.
3601 2381 3735 2439 Dies

2131 2473 2224 2527 irze
2256 2482 2336 2529 est
2366 2472 2768 2544 peccatoribus,
2818 2490 2927 2546 quo
2957 2473 3284 2545 punientur;
3316 2471 3441 2529 ideo
3477 2472 3614 2544 ipsis
3651 2481 3735 2529 est

2128 2562 2230 2631 ira,
2260 2562 2390 2635 quia
2430 2562 2547 2633 (65)
2595 2562 2842 2619 sentiunt
2883 2580 3097 2635 pcenam
3148 2564 3206 2618 in
3253 2562 3344 2619 die
3374 2562 3733 2619 revelationis

2122 2648 2262 2720 justi
2297 2649 2493 2721 judicii
2527 2650 2646 2706 Dei.
2682 2652 3035 2708 Revelabitur
3062 2652 3231 2719 enim,
3267 2651 3322 2707 id
3360 2658 3442 2707 est
3473 2667 3733 2722 agnosce-

2129 2746 2239 2807 tur,
2268 2739 2415 2813 quod
2450 2739 2612 2795 modo
2649 2739 2899 2796 futurum
2931 2750 3196 2811 negatur;
3231 2740 3463 2812 ideoque
3488 2756 3618 2796 cum
3649 2757 3732 2796 os-

2130 2828 2395 2897 tenditur,
2455 2829 2604 2901 quod
2651 2845 2764 2885 non
2808 2846 2922 2885 esse
2972 2830 3238 2896 creditur,
3287 2832 3587 2885 revelatur.
3634 2828 3732 2884 His

2128 2917 2274 2972 enim
2305 2917 2635 2986 ostenditur,
2665 2920 2757 2991 qui
2795 2927 3012 2988 negant,
3047 2917 3192 2990 quod
3239 2916 3595 2974 credentibus
3620 2932 3732 2973 ma-

2129 3010 2388 3065 nifestum
2431 3017 2550 3077 est;
2603 3016 2665 3064 ut
2706 3008 3073 3064 confiteantur
3116 3005 3282 3062 etiam
3314 3006 3479 3062 inviti
3512 3007 3727 3079 justum

2121 3100 2396 3172 judicium
2469 3101 2590 3168 Dei,
2645 3116 2772 3155 cum
2822 3097 3122 3169 unicuique
3176 3096 3367 3154 reddet
3421 3098 3724 3155 secundum

2127 3207 2292 3262 opera
2344 3209 2459 3248 sua.
2519 3189 2801 3263 Numquid
2850 3205 2960 3244 non
3028 3187 3145 3244 hinc
3193 3186 3518 3244 fatebuntur
3578 3189 3727 3261 juste

2127 3281 2246 3337 ﬁeri
2279 3282 2417 3353 (66),
2446 3298 2571 3339 cum
2600 3279 2841 3337 viderint
2870 3279 3016 3334 mala
3042 3277 3281 3335 invicem
3312 3277 3455 3336 facta
3482 3278 3729 3336 ulcisci?

2202 3372 2382 3441 (Vers.
2409 3372 2486 3443 7.)
2528 3397 2545 3419 ι
2566 3372 2639 3427 Iis
2668 3370 2762 3443 qui
2784 3368 3082 3426 secundum
3107 3367 3427 3440 patientiam
3450 3368 3581 3424 boni
3603 3384 3726 3442 ope-

2128 3461 2226 3529 ris,
2244 3462 2472 3532 gloriam
2498 3470 2551 3516 et
2577 3460 2863 3525 honorem,
2888 3469 2941 3514 et
2964 3458 3457 3530 incorruptionem,
3479 3474 3727 3531 quaeren-

2126 3551 2274 3607 tibus
2295 3552 2463 3605 vitam
2479 3559 2782 3605 aeternam»
2817 3548 3089 3614 Quoniam
3099 3547 3373 3619 judicium
3396 3550 3496 3606 Dei
3510 3549 3727 3621 justum

2126 3639 2478 3713 praedicatum
2504 3644 2603 3705 est,
2636 3636 2795 3708 quale
2824 3645 3006 3693 autem
3028 3637 3190 3693 bonis
3218 3638 3467 3695 futurum
3494 3646 3597 3709 est,
3619 3639 3729 3695 de-

2126 3731 2357 3788 claravit
2387 3730 2504 3801 (67)
2534 3748 2544 3785 :
2570 3728 2670 3784 hos
2699 3729 2837 3785 dicit
2857 3730 2974 3803 qui,
3004 3730 3324 3802 patientiam
3346 3732 3445 3788 Dei
3466 3734 3723 3803 scientes,

2126 3820 2324 3894 partim
2342 3818 2410 3875 ad
2424 3818 2846 3891 correptionem,
2865 3819 3062 3891 partim
3085 3820 3153 3877 ad
3174 3820 3434 3894 majorem
3450 3822 3727 3878 ultionem

2127 3927 2237 3966 non
2262 3927 2318 3966 se
2338 3909 2732 3982 corrigentium
2763 3910 3047 3983 protelari,
3078 3911 3327 3984 priorum
3356 3927 3584 3985 operum
3606 3928 3726 3985 po)-

2126 4001 2363 4057 nitentes
2399 4000 2537 4057 bene
2574 4010 2882 4070 versantur,
2915 4000 3041 4058 freti
3080 4000 3283 4058 ﬁducia
3311 4000 3440 4058 ﬁdei
3469 4020 3483 4070 ;
3525 4018 3596 4057 ne
3626 4001 3728 4058 diu

2126 4091 2217 4147 hic
2239 4091 2404 4164 positi
2441 4091 2705 4147 damnum
2746 4090 3031 4148 incurrant
3070 4092 3353 4165 promissas
3373 4092 3525 4148 vitae.
3556 4091 3726 4148 Dabit

2124 4196 2251 4252 ergo
2297 4180 2375 4236 eis
2434 4203 2453 4226 «
2484 4180 2711 4251 gloriam
2762 4188 2816 4237 et
2853 4179 3193 4238 honorem».
3236 4181 3308 4238 Et
3354 4196 3425 4238 ne
3465 4196 3579 4236 non
3616 4180 3725 4238 hoc

2123 4271 2283 4327 valde
2335 4266 2594 4343 magnum
2639 4270 2705 4327 ad
2753 4271 3216 4344 comparationem
3260 4271 3546 4344 prasentis
3590 4272 3723 4329 vitae

2123 4360 2425 4430 videretur,
2454 4360 2583 4434 quia
2611 4366 2666 4416 et
2701 4358 2793 4415 hic
2823 4360 3045 4432 gloriosi
3067 4359 3329 4417 videntur
3356 4368 3410 4417 et
3437 4360 3717 4430 honorati,

2123 4449 2323 4521 adjecit
2364 4469 2376 4507 :
2434 4473 2453 4497 ι
2506 4450 2575 4506 Et
2633 4448 3125 4521 incorruptionem,
3171 4475 3190 4499 ι
3264 4456 3325 4506 ut
3373 4465 3443 4505 ex
3498 4466 3562 4506 eo
3611 4449 3720 4507 alia

2124 4538 2297 4611 gloria
2344 4548 2399 4596 et
2427 4541 2564 4596 alter
2596 4539 2774 4595 honor
2818 4539 3239 4611 intelligeretur,
3269 4539 3488 4613 quando
3523 4540 3718 4597 incor-

2120 4628 2304 4701 ruptio
2332 4629 2497 4685 simul
2528 4628 2904 4685 comitabitur.
2950 4630 3013 4685 In
3051 4629 3307 4702 praesenti
3353 4628 3501 4684 enim
3542 4628 3718 4685 honor

2115 4845 2543 4921 peccanditquia
2571 4845 3017 4916 tonganimilatem
3048 4845 3298 4901 bonitatis
3315 4845 3415 4902 Dei
3435 4845 3711 4902 ridendum

2114 4918 2343 4991 putavit.
2378 4918 2621 4991 Necesse,
2641 4926 2745 4991 etc.

2194 4991 2309 5059 (65)
2350 4992 2505 5044 Rom.
2540 4989 2695 5057 edit.,
2728 4988 2841 5043 ideo
2876 4988 3038 5058 lapsis
3079 4995 3152 5044 est
3179 4988 3287 5056 ira,
3319 4988 3431 5058 qui,
3472 4998 3576 5045 etc.
3608 4988 3711 5046 Se-

2119 5062 2309 5133 quenti
2341 5070 2520 5116 autem
2562 5076 2724 5115 versu
2748 5077 2848 5116 ms.
2872 5059 3090 5133 Remig.
3126 5066 3181 5133 et
3199 5059 3360 5115 Corb.
3386 5060 3504 5117 haec
3527 5060 3705 5115 effert:

2118 5129 2552 5202 Mani/estabitur
2579 5138 2717 5187 enim
2746 5131 2886 5203 quod
2928 5129 3355 5203 modo/utinam
3383 5139 3625 5203 negatur,
3655 5137 3710 5185 ut

2117 5200 2464 5275 conﬁteantur
2491 5205 2646 5259 etiam
2677 5200 2828 5258 inuiti
2847 5200 3055 5275 justum
3073 5200 3340 5270 judicium
3372 5200 3492 5275 Dei,
3521 5204 3709 5258 viden-

2120 5282 2191 5331 tes
2215 5273 2370 5331 reddi
2400 5276 2679 5345 unicuique
2720 5273 3003 5346 secundum
3044 5289 3205 5345 opera
3250 5290 3368 5329 sua.
3402 5274 3480 5330 Iis
3504 5275 3709 5346 quidem

2117 5347 2209 5416 qui
2236 5348 2513 5402 secundum
2540 5345 2869 5419 patientiam,
2903 5352 3007 5419 etct

2214 5420 2306 5489 66)
2341 5415 2603 5475 Nonnulli
2627 5434 2785 5489 mss.,
2807 5433 2915 5471 non
2939 5416 3241 5486 eﬂabuntur
3258 5415 3403 5489 juste
3427 5417 3570 5489 ﬁeri.

2215 5486 2322 5571 67)“
2350 5491 2508 5571 Rom.
2558 5489 2732 5571 edit.,.
2757 5487 2966 5571 justum
2991 5488 3338 5571 .prtedieavit,
3383 5486 3524 5544 nunc
3554 5486 3710 5560 quale

2117 5558 2264 5615 bonis
2289 5558 2536 5629 futurum
2571 5567 2665 5631 est,
2697 5561 2956 5627 declarat,
2982 5558 3050 5616 iis
3073 5560 3329 5615 videlicet.
