3932 6210
160 282 233 338 69
1271 278 1634 336 COMMENT.
1676 278 1744 333 IN
1784 278 1999 334 EPIST.
2040 281 2135 333 AD
2175 281 2340 336 HOM.
3425 283 3493 340 70

161 409 252 465 vel
283 407 458 480 gloria
486 408 804 481 frequenter
832 405 1110 463 amittitur
1140 424 1155 474 ;
1203 405 1333 479 quia
1378 404 1763 477 corruptibilis
1786 408 1833 468 Α
1865 403 2010 475 apud
2036 404 2231 460 Deum.
2266 430 2282 450 ι
2333 405 2601 473 Quoniam
2632 405 2873 463 ostendit
2901 405 3155 462 Judaeum
3188 406 3311 462 sive
3330 407 3481 464 Grte.

161 508 245 555 est
272 497 369 571 qui
398 497 512 564 dat,
544 505 599 554 et
626 496 775 570 quod
794 496 911 566 dat,
939 505 994 553 et
1022 495 1121 569 qui
1150 496 1390 568 accipit;
1424 496 1483 551 in
1503 495 1593 551 die
1613 496 1761 552 enim

156 586 361 659 judicii
408 586 506 643 Dei
565 585 1007 658 incorruptibilis
1046 584 1161 657 jam
1209 584 1431 641 dabitur
1484 584 1663 641 honor
1711 592 1767 641 et

165 676 362 749 gloria,
394 684 455 731 ut
484 676 598 731 sint
625 682 742 730 tota
766 682 973 730 aaterna
1004 674 1120 746 (68)
1156 692 1167 729 ε
1210 674 1328 745 ipsa
1376 673 1522 730 enim
1564 674 1766 745 gloriﬁ-

165 766 387 823 cabitur
424 765 754 832 substantia,
814 763 1047 837 quadam
1097 764 1483 821 immutatione
1531 765 1767 820 merito-

164 872 312 912 rum.
370 856 437 912 Hi
482 872 613 927 ergo
666 860 923 926 quaerunt
977 853 1145 909 vitam
1192 862 1471 922 aeternam,
1518 855 1613 927 qui
1659 870 1769 911 non

166 947 348 1003 solum
377 945 539 1001 bona;
574 943 931 1016 professionis
959 951 1107 1010 sunt,
1139 942 1233 998 sed
1262 950 1315 998 et
1345 943 1493 999 vita).

242 1046 429 1117 (Vers.
458 1046 542 1114 8.)
600 1071 617 1091 ι
651 1044 723 1100 Iis
754 1060 883 1099 vero
927 1042 1019 1114 qui
1069 1058 1133 1096 ex
1166 1043 1540 1109 contentione,
1583 1049 1636 1098 et
1675 1043 1770 1114 qui

166 1131 436 1189 difﬁdunt
464 1135 708 1203 veritati,
743 1135 1007 1191 obedinnt
1046 1143 1227 1191 antem
1260 1135 1562 1208 iniquitati,
1611 1134 1692 1190 ira
1719 1144 1773 1191 et

169 1225 506 1297 indignatio,
540 1228 823 1283 tribulatio
850 1234 903 1282 et
930 1228 1204 1299 angustia,
1242 1253 1259 1273 ι
1314 1227 1418 1284 hoc
1447 1234 1528 1283 est
1578 1227 1774 1282 iterata

169 1317 446 1386 angustia.
496 1315 816 1374 Diﬂidentes
865 1316 931 1372 de
983 1316 1171 1372 futuro
1236 1318 1333 1373 Dei
1400 1316 1617 1388 judicio
1679 1331 1773 1387 per

168 1406 479 1476 Christum,
511 1424 613 1464 nac
651 1425 743 1479 per
774 1409 877 1466 hoc
895 1417 951 1466 et
981 1409 1306 1481 patientiam
1336 1415 1768 1475 contemnentes,

168 1496 515 1555 contendunt
536 1514 802 1557 evacnare
824 1500 986 1564 illud.
1009 1517 1137 1557 cum
1159 1500 1232 1556 sit
1263 1516 1452 1558 verum
1475 1507 1530 1555 et
1553 1498 1769 1555 stabile.

184 1612 203 1636 ι
233 1588 480 1646 Credunt
518 1596 702 1645 autem
744 1588 1059 1662 iniquitati;
1093 1614 1111 1638 ι
1174 1590 1440 1663 iniquitas
1487 1598 1571 1647 est
1623 1589 1772 1645 enim

174 1693 370 1749 negare
426 1677 575 1750 quod
631 1678 778 1733 Deus
835 1678 1082 1736 futurum
1142 1680 1420 1753 predixit.
1474 1680 1601 1736 Tria
1645 1695 1775 1752 ergo

1871 515 1996 555 cum
2015 515 2128 554 non
2156 499 2361 571 despici
2382 517 2414 556 a
2432 503 2565 569 Deo,
2591 500 2638 557 si
2660 508 2846 559 tamen
2868 502 3058 560 credat
3082 502 3141 558 in
3167 501 3476 571 Christum,

1875 591 1969 646 sed
1997 599 2221 662 accepto
2249 591 2379 647 ferri
2410 592 2676 649 ambobus
2702 593 2980 665 justitiam
3030 593 3159 650 ﬁdei
3188 612 3202 661 ;
3235 594 3315 651 sic
3363 594 3480 651 ite-

1878 697 2001 736 rum
2051 697 2162 736 non
2222 681 2503 737 credentes
2552 683 2755 753 pariter
2795 700 2918 741 reos
2965 700 3102 750 esse,
3147 684 3277 757 quia
3306 684 3480 756 magis

1880 770 2061 826 oberit
2090 770 2446 827 circumcisio
2472 770 2589 825 sine
2620 770 2746 838 ﬁde,
2787 782 2841 828 et
2871 774 3115 844 proderit
3144 773 3477 846 praaputium

1879 875 1977 931 per
2006 858 2209 915 ﬁdem:
2245 876 2308 915 ac
2337 875 2431 930 per
2484 858 2589 915 hoc
2618 860 2775 915 docet
2817 877 3170 931 personarum
3219 871 3482 936 accepto-

1884 964 1999 1003 rem
2030 950 2203 1005 Deum
2238 965 2348 1005 non
2377 964 2514 1004 esse.
2546 948 2657 1004 Nec
2685 949 2833 1004 enim
2876 952 3290 1023 praerogativam
3325 969 3480 1024 gene-

1882 1036 1960 1091 ris
1998 1038 2272 1111 sequitur,
2304 1045 2365 1093 ut
2394 1036 2738 1093 diﬂi'lentem
2770 1038 3034 1109 suscipiat
3055 1056 3219 1095 causa
3241 1049 3481 1111 patrum,

1884 1132 1981 1180 aut
2018 1126 2330 1183 credentem
2366 1125 2593 1198 abjiciat
2642 1143 2673 1181 a
2710 1142 2767 1181 se
2826 1134 3049 1199 propter
3098 1127 3484 1200 indignitatem

1890 1225 2221 1288 parentum;
2272 1216 2366 1273 sed
2412 1232 2862 1290 unumquemque
2909 1217 3132 1290 proprio
3167 1218 3366 1275 merito
3394 1225 3488 1274 aut

1886 1318 2203 1365 remunerat
2229 1318 2324 1365 ant
2349 1309 2700 1366 condemnat.

1956 1409 2139 1481 (Vers.
2180 1408 2293 1473 12.)
2343 1432 2361 1456 ι
2385 1407 2714 1481 Quicunque
2742 1407 2890 1463 enim
2921 1408 3041 1464 sine
3070 1409 3187 1481 lege
3232 1425 3487 1482 peccave-

1880 1506 2033 1564 runt,
2063 1498 2182 1554 sine
2210 1498 2326 1569 lege
2344 1506 2399 1554 et
2431 1497 2706 1569 peribunt.
2740 1523 2759 1545 ι
2801 1496 3090 1565 Quomodo
3131 1506 3311 1571 potest
3368 1501 3489 1557 sine

1883 1588 2000 1659 lege
2035 1587 2272 1659 peccari,
2303 1604 2431 1645 cum
2460 1603 2653 1644 omnes
2700 1588 2869 1643 simul
2915 1587 3125 1643 subditi
3165 1589 3338 1645 simus
3381 1589 3489 1662 legi

1883 1677 2174 1733 naturali?
2204 1676 2310 1733 Sed
2339 1678 2407 1733 de
2451 1677 2659 1748 Moysis
2699 1678 2814 1747 lege
2869 1676 3027 1745 dicit,
3061 1678 3153 1733 cui
3190 1677 3365 1733 Judaei
3394 1676 3489 1734 ob-

174 1768 284 1825 alia
334 1768 519 1840 posuit
565 1766 946 1825 incredulitati
1012 1770 1307 1844 condigna,
1355 1771 1580 1827 dicens:
1647 1795 1665 1818 α
1696 1772 1781 1827 Ira
1814 1768 1855 1829 Β
1885 1766 2043 1823 noxii
2073 1774 2223 1833 sunt,
2266 1765 2395 1821 dum
2423 1781 2535 1821 non
2564 1764 2840 1832 credunt;
2890 1780 3104 1822 necnon
3134 1774 3189 1822 et
3234 1767 3487 1839 gentiles,

174 1864 230 1913 et
259 1856 590 1929 indignatio,
636 1866 694 1914 et
739 1860 1013 1931 angustia.
1049 1884 1068 1907 ι
1128 1861 1214 1916 Ira
1265 1867 1349 1917 est
1399 1860 1547 1916 enim
1580 1876 1691 1916 non
1725 1859 1777 1916 ei

176 1945 273 2019 qui
309 1944 544 2017 judicat,
600 1944 697 2003 sed
749 1947 832 2002 illi
875 1947 970 2019 qui
999 1946 1304 2019 judicatur,
1345 1947 1477 2004 dum
1524 1948 1588 2004 ﬁt
1629 1965 1776 2006 reus.

177 2042 344 2099 Irasci
373 2042 521 2099 enim
551 2042 761 2100 dicitur
787 2046 953 2114 Deus,
987 2052 1050 2101 ut
1080 2045 1464 2103 vindicaturus
1483 2046 1774 2116 credatur;

176 2154 308 2194 nam
354 2137 455 2193 Dei
504 2146 700 2194 natura
747 2138 814 2195 ab
841 2139 953 2225 his‘
981 2141 1326 2212 passionibus
1375 2142 1643 2199 immunis
1675 2151 1773 2200 est.

176 2227 252 2283 Et
289 2232 491 2281 utnon
528 2227 707 2282 solum
739 2228 918 2296 irasci,
956 2229 1051 2285 sed
1078 2237 1132 2286 et
1174 2230 1458 2289 vindicare
1501 2232 1776 2303 credatur,

178 2314 422 2388 adjecit:
470 2340 487 2363 ι
524 2316 595 2371 Et
636 2316 983 2389 indignatio;
1028 2345 1045 2366 ο
1106 2320 1415 2393 indignatio
1463 2329 1566 2390 est,
1614 2338 1778 2395 quam

180 2412 420 2470 addento
492 2410 589 2468 38
652 2430 816 2487 super
863 2415 1026 2485 iram,
1085 2415 1347 2489 injuriam
1390 2436 1545 2475 suam
1603 2421 1777 2476 Deum

183 2505 595 2562 vindicaturum
628 2506 920 2579 signiﬁcat.
953 2509 1225 2579 Augustin:
1244 2526 1375 2565 vero
1400 2518 1552 2580 sunt,
1581 2511 1781 2584 quibus

183 2604 455 2660 sententia
479 2604 810 2661 constrictus
838 2605 1199 2662 tribulabitur
1230 2608 1288 2664 in
1323 2625 1499 2681 paena.

258 2701 441 2773 (Vers.
481 2701 563 2773 9.)
610 2725 628 2748 ι
658 2701 832 2775 Super
859 2719 1078 2759 omnem
1108 2705 1347 2762 animam
1384 2707 1629 2765 hominis
1657 2727 1780 2783 ope-

183 2790 363 2847 rantis
412 2792 641 2848 malum.
698 2816 716 2839 -
780 2793 841 2847 In
883 2792 989 2850 hoc
1036 2810 1199 2866 opere
1249 2812 1361 2852 non
1418 2798 1597 2854 solum
1640 2800 1781 2856 facta

181 2878 480 2952 signiﬁcat,
528 2879 622 2936 sed
666 2889 721 2935 et
771 2879 1013 2953 perﬁdia:
1045 2883 1458 2954 professionem.
1499 2888 1576 2943 De
1606 2887 1780 2945 incre-

180 2970 320 3027 dulo
353 2970 499 3026 enim
529 2969 702 3039 dicit;
736 2979 790 3027 et
812 2971 934 3028 ideo
955 2989 1117 3045 super
1136 2975 1376 3031 animam
1399 2977 1565 3047 dixit,
1592 2988 1653 3035 ut
1672 2979 1778 3052 spi-

180 3060 440 3116 ritualem
470 3076 686 3133 poenam
718 3060 1016 3134 intelligas,
1062 3080 1175 3120 non
1221 3067 1601 3137 corporalem;
1652 3069 1782 3141 quia

180 3150 371 3206 anima
400 3149 780 3207 invisibilibus
808 3152 984 3222 pinnis
1012 3153 1334 3210 arctabitur.

271 3258 487 3315 «Judaei
530 3259 798 3331 primum,
853 3266 908 3313 et
949 3259 1144 3314 Graeci.
1196 3284 1214 3305 ι
1270 3261 1495 3333 Semper
1534 3262 1783 3321 Judaeum

178 3349 473 3420 anteponit
519 3346 883 3419 praerogativa
935 3347 1181 3414 Patrum,
1236 3356 1298 3403 ut
1354 3357 1449 3404 aut
1496 3360 1789 3409 coronetur

179 3438 420 3513 primus,
469 3443 567 3490 aut
613 3433 945 3500 damnetur;
997 3433 1125 3506 quia
1152 3434 1381 3493 credens
1410 3436 1789 3498 honoriﬁcen-

179 3528 297 3585 tior
357 3534 441 3583 est
493 3532 720 3598 propter
760 3523 1057 3592 Abraham,
1114 3524 1370 3584 difﬁdens
1419 3538 1601 3587 autem
1635 3531 1788 3604 pejus

182 3616 511 3677 tractandus
555 3624 672 3684 est;
717 3614 847 3687 quia
891 3614 1099 3671 donum
1160 3616 1492 3689 promissum
1540 3622 1788 3694 patribus

182 3705 473 3765 refutavit.

259 3814 448 3886 (Vers.
483 3812 598 3885 10.)
635 3835 653 3859 ι
700 3810 888 3869 Gloria
920 3821 1104 3870 autem
1138 3822 1194 3871 et
1234 3813 1412 3872 honor
1431 3824 1486 3874 et
1504 3834 1611 3891 pax
1631 3820 1787 3878 omni

185 3903 439 3978 operanti
469 3901 703 3971 bonum,
732 3902 922 3958 Jndaeo
950 3902 1214 3975 primum,
1245 3912 1301 3961 et
1328 3905 1540 3964 Graeco.
1579 3933 1598 3956 ι
1644 3910 1785 3978 Quo-

186 3994 356 4052 modo
384 3994 687 4051 incredulis
714 3995 819 4050 tria
839 3994 1076 4066 poenalia
1100 3996 1307 4067 posuit,
1343 3998 1423 4055 sic
1448 4009 1502 4056 et
1531 3999 1788 4061 ﬁdelibus

186 4089 298 4144 tria
333 4083 646 4157 magniﬁca,
676 4092 739 4141 ut
767 4082 1029 4140 honorem
1051 4083 1287 4142 habeant
1330 4088 1609 4160 geminum
1644 4094 1785 4166 (69),

189 4176 349 4253 quasi
369 4176 473 4232 ﬁlii
495 4176 622 4243 Dei;
647 4176 821 4248 gloria
842 4176 916 4232 sit
936 4192 1034 4247 pro
1063 4176 1480 4245 immutatione;
1506 4198 1610 4253 pax
1634 4200 1787 4253 vero,

190 4285 257 4325 eo
287 4268 435 4343 quod
463 4267 600 4323 bene
631 4268 883 4324 viventes
910 4267 1084 4342 quieti
1109 4277 1272 4325 erunt
1302 4269 1359 4325 in
1396 4271 1605 4342 futuro,
1637 4275 1791 4330 nulla

192 4357 606 4432 perturbatione
648 4357 911 4431 commoti
942 4376 955 4425 ;
1008 4359 1211 4432 quippe
1241 4360 1372 4434 quia
1409 4364 1592 4419 omnis
1624 4364 1790 4422 homo

192 4463 226 4504 a
251 4447 546 4505 contrariis
591 4463 647 4503 se
697 4446 999 4516 abstinens,
1039 4448 1184 4521 apud
1216 4448 1465 4521 judicem
1492 4451 1657 4510 habet
1686 4469 1791 4526 pa-

194 4553 313 4621 cem
350 4537 494 4611 (70).

269 4645 454 4717 (Vers.
504 4645 616 4716 11.)
663 4668 682 4693 ι
711 4644 831 4702 Non
870 4645 1017 4702 enim
1057 4662 1412 4719 personarum
1443 4650 1688 4723 acceptio
1714 4658 1795 4707 est

272 4832 391 4906 (68)
424 4833 625 4889 Omnes
647 4832 779 4889 edit.
811 4850 874 4889 ac
903 4850 1031 4889 mss.
1061 4835 1305 4908 quidam,
1351 4844 1458 4893 tota
1496 4838 1603 4893 vita
1635 4845 1797 4894 ceter—

197 4933 306 4985 na,:
344 4914 540 4969 melius
562 4931 689 4969 vero
714 4915 770 4968 in
792 4915 916 4970 aliis
935 4933 993 4965 το
1010 4916 1119 4969 vita
1140 4916 1436 4973 omittitur.
1465 4919 1583 4973 Non
1605 4930 1797 4976 autem

200 4988 277 5044 ita
325 4986 463 5041 bene
506 4986 651 5063 quod
682 5003 779 5058 pro
807 4986 1215 5057 gloriﬁcabilur,
1248 4990 1506 5044 nonnulli
1548 4991 1671 5047 cod.
1706 4991 1798 5047 ha-

200 5059 360 5115 bent.
392 5057 660 5115 clamabit.

239 5065 360 5114 ent.
392 5064 660 5128 gloriabit.

276 5128 565 5201 (69)Mss.
618 5127 763 5185 haud
808 5130 989 5201 pauci,
1048 5129 1271 5186 habeant
1343 5131 1648 5201 genuinum,
1707 5140 1801 5188 aut

200 5200 724 5273 hoinoriﬁcentiam...
782 5200 1084 5271 genuinam.
1138 5200 1418 5259 Continuo
1476 5218 1603 5258 vero
1656 5213 1799 5273 post,

200 5272 298 5329 ubi
343 5271 456 5328 vet.
504 5271 642 5328 edit.
685 5288 749 5329 ac
793 5289 944 5341 mss.,
991 5274 1167 5344 gloria
1195 5275 1264 5328 sit
1288 5291 1390 5344 pro
1422 5271 1801 5343 immutatione,

272 5361 313 5399 at
342 5361 467 5400 vero
481 5360 555 5416 eo
581 5344 722 5414 quod
738 5361 758 5407 ;
780 5345 1058 5413 nonnulli,
1086 5362 1200 5416 pax
1230 5363 1351 5400 vero
1371 5353 1418 5399 et
1436 5345 1605 5398 honor
1632 5345 1800 5414 quod;

247 5433 362 5472 om.
436 5413 605 5471 edit.’
641 5424 979 5487 reposuerat,
1034 5413 1261 5487 gloriam
1312 5417 1370 5471 in
1420 5413 1802 5485 immutatione,

196 5504 378 5560 pacem
404 5503 530 5560 vero
558 5503 614 5541 eo
644 5486 804 5560 quod,
845 5493 949 5560 etc.

273 5559 394 5631 (70)
444 5558 625 5631 Rom:
656 5555 831 5619 adu,
892 5557 958 5612 ab
1009 5558 1319 5615 adversario
1364 5575 1418 5614 se
1468 5558 1804 5615 abstinens...

203 5629 443 5703 acceptor
481 5634 558 5685 est
585 5629 747 5685 Deus.

1814 3129 1864 3192 C

1886 1854 1982 1912 sed
2025 1854 2402 1927 jamdudum;
2458 1854 2589 1929 quia
2628 1853 2926 1926 adjungere
2958 1870 3016 1911 se
3045 1855 3128 1910 illi
3164 1856 3486 1913 noluerunt.

1889 1944 2010 2001 Non
2063 1945 2350 2002 credentes
2398 1961 2527 2017 ergo
2576 1944 2807 2017 gentiles
2858 1945 3071 2017 duplici
3121 1961 3313 2018 genere
3346 1944 3492 2002 ﬁunt

1887 2034 1965 2089 rei
1992 2051 2004 2088 :
2035 2034 2163 2107 quia
2194 2051 2371 2109 neque
2402 2034 2509 2106 legi
2535 2034 2675 2091 datae
2722 2051 2819 2108 per
2847 2035 3075 2108 Moysen
3119 2042 3487 2105 assenserunt,

1888 2140 2065 2198 neque
2122 2123 2331 2182 Christi
2390 2123 2620 2196 gratiam
2672 2133 3035 2197 receperunt;
3085 2124 3213 2181 ideo
3259 2125 3490 2197 dignum

1889 2223 1970 2271 est
2013 2223 2075 2271 ut
2121 2223 2364 2287 pereant.
2414 2215 2588 2286 Igitur
2641 2215 2785 2272 sicut
2831 2216 2925 2288 qui
2969 2215 3089 2272 sine
3136 2215 3252 2288 lege
3282 2222 3490 2289 peccat,

1889 2315 2128 2387 peribit;
2165 2312 2241 2370 ita
2270 2323 2324 2371 et
2350 2315 2445 2388 qui
2477 2316 2596 2372 sine
2626 2316 2743 2385 lege
2776 2316 2947 2385 legem
2978 2316 3302 2385 servaverit,
3331 2314 3493 2387 justi-

1889 2404 2168 2461 ﬁcabitnr.
2201 2404 2485 2462 Justitiam
2516 2404 2663 2461 enim
2706 2405 3035 2462 naturaliter
3071 2422 3316 2476 servans,
3369 2422 3490 2464 cus.

1890 2504 1975 2551 tos
2026 2495 2159 2566 legis
2207 2505 2308 2552 est.
2356 2522 2374 2544 ι
2404 2497 2459 2553 Si
2510 2498 2657 2552 enim
2692 2495 2844 2567 justo
2897 2513 3009 2553 non
3051 2506 3134 2553 est
3182 2498 3271 2555 lex
3318 2498 3496 2571 posita

1893 2584 1951 2657 (Ι
1983 2586 2115 2641 Tim.
2150 2603 2189 2651 ι,
2221 2586 2303 2657 9),
2334 2610 2354 2633 ι
2399 2585 2496 2642 sed
2537 2586 2794 2657 injustis:
2830 2587 2925 2659 qui
2956 2602 3069 2641 non
3099 2594 3311 2657 peccat,
3356 2588 3495 2643 ami-

1890 2697 1987 2737 cus
2020 2681 2158 2752 legis
2190 2688 2291 2737 est.
2326 2681 2468 2736 Huic
2508 2681 2625 2735 sola
2662 2681 2798 2737 ﬁdes
2829 2680 3006 2748 deest,
3051 2696 3149 2752 per
3179 2695 3342 2753 quam
3400 2680 3495 2737 fiat

1890 2770 2204 2843 perfectus;
2247 2769 2376 2843 quia
2408 2768 2548 2823 nihil
2583 2768 2665 2823 illi
2700 2769 2941 2840 proderit
2971 2767 3116 2839 apud
3169 2769 3342 2823 Deum
3373 2768 3492 2825 abs-

1889 2860 2067 2916 tinere
2109 2876 2139 2914 a
2181 2859 2495 2927 contrariis,
2549 2857 2657 2914 nisi
2710 2859 2872 2915 ﬁdem
2906 2859 2962 2914 in
2992 2860 3168 2914 Deum
3199 2859 3489 2931 acceperit,

1890 2958 1950 3005 ut
1980 2950 2052 3004 sit
2091 2948 2274 3021 justus
2328 2966 2423 3021 per
2469 2956 2738 3021 utraque;
2790 2948 2919 3021 quia
2953 2948 3051 3004 illa
3098 2948 3363 3020 temporis
3403 2946 3491 3020 ju-

1890 3039 2041 3094 stitia
2069 3047 2170 3106 est,
2200 3039 2314 3095 hiBC
2337 3038 2679 3095 mteruitatis.

1976 3154 1995 3178 ‹
2026 3131 2095 3184 Et
2127 3130 2441 3202 quicunque
2490 3131 2547 3185 in
2600 3132 2717 3200 lege
2745 3138 3133 3201 peccaverunt,
3181 3145 3277 3202 per
3315 3129 3490 3201 legem

1888 3218 2288 3290 jndicabuntnr
2319 3221 2457 3288 (71).
2491 3244 2509 3265 ι
2553 3219 2828 3284 Quoniam
2861 3220 3035 3274 Judaei
3062 3221 3234 3289 legem
3266 3219 3493 3289 habent,

1896 3308 1954 3363 in
1984 3323 2091 3379 qua
2121 3306 2268 3362 salus
2298 3305 2412 3361 illis
2443 3307 2711 3378 promissa
2741 3313 2859 3372 est;
2894 3322 3005 3361 non
3052 3306 3356 3375 credentes,
3402 3307 3492 3363 vel

1897 3413 2008 3453 non
2039 3396 2365 3467 recipientes
2392 3395 2747 3467 promissum,
2770 3411 2865 3469 per
2884 3395 3057 3466 legem
3073 3392 3491 3466 jndicabuntnr,

1896 3486 1999 3543 sub
2033 3502 2141 3560 qua
2182 3486 2463 3541 vixerunt.
2514 3486 2636 3557 Ipsa
2664 3486 2810 3541 enim
2846 3493 3155 3555 accusante,
3189 3501 3376 3558 poenas
3403 3501 3495 3543 ex-

1896 3580 2148 3645 solvent;
2196 3593 2321 3633 nam
2369 3593 2536 3650 prope
2589 3575 2806 3649 gravior
2849 3577 3163 3634 Iudaeorum
3203 3591 3367 3633 causa
3414 3584 3495 3634 est

1896 3670 2041 3744 apud
2067 3686 2159 3727 eos
2189 3670 2355 3743 ipsos,
2387 3686 2549 3744 quam
2584 3669 2851 3741 gentium.
2884 3668 3039 3726 Sicut
3067 3669 3217 3725 enim
3265 3668 3491 3727 creden-

1897 3770 1977 3817 tes
2030 3761 2421 3833 praeferuntnr,
2484 3760 2560 3817 ita
2629 3768 2683 3816 et
2742 3775 2866 3817 cum
2943 3758 3225 3827 difﬁdunt,
3280 3757 3496 3832 pejores

1897 3849 2297 3906 inveniuntur:
2350 3848 2474 3921 plus
2523 3849 2672 3904 enim
2703 3848 2959 3921 displicet
2992 3848 3088 3921 qui
3117 3848 3266 3921 quod
3302 3848 3500 3905 habuit

1895 3940 2102 4009 amisit,
2128 3955 2290 4012 quam
2330 3937 2425 4011 qui
2465 3939 2611 4012 quod
2645 3955 2756 3996 non
2788 3939 3046 4012 speravit,
3095 3938 3356 4011 consequi
3385 3952 3497 3993 non

1897 4030 2098 4102 potuit.
2133 4030 2240 4085 Iste
2268 4028 2416 4085 enim
2450 4045 2560 4084 non
2593 4028 2824 4084 intravit
2871 4027 2928 4084 in
2960 4027 3164 4099 regiam
3214 4025 3358 4099 (72),
3404 4027 3500 4082 ille

1898 4119 2044 4175 foras
2074 4118 2272 4175 missus
2301 4127 2402 4175 est.

1974 4207 2164 4280 (Vers.
2209 4208 2322 4279 13.)
2371 4229 2388 4252 ι
2417 4206 2538 4262 Νοη
2568 4204 2717 4262 enim
2743 4205 3024 4262 auditores
3053 4203 3186 4279 legis
3201 4202 3340 4277 justi
3370 4211 3502 4262 sunt

1899 4298 2045 4371 apud
2091 4300 2286 4367 Deum,
2329 4297 2423 4355 sed
2470 4298 2704 4355 factores
2764 4297 2899 4371 legis
2948 4294 3426 4369 justiﬁcabuntur.
3466 4318 3485 4343 ι

1902 4388 2020 4445 Hoc
2048 4387 2204 4455 dicit,
2229 4387 2356 4460 quia
2384 4404 2492 4443 non
2524 4387 2579 4443 hi
2597 4386 2735 4459 justi
2757 4395 2887 4443 sunt
2914 4387 3008 4459 qui
3038 4386 3272 4442 audiunt
3303 4384 3499 4456 legem,

1821 4499 1872 4559 Β
1903 4478 1997 4534 sed
2048 4478 2139 4552 qui
2184 4480 2416 4535 credunt
2458 4478 2513 4534 in
2568 4478 2871 4546 Christum,
2932 4494 3092 4552 quem
3173 4476 3361 4534 eadem
3411 4477 3502 4533 lex

1906 4569 2193 4642 promisit:
2235 4578 2287 4625 et
2334 4570 2437 4626 hoc
2488 4577 2571 4626 est
2612 4570 2789 4626 facere
2832 4569 3026 4640 legem.
3077 4567 3272 4624 Omnis
3318 4573 3501 4622 autem

1903 4673 2015 4714 non
2061 4657 2195 4715 facit
2236 4659 2432 4731 legem,
2485 4658 2581 4733 qui
2629 4675 2743 4715 non
2788 4658 2965 4713 credit
3023 4657 3162 4728 legi;
3207 4655 3340 4711 dum
3390 4668 3503 4710 non

1981 4847 2092 4919 (7i)
2140 4848 2268 4904 Mss.
2318 4846 2572 4917 aliquot.,
2610 4844 3027 4919 ,ξιιᾴᾆσαὸιιηίιιῄἱ
3095 4842 3241 4919 Sicut
3287 4842 3503 4919 gentiles

1906 4935 1967 4973 ac
1990 4912 2044 4971 si
2080 4912 2240 4987 legem
2284 4912 2493 4971 natu-ra:
2524 4912 2844 4987 custodiant,
2888 4912 3137 4987 peribunt
3181 4918 3350 4969 tamen
3398 4912 3506 4967 nisi

1908 4984 2200 5059 acceperint
2238 4990 2391 5058 fidem
2426 4986 2673 5059 Christi;
2706 4985 2880 5059 major
2930 4984 3264 5059 enim_causa
3293 4990 3368 5039 est
3402 5001 3501 5039 so-

1912 5056 2212 5114 lum—Deum
2238 5056 2504 5129 proﬁteri,
2534 5057 2675 5129 quod
2702 5057 2850 5129 Dvus
2878 5072 3015 5110 unus
3046 5056 3132 5125 sit,
3153 5074 3365 5129 quanta
3394 5073 3505 5112 cra-

1912 5133 2037 5185 teris
2092 5128 2352 5184 abstinere
2390 5128 2659 5197 peccatis;
2695 5128 2799 5183 hrec
2856 5129 2992 5183 enim
3048 5128 3351 5185 Dei’causa
3407 5134 3501 5197 est,

1909 5203 2010 5257 illa
2064 5208 2292 5273 nostra._
2330 5201 2410 5273 Ita
2469 5207 2515 5253 et
2561 5200 2732 5273 Judaii
2777 5200 2869 5255 sub
2920 5202 3033 5273 lege
3074 5208 3296 5273 agentes,
3337 5218 3371 5273 ᾳ
3403 5201 3506 5270 lege

1911 5273 2143 5329 accusati
2166 5271 2592 5341 jndicabuntnr:
2624 5272 2753 5343 quia
2780 5289 2887 5328 non
2929 5271 3190 5343 recipiunt
3235 5271 3507 5328 Christum

1914 5345 1969 5399 in
2014 5346 2116 5414 lege
2153 5343 2491 5414 promissum.
2537 5345 2629 5408 Et,
2659 5346 2706 5398 si
2741 5360 2973 5414 quwras,
3017 5343 3196 5413 major
3227 5343 3403 5414 (ὶοιορθΔ
3432 5347 3507 5396 est

1913 5411 2173 5486 gentibus;
2228 5413 2392 5487 peius
2465 5420 2537 5487 est
2588 5416 2725 5470 enim
2751 5411 3180 5487 promissionem
3245 5411 3502 5480 amisisse,

1915 5484 2076 5557 quam
2100 5484 2583 5557 quod—desperavit,
2614 5503 2722 5541 non
2747 5484 3018 5557 accepisse.

1990 5554 2124 5627 (72)
2138 5557 2266 5613 Mss.
2301 5554 2629 5627 complures,
2683 5573 2790 5612 non
2816 5554 3040 5613 intravit
3068 5554 3123 5609 in
3154 5571 3392 5628 regnum.
