3932 6210
428 310 491 365 71
1444 307 1541 361 AD
1581 304 1819 360 OPERA
1857 304 1911 358 S.
1954 300 2298 358 AMBROSII
2343 298 2725 356 APPENDIX.
3692 300 3758 356 72

428 433 625 507 recipit
669 433 760 489 cui
805 433 894 487 lex
941 430 1319 488 testimonium
1368 428 1636 501 perhibet.
1685 428 1788 494 Qui
1835 434 2016 482 autem
2043 429 2092 487 A
2122 423 2447 492 Dominicis,
2478 424 2836 480 defendentes
2874 440 2930 479 se
2958 423 3297 481 conscientia
3324 425 3380 481 in
3412 423 3504 482 die
3521 426 3756 499 judicii,

431 523 489 577 in
534 524 650 593 lege
702 537 815 576 non
865 519 1086 576 videtur
1128 536 1262 587 esse,
1312 519 1439 591 quia
1485 516 1905 574 incircumcisus
1952 524 2033 571 est

431 625 614 676 carne,
646 608 822 664 credit
840 614 1020 662 autem
1053 606 1110 661 in
1143 603 1444 673 Christum,
1479 605 1569 660 hic
1616 604 1807 659 fecisse
1859 604 2029 675 legem

430 697 655 754 dicitur.
707 698 777 752 Et
818 696 912 751 ille
960 696 1054 767 qui
1102 695 1240 750 dicit
1295 695 1350 749 in
1396 695 1510 763 lege
1557 709 1690 759 esse,
1725 692 1782 747 id
1813 701 1895 748 est
1924 692 2032 746 Ju-

432 786 603 854 daeus,
659 785 878 841 auditor
943 785 1076 856 legis
1130 784 1211 852 fit,
1279 799 1387 838 non
1446 782 1656 849 factor;
1725 782 1854 853 quia
1919 797 2031 835 non

434 875 610 931 credit
659 876 777 945 (73)
828 876 884 929 in
934 873 1211 930 Christum
1270 874 1534 943 scriptum
1584 873 1641 926 in
1697 872 1835 941 lege,
1888 870 2032 925 sicut

432 962 580 1019 dixit
626 963 917 1035 Philippus
962 962 1030 1017 ad
1085 961 1418 1018 Nathanael:
1489 985 1507 1007 ι
1559 961 1733 1028 Quem
1792 959 1850 1014 in
1918 961 2033 1030 lege

432 1054 651 1126 scripsit
696 1053 911 1124 Moyses
975 1058 1029 1107 et
1087 1050 1385 1123 pr0phetze,
1460 1049 1775 1106 invenimus
1848 1050 2032 1105 Jesum

434 1142 614 1213 (Joan.
650 1160 687 1211 ι,
719 1141 837 1212 45).
872 1166 891 1189 ι

508 1236 603 1293 39
639 1239 822 1310 (Vers.
876 1238 990 1311 14.)
1038 1263 1055 1286 ι
1088 1238 1227 1295 Cum
1270 1239 1417 1295 enim
1467 1247 1655 1311 gentes
1707 1253 1828 1311 quae
1860 1238 2032 1309 legem

428 1344 540 1384 non
593 1327 821 1395 habent,
863 1329 1191 1384 naturaliter
1219 1345 1339 1400 quae
1388 1328 1520 1399 legis
1550 1336 1697 1395 sunt,
1731 1326 1960 1382 faciunt.
2001 1351 2018 1374 ι

429 1416 632 1472 Gentes
661 1416 1006 1474 Christianos
1025 1416 1162 1472 dicit
1182 1415 1292 1471 alio
1310 1417 1430 1471 loco
1459 1432 1469 1469 :
1512 1441 1530 1462 κ
1553 1415 1723 1471 Vobis
1743 1415 2034 1484 enimjdico

429 1506 703 1576 gentibus,
727 1507 857 1578 quia
878 1505 1251 1562 incircumcisi
1275 1521 1451 1576 neque
1483 1504 1822 1573 neomenias,
1856 1521 2032 1578 neque

431 1594 748 1663 Sabbatuni,
784 1611 958 1668 neque
987 1611 1234 1651 escarum
1257 1596 1428 1666 legem
1451 1602 1675 1650 servant
1711 1595 1942 1663 (Coloss.
1967 1611 2029 1663 ιι,

432 1683 545 1755 16),
577 1692 631 1740 et
658 1684 807 1755 duce
824 1692 1021 1740 natura
1049 1684 1283 1741 credunt
1328 1683 1386 1738 in
1416 1685 1590 1739 Deum
1642 1692 1695 1738 et
1726 1683 2028 1751 Christum,

2140 514 2270 586 quia
2311 530 2420 569 non
2474 514 2741 585 cogitavit
2771 530 2826 570 se
2880 510 3077 570 debere
3108 515 3353 585 credere,
3386 524 3440 572 et
3463 516 3758 590 judicetur

2142 619 2251 657 non
2281 603 2435 674 quasi
2470 604 2796 673 malevolus,
2853 604 2947 659 sed
2992 605 3146 677 quasi
3184 606 3479 677 ignorans:
3532 625 3647 664 non
3681 617 3755 666 ta-

2143 709 2268 748 men
2298 693 2416 748 sine
2447 710 2606 765 poena
2647 693 2900 761 futuros;
2935 694 3065 767 quia
3089 694 3145 749 id
3176 711 3286 750 non
3318 695 3448 753 licet
3470 697 3752 770 ignorare.

2143 782 2342 837 Gentes
2372 782 2519 836 enim
2552 782 2761 853 duplici
2794 800 2989 855 genere
3028 784 3322 855 significat,
3355 793 3467 842 tam
3510 788 3757 844 creden-

2141 879 2221 927 tes
2250 889 2413 945 quam
2466 872 2703 939 inﬁdos;
2748 877 3001 947 superius
3048 877 3197 931 enim
3241 878 3308 932 de
3354 879 3610 949 gentibus
3638 896 3753 937 cre-

2142 961 2403 1017 dentibus
2449 963 2623 1018 dicit:
2680 971 2801 1036 post
2847 972 3030 1020 autem
3080 966 3315 1038 subjecit
3361 967 3527 1024 etiam
3574 968 3643 1025 de
3675 970 3755 1025 eis

2144 1052 2417 1123 gentibus,
2451 1070 2571 1125 quae
2602 1070 2713 1108 non
2743 1054 3012 1122 credunt;
3049 1064 3110 1110 ut
3151 1056 3296 1111 sicut
3325 1073 3421 1128 per
3449 1059 3755 1116 conscien—

2141 1147 2275 1201 tiam
2339 1163 2492 1202 suam
2538 1147 2834 1203 laudantur
2880 1149 3183 1218 credentes,
3230 1150 3308 1205 ita
3360 1158 3414 1206 et
3456 1167 3551 1223 per
3605 1168 3755 1209 con-

2142 1238 2431 1292 scientiam
2475 1254 2628 1293 suam
2699 1248 3030 1296 accusantur
3086 1240 3420 1298 diffidentes.
3481 1242 3753 1310 Quamvis

2142 1324 2289 1379 enim
2321 1326 2426 1381 sibi
2458 1326 2713 1383 videatur
2744 1328 2974 1383 minime
3005 1345 3149 1398 reus,
3194 1329 3291 1402 qui
3321 1346 3432 1386 non
3471 1332 3747 1400 credidit;

2143 1414 2273 1485 quia
2299 1415 2443 1485 apud
2474 1432 2530 1471 se
2560 1424 2792 1473 tractare
2822 1417 2970 1474 istud
3001 1434 3111 1473 non
3162 1419 3361 1491 potuit,
3394 1421 3607 1477 ratione
3653 1429 3752 1477 ta-

2144 1518 2267 1557 nien
2292 1504 2650 1561 convincitur
2674 1507 2850 1580 ;-quia
2882 1524 2991 1564 non
3022 1508 3126 1563 sibi
3180 1509 3352 1565 suasit
3399 1526 3592 1566 verum
3643 1511 3752 1570 hoc

2142 1608 2277 1661 esse,
2335 1595 2482 1667 quod
2532 1604 2586 1651 et
2641 1596 2916 1654 virtutum
2981 1599 3316 1656 testimoniis
3360 1599 3575 1657 viderat
3602 1619 3751 1661 con-

2143 1678 2373 1750 firmari,
2402 1691 2456 1739 et
2487 1685 2693 1741 multos
2732 1685 2907 1758 sequi.

429 1771 487 1829 id
515 1782 617 1841 est,
664 1773 723 1829 in
771 1774 986 1829 Patrem
1035 1780 1090 1829 et
1139 1773 1384 1841 Filium;
1418 1772 1524 1828 hoc
1547 1780 1628 1828 est
1674 1772 1823 1827 enim
1856 1773 2029 1845 legem
2063 1794 2110 1854 B
2214 1769 2355 1827 Puto
2383 1772 2551 1828 etiam
2600 1774 2680 1831 sic
2718 1791 2873 1847 posse
2905 1775 3163 1849 intelligi,
3195 1777 3241 1834 si
3273 1784 3390 1835 tota
3418 1780 3653 1852 quaestio
3680 1779 3751 1837 de

431 1880 647 1919 servare
670 1906 685 1931 ,
720 1865 895 1919 Deum
927 1863 1061 1935 legis
1089 1879 1398 1935 agnoscere.
1433 1863 1618 1918 Prima
1646 1863 1793 1919 enim
1821 1863 2031 1936 sapien-

432 1955 522 2010 tiae
566 1970 689 2026 pars
733 1954 850 2010 haec
892 1962 993 2022 est,
1043 1953 1237 2009 timere
1290 1954 1463 2009 Deum
1510 1954 1745 2023 Patrem,
1801 1972 1871 2011 ex
1923 1970 2033 2026 quo

432 2051 564 2101 sunt
594 2043 811 2099 omnia:
853 2053 908 2100 et
954 2043 1254 2099 Dominum
1301 2044 1482 2099 Jesum
1524 2043 1733 2099 Filium
1766 2045 1904 2117 ejus,
1938 2060 2035 2115 per

433 2153 598 2209 quem
622 2144 751 2193 sunt
774 2136 975 2192 omnia.
1026 2138 1147 2209 Ipsa
1186 2153 1312 2209 ergo
1342 2145 1540 2191 natura
1570 2136 1797 2208 prOprio
1818 2133 2033 2207 judicio

433 2226 746 2285 Creatorem
776 2243 933 2283 suum
955 2226 1220 2300 agnoscit,
1253 2243 1366 2281 non
1416 2242 1512 2299 per
1558 2226 1758 2297 legem,
1801 2225 1896 2281 sed
1938 2242 2035 2297 per

432 2318 702 2374 rationem
732 2325 938 2373 natura:
963 2334 976 2384 ;
1006 2332 1143 2388 opus
1169 2315 1316 2370 enim
1346 2314 1601 2387 opificem
1633 2314 1810 2371 cernit
1852 2314 1909 2369 in
1954 2330 2029 2370 se.

507 2417 835 2490 (Vers.15.)
880 2440 898 2463 ι
946 2416 1015 2471 Hi
1067 2416 1239 2485 legem
1286 2430 1397 2469 non
1443 2412 1728 2482 habentes,
1773 2412 1878 2485 ipsi
1925 2412 2031 2468 sibi

431 2515 561 2565 sunt
588 2507 699 2575 lex,
732 2506 826 2579 qui
855 2504 1152 2562 ostendunt
1190 2519 1327 2575 opus
1357 2502 1493 2574 legis
1521 2502 1786 2573 scriptum
1814 2502 1870 2556 in
1900 2518 2033 2558 cor-

430 2598 594 2655 dibus
640 2597 773 2653 suis.
801 2623 820 2646 »
879 2596 1030 2653 Idem
1077 2612 1270 2652 sensus
1305 2601 1423 2662 est;
1476 2592 1605 2667 quia
1656 2593 1788 2649 dum
1836 2600 2033 2649 natura

434 2688 573 2746 duce
601 2688 855 2757 credunt,
889 2704 1026 2761 opus
1057 2686 1189 2759 legis
1228 2684 1527 2741 ostendunt
1573 2700 1683 2740 non
1730 2701 1825 2757 per
1870 2685 2033 2740 litte—

429 2792 569 2843 ram,
619 2777 713 2834 sed
764 2793 862 2850 per
907 2774 1324 2833 conscientiam.
1358 2773 1509 2845 Opus
1554 2781 1736 2828 autem
1782 2774 1917 2845 legis
1952 2783 2034 2831 est

442 2866 598 2933 ﬁdes,
628 2883 794 2938 quam
825 2883 948 2921 cum
982 2864 1149 2920 dictis
1176 2862 1401 2918 exhibet
1443 2863 1576 2930 Deo,
1608 2864 1845 2917 naturali
1885 2862 2031 2934 judi-

432 2954 521 3011 cio
554 2954 797 3010 ostendit
824 2954 1176 3024 semetipsum
1206 2952 1378 3022 legem
1406 2948 1512 3005 sibi
1554 2967 1697 3017 esse;
1729 2952 1859 3023 quia
1885 2953 2031 3026 quod

434 3042 659 3098 mandat
688 3043 799 3108 lex,
831 3042 981 3097 ultro
1011 3040 1161 3106 facit,
1194 3047 1257 3094 ut
1286 3037 1472 3093 credat
1495 3037 1551 3093 in
1582 3038 1884 3097 Christum.

518 3157 537 3182 ι
564 3132 967 3189 Testimonium
1021 3130 1285 3187 reddente
1323 3131 1843 3203 ipsisconscientia
1871 3134 2028 3206 ipso-
2060 3163 2103 3224 Ο

425 3238 569 3280 rum.
627 3247 646 3271 ι
708 3222 866 3279 Teste
920 3221 1182 3277 interiore
1228 3220 1563 3277 conscientia
1626 3239 1725 3277 sua
1769 3223 2019 3294 credunt,

423 3316 553 3389 quia
581 3314 787 3372 conscii
818 3313 924 3369 sibi
947 3319 1077 3369 sunt
1105 3312 1401 3369 convenire
1430 3312 1558 3378 sibi,
1590 3312 1736 3385 quod
1766 3315 2017 3385 credunt;

420 3421 723 3477 congruum
772 3412 854 3459 est
895 3403 1044 3460 enim
1103 3411 1365 3460 creaturae
1429 3402 1649 3458 credere
1686 3413 1740 3459 et
1770 3405 2020 3461 venerari

420 3508 581 3548 suum
614 3490 969 3549 Conditorem
997 3510 1009 3547 :
1044 3508 1146 3547 nec
1168 3488 1469 3545 absurdum
1503 3497 1604 3558 est,
1637 3499 1699 3547 ut
1729 3492 2019 3551 dominum

421 3596 616 3636 servus
641 3590 918 3652 agnoscat.

497 3679 681 3749 (Vers.
716 3679 831 3750 16.)
875 3702 894 3725 ι
923 3680 996 3735 Et
1024 3678 1170 3736 inter
1210 3698 1267 3737 se
1314 3682 1740 3754 cogitationibus
1779 3682 2017 3740 invicem

419 3767 831 3839 accusantibus,
871 3776 965 3825 aut
1012 3769 1177 3825 etiam
1217 3771 1661 3840 defendentibus,
1713 3772 1771 3827 in
1797 3771 1886 3827 die
1913 3787 2021 3844 qua

418 3856 699 3930 judicabit
728 3860 874 3916 Deus
903 3861 1118 3917 occulta
1148 3859 1458 3930 hominum,
1491 3862 1792 3918 secundum
1824 3863 2020 3916 Evan-

420 3951 624 4023 gelium
655 3966 858 4018 meum,
892 3967 989 4023 per
1016 3950 1200 4007 Jesum
1231 3950 1512 4008 Christum
1562 3952 1863 4008 Dominum
1909 3966 2019 4004 no-

419 4046 615 4096 strum.
650 4064 668 4086 ι
730 4039 1000 4107 Quoniam
1069 4039 1287 4096 Iudaeos
1340 4040 1653 4098 difﬁdentes
1700 4057 1795 4113 per
1842 4040 2018 4110 legem

418 4128 566 4185 dixit
604 4128 936 4201 judicandos
990 4128 1106 4184 fore
1163 4130 1279 4201 (lex
1335 4147 1483 4187 enim
1533 4131 1660 4188 illos
1715 4126 2015 4196 accusabit,

418 4235 540 4293 qua
579 4217 863 4275 Christum
894 4216 1008 4273 illis
1035 4218 1308 4291 promisit,
1340 4236 1502 4293 quem
1534 4219 1849 4276 venientem
1882 4217 2017 4274 reci-

419 4323 547 4382 pere
590 4306 949 4378 noluerunt);
1003 4317 1183 4378 gentes
1230 4317 1433 4378 autem,
1466 4326 1587 4382 quae
1620 4311 1793 4382 legem
1824 4308 2017 4379 utique

418 4411 532 4452 non
562 4394 786 4462 habent,
820 4411 914 4467 per
941 4397 1330 4455 conscientiam
1359 4398 1779 4470 judicabuntur,
1812 4395 1859 4451 si
1888 4412 2018 4451 cre-

416 4485 547 4542 dere
582 4484 882 4540 noluerint.
926 4485 1174 4542 Primum
1226 4487 1449 4559 quidem
1480 4495 1825 4543 accusatores
1853 4493 2017 4541 erunt

416 4573 650 4647 gentiles
686 4574 964 4631 credentes
992 4592 1103 4632 non
1132 4575 1476 4633 credentium
1508 4575 1833 4645 gentilium;
1874 4582 2019 4631 Sicut

415 4662 622 4719 Iudaeis
645 4678 756 4719 non
784 4662 1134 4722 credentibus
1162 4664 1301 4721 dicit
1328 4663 1600 4719 Dominus
1628 4663 1696 4718 de
1725 4660 2015 4734 discipulis

417 4751 565 4809 suis:
611 4775 629 4799 ε
664 4752 772 4824 Ipsi
798 4752 1013 4824 jndices
1042 4753 1213 4809 vestri
1262 4759 1429 4805 erunt
1480 4752 1689 4820 (Matth.
1737 4767 1837 4819 xu,
1880 4751 2009 4824 27);

416 4841 545 4915 quia
591 4840 819 4915 perﬁdia
855 4843 1175 4899 Iudaeorum
1212 4839 1558 4909 judicabitur
1586 4840 1694 4897 ﬁde
1723 4843 2014 4915 apostolo-

415 4945 558 4998 mm,
610 4931 704 5003 qui
742 4948 868 4988 cum
915 4948 984 4986 ex
1035 4930 1169 5002 ipsis
1217 4936 1419 5007 essent,
1466 4928 1581 4984 illis
1608 4929 2009 5002 difﬁdentibus,

413 5019 789 5077 crediderunt.
854 5019 1073 5095 Deinde
1119 5016 1545 5086 cogitationibus
1610 5022 1725 5077 suis
1777 5039 2012 5079 accusa-

411 5107 619 5165 buntur
670 5108 921 5182 gentiles,
972 5109 1018 5163 si
1066 5107 1383 5176 compuncti
1428 5107 1702 5167 Creatoris
1749 5112 1912 5169 fidem
1956 5121 2010 5169 et

413 5198 675 5257 virtutem
706 5196 989 5253 noluerint
1025 5193 1280 5250 credere:
1310 5204 1403 5252 aut
1433 5197 1479 5252 si
1509 5206 1731 5270 stupore
1762 5200 2008 5273 quodam

411 5306 522 5346 non
569 5287 924 5346 considerant
964 5283 1108 5356 (74),
1147 5292 1209 5339 ut
1239 5285 1487 5355 credant
1536 5290 1723 5345 verbis
1760 5299 1814 5347 et
1844 5290 2010 5361 gestis

483 5457 601 5528 (73)
636 5453 825 5528 Codex
856 5449 1018 5528 Corb.
1050 5458 1113 5528 e_t_
1134 5450 1228 5528 alii
1268 5456 1555 5522 nonnulli,
1588 5456 1716 5528 quia
1770 5474 1888 5527 qum
1913 5457 2009 5513 ἀί-

409 5521 623 5600 cuntur,
657 5521 1223 5600 noa‘transfunditad
1250 5532 1488 5600 merrtem,
1519 5521 1625 5580 nos
1652 5521 1829 5594 factor
1883 5529 2007 5600 legis

410 5599 488 5669 ﬁt.
512 5592 615 5669 sed
634 5592 856 5669 auditor
876 5607 906 5669 ;_
918 5609 1027 5669 .non
1057 5593 1195 5649 enim
1219 5597 1407 5661 credit,
1431 5604 1544 5669 etc.

482 5667 601 5739 (74)
634 5666 793 5721 Rom.
844 5660 998 5736 edit.,
1047 5672 1261 5736 stupore
1304 5660 1534 5735 quadam
1578 5667 1801 5723 alienati
1842 5687 1878 5724 a
1916 5671 2006 5725 via

2145 1863 2401 1933 gentibus
2430 1864 2783 1923 credentibus
2809 1868 2928 1940 (75)
2952 1868 3162 1925 dixisse
3190 1869 3465 1941 credatur,
3488 1872 3622 1945 quia
3647 1874 3745 1929 ait:

2159 1978 2177 1999 ι
2208 1953 2351 2021 Quid
2382 1954 2522 2010 mihi
2553 1956 2621 2013 de
2650 1957 2719 2013 iis
2760 1960 2855 2031 qui
2894 1958 3030 2015 foris
3057 1967 3205 2029 sunt,
3232 1959 3484 2032 judicare
3515 1964 3568 2034 (ι
3603 1963 3744 2026 Cor.

2144 2060 2200 2112 v,
2236 2045 2324 2116 12)
2355 2045 2383 2101 τ
2413 2072 2430 2094 ι
2470 2048 2561 2117 Et,
2593 2073 2612 2095 ι
2653 2048 2761 2116 Qui
2794 2066 2902 2105 non
2933 2050 3253 2121 crediderit,
3287 2052 3490 2126 inquit,
3515 2052 3635 2125 jam
3658 2053 3751 2126 juo

2144 2132 2360 2191 dicatus
2381 2144 2463 2191 est
2512 2138 2697 2206 (Joan.
2737 2156 2820 2209 in,
2850 2139 2963 2211 18).
2997 2166 3016 2190 ι
3068 2142 3160 2211 Ει,
3208 2167 3225 2190 ι
3254 2141 3396 2210 Quia
3413 2159 3525 2199 non
3555 2160 3752 2201 resur-

2144 2232 2279 2296 gunt
2308 2224 2468 2297 impii
2501 2225 2561 2281 in
2584 2226 2800 2298 judicio
2833 2230 3008 2300 (Psal.
3042 2248 3079 2299 ι,
3112 2231 3194 2304 5).
3228 2257 3247 2280 ι
3290 2231 3420 2289 Sine
3449 2234 3568 2307 lege
3595 2234 3748 2290 enim

2142 2323 2450 2392 peccantes,
2497 2316 2616 2373 sine
2664 2319 2781 2391 lege
2821 2328 2875 2376 et
2914 2321 3207 2393 peribunt:
3252 2338 3316 2379 ac
3351 2339 3448 2396 per
3477 2323 3587 2382 hoc
3619 2334 3749 2382 ante

2142 2404 2386 2461 tribunal
2442 2405 2649 2463 Christi
2694 2416 2839 2466 stare
2887 2426 2998 2466 non
3067 2420 3351 2483 poterunt,
3411 2420 3465 2469 et
3516 2413 3748 2471 reddere

2142 2508 2372 2562 causas;
2424 2495 2556 2567 quia
2603 2507 2950 2569 resurgentes
2992 2500 3267 2557 ducentur
3314 2502 3383 2558 ad
3412 2502 3750 2575 gehennam.

2141 2581 2231 2637 Illi
2270 2583 2417 2638 enim
2454 2600 2591 2657 quos
2621 2585 2758 2642 dicit
2784 2587 3025 2644 invicem
3055 2590 3487 2662 cogitationibus
3510 2592 3630 2649 suis
3662 2610 3746 2651 ac—

2140 2673 2320 2728 cusari
2350 2682 2444 2730 aut
2464 2673 2686 2731 defendi
2714 2676 2771 2731 in
2801 2677 2890 2733 die
2914 2677 3114 2750 judicii
3140 2680 3260 2748 Dei,
3292 2680 3595 2738 Christiani
3616 2690 3748 2738 sunt

2142 2759 2205 2829 ii,
2234 2762 2332 2834 qui
2363 2761 2684 2822 discordant
2713 2782 2745 2821 a
2774 2766 3045 2825 catholica
3073 2769 3324 2839 veritate,
3375 2770 3597 2827 diversa
3625 2789 3745 2829 sen-

2141 2850 2345 2909 tientes
2391 2854 2458 2911 de
2502 2855 2749 2923 Christo,
2787 2865 2882 2914 aut
2915 2858 2983 2914 de
3024 2875 3188 2916 sensu
3220 2846 3748 2933 legis'intraditione

2139 2942 2421 3013 Ecclesiae,
2455 2945 2571 3003 sive
2595 2946 2974 3021 Cataphrygaa,
3007 2949 3124 3005 sive
3150 2950 3465 3018 Novatiani,
3497 2951 3618 3008 sive
3640 2953 3744 3007 Do-

2139 3032 2376 3104 natiani,
2423 3044 2518 3092 aut
2563 3036 2746 3093 caeteri
2803 3037 3069 3095 haeretici.
3120 3038 3326 3093 Horum
3377 3040 3743 3110 cogitationes

2140 3126 2379 3184 invicem
2420 3144 2476 3184 se
2507 3130 2838 3186 accusabant
2883 3130 2939 3185 in
2969 3130 3059 3187 die
3082 3129 3283 3201 judicii
3310 3149 3323 3198 ;
3356 3130 3402 3186 si
3459 3131 3743 3190 intellexit

2131 3218 2255 3289 quis
2283 3235 2467 3274 veram
2500 3236 2615 3275 esse
2646 3220 2977 3277 catholicam
3017 3219 3345 3287 doctrinam,
3379 3228 3433 3276 et
3482 3238 3552 3278 ne
3584 3223 3739 3279 vide-

2131 3314 2282 3362 retur
2326 3308 2669 3377 emendatus,
2732 3309 2888 3383 sequi
2934 3309 3138 3379 noluit,
3194 3308 3521 3366 erubescens
3572 3311 3645 3367 ab
3678 3329 3741 3369 eo

2131 3397 2277 3469 quod
2306 3399 2405 3455 diu
2433 3400 2614 3454 tenuit
2656 3399 2931 3468 recedere,
2966 3399 3022 3455 in
3052 3398 3143 3457 die
3167 3399 3369 3471 judicii
3400 3400 3740 3471 cogitatione

2130 3503 2228 3541 sua
2262 3488 2628 3543 accusabitur.
2664 3490 2797 3542 Duae
2828 3488 2977 3543 enim
3007 3489 3369 3561 cogitationes
3400 3489 3457 3545 in
3505 3489 3739 3546 homine

2130 3576 2369 3631 invicem
2401 3592 2458 3631 se
2488 3575 2843 3644 accusabunt,
2883 3576 3029 3631 bona
3057 3585 3111 3632 et
3141 3578 3301 3633 mala.
3335 3579 3488 3635 Bona
3516 3588 3737 3636 accusat

2130 3666 2351 3731 malam,
2374 3664 2505 3736 quia
2530 3663 2873 3720 contradixit
2921 3665 3142 3721 veritati
3169 3684 3181 3721 :
3210 3667 3353 3723 mala
3400 3667 3602 3723 iterum
3634 3684 3738 3725 ac-

2128 3762 2282 3810 cusat
2308 3753 2529 3822 bonam,
2568 3753 2697 3826 quia
2729 3770 2841 3810 non
2869 3762 3056 3812 secuta
3084 3763 3185 3824 est,
3219 3763 3282 3812 ut
3308 3758 3511 3814 sensit:
3557 3765 3613 3814 et
3639 3775 3737 3831 per

2129 3842 2235 3899 hoc
2259 3843 2619 3899 constituitur
2650 3860 2796 3912 reus,
2828 3846 2923 3917 qui
2955 3846 3243 3917 cogitavit,
3260 3848 3507 3903 sentiens
3528 3847 3733 3905 bonam

2128 3941 2182 3989 et
2211 3948 2396 3988 veram
2445 3948 2561 3988 esse
2598 3934 2898 3990 Ecclesiam
2941 3934 3295 4004 catholicam,
3340 3945 3394 3992 et
3424 3937 3734 4008 permansit

2128 4023 2188 4079 in
2218 4022 2412 4079 haeresi
2445 4024 2532 4079 vel
2554 4023 2868 4081 schismate.
2902 4024 3039 4098 Ejus
3067 4035 3249 4082 autem
3280 4026 3647 4098 cogitationes
3671 4044 3732 4084 se

2128 4115 2366 4171 invicem
2400 4115 2721 4185 defendent,
2756 4116 2851 4190 qui
2905 4134 3121 4191 semper
3154 4116 3261 4174 hoc
3296 4116 3583 4188 cogitavit,
3630 4134 3729 4191 pu-

2126 4219 2249 4269 tans
2277 4213 2415 4270 utile
2439 4212 2536 4268 4O
2575 4214 2724 4287 quod
2757 4223 2980 4273 secutus
3009 4224 3110 4273 est.
3143 4216 3405 4273 Dicturus
3430 4224 3512 4273 est
3538 4215 3724 4271 enim:

2126 4302 2351 4376 Semper
2372 4303 2430 4358 in
2450 4303 2880 4375 cogitationibus
2901 4305 3039 4362 meis
3059 4304 3164 4361 hoc
3186 4305 3376 4378 putavi
3396 4305 3551 4373 utile,
3576 4303 3727 4378 quod

2125 4400 2343 4449 secutus
2372 4409 2522 4449 sum:
2557 4393 2675 4452 hac
2703 4394 2810 4451 fuit
2840 4393 2976 4451 fides
3008 4411 3146 4450 mea.
3182 4394 3282 4450 Hic
3312 4394 3577 4451 leviorem
3631 4393 3724 4449 ha-

2125 4479 2275 4537 bebit
2330 4497 2572 4551 causam,
2632 4483 2888 4555 quamvis
2953 4482 3360 4540 emendandum
3412 4482 3524 4551 sit;
3585 4482 3717 4556 quia

2124 4586 2155 4625 a
2184 4571 2523 4627 conscientia
2563 4587 2663 4627 sua
2702 4588 2813 4628 non
2866 4572 3214 4631 accusabitur
3264 4573 3323 4628 in
3382 4572 3472 4628 die
3496 4571 3722 4644 judicii.

2122 4660 2237 4716 Hoc
2285 4661 2448 4717 modo
2488 4659 2890 4733 judicabuntur
2937 4665 3152 4721 occulta
3207 4664 3493 4720 hominum
3540 4665 3594 4719 in
3630 4662 3722 4719 die

2115 4748 2317 4821 judicii
2362 4751 2463 4807 Dei
2520 4774 2539 4798 ι
2592 4767 2689 4823 per
2726 4752 2912 4808 Jesum
2964 4752 3247 4811 Christum
3278 4753 3579 4810 Dominum
3610 4768 3720 4808 no-

2120 4848 2295 4896 strum
2305 4883 2316 4894 .
2352 4866 2370 4887 ι

2193 4933 2374 5004 (Vers.
2411 4932 2524 5004 17.)
2566 4957 2583 4979 ε
2614 4933 2670 4989 Si
2691 4941 2872 4990 autem
2905 4943 2966 4991 tu
2987 4936 3209 4993 Iudaeus
3236 4936 3699 5007 cognominarisn

2119 5021 2433 5093 Cognomen
2452 5022 2629 5078 Judaei
2657 5032 2759 5089 est,
2782 5024 2910 5097 quia
2931 5042 3001 5081 ex
3031 5025 3394 5098 prairogativa
3425 5034 3713 5097 parentum

2118 5118 2219 5177 est,
2252 5116 2311 5166 ut
2342 5110 2599 5166 dicantur
2627 5111 2909 5167 Israelita).
2942 5114 3013 5167 Et
3056 5120 3238 5168 tamen
3277 5112 3321 5168 si
3357 5120 3534 5168 totum
3567 5110 3713 5173 veli—

2120 5218 2241 5257 mus
2268 5202 2415 5274 quod
2451 5201 2519 5257 ad
2550 5219 2767 5259 causam
2800 5202 3062 5274 pertinet,
3095 5202 3582 5275 comprehendere,
3610 5218 3714 5259 co-

2117 5308 2353 5363 gnomen
2400 5293 2605 5350 Iudaeis
2638 5293 2921 5367 tripartito
2967 5308 3164 5365 genere
3192 5293 3563 5366 signiﬁcatum
3595 5291 3710 5367 (76)

2114 5462 2232 5528 Dei,
2266 5478 2373 5516 non
2402 5462 2745 5531 crediderint,
2778 5468 2885 5518 etc.

2187 5533 2303 5604 (75)
2337 5533 2539 5590 Omnes
2576 5530 2737 5603 edit.,
2785 5534 2847 5589 de
2896 5533 3131 5606 gentibus
3176 5549 3292 5606 non
3344 5530 3707 5606 credentibus:

2115 5614 2471 5678 mssg‘contra
2499 5603 2956 5678 propeguniversi
2995 5604 3300 5678 excludunt
3340 5603 3707 5678 negationem.

2187 5673 2304 5745 (76)
2355 5676 2437 5731 Ita
2465 5673 2620 5732 niss.’
2647 5676 2931 5750 plerique;
2976 5677 3072 5734 alii
3114 5684 3296 5733 autem
3337 5673 3618 5744 nonnulli,
3650 5690 3712 5732 ac
