3932 6210
113 345 181 403 73
1168 405 1179 414 ,
1217 347 1581 406 COMMENT.
1623 348 1696 404 IN
1732 346 1951 405 EPIST.
1994 349 2090 404 AD
2128 348 2297 406 ROM.
3369 354 3438 413 74

108 471 381 530 debemus
406 474 711 531 advertere.
743 474 992 531 Primum
1015 474 1147 547 quia
1173 474 1276 530 ﬁlii
1311 482 1439 529 sunt
1458 472 1713 541 Abrahae,
1746 480 1792 538 Α
1820 474 2174 545 promissum.
2240 499 2259 522 ι
2288 473 2392 542 Qui
2420 474 2563 531 dicis
2592 490 2705 531 non
2736 474 3149 546 maschandum,
3182 478 3437 536 mmcha-

110 567 205 638 qui
265 584 365 639 per
421 567 552 623 fidei
597 585 708 624 sua:
746 568 1005 623 meritum
1041 576 1195 640 pater
1223 568 1438 639 positus
1463 577 1546 623 est
1574 583 1723 623 cun-

111 663 332 712 ctarum
366 658 634 730 gentium.
657 656 867 713 Deinde
896 664 1120 729 propter
1148 657 1437 728 Jacob,qui
1461 672 1726 729 augmen-

112 745 307 802 taudae
355 746 485 802 ﬁdei
513 746 685 817 gratia
716 746 881 802 Israel
913 746 1218 817 appellatus
1246 755 1345 813 est;
1380 755 1555 818 erepta
1582 748 1729 803 enim

113 836 300 907 patris
350 837 596 908 dignitas
633 834 961 891 nobilitatur
988 836 1046 890 in
1077 834 1227 891 ﬁliis.
1262 834 1445 890 Tertio
1471 851 1581 891 non
1608 853 1734 891 ma—

115 924 199 996 gis
235 934 467 997 propter
500 924 722 993 Iudam,
763 924 856 980 sed
903 931 1124 997 propter
1148 924 1470 991 Christum;
1505 925 1635 997 quia
1662 942 1733 980 ex

118 1012 273 1070 Juda
312 1022 467 1071 ortus
514 1020 596 1069 est
625 1013 928 1069 secundum
957 1030 1201 1081 carnem,
1231 1013 1409 1069 Judaei
1440 1015 1736 1086 cognomi-

113 1112 376 1170 nantur;
433 1103 566 1175 quia
611 1102 669 1157 in
696 1101 836 1159 Iuda
870 1100 978 1158 hoc
1006 1101 1382 1174 significatum
1432 1111 1539 1171 est,
1585 1103 1734 1176 quod

116 1192 381 1248 futurum
406 1198 521 1247 erat
548 1190 605 1245 in
636 1189 875 1247 Christo.
906 1190 1128 1247 Dictum
1160 1199 1241 1247 est
1270 1193 1419 1248 enim
1447 1210 1459 1248 :
1506 1217 1523 1239 ε
1558 1192 1733 1248 Iudas

116 1282 230 1340 erit
288 1281 406 1337 dux
468 1290 648 1337 vester
694 1280 892 1353 (ludio.
928 1297 1026 1349 xx,
1061 1281 1195 1352 18);
1242 1307 1258 1329 ι
1300 1289 1373 1350 et,
1437 1307 1454 1328 ι
1487 1282 1647 1350 Juda,
1679 1292 1733 1339 te

114 1370 446 1427 collaudant
499 1370 692 1425 fratres
742 1369 823 1425 tui
874 1369 1030 1441 (Gen.
1085 1387 1241 1439 xm,
1272 1370 1354 1443 8).
1390 1396 1408 1419 ι
1450 1372 1582 1439 Quae
1614 1373 1733 1428 laus

117 1458 253 1514 data
301 1458 455 1514 Iudae
485 1474 596 1514 non
628 1457 912 1531 probatur,
943 1457 1039 1515 sed
1069 1459 1317 1530 Christo,
1350 1477 1511 1534 quem
1543 1478 1733 1518 omnes

117 1548 376 1621 quotidie
420 1547 759 1615 collaudant,
818 1548 859 1604 ii
902 1565 1040 1622 quos
1076 1549 1273 1607 fratres
1318 1567 1447 1608 suos
1474 1551 1733 1624 dignatus

122 1646 207 1692 est
234 1637 533 1709 appellare.
579 1636 699 1709 Ipse
729 1636 876 1693 enim
914 1637 1062 1693 dixit
1082 1640 1450 1696 mulieribus:
1499 1665 1516 1687 ι
1550 1642 1649 1710 Ite,
1679 1648 1735 1698 et

124 1725 302 1782 dicite
334 1726 599 1783 fratribus
626 1726 783 1795 meis,
801 1726 930 1799 quia
950 1727 1199 1800 praecedo
1228 1744 1329 1785 vos
1358 1729 1415 1785 in
1447 1729 1728 1786 Galilaeam

125 1815 341 1887 (Matth.
383 1834 585 1885 xxvm,
632 1818 704 1884 7).
755 1844 772 1865 ι
829 1819 963 1885 Quis
1002 1819 1149 1874 enim
1193 1836 1305 1877 non
1347 1821 1531 1877 laudet
1577 1838 1728 1890 eum,
1761 1837 1807 1897 Β
1839 1816 1897 1872 in
1935 1817 2279 1875 confessione
2314 1835 2325 1873 :
2383 1842 2400 1864 ι

124 1909 289 1982 cujus
340 1908 612 1967 beneﬁcio
654 1909 846 1965 vivit?
885 1911 1184 1983 Apostolus
1230 1928 1359 1983 ergo
1392 1912 1494 1968 sub
1525 1911 1629 1970 hac
1660 1914 1732 1969 si-

128 1998 507 2071 gniﬁcatione,
540 2016 660 2072 quae
707 1999 982 2071 posterior
1019 2016 1273 2070 numero,
1313 2000 1409 2057 sed
1439 2001 1733 2073 perfectior

126 2087 331 2143 merito
350 2094 451 2155 est,
481 2095 656 2143 totum
697 2087 878 2143 voluit
902 2089 1334 2161 comprehendi:
1368 2090 1516 2164 quod
1553 2091 1731 2147 Judmi

131 2194 248 2233 non
282 2177 675 2251 intelligentes,
705 2194 907 2234 nomen
945 2178 1051 2234 sibi
1081 2180 1318 2236 carnalis
1348 2180 1501 2237 Iudae
1531 2180 1733 2237 defen-

130 2268 299 2326 dunL

203 2359 397 2431 (Vers.
452 2359 566 2432 18.)
638 2385 656 2407 ι
703 2362 775 2417 Et
798 2360 1095 2435 requiescis
1131 2362 1187 2418 in
1227 2362 1366 2433 lege,
1399 2369 1454 2418 et
1482 2361 1733 2435 gloriaris

133 2448 192 2504 in
224 2450 361 2518 Deo,
393 2459 446 2506 et
474 2451 620 2506 nosti
651 2452 991 2507 voluntatem
1015 2451 1156 2524 ejus,
1176 2461 1228 2508 et
1258 2452 1457 2524 probas
1486 2452 1731 2521 utiliora,

132 2539 444 2595 instructus
496 2555 590 2611 per
628 2540 823 2613 legem.
854 2563 873 2587 ι
916 2540 1038 2597 Νοη
1074 2558 1332 2613 magnum
1369 2540 1531 2597 valde
1554 2541 1734 2597 videri

135 2627 280 2696 vult,
324 2628 371 2683 si
418 2628 642 2685 Judams
688 2629 905 2698 credat;
944 2630 1146 2703 quippe
1175 2647 1299 2687 cum
1332 2630 1405 2685 sit
1431 2631 1736 2697 instructus

136 2734 232 2789 per
260 2717 433 2790 legem
462 2736 474 2774 :
509 2719 880 2791 periculosum
909 2730 1091 2776 autem
1121 2720 1281 2777 valde
1304 2721 1350 2777 si
1383 2738 1495 2778 non
1525 2719 1731 2791 credat;

132 2808 334 2865 ducem
380 2810 528 2865 enim
561 2810 724 2868 habet
756 2811 948 2883 legem.
999 2812 1104 2869 Sed
1135 2820 1196 2867 ut
1244 2822 1594 2884 praeponatur
1622 2829 1732 2869 cre-

134 2895 291 2964 dens,
326 2897 585 2952 meritum
615 2897 746 2954 facit
787 2899 1045 2964 Patrum;
1092 2897 1222 2971 quia
1250 2899 1505 2971 quamvis
1534 2900 1736 2973 aliquis

131 3000 227 3057 per
252 3001 310 3042 se
340 2984 548 3056 floreat,
575 2987 847 3045 erubescit
876 2995 1062 3044 tamen
1096 2988 1156 3043 in
1180 2987 1319 3043 suis.

206 3075 392 3147 (Vers.
452 3077 535 3145 19,
593 3076 708 3149 20.)
775 3102 793 3126 ι
845 3076 1200 3150 Conﬁdisque
1248 3085 1300 3133 te
1331 3076 1511 3150 ipsum
1538 3075 1735 3133 ducem

1838 562 1933 618 ris.
1995 587 2012 609 ι
2071 562 2363 620 Adulteras
2411 573 2598 621 autem
2642 565 2839 636 legem,
2888 563 3111 638 quando
3144 567 3437 626 veritatem

1839 651 2046 708 Christi
2093 653 2267 721 tollis,
2308 661 2360 709 et
2396 654 2743 711 mendacium
2771 656 2947 726 ponis.
2984 654 3138 712 Unde
3166 658 3275 713 alio
3307 659 3431 716 loco

1838 740 2012 797 dicit:
2072 768 2090 790 ι
2120 742 2531 799 Adulteratores
2562 743 2718 800 verbi
2746 746 2844 801 Dei
2877 746 2967 817 (II
2996 746 3123 803 Cor.
3156 765 3217 816 ιι,
3254 749 3367 823 17).
3402 773 3421 798 ι

1925 856 1944 880 ι
1986 832 2091 900 Qui
2139 834 2442 889 exsecraris
2482 833 2651 902 idola,
2685 834 3033 906 sacrilegium
3072 835 3227 893 facis.
3263 862 3282 886 ι
3327 838 3437 895 Sa-

1840 922 2076 995 crilegus
2123 939 2201 992 es,
2253 924 2471 997 quando
2501 923 2784 982 Christum
2806 940 2967 997 quem
2997 926 3089 981 lex
3118 934 3171 982 et
3204 927 3437 1001 prophe-

1844 1011 1984 1068 ticus
2041 1028 2223 1069 sermo
2268 1016 2442 1071 Deum
2493 1012 2829 1087 signiﬁcant,
2886 1028 3077 1086 negas;
3126 1014 3262 1072 dicit
3289 1018 3438 1075 enim

1840 1100 2007 1157 Isaias
2031 1120 2043 1158 :
2089 1128 2107 1149 σ
2135 1102 2278 1171 Quia
2312 1103 2369 1159 in
2400 1111 2454 1160 te
2482 1111 2565 1160 est
2593 1106 2763 1173 Deus,
2792 1111 2982 1160 etnon
3009 1112 3093 1160 est
3120 1105 3264 1161 Deus
3292 1122 3441 1178 prae—

1840 1199 1924 1247 ter
1978 1199 2050 1247 te.
2110 1192 2193 1248 Tu
2248 1210 2305 1249 es
2356 1194 2504 1250 enim
2549 1195 2717 1263 Deus,
2749 1202 2803 1250 et
2831 1193 3252 1252 nesciebamus:
3294 1197 3441 1253 Deus

1839 1281 2002 1337 Israel
2034 1280 2280 1338 salvator
2308 1282 2445 1353 (Isa.
2474 1298 2607 1351 XLV,
2641 1280 2729 1351 14,
2764 1283 2876 1355 15).
2911 1307 2929 1330 ι
2972 1283 3239 1356 Nunquid
3268 1284 3442 1341 Judaei

1838 1368 1906 1425 de
1934 1370 2048 1425 Deo
2078 1369 2236 1427 Patre
2273 1370 2530 1428 dicebant
2556 1388 2568 1426 :
2646 1394 2664 1418 ι
2692 1371 2774 1426 Tu
2796 1371 2944 1427 enim
2975 1388 3033 1428 es
3057 1373 3224 1439 Deus,
3254 1380 3309 1429 et
3336 1387 3444 1429 ne—

1839 1459 2183 1527 sciebamus;
2229 1484 2245 1506 ·
2302 1476 2429 1517 cum
2458 1467 2576 1515 tota
2604 1459 2696 1516 lex
2724 1460 2823 1517 Dei
2853 1459 3031 1518 Patris
3060 1462 3443 1520 auctoritatem

1840 1548 2126 1620 praedicet,
2160 1565 2230 1605 ex
2258 1565 2366 1623 quo
2397 1557 2528 1606 sunt
2556 1549 2746 1606 omnia
2773 1549 2803 1606 ?
2826 1549 2936 1606 Sed
2975 1551 3113 1623 quia
3140 1550 3317 1608 Filius
3344 1551 3445 1609 Dei

1840 1655 2054 1711 semper
2095 1639 2318 1713 quidem
2349 1639 2625 1712 apparuit,
2654 1638 2869 1697 latebat
2899 1650 3081 1697 autem
3112 1640 3235 1715 quis
3264 1649 3439 1697 esset:

1837 1744 1965 1785 cum
2024 1738 2148 1800 post
2195 1727 2654 1785 resurrectionem
2709 1729 3082 1801 cognoscitur,
3140 1728 3353 1786 dicitur
3392 1729 3442 1785 ei

2456 1816 2537 1872 Tu
2566 1816 2717 1872 enim
2770 1833 2828 1873 es
2873 1819 3043 1886 Deus,
3076 1824 3131 1875 et
3163 1818 3443 1877 nescieba-

1840 1924 1983 1964 mus.
2037 1930 2055 1953 ι
2116 1908 2188 1963 Et
2227 1906 2323 1980 qui
2352 1905 2649 1979 putabatur
2678 1905 2736 1961 in
2769 1904 2885 1979 lege
2914 1913 3134 1963 tantum
3194 1908 3440 1981 angelus,

1840 2006 1894 2055 et
1923 1997 2039 2053 dux
2067 1995 2343 2052 exercitus
2372 1995 2596 2053 Domini
2622 2012 2634 2051 :
2674 2002 2730 2052 at
2758 2012 2885 2052 cum
2913 1995 3246 2069 intelligitur
3265 1997 3443 2053 Filius

1840 2104 1956 2145 esse
2002 2087 2125 2155 Dei,
2177 2086 2383 2143 dicitur
2420 2087 2471 2143 ei
2499 2103 2627 2144 cum
2661 2086 2961 2159 gratiarum
2991 2087 3245 2144 actione:
3312 2112 3330 2136 ι
3359 2087 3444 2144 Tu

1842 2178 1990 2233 enim
2021 2193 2077 2233 es
2102 2179 2269 2245 Deus,
2302 2183 2355 2233 et
2380 2176 2778 2234 nesciebamus.
2816 2202 2832 2225 ι
2875 2177 2978 2233 Per
3006 2176 3113 2235 hoc
3128 2194 3257 2252 ergo
3275 2176 3443 2253 signi-

1843 2266 1970 2323 ﬁcat
1998 2267 2128 2341 quia
2156 2267 2269 2338 ipse
2309 2275 2449 2323 esset
2481 2285 2494 2335 ;
2537 2267 2632 2339 qui
2661 2274 2987 2340 apparuerat
3018 2268 3241 2341 quidem
3273 2269 3440 2342 patri-

1844 2355 2029 2413 arcbis
2087 2355 2202 2428 (78)
2254 2355 2311 2411 in
2365 2357 2559 2425 Deum,
2615 2364 2668 2412 et
2715 2363 2837 2429 post
2869 2357 3186 2417 incarnatus
3216 2365 3318 2428 est,
3347 2356 3442 2415 sed

1843 2462 1955 2503 non
1986 2445 2165 2503 fuerat
2202 2448 2515 2503 intellectus
2544 2447 2612 2503 ab
2642 2448 2921 2506 omnibus.

1919 2535 2101 2607 (Vers.
2144 2535 2260 2608 23.)
2300 2562 2316 2582 ι
2346 2535 2451 2603 Qui
2480 2536 2537 2591 in
2568 2537 2684 2609 lege
2714 2537 3091 2611 gloriaris,per
3118 2538 3442 2611 praevarica-

1844 2624 2052 2681 tionem
2114 2625 2247 2696 legis
2289 2626 2464 2681 Deum
2509 2625 2829 2683 inhonoras.
2863 2651 2881 2674 ι
2924 2634 3015 2689 41
3046 2626 3445 2684 Praevaricator

1844 2725 1982 2799 legis
2034 2742 2113 2792 es,
2152 2725 2372 2798 quando
2399 2743 2621 2783 sensum
2651 2725 2808 2800 legis,
2843 2727 2937 2800 qui
2968 2726 3035 2783 de
3065 2727 3443 2785 incarnatione

1844 2825 1898 2873 et
1943 2816 2238 2873 divinitate
2297 2816 2502 2874 Christi
2534 2825 2638 2882 est,
2672 2817 2954 2889 praeteris:
2988 2824 3042 2872 et
3064 2818 3239 2874 Deum
3272 2816 3444 2874 inho-

1842 2921 2026 2975 noras,
2068 2905 2197 2961 dum
2230 2905 2611 2961 testimonium
2643 2904 2782 2976 ejus,
2820 2904 2966 2978 quod
2996 2903 3149 2962 dedit
3193 2904 3261 2961 de
3296 2906 3441 2963 Filio

1844 3011 1967 3063 suo,
2000 3010 2109 3050 non
2150 2996 2369 3067 recipis.
2418 2995 2537 3067 Ipse
2565 2994 2713 3050 enim
2743 2993 2889 3050 dixit
2915 3012 2926 3051 :
2984 3020 3001 3042 ι
3028 2994 3129 3051 Hic
3156 3001 3237 3051 est
3266 2994 3441 3052 Filius

1845 3101 2000 3141 meus
2020 3084 2255 3141 dilectus
2288 3085 2503 3157 (Matth.
2534 3102 2619 3153 m,
2657 3084 2770 3157 17).
2802 3108 2821 3133 ι

130 3184 246 3225 esse
298 3186 591 3238 caecorum,
641 3171 830 3225 lumen
868 3186 1059 3226 eorum
1091 3169 1187 3242 qui
1224 3169 1279 3224 in
1309 3168 1553 3225 tenebris
1583 3176 1736 3235 sunt,
1770 3198 1815 3259 ο
1920 3174 2101 3245 (Verg.
2152 3173 2269 3245 24.)
2338 3199 2356 3221 ι
2396 3175 2612 3230 Nomen
2637 3172 2785 3229 enim
2813 3173 2914 3228 Dei
2943 3189 3039 3244 per
3064 3190 3163 3230 vos
3189 3173 3439 3246 blasphe-

134 3259 475 3315 eruditorem
501 3259 887 3331 insipientum,
918 3258 1243 3330 magistrum
1272 3255 1598 3321 infantium,
1627 3255 1737 3310 ba-
1781 3255 1813 3259 w
1844 3269 2026 3317 matur
2079 3263 2222 3317 inter
2272 3268 2479 3333 gentes,
2536 3261 2681 3317 sicut
2733 3260 3000 3332 scriptum
3048 3270 3129 3317 est
3179 3262 3314 3334 (Isa.
3340 3280 3438 3332 LII,

132 3349 354 3407 bentem
385 3350 620 3406 formam
650 3349 894 3404 scientiae
919 3357 974 3404 et
1002 3347 1253 3403 veritatis
1284 3346 1343 3400 in
1370 3348 1506 3418 lege.
1537 3370 1555 3394 ι
1597 3345 1739 3401 Vera

129 3447 258 3496 sunt
288 3441 412 3497 haec
444 3458 459 3506 ;
495 3437 626 3511 quia
656 3438 792 3508 legis
821 3437 1218 3494 documentum
1249 3436 1355 3493 hoc
1378 3445 1481 3504 est,
1514 3435 1737 3492 erudire

133 3528 446 3602 imperitos,
482 3537 535 3584 et
560 3528 674 3583 Deo
704 3525 975 3598 subjicere
1004 3525 1265 3600 profanos
1298 3544 1311 3582 :
1345 3526 1433 3583 vel
1465 3524 1533 3581 ab
1563 3524 1735 3581 idolo-

134 3618 304 3676 latriae
355 3619 578 3675 cultura
620 3618 823 3691 impios
870 3617 1256 3691 promissione,
1312 3633 1432 3690 quae
1482 3615 1625 3673 facta
1653 3623 1735 3671 est

133 3726 223 3781 per
270 3712 475 3783 legem,
531 3707 600 3764 ad
653 3707 900 3763 melioris
947 3707 1062 3780 spei
1112 3706 1371 3763 fiduciam
1412 3721 1728 3777 provocare.

133 3799 295 3856 Recte
340 3815 472 3871 ergo
511 3797 783 3871 gloriatur
820 3796 877 3852 in
916 3795 1005 3853 his
1035 3794 1170 3868 legis
1198 3795 1411 3865 doctor,
1444 3795 1572 3868 quia
1610 3795 1735 3851 for-

130 3904 272 3944 mam
328 3887 499 3944 tradit
546 3886 818 3943 veritatis.
878 3886 935 3941 Si
989 3893 1172 3942 autem
1217 3901 1329 3941 non
1382 3883 1576 3956 recipit
1604 3900 1730 3941 eum

133 3992 291 4049 quem
346 3977 439 4031 lex
479 3975 753 4048 promisit,
810 3974 1014 4031 frustra
1048 3974 1316 4048 gloriatur
1363 3972 1430 4029 de
1472 3973 1610 4045 lege,
1639 3972 1729 4028 cui

134 4066 394 4138 injuriam
444 4065 596 4135 facit,
656 4065 789 4122 dum
834 4064 1116 4124 Christum
1161 4065 1370 4137 spernit
1397 4063 1728 4137 promissum

135 4155 189 4211 in
244 4157 407 4229 lege;
460 4163 514 4211 et
568 4171 670 4212 nec
712 4154 828 4227 jam
885 4154 1133 4211 eruditor
1189 4154 1294 4210 erit
1347 4152 1725 4224 insipientium

136 4264 232 4304 nec
276 4248 539 4321 magister
583 4247 901 4316 infantium,
959 4263 1059 4303 nec
1088 4247 1276 4302 lumen
1305 4261 1516 4313 eorum,
1549 4243 1643 4318 qui
1671 4243 1728 4298 in

136 4337 371 4395 tenebris
420 4346 587 4407 sunt;
637 4337 731 4394 sed
776 4337 892 4393 dux
921 4336 1172 4393 omnium
1204 4335 1401 4391 horum
1436 4334 1505 4391 ad
1534 4332 1730 4406 perdi-

136 4426 356 4483 tionem.

1843 3350 1925 3419 ὅ).
1976 3375 1994 3397 ι
2062 3351 2178 3406 Hoc
2232 3349 2379 3405 dixit
2422 3349 2588 3405 Isaias
2628 3347 2921 3421 propheta,
2952 3349 3082 3421 quia
3110 3350 3210 3405 Dei
3237 3366 3438 3406 nomen

1842 3435 2256 3510 blasphematur
2284 3437 2429 3493 inter
2453 3444 2640 3509 gentes
2661 3480 2677 3505 ,
2715 3436 2935 3509 quando
2963 3435 3179 3493 Iudaeos
3207 3453 3308 3510 pro
3345 3455 3439 3494 no-

1841 3528 1932 3583 xis
1977 3527 2092 3584 suis
2150 3526 2384 3583 traditos
2442 3526 2549 3583 sibi
2578 3543 2689 3583 non
2720 3524 3108 3584 advertebant:
3144 3527 3239 3583 sed
3275 3525 3441 3585 idolis

1841 3619 1957 3674 suis
1994 3618 2201 3675 dabant
2244 3617 2464 3690 glorias,
2521 3618 2677 3691 quasi
2722 3616 3038 3673 Iudaeorum
3068 3619 3243 3674 Deum
3273 3618 3436 3675 vicis-

1840 3716 1962 3764 sent
2000 3708 2057 3763 in
2085 3706 2289 3764 Iudaeis
2318 3707 2397 3764 Ita
2424 3714 2478 3762 et
2508 3716 2757 3779 tempore
2788 3707 3167 3779 apostolorum
3208 3707 3310 3764 Dei
3338 3724 3435 3764 no-

1840 3813 1965 3854 men
1994 3796 2475 3869 blasphemabatur
2504 3797 2561 3852 in
2593 3797 2846 3864 Christo;
2881 3796 3011 3869 quia
3035 3795 3209 3852 Judaei
3265 3794 3438 3853 Chri-

1838 3894 1983 3943 stum
2038 3890 2211 3944 Deum
2263 3886 2535 3959 negando,
2590 3885 3047 3957 blasphemabant
3084 3891 3139 3939 et
3196 3884 3434 3942 Patrem.

1838 3976 1982 4032 sicut
2009 3975 2148 4033 dicit
2170 3977 2443 4033 Dominus
2473 3992 2484 4030 :
2524 4000 2542 4022 ι
2572 3973 2677 4041 Qui
2706 3991 2791 4029 me
2817 3973 3033 4045 recipit,
3072 3989 3184 4029 non
3220 3990 3308 4030 me
3338 3990 3437 4030 re-

1837 4067 1992 4139 cipit,
2052 4066 2147 4123 sed
2209 4083 2334 4123 eum
2394 4066 2489 4138 qui
2538 4081 2624 4120 me
2672 4064 2823 4119 misit
2874 4064 3026 4137 (Luc.
3059 4062 3279 4135 rx,48).
3312 4088 3330 4111 ι
3365 4064 3437 4120 Et

1838 4154 1961 4210 ideo
1990 4155 2135 4211 inter
2164 4163 2348 4227 gentes
2377 4152 2875 4225 blasphemabatur,
2928 4152 3056 4226 quia
3085 4151 3435 4210 credentibus

1838 4244 2096 4316 gentibus
2124 4243 2297 4299 Judaei
2328 4242 2554 4298 suadere
2587 4241 2906 4298 nitebantur
2935 4240 3219 4300 Christum
3256 4243 3432 4299 Deum

1837 4352 1949 4391 non
1978 4335 2335 4403 credendum,
2370 4343 2433 4390 ut
2451 4333 2857 4405 blasphemium
2891 4332 3148 4406 gentibus
3176 4350 3208 4390 a
3229 4334 3432 4392 Iudaeis

1836 4425 1925 4481 vel
1954 4425 2179 4482 Photini
2210 4423 2528 4481 auctoribus
2562 4423 2634 4480 sit
2665 4422 2991 4495 profectum.

208 4517 387 4588 (Vers.
425 4516 540 4592 2i.)
586 4543 603 4566 ι
630 4519 735 4587 Qui
767 4534 897 4591 ergo
911 4516 1079 4574 alium
1112 4516 1296 4585 doces,
1329 4520 1381 4610 te
1412 4514 1593 4610 ipsum
1615 4530 1727 4610 non
1758 4550 1808 4610 Β
1871 4603 1887 4610 _
1913 4514 2094 4589 (Vers.
2116 4514 2296 4610 25.):
2328 4511 2691 4610 Circumcisio
2709 4511 2931 4585 quidem
2954 4510 3175 4610 prodest
3193 4510 3239 4610 si
3257 4512 3431 4610 legem

138 4602 308 4667 doces.
366 4632 385 4655 ι
451 4609 566 4665 Hoc
614 4616 715 4678 est,
746 4615 807 4665 tu
834 4608 930 4682 qui
961 4607 1193 4681 gentiles
1224 4605 1407 4678 arguis
1435 4603 1581 4680 quod
1611 4604 1728 4660 sine

140 4693 247 4767 lege
297 4704 351 4752 et
405 4698 520 4754 Deo
557 4698 690 4765 sint,
740 4704 795 4755 te
843 4698 1024 4771 ipsum
1062 4714 1175 4753 non
1222 4695 1439 4768 arguis:
1472 4693 1727 4751 difﬁdens

139 4782 277 4839 enim
308 4784 374 4842 de
398 4785 621 4844 Christo
643 4788 700 4844 in
722 4788 837 4861 lege
855 4787 1145 4861 promisso,
1180 4787 1238 4842 in
1258 4785 1453 4842 iisdem
1485 4800 1606 4858 quae
1629 4800 1727 4839 ar-

140 4872 273 4943 guis,
303 4875 593 4934 inveniris.

207 4964 390 5037 (Vers.
424 4966 541 5039 22.)
588 4994 606 5014 ι
630 4966 736 5036 Qui
765 4966 1069 5042 prmdicans
1095 4982 1209 5023 non
1229 4964 1549 5034 furandum,
1579 4962 1725 5020 fura-

141 5049 242 5123 ris;
296 5080 313 5103 ι
374 5056 511 5113 facis
566 5056 715 5113 enim
771 5056 920 5131 quod
947 5055 1212 5129 praedicas
1240 5052 1363 5109 fieri
1388 5071 1499 5111 non
1528 5051 1725 5121 debere

143 5143 275 5216 (77).
301 5146 445 5201 Dum
476 5146 624 5202 enim
653 5145 819 5203 fidem
845 5145 1053 5205 Christi
1080 5160 1178 5217 per
1216 5143 1417 5199 malam
1446 5142 1726 5214 interpre-

142 5233 398 5293 tationem
426 5235 690 5310 subripis,
720 5252 886 5312 negas
915 5234 1198 5295 Christum
1230 5240 1483 5290 nostrum
1515 5232 1572 5287 in
1609 5230 1725 5302 lege

144 5439 242 5508 vet.
286 5432 443 5508 edit.,
505 5434 777 5508 tripartito
834 5449 1015 5507 genere
1054 5428 1509 5506 mgniﬁcandum;
1562 5427 1720 5487 Rom.

143 5501 308 5561 edit...
338 5501 659 5564 deficatam.

207 5577 321 5650 (77)
369 5579 528 5636 Rom.
571 5578 733 5646 edit.,
780 5577 999 5650 hoc_est,
1036 5592 1153 5631 cum
1181 5570 1725 5650 aegas_Christam__in

148 5642 238 5714 lege
270 5642 644 5725 promissum,‘
849 5647 962 5725 ejus
985 5642 1083 5721 per
1110 5642 1723 5725 {nata'm__interpretatio-

147 5730 246 5773 nem
270 5715 563 5794 subripi“
610 5715 749 5791 facis
793 5715 933 5776 enim
985 5715 1129 5791 quod
1166 5716 1433 5789 pradicas
1473 5715 1593 5785 ﬁeri
1620 5730 1726 5768 non

302 5819 548 5879 eraon.
588 5818 772 5879 XVII.

1837 4603 2111 4661 observes.
2172 4630 2190 4652 ι
2245 4605 2426 4660 Potest
2478 4601 2589 4658 dici
2647 4618 2675 4657 e
2724 4610 2951 4658 contra:
2985 4600 3043 4657 Si
3077 4600 3299 4673 prodest
3326 4602 3430 4657 cir-

1834 4695 2127 4763 cumcisio,
2149 4711 2248 4751 cur
2275 4691 2716 4767 praetermittitur
2749 4691 2778 4747 7
2826 4689 2931 4747 Sed
2976 4699 3107 4746 tunc
3132 4688 3354 4760 prodest
3382 4689 3429 4745 si

1837 4783 2011 4855 legem
2062 4782 2338 4839 observes.
2392 4779 2651 4835 Tenenda
2678 4795 2806 4851 ergo
2852 4777 3204 4834 circumcisio
3240 4783 3347 4843 est;
3376 4784 3431 4832 et

1834 4879 1898 4927 ut
1952 4871 2128 4943 possit
2181 4870 2460 4943 prodesse,
2510 4867 2779 4922 servanda
2822 4874 2905 4921 est
2948 4866 3059 4920 lex.
3107 4863 3250 4932 Quid
3302 4882 3429 4938 ergo

1834 4960 2122 5033 prohibuit
2150 4959 2298 5032 quod
2328 4957 2604 5031 prodesse,
2640 4954 2687 5009 si
2710 4955 2798 5010 lex
2828 4961 3097 5020 servetur,
3128 4954 3369 5012 ostendit
3398 4957 3428 5014 7

1834 5049 2071 5107 Videtur
2099 5064 2226 5120 ergo
2256 5048 2394 5102 male
2426 5042 2789 5118 prohibitum,
2818 5043 2963 5118 quod
2994 5060 3103 5100 non
3122 5060 3288 5117 perse
3317 5044 3425 5103 dis-

1832 5139 2021 5214 plicet,
2051 5137 2145 5194 sed
2177 5155 2272 5211 per
2309 5134 2538 5193 alterius
2569 5133 2953 5207 negligentiam
2986 5134 3239 5193 frustrari
3271 5136 3424 5193 dici-

1832 5240 1943 5289 tur.
2003 5255 2021 5279 ‹
2072 5228 2129 5287 Si
2159 5235 2342 5285 autem
2373 5224 2759 5299 praevaricator
2784 5226 2919 5299 legis
2953 5225 3050 5294 sis,
3070 5226 3423 5283 circumcisio

1830 5426 2026 5484 debere.

1904 5500 2022 5572 (78)
2066 5497 2196 5572 Post
2236 5508 2449 5572 vocem,
2488 5490 2841 5572 patriarchas,
2872 5499 3219 5572 expunxerat
3256 5492 3415 5552 Rom.

1830 5565 1963 5628 edit.
2002 5565 2064 5625 in
2108 5569 2294 5625 Deum.
2329 5567 2429 5625 Ubi
2460 5565 2591 5623 vero
2620 5565 2829 5634 eadem,
2866 5581 2928 5621 ac
2948 5565 3076 5620 ’vet.
3125 5565 3258 5623 edit.
3290 5584 3417 5624 cum

1829 5659 1961 5699 mss.
2017 5640 2246 5713 aliquot,
2293 5641 2582 5713 intellectus
2620 5638 2691 5713 ab
2744 5636 3078 5713 hominibus,_
3109 5653 3239 5694 mss.
3272 5652 3416 5696 com-

1829 5715 2014 5787 plures
2043 5708 2241 5770 mélius
2264 5713 2473 5784 legunt,
2504 5710 2792 5767 intellectus
2824 5708 2890 5764 ab
2915 5708 3173 5764 ormnibus.

3206 5805 3240 5861 3
