3932 6210
461 321 531 378 75
1480 319 1576 373 AD
1614 314 1849 374 OPERA
1885 316 1941 372 S.
1983 314 2316 374 AMBROSII
2354 313 2733 371 APPENDIX.
3715 315 3775 370 76

461 461 556 510 tua
588 453 920 526 praeputium
964 452 1108 511 facta
1140 460 1265 510 est»
1309 452 1425 510 Hoc
1452 462 1535 507 est
1561 452 1705 524 quod
1736 452 1893 519 dicit,
1926 451 2057 523 quia
2083 454 2134 512 A
2163 451 2456 507 similiter:
2522 476 2539 498 ε
2588 448 2982 509 Circumcidite
3017 451 3349 523 praeputium
3378 450 3576 507 cordis
3602 450 3774 507 vsstri

462 543 510 599 si
540 544 631 599 lex
669 550 884 599 servata
914 558 1026 598 non
1062 542 1250 610 fuerit,
1297 541 1517 598 Judaaus
1548 541 1769 613 gentilis
1795 541 2048 596 eﬂicitur.

463 631 569 687 Sed
624 631 1100 688 circumcisionem
1150 648 1248 702 pro
1305 646 1497 700 genere
1550 631 1735 701 posuit
1764 628 2048 695 Abrahae;

465 721 594 795 quia
647 739 717 777 ex
776 722 1051 778 Abraham
1091 721 1439 777 circumcisio
1473 739 1484 775 :
1533 737 1632 776 nec
1663 720 1811 775 enim
1845 728 2055 790 poterat

464 813 883 885 aediﬁcare,quaz
909 812 1271 867 destruxerat.
1305 810 1417 864 Hoc
1450 810 1595 865 enim
1628 811 1728 877 ait,
1769 818 1831 864 ut
1860 809 2055 865 docent

465 911 597 959 tunc
625 901 880 974 prodesse
908 916 976 954 ex
1006 914 1200 969 genere
1229 897 1466 954 Abrahae
1496 914 1632 966 esse,
1666 898 1712 953 si
1757 898 1848 953 lex
1876 914 2053 953 serve-

463 1001 575 1060 tur,
608 990 665 1046 id
695 997 793 1057 est,
825 989 870 1044 si
906 988 963 1043 in
986 987 1267 1044 Christum
1301 987 1579 1056 credatur,
1629 986 1723 1059 qui
1755 986 2055 1059 promissus

460 1087 543 1137 est
592 1077 847 1144 Abrahae;
885 1076 1017 1150 quia
1048 1084 1103 1132 et
1128 1093 1289 1132 suum
1321 1077 1580 1131 meritum
1613 1075 1816 1130 habent
1839 1074 2056 1146 justiﬁ-

459 1168 566 1226 cati
586 1183 684 1241 per
712 1167 902 1234 ﬁdem,
935 1174 988 1221 et
1016 1166 1227 1222 honore
1257 1166 1480 1221 Patrum
1503 1163 1892 1219 sublimantur.
1928 1164 2055 1220 Om-

458 1256 546 1313 nis
592 1258 742 1313 enim
797 1256 948 1311 salus
996 1254 1054 1310 in
1107 1254 1222 1326 lege
1268 1254 1336 1309 de
1381 1252 1602 1310 Christo
1654 1260 1755 1308 est.
1802 1252 1901 1308 Hic
1928 1269 2055 1323 ergo

458 1352 644 1402 servat
698 1345 895 1417 legem,
939 1342 1036 1415 qui
1076 1341 1252 1398 credit
1278 1340 1335 1396 in
1374 1340 1627 1399 Christo:
1660 1340 1704 1397 si
1735 1347 1916 1397 autem
1943 1357 2054 1396 non

460 1433 661 1502 credit,
728 1442 1098 1504 transgressor
1161 1437 1243 1486 est
1308 1430 1480 1502 legis;
1538 1429 1668 1501 quia
1710 1446 1821 1484 non
1861 1430 2056 1501 recipit

460 1522 766 1589 Christum,
810 1537 970 1594 quem
1022 1521 1111 1575 lex
1160 1519 1227 1575 ad
1270 1518 1724 1590 justiﬁcationem
1757 1529 2053 1575 venturum

456 1611 679 1679 cecinit,
723 1626 887 1683 quam
928 1608 1046 1680 ipsa
1073 1606 1203 1663 dare
1240 1624 1349 1663 non
1397 1608 1617 1681 potuit;
1678 1615 1732 1663 et
1779 1607 1921 1663 nihil
1970 1607 2055 1663 illi

459 1700 709 1774 proderit
748 1698 862 1755 dici
918 1697 1094 1754 ﬁlium
1147 1695 1417 1764 Abrahae;
1466 1697 1597 1770 quia
1631 1695 1726 1754 hic
1753 1697 2054 1753 secundum

458 1790 718 1847 meritum
748 1787 900 1845 ﬁlius
928 1796 1009 1844 est
1036 1785 1292 1855 Abrahae,
1324 1786 1420 1860 qui
1459 1786 1624 1843 ﬁdem
1658 1787 1927 1860 sequitur,
1960 1803 2054 1858 per

458 1896 624 1953 quam
654 1878 855 1951 dignus
880 1879 994 1934 Deo
1009 1878 1225 1934 exstitit
1253 1876 1714 1935 Abraham.Unde
1742 1879 1838 1933 ait:
1880 1903 1896 1924 ι
1920 1876 2053 1935 Cir-

457 1969 729 2028 cumcisio
766 1977 862 2025 tua
889 1967 1220 2041 praeputium
1255 1966 1400 2024 facta
1429 1976 1533 2036 est,
1571 1993 1588 2015 -
1633 1966 1691 2023 id
1725 1975 1827 2035 est,
1859 1964 2053 2038 gentili

458 2058 659 2117 similis
704 2057 881 2115 factus
924 2074 1002 2126 es,
1033 2073 1145 2113 non
1173 2056 1400 2114 credens
1428 2056 1483 2111 in
1507 2072 1656 2124 eum,
1687 2055 1781 2129 qui
1810 2055 1868 2110 in
1897 2054 2053 2126 signo

456 2146 895 2207 circumcisionis
923 2146 1074 2202 ﬁlius
1095 2145 1397 2218 promissus
1425 2153 1508 2201 est
1535 2143 1769 2201 Abrahae
1801 2144 1941 2215 (79).

530 2238 713 2311 (Vers.
765 2235 877 2308 26.)
943 2262 961 2283 ι
1007 2235 1063 2293 Si
1093 2235 1263 2307 igitur
1292 2234 1619 2307 praeputium
1646 2232 1892 2305 justitias
1919 2229 2055 2303 legis

453 2327 747 2395 custodiat,
771 2342 958 2383 nonne
985 2323 1313 2397 praeputium
1345 2323 1457 2379 illis
1488 2323 1542 2378 in
1573 2322 2052 2379 circumcisionem

455 2417 800 2491 reputabitur
829 2416 857 2473 ?
908 2441 926 2463 ι
986 2414 1209 2471 Justitia
1256 2414 1392 2485 legis
1437 2412 1572 2468 ﬁdes
1602 2421 1685 2469 est
1715 2411 2049 2479 Christiana,

455 2508 601 2566 sicut
638 2506 748 2563 alio
782 2507 904 2563 loco
932 2504 1070 2562 dicit
1102 2522 1114 2559 :
1181 2528 1198 2550 ι
1239 2502 1392 2559 Finis
1419 2503 1553 2574 legis
1583 2502 1841 2562 Christus
1870 2501 1939 2557 ad
1965 2499 2051 2571 ju-

456 2597 665 2654 stitiam
715 2596 866 2651 omni
914 2592 1159 2652 credenti
1204 2594 1374 2664 (Rom.
1406 2609 1466 2661 x,
1495 2592 1575 2665 4).
1609 2617 1626 2640 ι
1666 2592 1794 2649 Ideo
1825 2589 2052 2646 manife-

455 2696 603 2743 stum
652 2693 734 2743 est
781 2684 913 2759 quia
941 2683 985 2739 si
1017 2683 1240 2756 gentilis
1268 2681 1452 2738 credat
1472 2682 1530 2738 in
1560 2680 1868 2751 Christum,
1901 2680 1961 2737 ﬁt
1992 2679 2053 2736 ﬁ-

458 2777 568 2833 lius
595 2774 850 2844 Abrahae,
880 2774 975 2847 qui
1003 2781 1157 2846 pater
1182 2780 1264 2828 est
1292 2770 1441 2827 ﬁdei.

534 2864 720 2936 (Vers.
765 2862 884 2932 27.)
957 2886 974 2908 ι
1030 2861 1104 2917 Et
1137 2858 1412 2931 judicabit
1452 2857 1598 2931 quod
1634 2874 1704 2915 ex
1750 2867 1946 2915 natura
1974 2865 2055 2913 est

459 2952 814 3027 prmputium,
870 2950 1041 3020 legem
1089 2947 1401 3020 perﬁciens,
1440 2956 1514 3016 te,
1562 2948 1658 3020 qui
1688 2964 1783 3020 per
1813 2948 2053 3003 litteram

462 3049 521 3097 et
547 3036 1025 3097 circumcisionem
1053 3035 1441 3108 praevaricator
1467 3051 1524 3091 es
1568 3034 1722 3107 legis.
1752 3060 1771 3083 ι
1816 3033 2055 3091 Credens

464 3127 709 3202 gentilis,
739 3126 879 3183 duce
898 3131 1121 3192 natura,
1167 3123 1224 3179 in
1259 3122 1561 3193 Christum,
1593 3122 1923 3180 condemnat
1946 3123 2054 3179 Ju-

2165 542 2379 611 (Jerem.
2415 541 2575 612 mli).
2606 567 2623 588 -
2654 542 2770 597 Hoc
2796 540 2943 597 dixit
2969 540 3174 597 Iudaeis
3204 541 3353 596 idola
3375 540 3772 613 sequentibus;

2162 633 2413 688 velamen
2464 640 2549 687 est
2604 631 2753 686 enim
2804 630 2951 686 circa
2996 648 3111 698 cor,
3153 630 3300 703 quod
3346 648 3667 687 conversus
3709 631 3775 687 ad

2162 725 2337 778 Deum
2391 720 2776 786 circumcidit;
2820 720 2950 791 quia
2977 719 3112 775 ﬁdes
3152 719 3331 777 aufert
3360 720 3632 776 nebulam
3682 738 3775 777 er-

2164 810 2327 879 roris,
2371 817 2424 865 et
2466 810 2661 865 tribuit
2690 808 2982 880 perfectam
3015 808 3114 865 Dei
3144 809 3521 881 cognitionem
3553 809 3618 864 in
3654 828 3776 883 my-

2164 899 2331 955 sterio
2386 899 2697 967 Trinitatis,
2742 898 2888 971 quod
2918 899 3261 971 incognitum
3292 907 3409 954 erat
3436 916 3468 953 a
3498 900 3771 956 saeculiis.

2166 990 2341 1062 Hujus
2370 1006 2501 1061 ergo
2538 988 2978 1045 circumcisionis
3011 989 3129 1045 laus
3161 1005 3231 1044 ex
3260 990 3373 1045 Deo
3406 996 3509 1058 est,
3546 991 3775 1047 occulta

2166 1076 2488 1132 hominibus
2514 1093 2528 1142 ;
2560 1076 2744 1133 cordis
2772 1075 2923 1133 enim
2956 1077 3211 1133 meritum
3240 1084 3343 1145 est,
3375 1076 3526 1150 quod
3564 1079 3773 1151 aspicit

2164 1167 2330 1233 Deus,
2384 1182 2495 1222 non
2544 1165 2748 1221 carnis.
2788 1167 2924 1222 Nam
2968 1164 3283 1221 Iudaeorum
3317 1166 3435 1221 laus
3480 1182 3553 1222 ex
3586 1165 3774 1222 homi-

2165 1254 2329 1310 nibus
2358 1263 2469 1323 est;
2502 1256 2809 1328 gloriantur
2836 1256 2985 1310 enim
3017 1255 3075 1311 in
3106 1254 3287 1311 carnis
3312 1254 3768 1324 circumcisione,

2164 1344 2310 1416 quod
2358 1361 2428 1399 ex
2477 1344 2731 1400 Patribus
2770 1344 2864 1401 sit.
2896 1344 3053 1401 Unde
3083 1343 3227 1399 inter
3255 1351 3451 1401 caetera
3481 1343 3605 1416 (81)
3640 1346 3725 1401 ait
3756 1364 3765 1400 :

2180 1458 2198 1481 ι
2223 1435 2294 1489 Et
2324 1434 2498 1506 gloria
2527 1434 2587 1489 in
2618 1433 2893 1507 pudendis
2921 1450 3133 1501 eorum,
3165 1433 3260 1506 qui
3292 1440 3512 1489 terrena
3536 1434 3771 1507 sapiunt

2169 1524 2429 1595 (Philipp.
2485 1542 2570 1593 ιιι,
2618 1526 2747 1594 19);
2807 1549 2825 1571 ι
2884 1523 2989 1582 hoc
3024 1532 3126 1593 est,
3158 1523 3253 1597 qui
3281 1524 3768 1581 circumcisionem

2165 1613 2347 1670 carnis
2392 1613 2623 1684 gloriam
2672 1622 2886 1686 putant.
2929 1614 3167 1671 Terrena
3200 1614 3349 1670 enim
3377 1612 3545 1685 sapit,
3578 1613 3682 1686 qui
3716 1615 3769 1669 in

2165 1718 2329 1758 carne
2355 1702 2653 1774 gloriatur;
2678 1702 2774 1776 qui
2805 1719 2935 1759 vero
2966 1703 3020 1759 in
3054 1703 3254 1776 spiritu
3271 1701 3562 1775 gloriatur,
3595 1702 3770 1775 hujus

2087 1817 2133 1878 Β
2169 1790 2286 1847 laus
2312 1806 2385 1846 ex
2414 1792 2528 1847 Deo
2559 1798 2674 1858 est;
2707 1790 2907 1864 spiritu
2937 1792 3107 1859 enim,
3140 1806 3249 1847 non
3298 1806 3462 1848 carne
3491 1790 3765 1848 creditur.

2778 1935 3007 1992 CAPUT
3051 1934 3148 1991 III.

2236 2052 2415 2125 (Vers.
2465 2053 2490 2109 1
2536 2060 2591 2109 et
2617 2052 2698 2123 2.)
2749 2077 2767 2099 ι
2799 2052 2943 2120 Quid
2972 2051 3120 2108 enim
3147 2050 3385 2123 amplius
3413 2060 3496 2109 est
3547 2051 3767 2121 Iudaeo,

2161 2148 2255 2198 aut
2284 2158 2407 2215 quae
2427 2141 2643 2199 utilitas
2669 2140 3138 2198 circumcisionis?
3156 2140 3390 2197 Multum
3413 2156 3510 2212 per
3539 2157 3768 2198 omnem

2161 2230 2408 2287 modum.
2442 2231 2691 2286 Primum
2722 2230 2945 2304 quidem
2977 2229 3328 2303 quiacredita
3342 2238 3473 2286 sunt
3504 2230 3626 2286 illis
3655 2233 3769 2288 elo.

2162 2319 2290 2392 quia
2333 2318 2454 2374 Dei.
2487 2343 2503 2366 ι
2565 2319 2886 2392 Quanquam
2918 2321 3095 2375 multa
3123 2319 3255 2386 sint,
3286 2335 3407 2391 quae
3438 2318 3508 2374 ad
3540 2319 3770 2377 honori-

2162 2406 2437 2463 ﬁcentiam
2488 2416 2542 2463 et
2592 2407 2849 2463 meritum
2899 2407 3211 2480 pertineant
3240 2407 3469 2463 seminis
3499 2406 3770 2477 Abrahae,

2161 2496 2268 2553 hoc
2313 2504 2499 2553 tamen
2541 2497 2721 2553 solum
2778 2505 2963 2569 aperte
3011 2504 3299 2564 memorat,
3344 2496 3474 2571 quia
3505 2497 3770 2553 maximas

2162 2586 2342 2643 laudis
2371 2602 2563 2642 eorum
2600 2593 2704 2654 est,
2763 2593 2825 2642 ut
2873 2586 3044 2657 legem
3074 2602 3169 2658 per
3210 2601 3373 2658 quam
3411 2584 3772 2641 addiscerent

2162 2686 2373 2734 rectum
2413 2694 2446 2732 a
2489 2692 2747 2749 perverso
2796 2675 3158 2749 distinguere,
3196 2674 3351 2747 digni
3374 2673 3771 2745 judicarentur

2161 2766 2428 2839 accipere,
2476 2773 2537 2822 ut
2590 2773 2713 2838 post
2756 2765 2863 2822 hoc
2910 2766 3151 2838 primum
3188 2771 3386 2821 caetera
3413 2765 3608 2836 qualia
3633 2765 3766 2831 sint,

2162 2857 2376 2928 possint
2399 2855 2657 2928 intelligi.
2689 2854 2961 2923 Quoniam
2991 2864 3173 2911 autem
3193 2852 3397 2909 Iudaeis
3422 2854 3767 2922 carnalibus,

2164 2945 2221 3000 id
2261 2954 2365 3014 est,
2410 2945 2739 3016 incredulis,
2794 2945 2936 3002 nihil
2968 2943 3233 3017 proﬁcere
3260 2941 3653 2999 testimonium
3683 2961 3769 3015 ge-

2162 3035 2311 3092 neris
2337 3035 2617 3103 ostendit;
2650 3051 2719 3091 ne
2763 3050 2976 3102 omnes,
3019 3033 3073 3088 id
3105 3041 3208 3099 est,
3238 3037 3292 3087 et
3319 3031 3617 3090 credentes
3649 3033 3764 3105 (82)

2163 3126 2304 3181 male
2357 3131 2615 3181 tractasse
2662 3123 2960 3189 videretur,
3012 3121 3171 3179 docet
3203 3121 3443 3176 multum
3474 3123 3625 3179 utile
3653 3139 3769 3179 esse

460 3185 663 3288 datum,
690 3185 782 3274 cui
814 3216 903 3271 lex
930 3185 1256 3287 promiserat
1285 3185 1592 3281 Christum,
1634 3221 1688 3269 et
1734 3212 2055 3270 advenienti
2084 3185 2128 3246 θ
2168 3214 2372 3271 Iudaeis
2416 3212 2789 3280 credentibus,
2839 3185 2969 3285 quia
3016 3210 3119 3266 ﬁlii
3172 3217 3302 3266 sunt
3355 3208 3620 3268 Abrahae.
3672 3213 3770 3268 His

458 3310 509 3367 ei
546 3308 766 3367 credere
810 3306 1010 3364 noluit.
1060 3307 1273 3375 Quanta
1310 3321 1439 3377 ergo
1482 3304 1703 3375 gentilis
1746 3304 1949 3377 dignus
1977 3311 2060 3360 est

458 3397 655 3473 gloria,
686 3397 782 3471 qui
808 3413 904 3470 per
932 3397 1106 3452 solam
1153 3401 1406 3451 naturam
1446 3393 1725 3449 intellexit
1753 3401 2056 3460 auctorem,

459 3495 607 3553 sicut
635 3494 775 3550 dicit
806 3494 998 3550 Petrus
1025 3491 1342 3565 apostolus:
1402 3516 1420 3537 -
1450 3492 1746 3548 Auctorem
1773 3507 1905 3546 vero
1927 3490 2058 3546 vitm

461 3583 820 3641 interfecistis
875 3582 1007 3650 (Act.
1069 3599 1154 3650 ιιι,
1207 3581 1315 3652 15);
1367 3604 1385 3626 ι
1456 3587 1609 3636 tanto
1637 3580 1809 3653 magis
1838 3578 2059 3636 Iudaeus

462 3671 783 3747 puniendus
819 3678 920 3739 est,
958 3670 1054 3743 qui
1100 3685 1278 3742 neque
1324 3684 1421 3741 per
1450 3675 1725 3735 naturam,
1760 3674 1937 3742 neque
1965 3685 2061 3741 per

462 3762 637 3835 legem
676 3760 957 3818 Christum
994 3758 1219 3832 agnovit
1249 3765 1547 3814 auctorem.

536 3850 718 3922 (Vers.
750 3848 841 3918 28,
867 3846 984 3919 29.)
1032 3872 1049 3895 σ
1076 3848 1195 3904 Non
1229 3846 1377 3902 enim
1408 3846 1503 3919 qui
1536 3844 1593 3901 in
1625 3847 1939 3915 manifesto,
1968 3846 2060 3902 Ju-

460 3937 611 3998 daaus
648 3948 765 4006 est;
822 3952 998 4012 neque
1052 3953 1172 4010 quae
1201 3936 1379 4008 palam
1410 3935 1466 3990 in
1498 3952 1686 4005 carne,
1716 3945 1798 3992 est
1825 3935 2060 3991 circum-

462 4030 600 4086 cisio
633 4046 645 4085 :
679 4027 774 4085 sed
805 4026 899 4100 qui
932 4027 990 4082 in
1019 4027 1259 4094 occulto,
1289 4024 1511 4081 Iudaeus
1539 4033 1655 4091 est;
1689 4032 1743 4080 et
1770 4022 2059 4080 circumci-

460 4120 543 4177 sio
563 4118 746 4177 cordis
767 4118 825 4173 in
847 4116 1069 4189 spiritu,
1098 4132 1211 4171 non
1250 4116 1431 4171 littera
1457 4132 1469 4170 :
1500 4113 1658 4185 cujus
1695 4113 1814 4169 laus
1849 4129 1961 4168 non
1991 4129 2062 4169 ex

461 4207 807 4273 hominibus,
828 4205 922 4261 sed
950 4220 1021 4260 ex
1050 4207 1162 4259 Deo
1192 4213 1317 4260 est»
1361 4205 1482 4260 Non
1511 4210 1594 4258 est
1621 4203 1915 4259 obscurum
1934 4202 2064 4273 quia

463 4293 942 4353 circumcisionem
1005 4294 1187 4349 carnis
1232 4302 1393 4364 negat
1444 4292 1658 4348 laudem
1709 4291 1910 4347 habere
1943 4290 2058 4361 (80)

463 4383 610 4457 apud
661 4383 839 4439 Deum
890 4382 1016 4453 (nec
1069 4381 1216 4437 enim
1269 4379 1547 4436 Abraham
1583 4380 1705 4436 ideo
1729 4379 2064 4451 justiﬁcatus

466 4481 568 4540 est,
619 4472 750 4544 quia
791 4469 1155 4527 circumcisus
1193 4488 1205 4525 :
1244 4469 1337 4525 sed
1362 4470 1491 4541 quia
1518 4468 1773 4536 credidit,
1798 4468 2063 4541 justiﬁca-

2168 3305 2317 3361 enim
2370 3304 2589 3378 eloquia
2635 3304 2735 3360 Dei
2779 3310 2913 3360 sunt
2964 3301 3194 3370 credita,
3234 3299 3367 3356 dum
3410 3298 3616 3372 legem,
3649 3317 3769 3376 quae

2168 3392 2405 3466 peccatis
2451 3392 2742 3449 hominum
2782 3392 3144 3460 obsoleverat,
3193 3390 3347 3463 quasi
3382 3389 3618 3462 impune
3647 3407 3768 3464 pec-

2169 3490 2385 3539 caretur
2436 3481 2581 3554 apud
2631 3483 2829 3549 Deum,
2885 3480 3082 3536 merito
3133 3480 3358 3535 Patrum
3407 3478 3768 3537 reformatam

2171 3569 2470 3642 accipiunt,
2516 3576 2571 3624 et
2593 3569 2829 3639 populus
2857 3567 2957 3624 Dei
2987 3576 3273 3623 vocantur.
3306 3568 3585 3641 Egyptus
3616 3585 3773 3642 quo-

2172 3674 2277 3732 que
2325 3664 2547 3730 propter
2580 3655 2813 3728 injurias
2842 3656 3065 3712 illorum
3099 3654 3333 3713 diversis
3360 3656 3536 3730 plagis
3573 3674 3779 3735 percu-0

2171 3748 2354 3805 titur:
2412 3745 2619 3803 cmlesti
2674 3761 2814 3816 pane
2870 3745 3149 3814 cibantur,
3205 3747 3464 3803 omnibus
3506 3748 3772 3819 gentibus

2175 3836 2372 3895 terrori
2417 3843 2569 3906 sunt,
2613 3842 2845 3892 testante
2893 3835 3001 3893 hoc
3046 3836 3236 3894 Rabab
3262 3834 3550 3893 meretrice
3585 3838 3772 3910 (Iosue

2173 3945 2238 3995 ιι,
2269 3929 2327 3999 9)
2351 3946 2362 3984 :
2398 3928 2599 4001 quibus
2629 3928 2795 3983 etiam
2816 3927 3072 3984 Christus
3100 3924 3421 3983 salvatorad
3436 3926 3772 3984 sanctiﬁca-

2172 4019 2382 4075 tionem
2415 4018 2721 4091 promissus
2749 4017 2993 4073 est.Ideo
3022 4018 3101 4073 ait
3124 4016 3363 4072 multum
3393 4016 3529 4071 utile
3561 4016 3773 4073 Iudaeis

2176 4124 2271 4180 per
2298 4124 2518 4165 omnem
2550 4106 2800 4175 modum,
2831 4107 2961 4180 quia
3007 4105 3110 4161 ﬁlii
3140 4106 3254 4162 sint
3279 4103 3514 4161 Abrahae
3550 4123 3564 4162 :
3601 4114 3771 4163 ante-

2174 4207 2457 4269 ponuntur
2484 4198 2629 4253 enim
2662 4196 2942 4270 gentibus,
2972 4195 3067 4253 sed
3097 4195 3193 4269 qui
3222 4195 3475 4252 credunt.

2247 4287 2423 4359 (Vers.
2475 4285 2557 4359 3.)
2617 4312 2635 4334 ι
2677 4286 2822 4355 Quid
2854 4285 3004 4342 enim
3052 4285 3099 4342 si
3126 4284 3350 4359 quidam
3394 4286 3625 4342 illorum
3657 4303 3774 4344 non

2174 4379 2573 4436 crediderunt?
2614 4377 2897 4451 Numquid
2936 4376 3293 4434 incredulitas
3341 4376 3568 4431 illorum
3602 4375 3772 4433 ﬁdem

2174 4470 2272 4526 Dei
2301 4470 2640 4528 evacuabit?
2669 4470 2831 4526 Absit
2862 4468 3002 4541 (83).
3035 4494 3053 4516 ι
3111 4469 3233 4525 Non
3269 4467 3472 4540 inquit,
3506 4467 3643 4540 quia
3671 4468 3772 4522 ali-

466 4571 557 4619 tus
611 4569 715 4629 est,
779 4566 966 4632 postea
1012 4567 1193 4614 autem
1224 4558 1584 4615 circumcisus
1615 4560 1741 4631 est),
1771 4560 1952 4616 cordis
1971 4576 2062 4617 au-
2091 4550 2141 4609 D
2172 4560 2268 4633 qui
2311 4560 2626 4617 Iudaeorum
2674 4559 2895 4616 credere
2941 4560 3259 4626 noluerunt,
3303 4573 3423 4629 quae
3465 4557 3619 4612 Deus
3649 4573 3773 4629 pro-

464 4658 577 4707 tem
636 4647 1120 4706 circumcrsionem
1166 4645 1497 4702 laudabilem
1538 4647 1683 4719 apud
1722 4649 1893 4703 Deum
1924 4664 2058 4707 esse.

466 4737 880 4797 Circumcidere
906 4736 1054 4793 enim
1086 4752 1200 4804 cor,
1227 4742 1510 4807 amputato
1537 4750 1743 4805 errore,
1773 4753 2064 4809 agnoscere

466 4842 548 4889 est
597 4833 933 4891 Creatorem.
978 4831 1049 4885 Et
1094 4829 1224 4903 quia
1264 4827 1616 4886 circumcisio
1671 4829 1854 4886 cordis
1878 4830 2065 4887 futura

467 4931 605 4991 erat,
647 4924 859 4995 primus
886 4923 1105 4995 Moyses
1146 4919 1329 4976 dixit:
1400 4945 1416 4967 ι
1447 4917 1869 4978 Circumcidetis
1897 4921 2063 4977 duri-

469 5011 602 5067 tiam
632 5012 813 5069 cordis
846 5014 1015 5069 vestri
1048 5012 1226 5085 (Deut.
1256 5027 1315 5081 x,
1350 5010 1462 5083 i6).
1495 5035 1513 5059 ι
1564 5011 1637 5066 Et
1661 5011 1925 5069 Jeremias
1966 5017 2064 5074 42

543 5185 660 5266 (79)
720 5183 876 5266 Rom.
918 5182 1093 5266 edit.,
1133 5198 1195 5240 ac
1239 5182 1398 5257 pauci
1446 5201 1603 5253 mss.,
1651 5180 2067 5239 circumcisionis

465 5255 762 5328 promissus
789 5262 865 5310 est
891 5255 1141 5328 Agbrahte.

544 5328 661 5400 (80)
694 5329 855 5384 Rom.
888 5326 1049 5395 edit.,
1066 5327 1187 5400 Non
1215 5334 1289 5382 est
1314 5327 1593 5383 obscurum
1618 5324 2067 5381 circumcisin

470 5399 648 5453 carnis
681 5400 891 5455 laudem
924 5415 1030 5452 non
1060 5399 1264 5455 habere.

546 5470 664 5540 (8t)
696 5470 902 5526 Eadem
932 5468 1092 5538 edit.,
1110 5485 1246 5524 cum
1269 5485 1382 5524 uno
1410 5476 1506 5523 aut
1532 5468 1707 5523 altero
1732 5482 1887 5535 mss.,
1924 5466 2068 5523 Unde

471 5538 530 5593 in
553 5538 666 5595 una
685 5542 906 5596 epistola
934 5541 1071 5595 inter
1098 5546 1306 5594 caetera.

547 5607 851 5739 (ΒΞὲΕΒοιιι.
883 5611 1044 5679 edit.,
1064 5611 1123 5665 id
1149 5617 1223 5664 est
1250 5616 1300 5664 ct
1329 5607 1610 5688 credetues,
1637 5614 1685 5663 et
1711 5623 1819 5662 non
1844 5607 2067 5687 creden-

577 5700 595 5739 :
714 5698 783 5739 ne
827 5681 974 5739 alite.
1025 5696 1090 5739 ac
1119 5696 1248 5737 mss.
1279 5687 1343 5736 ut
1383 5694 1443 5734 ιιι
1472 5686 1662 5739 textu;
1712 5686 1795 5735 est
1822 5693 1993 5739 enim,
2021 5685 2067 5735 et

476 5676 595 5750 tes';
644 5676 783 5739 bene
827 5681 974 5752 aliae,
1025 5676 1090 5739 ac
1119 5696 1248 5737 mss.
1279 5687 1343 5736 ut
1383 5678 1443 5734 in
1472 5686 1662 5747 textu;
1712 5686 1795 5735 est
1822 5676 1993 5746 enim,
2021 5685 2070 5735 et

2172 4649 2325 4705 misit
2370 4649 2502 4705 ﬁliis
2548 4648 2805 4717 Abrahae,
2838 4647 3045 4705 idcirco
3077 4645 3528 4719 praejudicabitur
3554 4647 3775 4702 caeteris

2171 4738 2395 4806 Iudaeis;
2429 4755 2498 4795 ne
2528 4738 2683 4810 digni
2711 4737 2968 4795 dicantur
2996 4738 3241 4809 accipere
3272 4734 3420 4809 quod
3452 4736 3601 4791 Deus
3631 4752 3775 4807 pro-

2175 4830 2328 4887 misit
2355 4830 2640 4887 ﬁdelibus:
2674 4830 2878 4903 quippe
2907 4847 3035 4887 cum
3064 4830 3145 4886 sic
3172 4828 3316 4886 facta
3344 4828 3417 4883 sit
3446 4827 3774 4899 promissio,

2173 4928 2236 4976 ut
2254 4919 2610 4977 credentibus
2639 4919 3127 4993 proﬁceret.lgitur
3154 4934 3265 4975 non
3283 4915 3611 4989 indignatus
3623 4918 3778 4972 Deus

2173 5017 2399 5084 propter
2428 5010 2654 5066 illorum
2685 5008 2994 5082 perﬁdiam,
3027 5007 3086 5065 id
3113 5014 3216 5077 est,
3247 5005 3590 5075 Iudaeorum,
3614 5004 3778 5061 dabit

2173 5173 2434 5229 credentes
2461 5172 2605 5230 idem
2637 5172 3019 5245 atque,etiam
3045 5170 3194 5245 ipsos
3220 5167 3526 5245 credentes.

2247 5246 2365 5329 (83)
2378 5236 2977 5329 .._R‘om.uedit.._,';4bsit,
3007 5236 3165 5329 quasi
3188 5242 3371 5324 dicat:
3560 5236 3770 5329 Aaligt‘ri,

2168 5310 2425 5400 promisit.
2440 5310 2851 5400 ﬁdelibus-{Ven
2873 5310 3075 5400 inquit,
3104 5314 3296 5396 quippe
3320 5328 3460 5392 cum,
3488 5318 3597 5400 etc.

2175 5382 2234 5468 i_n
2268 5382 2459 5468 _variis
2501 5390 2660 5468 lect._,_
2703 5389 2813 5443 Hoc
2850 5382 3000 5468 dicit,
3030 5382 3159 5468 quia
3190 5382 3297 5468 non
3318 5382 3778 5468 prwjudicabitm:

2174 5461 2376 5517 Judwis
2413 5453 2757 5528 credentibus,
2789 5475 2852 5513 ne
2897 5453 3055 5528 digni
3070 5453 3603 5528 dicantur—accipere,
3632 5453 3779 5524 quod

2168 5533 2422 5605 promisit
2449 5534 2590 5590 Deus
2609 5527 2810 5605 cretaeis
2830 5527 3201 5605 difﬁdentibus,
3229 5527 3361 5605 quiq
3385 5527 3623 5605 sic_[acta
3647 5542 3776 5605 pr9~

2173 5597 2355 5730 niiss‘io
2402 5611 2498 5671 est,
2540 5611 2600 5659 ut
2634 5604 2829 5661 donum
2872 5597 3063 5674 ᾶταιίω
3104 5601 3219 5671 ejus
3237 5597 3568 5656 credentibus
3592 5597 3779 5671 proli—

2173 5690 2285 5730 cere
2312 5718 2326 5730 .

2173 5690 2326 5732 ceret.
