3932 6210
17 262 99 318 77
1157 263 1521 322 COMMENT.
1564 263 1635 320 ΙΝ
1672 261 1898 320 EPIST.
1936 263 2033 320 AD
2073 264 2219 321 BOM
3285 272 3355 330 78

17 388 267 461 reliquis
316 387 668 445 credentibus
719 388 893 444 vitam
952 396 1233 455 aeternam,
1283 403 1449 460 quam
1498 402 1637 457 pro-
1661 388 1711 448 A
1737 385 2015 459 justitiam
2060 387 2430 460 commendat,
2509 389 2644 464 quid
2705 389 2955 449 dicemus
2985 391 3016 449 ?
3068 393 3351 467 Numquid

17 478 192 534 misit
223 479 463 535 futuram
496 496 591 551 per
610 478 774 534 ﬁdem
807 478 1016 535 Christi
1051 497 1064 546 ;
1097 477 1227 550 quia
1253 477 1349 550 qui
1379 493 1493 532 non
1521 493 1635 533 cre-

17 569 321 639 diderunt,
353 571 455 643 ipsi
476 588 534 627 se
583 570 843 641 indignos
872 569 1123 625 fecerunt
1167 568 1287 624 sine
1317 567 1638 639 prmjudicio

17 659 488 715 casterorumllis
515 657 683 714 dictis
710 656 1063 713 commendat
1089 656 1369 712 credentes
1388 655 1635 722 Iudaeos;

17 746 172 818 quia
228 747 368 803 nihil
431 747 588 802 obest
627 746 729 813 eis,
762 745 895 818 quia
928 744 1089 800 multi
1142 761 1210 799 ex
1249 744 1363 800 illis
1419 744 1642 800 credere

17 840 365 897 noluerunt.

106 931 299 1002 (Vers.
343 929 423 1003 4.)
479 954 498 976 ι
528 930 628 985 Est
666 928 811 985 enim
852 930 998 985 Deus
1052 944 1238 995 verax,
1291 927 1474 983 omnis
1533 943 1642 983 au-

18 1026 153 1076 tem
212 1020 383 1076 homo
434 1017 695 1087 mendax,
754 1019 900 1075 sicut
950 1018 1213 1090 scriptum
1248 1026 1331 1073 est
1362 1017 1479 1089 (84)
1518 1034 1532 1073 :
1568 1018 1641 1074 Ut

17 1106 365 1179 iustiﬁceris
392 1109 450 1164 in
480 1106 823 1165 sermonibus
849 1106 982 1174 tuis,
1029 1114 1083 1162 et
1113 1106 1303 1162 vincas
1330 1122 1456 1162 cum
1476 1105 1642 1178 judi-

17 1197 187 1254 caris
223 1198 400 1268 (Psal.
426 1215 475 1266 ι,
507 1198 587 1267 6).
621 1221 638 1245 ι
682 1196 750 1251 Ut
781 1194 1021 1251 firmaret
1078 1194 1225 1267 quod
1280 1209 1445 1267 supra
1473 1194 1636 1263 dixit,

17 1286 195 1361 quod
224 1288 371 1344 Deus
397 1287 455 1342 in
501 1283 862 1359 promissione
890 1301 990 1341 sua
1016 1283 1198 1340 ﬁdelis
1224 1292 1326 1353 est,
1361 1292 1416 1341 et
1451 1285 1636 1341 omnis

18 1378 215 1435 homo
271 1378 548 1435 mendax:
602 1377 917 1449 exemplum
974 1376 1359 1449 propheticum
1388 1375 1641 1433 subdidit

20 1484 103 1524 ex
166 1468 379 1539 psalmo
444 1466 921 1540 quinquagesimo,
976 1482 1086 1539 quo
1141 1475 1195 1523 et
1249 1468 1425 1522 Deum
1458 1466 1642 1523 verbis

20 1557 159 1613 suis
174 1556 487 1627 justiﬁcari,
520 1564 575 1611 et
600 1555 885 1611 hominem
917 1555 1236 1612 mendacem
1268 1555 1643 1613 incredulita-

26 1647 108 1701 tis
142 1662 309 1702 causa
335 1645 595 1717 signavit.
628 1646 934 1717 Utrumque
975 1644 1124 1700 enim
1157 1644 1357 1716 legitur
1388 1645 1445 1701 in
1500 1644 1643 1702 libro

1746 476 1971 549 iniquus
1998 478 2162 544 Deus,
2190 479 2284 550 qui
2314 478 2482 534 infert
2506 479 2645 535 iram
2679 481 3009 551 (secundum
3065 481 3349 539 hominem

1746 566 1955 638 dico)?-
1985 566 2287 623 Absit.Hoc
2300 567 2463 639 juxta
2476 585 2698 626 sensum
2720 571 3005 645 prophetae
3022 572 3200 629 David
3213 573 3353 629 dicit

1749 655 2046 727 Apostolus
2070 674 2080 712 :
2116 656 2291 712 David
2310 663 2489 712 autem
2511 657 2729 729 quando
2758 669 3076 731 peccaverat
3104 661 3161 718 in
3190 678 3355 720 causa

1749 747 1894 803 Urize
1922 746 2134 803 Hethazi
2160 747 2248 817 (ΙΙ
2288 748 2412 818 Reg.
2445 765 2524 816 xi,
2558 748 2639 818 4),
2663 748 2841 807 sciens
2892 752 3022 824 quia
3058 754 3352 825 promissio

1750 835 2128 907 peccatoribus
2141 836 2260 891 dari
2277 852 2387 893 non
2411 844 2805 908 potest,exorat
2816 839 3206 911 ntjustiﬁcatio
3222 860 3343 899 ver-

1750 924 1947 981 borum
1969 926 2067 983 Dei
2094 928 2280 984 vincat
2292 926 2567 999 judicium
2585 944 2694 1001 quo
2718 930 2835 1001 (87)
2849 929 3175 1002 judicantur
3194 932 3234 987 ii
3256 934 3354 1005 qui

1751 1022 1978 1088 peccant
2008 1016 2183 1087 (Psal.
2216 1035 2268 1085 L,
2306 1016 2363 1087 6)
2398 1034 2412 1084 ;
2445 1024 2501 1073 et
2531 1018 2893 1089 pcenitentem
2940 1019 3206 1078 reformet
3234 1037 3358 1078 san-

1750 1106 2021 1172 ctiﬁcans,
2044 1114 2105 1163 ut
2132 1107 2225 1164 det
2252 1109 2302 1163 ei
2334 1107 2483 1181 quod
2507 1107 2675 1181 justis
2700 1126 2759 1165 se
2790 1108 3052 1166 daturum
3083 1112 3356 1183 promisit.

1749 1194 1831 1251 Ac
1857 1210 1954 1266 per
1981 1194 2084 1251 hoc
2112 1195 2349 1267 subjecit
2381 1214 2392 1252 :
2440 1219 2459 1243 ‹
2507 1196 2564 1253 Si
2617 1205 2806 1253 autem
2867 1196 3145 1269 injustitia
3172 1205 3361 1257 nostra

1748 1285 1849 1340 Dei
1900 1284 2174 1356 justitiam
2231 1285 2602 1355 commendat,
2638 1312 2656 1334 ι
2724 1294 2856 1356 etc.,
2906 1286 2965 1343 id
2993 1296 3097 1356 est,
3150 1289 3197 1345 si
3227 1290 3360 1363 quia

1751 1387 1851 1431 nos
1878 1381 2189 1445 peccatores
2232 1391 2444 1444 sumus,
2497 1377 2644 1431 Deus
2685 1374 3069 1447 justiﬁcatur:
3131 1376 3359 1451 iniquus

1751 1470 1875 1537 erit,
1898 1467 1946 1523 si
1973 1466 2240 1524 vindicet.
2273 1466 2410 1524 Nam
2466 1468 2512 1523 si
2543 1466 2820 1539 injustitia
2851 1475 3041 1525 nostra
3082 1468 3133 1525 ei
3179 1468 3360 1542 proﬁ-

1751 1565 1918 1626 ceret,
1953 1558 2073 1614 sine
2116 1556 2287 1613 dubio
2334 1556 2561 1630 iniquus
2611 1564 2729 1613 erat
2783 1556 2831 1613 si
2882 1556 3172 1613 damnaret
3230 1574 3350 1630 pec-

1751 1655 1936 1707 cantes
1966 1665 1978 1703 :
2012 1647 2142 1720 quia
2188 1645 2464 1718 injustitia
2504 1653 2692 1701 nostra
2745 1646 2920 1701 Deum
2952 1645 3088 1701 facit
3110 1645 3348 1717 justum,

25 1735 413 1803 Psalmorum,
444 1734 575 1808 quia
599 1736 745 1791 Deus
762 1732 945 1806 justus
960 1741 1015 1790 et
1035 1750 1203 1789 verax
1241 1742 1343 1803 est,
1376 1744 1430 1791 et
1456 1736 1639 1792 omnis
1669 1748 1716 1807 Β
1749 1740 1795 1797 si
1822 1738 2177 1813 peccantibus
2204 1737 2364 1793 nobis
2391 1736 2485 1793 det
2505 1736 2653 1808 quod
2680 1737 2934 1809 promisit
2966 1738 3174 1794 sanctis
3207 1737 3357 1809 (88).

27 1824 219 1880 homo
236 1823 471 1880 mendax
490 1825 663 1895 (Psat.
684 1840 874 1879 Lxxxv
892 1841 905 1890 ;
922 1840 1052 1891 cxv,
1083 1824 1168 1891 ll,
1195 1824 1309 1893 l5).
1327 1823 1646 1883 Mendacem

28 1912 332 1969 hominem
363 1911 658 1979 dicit,dum
677 1928 787 1967 non
809 1910 1158 1985 credit,qnod
1175 1912 1432 1984 promisit
1458 1914 1605 1969 Deus
1633 1932 1647 1981 ;

30 2018 256 2073 negans
284 2002 431 2057 enim
457 2000 715 2057 daturum
746 2000 893 2073 quod
920 2000 1197 2073 promisit,
1255 2000 1494 2057 mendax
1523 2011 1605 2059 est
1635 2021 1646 2059 :

31 2099 91 2148 et
126 2090 267 2145 dum
322 2091 439 2162 ipse
486 2089 720 2145 mendax
764 2097 867 2158 est,
901 2090 1091 2145 multis
1148 2106 1218 2146 ex
1265 2091 1447 2147 causis
1475 2092 1651 2147 Deum

34 2178 375 2235 mendacem
406 2178 748 2251 pronuntiat,
787 2179 1004 2251 quando
1032 2179 1318 2252 promissis
1366 2179 1489 2252 ejus
1539 2196 1654 2236 non

36 2268 249 2326 credit.
292 2268 465 2339 Igitur
509 2283 728 2323 omnem
780 2266 1061 2323 hominem
1123 2268 1439 2326 mendacem
1490 2269 1652 2339 dicit,

39 2356 430 2430 quidiﬂidens
458 2363 540 2412 est
568 2355 634 2412 de
682 2355 966 2429 promissis
1011 2356 1131 2412 Dei.
1182 2357 1422 2413 Maxime
1468 2366 1653 2414 tamen

39 2447 161 2504 hoc
218 2445 287 2501 ad
337 2444 554 2501 Iudaeos
606 2445 863 2518 pertinet,
900 2462 1135 2519 quorum
1186 2462 1410 2503 causam
1451 2454 1655 2504 tractat

41 2537 160 2593 hoc
181 2536 306 2592 loco
356 2535 669 2608 Apostolus,
701 2535 796 2609 qui
838 2535 1089 2591 videntes
1143 2535 1449 2605 Christum,
1481 2552 1658 2609 nega-

42 2634 258 2684 verunt
303 2626 453 2682 hunc
506 2643 646 2692 esse,
704 2642 866 2699 quem
913 2626 1167 2699 promisit
1228 2629 1419 2693 Deus;
1471 2643 1533 2684 ac
1562 2644 1659 2699 per

51 2717 166 2772 hoc
200 2714 489 2773 mendaces
516 2715 981 2787 pronuntiantur:
1014 2717 1160 2771 Deus
1179 2723 1361 2771 autem
1394 2732 1561 2772 verax
1576 2723 1659 2773 est

49 2807 152 2878 qui
218 2804 370 2860 misit
415 2802 721 2872 Christum,
779 2804 922 2859 sicut
951 2804 1204 2876 promisit
1236 2823 1250 2872 ;
1284 2812 1341 2861 et
1370 2804 1451 2861 sic
1483 2805 1660 2862 vincit

51 2910 189 2949 cum
212 2891 516 2963 judicatur,
540 2892 675 2965 quia
702 2891 878 2960 dabit,
925 2891 1072 2964 quod
1121 2892 1351 2949 daturus
1384 2900 1614 2965 negatur
1644 2911 1654 2949 :

52 2998 189 3038 cum
219 2981 370 3037 enim
400 2996 509 3036 non
544 2981 594 3036 ei
621 2980 888 3048 creditur,
941 2981 1181 3036 mendax
1206 2980 1512 3053 judicatur.
1563 2982 1662 3038 Ille

1758 1830 1899 1899 Quia
1918 1827 2171 1903 quamvis
2198 1833 2508 1899 peccatores
2536 1825 2732 1895 simus,
2763 1825 3137 1882 reformamur
3176 1834 3361 1884 tamen

1759 1935 1855 1992 per
1879 1915 2260 1990 pamitentiam
2294 1934 2305 1972 :
2340 1923 2532 1972 utnon
2555 1913 2670 1987 jam
2701 1922 3034 1988 peccatores,
3060 1913 3159 1972 sed
3184 1913 3361 1972 abluti

1760 2007 2182 2081 promissionem
2211 2020 2520 2061 mereamur
2549 2004 2812 2076 accipere.
2846 2004 2966 2061 Non
2998 2020 3140 2077 ergo
3168 2003 3216 2060 is
3242 2020 3364 2061 sen-

1762 2114 1854 2154 sus
1869 2103 1951 2153 est
1981 2096 2041 2152 in
2065 2094 2251 2153 verbis
2274 2094 2553 2168 prophetae
2577 2093 2779 2164 David,
2806 2112 2934 2151 cum
2954 2094 3093 2151 dicit
3127 2113 3138 2151 :
3185 2119 3204 2142 ι
3239 2094 3363 2152 Tibi

1762 2191 1866 2248 soli
1894 2190 2196 2263 peccavi,et
2224 2190 2430 2246 malum
2450 2207 2633 2248 coram
2664 2199 2718 2247 te
2747 2190 2852 2248 feci
2880 2209 2892 2247 :
2927 2200 2988 2247 ut
3030 2189 3363 2262 justiﬁceris

1764 2281 1821 2338 in
1886 2280 2235 2338 sermonibus
2297 2280 2428 2349 tuis,
2502 2289 2557 2337 et
2630 2280 2819 2338 vincas
2882 2297 3008 2337 cum
3086 2278 3361 2351 judicaris

1767 2370 1982 2443 (Ibid),
2015 2396 2033 2419 ι
2070 2370 2166 2444 qui
2215 2371 2613 2426 malevolorum
2643 2369 2932 2427 hominum
2978 2386 3148 2443 prava
3184 2370 3368 2426 inter-

1766 2460 2069 2532 pretatione
2104 2446 2436 2527 asseritur;
2516 2466 2579 2515 ut
2649 2468 2871 2532 peccata
2931 2458 3224 2515 hominum
3311 2465 3367 2513 et

1767 2550 1897 2605 mali
1928 2556 2082 2605 actus
2113 2547 2213 2603 Dei
2254 2546 2971 2620 justiﬁcationiproﬁciant,
3003 2556 3058 2604 et
3087 2565 3182 2621 per
3224 2547 3369 2603 mala

1768 2645 1955 2693 nostra
1996 2635 2177 2691 bonus
2224 2643 2500 2707 appareat,
2530 2644 2585 2691 et
2637 2635 2913 2706 injustitia
2970 2645 3157 2692 nostra
3204 2635 3365 2691 illum

1763 2726 1976 2799 justum
2007 2724 2279 2781 ostendat.
2316 2723 2590 2793 Quoniam
2638 2724 2821 2797 itaque
2852 2723 3078 2796 iniquus
3123 2739 3234 2778 non
3286 2732 3368 2780 est

1770 2817 1937 2884 Deus,
1988 2832 2114 2871 cum
2159 2814 2365 2887 irrogat
2415 2814 2577 2883 iram,
2602 2812 2719 2887 jam
2748 2829 2861 2869 non
2890 2813 3128 2885 peccatis
3164 2814 3367 2869 nostris

1764 2906 2102 2980 justiﬁcatur
2135 2925 2146 2963 :
2181 2906 2311 2978 quia
2338 2905 2384 2961 si
2415 2904 2650 2977 peccatis
2697 2905 2901 2961 nostris
2946 2903 3361 2976 justiﬁcaretur,

1771 2997 1998 3069 iniquus
2044 3003 2204 3064 esset,
2246 2995 2293 3050 si
2344 2993 2683 3062 vindicaret;
2750 2993 2846 3050 sed
2902 2994 3034 3067 quia
3090 3010 3204 3050 non
3280 3003 3364 3051 est

51 3079 249 3127 autem
279 3086 406 3126 cum
451 3076 548 3133 43
595 3069 690 3126 dat
745 3069 892 3142 Ψιοά
945 3067 1227 3140 iudicatur
1271 3084 1383 3124 non
1412 3068 1662 3149 datum,
1698 3103 1742 3164 ο
1774 3067 2018 3156 iniquus,
2078 3100 2205 3140 cum
2261 3081 2530 3150 vindicat,
2589 3081 2942 3137 manifestum
3000 3092 3087 3138 est
3119 3082 3251 3155 quia
3304 3081 3364 3138 in

54 3169 261 3237 vincit,
294 3168 585 3225 ostendens
613 3185 671 3225 se
698 3185 971 3237 veracem,
1002 3169 1162 3224 illum
1199 3176 1383 3224 autem
1433 3169 1669 3225 menda-
1772 3170 1991 3243 justitia
2044 3180 2233 3226 nostra
2278 3170 2378 3225 Dei
2421 3168 2698 3240 justitiam
2727 3185 2839 3224 non
2884 3169 3258 3225 commendat.
3307 3169 3367 3226 Si

54 3276 202 3327 cem,
240 3258 339 3332 qui
370 3274 481 3314 non
532 3258 710 3314 credit
755 3257 941 3313 verbis
968 3256 1105 3326 ejus.
1140 3257 1367 3313 Videbit
1394 3258 1543 3313 enim
1570 3259 1668 3314 Dei

56 3347 269 3403 Filium
302 3345 361 3401 in
396 3346 703 3418 majestate,
739 3360 902 3419 quem
935 3353 1095 3418 negat
1128 3363 1139 3401 :
1173 3345 1389 3402 videbit
1410 3355 1464 3403 et
1490 3346 1670 3403 carnis

58 3436 555 3503 resurrectionem,
576 3442 631 3491 et
659 3436 795 3493 sciet
816 3435 1019 3493 victam
1048 3452 1165 3493 esse
1192 3434 1479 3509 perfidiam
1496 3436 1670 3510 polli-

58 3524 330 3581 citatione
351 3532 407 3580 et
430 3523 660 3580 veritate
691 3523 784 3580 Dei
821 3524 959 3597 (85).
990 3524 1124 3580 Nam
1155 3531 1209 3580 et
1238 3523 1494 3582 Christus
1539 3542 1664 3583 cum

56 3617 344 3690 judicatus
375 3622 458 3671 est
488 3616 622 3672 vicit
652 3633 666 3683 ;
700 3615 891 3689 inique
910 3616 1057 3672 enim
1074 3616 1289 3673 occisus
1309 3624 1409 3685 est,
1437 3626 1490 3673 et
1512 3633 1666 3675 reum

62 3707 195 3762 fecit
239 3704 551 3774 diabolum,
607 3720 768 3779 quem
814 3704 930 3779 jam
987 3722 1097 3762 non
1128 3705 1405 3779 peccando
1433 3723 1669 3781 supera-

64 3803 246 3860 verat,
306 3801 370 3850 ut
411 3793 654 3851 secundo
682 3795 883 3852 victus
929 3795 1228 3865 amitteret,
1261 3812 1400 3869 quos
1447 3796 1667 3855 tenebat
1704 3842 1707 3847 ι

70 3884 355 4046 (Θῗξῖθισε.
383 3974 419 4031 5
437 3982 493 4030 et
518 3974 572 4032 6.
617 3976 637 4046 )
682 3998 700 4022 ι
729 3974 787 4033 Si
807 3982 992 4032 autem
1022 3975 1303 4050 injustitia
1344 3984 1533 4033 nostra
1564 3975 1665 4033 Dei

142 4114 261 4192 (84)
289 4115 461 4192 βοή).
513 4116 641 4192 cod.
694 4117 903 4192 aliique
944 4119 1205 4175 nonnulli
1234 4126 1289 4175 et
1323 4119 1489 4192 Dion.
1520 4118 1666 4192 apud

72 4185 391 4261 Gill.,:sicut
418 4189 670 4260 scriptum
698 4196 791 4244 est.
809 4185 997 4261 'Igitur
1015 4191 1268 4261 quoniam
1314 4191 1458 4247 Deus
1498 4185 1666 4247 verax

74 4265 165 4322 est,
216 4260 316 4314 dat
367 4261 507 4329 quod
550 4260 1091 4333 promisit;hominis
1122 4269 1300 4317 autem
1345 4268 1420 4317 est
1448 4261 1664 4333 fallere,

110 4346 220 4384 nem
253 4337 493 4401 tempora
541 4339 588 4386 et
624 4338 835 4387 natura:
883 4332 1216 4389 imbecillitas
1244 4333 1453 4402 faciunt
1497 4340 1668 4389 muta-

1778 3267 1962 3315 autem
2009 3257 2439 3325 commendaret,
2495 3273 2607 3313 non
2656 3256 2983 3325 vindicaret,
3025 3258 3154 3330 quia
3184 3256 3371 3329 justus

1780 3356 1879 3404 est.

1850 3437 1931 3493 Ac
1965 3452 2062 3509 per
2116 3434 2223 3491 hoc
2265 3433 2499 3507 subjecit
2549 3452 2560 3490 :
2624 3458 2642 3481 ι
2696 3431 3001 3492 secundum
3063 3431 3371 3505 hominem,

1778 3525 1981 3597 inquit,
2006 3523 2151 3581 dico.
2185 3523 2364 3590 Absit,
2388 3548 2407 3572 ι
2464 3523 2570 3580 hoc
2605 3530 2706 3592 est,
2756 3522 2919 3591 absit,
2957 3539 3026 3579 ne
3055 3524 3203 3579 Deus
3250 3523 3372 3580 ini-

1777 3630 1918 3688 quus
1972 3613 2222 3681 dicatur;
2273 3613 2403 3686 quia
2450 3611 2555 3669 hoc
2608 3611 2824 3669 homini
2868 3611 3149 3685 competit,
3204 3630 3369 3686 quem

1776 3712 1992 3763 constat
2015 3711 2069 3760 et
2090 3721 2292 3774 errare,
2332 3712 2387 3761 et
2415 3703 2531 3761 falli
2578 3712 2631 3761 et
2660 3704 2868 3762 fallere.
2898 3705 3033 3761 Nam
3063 3706 3214 3763 Deus
3267 3706 3368 3763 im-

1776 3794 2062 3851 mutabilis
2102 3801 2433 3867 perseverat,
2464 3809 2567 3851 nec
2606 3801 2789 3867 potest
2838 3809 2952 3850 non
2991 3810 3200 3862 amare,
3248 3810 3371 3866 quae

1775 3882 1926 3942 fecit.

1862 3998 1881 4020 ι
1911 3973 2177 4048 Alioquin
2225 3973 2503 4047 quomodo
2549 3970 2826 4045 judicabit
2853 3972 2999 4029 Deus
3027 3971 3184 4029 hunc
3211 3986 3372 4029 mun-

1770 4117 2023 4190 promisit
2052 4118 2212 4174 Deus.
2251 4117 2454 4190 Videbit
2506 4116 2643 4190 enim
2692 4115 2892 4187 factam
2934 4114 3372 4190 resurrectionem

1775 4187 1936 4260 quam
1962 4190 2170 4260 negavit
2196 4206 2214 4253 ;
2264 4195 2312 4243 et
2362 4189 2485 4243 sciet
2515 4188 2701 4243 victam
2731 4205 2836 4243 esse
2860 4188 3139 4260 perﬁdiam
3193 4187 3370 4260 polli-

1776 4260 2023 4316 citatione
2049 4266 2097 4315 et
2124 4260 2341 4315 veritate
2365 4260 2479 4315 Dei.
2514 4261 2623 4315 Hoc
2646 4266 2719 4316 est
2746 4260 2874 4331 quia
2897 4261 3039 4315 Deus
3070 4276 3239 4315 verax
3267 4267 3365 4326 est,

1776 4333 1947 4387 omnis
1972 4338 2146 4387 autem
2168 4332 2320 4404 homo
2364 4332 2612 4401 mendax,
2644 4332 2737 4403 qui
2754 4330 2919 4404 negat
2945 4331 3087 4403 quod
3120 4330 3367 4403 futurum

110 4402 246 4470 item,
274 4417 378 4474 per
430 4402 487 4474 id
536 4403 675 4473 quod
717 4404 1106 4474 prcescientiam
1159 4421 1265 4459 non
1315 4404 1484 4460 habet.
1530 4405 1670 4460 Deus
1698 4464 1740 4474 _
1776 4411 1869 4459 est.
1901 4404 2042 4459 Nam
2068 4409 2116 4458 et
2148 4403 2413 4469 Christus,
2443 4410 2548 4460 etc.

77 4478 245 4526 autem
278 4473 447 4544 apud
479 4490 643 4544 quem
688 4473 827 4530 nihil

76 4543 397 4617 perseverat,
440 4543 572 4600 sicut
624 4545 795 4601 dicit:
855 4543 970 4617 Ego
993 4563 1132 4612 sum,
1163 4554 1345 4603 etnon
1398 4547 1664 4603 mutabor.

84 4614 293 4670 Omnem
325 4633 448 4687 ergo
471 4617 727 4672 hominem
755 4616 885 4672 dicit
909 4614 1227 4685 mendacem,
1257 4626 1305 4675 et
1330 4636 1513 4675 verum
1550 4625 1626 4674 est
1650 4637 1668 4674 :

80 4693 272 4758 natura
291 4687 435 4742 enim
472 4705 589 4758 qua:
617 4687 864 4758 fallitur,
891 4706 997 4744 non
1026 4690 1254 4746 absurde
1284 4692 1483 4747 dicitur
1524 4708 1673 4746 mene

261 4760 452 4828 Itaque
474 4755 800 4833 :aliquando
874 4761 1071 4833 studio,
1127 4763 1419 4833 aliquando
1492 4779 1671 4817 error-

84 4829 303 4905 mendax
339 4836 431 4884 est.
463 4830 582 4885 Non
597 4829 608 4830 7'
622 4848 742 4905 ergo
782 4832 875 4905 hoc
928 4832 990 4886 de
1036 4829 1146 4905 Deo
1198 4829 1518 4905 sperandum
1573 4840 1669 4900 est,

84 4899 171 4979 qui
189 4907 254 4979 et
275 4917 438 4979 verus
465 4906 556 4979 est,
585 4908 633 4956 et
660 4899 951 4979 benevolus,
983 4909 1043 4958 ut
1098 4899 1314 4979 impleat
1338 4899 1669 4979 quqodﬂprd-

86 4970 237 5047 misit.
281 4973 439 5047 Quod
465 4972 622 5028 etiam
647 4975 950 5047 prophetico
978 4970 1197 5047 oraculo
1225 4970 1431 5047 ﬁrmati
1475 4970 1669 5044 dicens,

86 5041 212 5125 sicut
268 5043 534 5125 scriptum
570 5041 691 5125 est?
739 5041 846 5125 .Ut“
860 5045 1173 5125 jusliﬁceris
1225 5041 1293 5101 'in
1348 5041 1673 5125 sermonibus

90 5115 182 5187 tuis
234 5122 281 5170 et
336 5115 518 5170 vincas
552 5115 684 5187 dum
720 5115 1010 5187 judicarisl
1064 5117 1205 5174 Huic
1255 5126 1435 5174 autem
1489 5118 1671 5173 versui

90 5183 415 5261 subuectant
467 5183 806 5261 cod_._Dion.
864 5197 919 5245 et
973 5188 1208 5261 Remig.,
1265 5190 1434 5244 Deum
1465 5187 1671 5257 justum

89 5258 344 5331 promisit,
377 5264 426 5313 et
476 5257 653 5331 verbis
676 5260 787 5331 suis
827 5257 1165 5331 propheticus
1208 5277 1379 5315 sermo
1429 5265 1670 5331 testatur,

93 5341 172 5406 nec
196 5330 513 5406 aliquorum
523 5329 758 5406 perﬁdia
780 5329 945 5403 ﬁdem"
961 5330 1090 5406 ejus
1100 5331 1293 5397 minui,
1323 5331 1414 5387 sed
1469 5329 1669 5385 dando-

98 5401 297 5474 qineere.
360 5401 513 5474 Quod
536 5471 545 5474 _
565 5401 759 5473 perﬁdi
780 5401 786 5403 ⁷
808 5418 930 5474 non;
969 5402 1228 5474 credentes
1302 5407 1493 5474 negant
1543 5417 1675 5474 eum

920 4474 1139 4530 'uturum
1190 4482 1287 4541 est,
1318 4476 1666 4532 immutabilis
1698 4464 1746 4525 D
1826 4475 1968 4546 (85)
2002 4475 2126 4531 Mss.
2163 4464 2409 4547 aliquot,
2435 4481 2494 4530 ut
2519 4475 2652 4531 sciat
2677 4491 2856 4531 veram
2888 4492 2993 4531 esse
3013 4474 3373 4547 pollicitatio-

1775 4563 1893 4601 nem
1921 4563 1982 4601 ac
1999 4548 2270 4602 veritatem
2298 4547 2417 4603 Dei.

1852 4617 1969 4689 (86)
2000 4620 2121 4675 Duo
2175 4635 2305 4674 mss.
2364 4616 2595 4685 addunt,
2638 4617 2695 4671 in
2750 4616 2964 4687 inferis,
2993 4619 3088 4672 hoc
3114 4623 3210 4682 est,
3241 4616 3372 4688 quia

1776 4689 1947 4745 omnis
1975 4691 2127 4745 homo
2154 4690 2404 4754 mendax,
2432 4690 2574 4745 Deus
2601 4695 2775 4743 autem
2798 4689 2942 4742 solus
2970 4704 3155 4741 veram.

1853 4760 1969 4842 (87)
2023 4762 2289 4842 Nonnulli
2320 4776 2474 4829 mss.,
2530 4775 2633 4829 quo
2661 4759 2946 4827 judicatur
2976 4773 3083 4810 non
3119 4757 3250 4811 dare
3290 4757 3373 4811 his

1817 4838 1871 4886 ui
1897 4838 2127 4886 peccant.

1777 4849 2127 4957 quiggeccanr.
2945 4898 2956 4909 .
3222 4896 3232 4906 .

1790 4974 1813 4984 Δ
1853 4904 1872 4984 (
1911 4980 1920 4984 _
1952 4904 1971 4971 )
2028 4899 2264 4984 Quidam
2293 4916 2449 4984 mss.,
2469 4901 2757 4984 (Et.va
2785 4904 2887 4979 est,
2909 4903 3157 4984 st_tamen
3185 4913 3373 4984 etp'ro-

1778 4967 1923 5046 [sciat
1944 4967 2128 5027 nostra
2154 4972 2431 5046 iniquitas.
2461 4970 2565 5046 Sed
2618 4969 2746 5046 quia
2770 4970 3125 5046 periculosum
3153 4973 3228 5023 est
3257 4967 3370 5046 hoc

1778 5040 1949 5101 dicere
1977 5060 2080 5098 non
2108 5049 2182 5098 est
2207 5040 2424 5112 iniquus
2452 5041 2618 5105 Deus,
2646 5042 2694 5095 si
2713 5040 2925 5110 judicat
2953 5060 2967 5110 ;
2999 5041 3127 5112 quia
3150 5057 3257 5096 non
3283 5041 3371 5097 illi

1777 5115 2043 5186 injustitia
2064 5121 2248 5171 nostra
2268 5113 2564 5186 proﬁcit,ut
2592 5113 2742 5186 nobis
2766 5112 3098 5186 peccantibus
3112 5113 3206 5169 ille
3211 5112 3371 5186 justi-

1779 5184 1983 5259 ﬁcetur,
2012 5186 2069 5241 id
2088 5192 2245 5255 est,ut
2270 5184 2496 5257 gaudeat
2513 5184 2982 5259 peccatisnostris,
3009 5202 3109 5256 per
3124 5185 3374 5259 ⁸(μίας-αισι

1779 5255 1928 5330 solus
1944 5257 2125 5330 justus
2179 5255 2457 5330 appareat.
2515 5255 2618 5313 Sed
2643 5257 2800 5330 absit,
2831 5258 2931 5330 ait,
2947 5255 3231 5330 secundum
3258 5256 3370 5309 ho—

1777 5326 1971 5383 minem
1997 5328 2133 5398 dico,
2162 5326 2265 5384 Ιιόᾱ
2290 5336 2385 5395 est,
2415 5344 2594 5384 sensus
2620 5329 2703 5384 hic
2730 5328 2931 5384 homini
2978 5326 3239 5398 convenit,
3261 5342 3371 5398 non

1778 5400 1911 5467 Deo,
1942 5399 2070 5469 quia
2096 5397 2202 5454 non
2249 5402 2392 5457 cadit
2422 5402 2476 5461 in
2506 5402 2693 5468 Deum,
2724 5407 2781 5455 ut
2820 5398 3038 5469 iniquus
3066 5397 3157 5462 sit,
3186 5397 3275 5469 sed
3312 5397 3371 5452 in

99 5466 351 5544 (laturum.
376 5466 583 5544 ⁷υαιρὶῐ
617 5466 736 5542 ergo
790 5471 932 5544 quod
978 5471 1281 5541 judicatur,
1362 5466 1423 5528 ut
1498 5471 1678 5544 vincat
1780 5466 2078 5544 hominem._
2116 5471 2218 5526 Nec
2277 5472 2414 5528 enim
2466 5466 2731 5544 injustitia
2784 5466 2970 5544 nostra
3016 5468 3186 5544 Deum
3234 5467 3373 5539 facit

102 5534 339 5617 fMdo,
372 5542 519 5617 quod
548 5534 771 5612 negatur
798 5534 1083 5617 'facturus.
1137 5534 1279 5600 Tunc
1310 5544 1551 5599 vincetur
1577 5543 1673 5599 im-

102 5614 265 5682 pietas,
287 5632 409 5689 quia
464 5614 600 5671 dum
643 5629 750 5669 non
795 5614 984 5680 credit,
1020 5620 1174 5685 negat
1223 5631 1352 5670 vera
1384 5630 1512 5678 esse,
1557 5629 1677 5684 quo:

1771 5540 2001 5666 iustum,
2032 5539 2078 5593 si
2101 5545 2430 5610 peccantibus
2459 5539 2608 5601 nobis
2634 5543 2738 5611 det,
2768 5542 2907 5613 quod
2932 5540 3184 5612 promisit
3208 5556 3373 5596 sanc-

1803 5628 1868 5665 is.

1803 5628 1868 5665 ιδ.
