3932 6210
572 285 640 344 79
838 334 853 355 κ
1613 303 1708 359 ΑΙ)
1746 304 1980 364 OPERA
2016 308 2071 365 S.
2114 311 2144 365 Α

2275 312 2447 370 ROSII
2484 315 2873 379 APPEMDIX.
3841 338 3891 393 ὃ)
3928 392 3929 401 χ

571 412 705 471 dum
733 414 763 471 ?
790 440 810 465 ›
851 414 1057 475 Verum
1088 428 1190 489 est,
1223 422 1359 496 quia
1387 441 1501 482 non
1539 437 1654 485 erat
1665 430 1877 501 justum
1907 441 1968 489 ut
2007 434 2173 506 judi-

584 512 734 563 caret
776 507 924 564 Deus
960 510 1250 581 mundum,
1271 514 1316 569 si
1334 519 1684 591 peccataejus
1700 522 1803 593 ipsi
1818 524 2166 596 proﬁcerent;

583 602 648 650 ut
680 604 821 653 nutu
849 596 967 669 ejus
996 611 1281 672 peccantes
1301 605 1430 661 dum
1464 610 1679 664 veniam
1734 626 2168 687 consequuntur,

580 684 729 740 Deus
786 686 965 743 bonus
1022 690 1345 749 videretur:
1394 703 1446 750 et
1475 698 1520 752 si
1561 716 1671 754 non
1718 712 2025 773 peccarent,
2058 723 2170 761 non

581 771 867 832 videretur
886 774 1107 846 justus;
1139 781 1183 835 si
1213 782 1358 838 enim
1394 800 1501 840 non
1532 798 1775 858 peccent,
1809 808 1920 846 non
1953 792 2172 849 haben-

581 859 654 919 do
682 862 770 919 cui
799 867 1061 935 remittat,
1094 885 1204 924 non
1230 870 1334 928 erit
1352 872 1532 931 bonus
1564 877 1705 949 (89).

649 970 831 1040 (Vers.
866 971 941 1042 7.)
988 996 1006 1018 ι
1036 974 1093 1029 Si
1122 976 1269 1033 enim
1294 981 1498 1037 veritas
1526 984 1625 1040 Dei
1652 984 1711 1041 in
1760 1004 1883 1044 meo
1934 991 2172 1048 menda-

570 1057 657 1114 cio
687 1059 991 1119 abundavit
1046 1064 1104 1120 in
1149 1068 1379 1138 gloriam
1440 1073 1631 1145 ipsius,
1682 1079 1816 1150 quid
1873 1081 2058 1139 adhuc
2115 1092 2169 1139 et

567 1162 666 1218 ego
694 1154 954 1222 tanquam
985 1163 1237 1224 peccator
1284 1158 1506 1230 judicor
1537 1164 1565 1219 7
1595 1190 1613 1213 ι
1680 1167 2031 1226 Manifestum
2064 1180 2163 1239 est,

569 1236 699 1308 quia
730 1238 777 1293 si
808 1239 873 1295 ad
898 1241 1128 1312 gloriam
1174 1247 1272 1302 Dei
1320 1250 1537 1320 proﬁcit
1578 1255 1923 1314 mendacium
1976 1260 2167 1317 homi—

568 1342 723 1396 num,
755 1336 819 1384 ut
857 1330 951 1387 ille
1003 1334 1154 1390 solus
1184 1352 1346 1393 verus
1395 1351 1669 1412 appareat,
1716 1355 2028 1417 peccatores
2054 1368 2163 1406 non

567 1423 697 1471 sunt
724 1416 944 1473 dicendi
977 1422 1069 1492 qui
1100 1433 1330 1494 peccant
1360 1445 1373 1495 ;
1400 1430 1530 1500 quia
1580 1448 1693 1487 non
1718 1416 2040 1507 voluntate,
2070 1439 2164 1495 sed

568 1503 813 1577 impulsu
841 1507 958 1579 ejus
989 1509 1324 1569 videbuntur
1351 1532 1573 1588 peccare
1607 1538 1619 1576 :
1653 1523 1799 1595 quod
1831 1525 1993 1583 absit.

638 1616 821 1686 (Vers.
855 1617 936 1689 8.)
969 1644 987 1665 ε
1019 1621 1089 1676 Et
1126 1615 1260 1693 non,
1284 1625 1429 1682 sicut
1456 1627 1924 1702 blasphemamur,
1947 1643 2001 1691 et
2020 1635 2163 1693 sicut

563 1703 720 1761 aiunt
739 1723 840 1763 nos
857 1708 1082 1779 quidam
1112 1712 1316 1781 dicere,
1354 1716 1620 1775 faciamus
1650 1722 1813 1790 mala,
1844 1731 1907 1779 ut
1935 1725 2161 1781 veniant

2199 441 2249 500 A
2272 438 2457 511 justus
2487 443 2777 518 quisquam
2811 414 2988 519 (Psal.
3012 466 3137 520 xm,
3160 451 3240 525 3).
3262 478 3281 501 ι
3319 454 3407 512 ΑΙ)
3422 456 3725 531 injustitia
3739 469 3885 538 coepi:

2283 529 2425 585 mala
2478 548 2643 604 opera
2684 552 2875 592 eorum
2928 555 3270 611 enumerare,
3322 555 3378 601 et
3433 550 3651 621 partim
3715 556 3882 626 pejora

2279 618 2550 691 subjicere
2578 641 2591 690 ;
2626 632 2688 680 ut
2718 627 3091 685 manifestaret
3124 631 3181 686 in
3216 632 3304 689 his
3333 618 3550 694 nullam
3584 618 3752 713 spem
3780 618 3884 699 vvi-
3928 662 3929 713 ξ

2280 709 2417 777 deri,
2451 713 2557 769 nisi
2580 714 2877 787 implorent
2906 720 3343 780 misericordiam
3377 726 3617 801 Christi,
3652 736 3758 807 qui
3782 754 3880 809 pec-

2280 808 2401 856 cata
2427 802 2684 860 dimittit.

2353 901 2535 971 (Vers.
2558 903 2619 957 11
2652 911 2706 959 et
2732 905 2842 978 i2.)
2877 908 3088 966 Deinde
3114 910 3342 983 adjecit:
3390 918 3550 977 «Non
3572 933 3663 980 est
3684 924 3877 982 intelli-

2280 1004 2429 1059 gens.
2449 1016 2467 1037 ι
2506 990 2717 1048 Verum
2747 1003 2849 1063 est,
2898 997 3029 1069 quia
3061 999 3107 1056 si
3135 1000 3291 1059 daret
3316 1020 3539 1077 operam
3571 1012 3877 1087 intelligere

2278 1077 2355 1149 inj
2366 1088 2520 1135 ustus
2544 1097 2656 1137 non
2678 1094 2837 1141 esset.

2362 1201 2380 1223 ι
2408 1179 2530 1236 Non
2560 1191 2641 1239 est
2671 1185 2958 1257 requirens
2974 1190 3169 1251 Deum.
3200 1221 3218 1244 ι
3260 1197 3372 1254 Nec
3400 1197 3548 1281 istud
3588 1206 3867 1262 occultum

2276 1275 2375 1335 est,
2404 1272 2532 1343 quia
2559 1274 2605 1329 si
2632 1275 2965 1350 intelligeret
2996 1283 3130 1355 quid
3158 1274 3672 1359 prodesset,-Deum
3732 1314 3869 1370 qua-

2275 1366 2419 1414 reret
2448 1378 2459 1415 :
2490 1369 2543 1416 et
2574 1379 2684 1419 non
2716 1366 2859 1423 sicut
2895 1370 3005 1425 Asa
3034 1389 3129 1427 rex
3178 1375 3339 1447 Juda,
3392 1379 3486 1452 qui
3520 1392 3652 1453 post
3710 1366 3869 1441 multa

2274 1446 2374 1503 Dei
2419 1447 2687 1509 beneﬁcia
2741 1455 2820 1512 sic
2858 1456 3189 1531 depravatus
3236 1446 3337 1535 est,
3374 1446 3435 1524 ut
3485 1446 3869 1532 inﬁrmitatem

2274 1537 2475 1609 pedum
2531 1558 2741 1614 passus,
2802 1548 3071 1621 propheta
3123 1554 3410 1628 praesente,
3441 1576 3555 1617 non
3602 1577 3869 1637 quaereret

2271 1626 2467 1684 Deum.

2355 1750 2373 1773 ε
2403 1728 2606 1787 Omnes
2636 1732 3076 1813 declinaverunt,
3102 1743 3267 1802 simul
3299 1747 3524 1809 inutiles
3553 1754 3698 1812 facti
3756 1769 3866 1814 sunt

2844 1792 2847 1793 ν
2902 1792 2941 1795 -_
2962 1792 3076 1813 ..---,
3102 1792 3267 1802 --.ς-ι.-
3299 1792 3524 1809 ..ιιι-Πιυο
3553 1792 3698 1812 ιανιι
3757 1792 3863 1814 διιυι

562 1792 754 1851 bona?
784 1821 803 1843 ι
849 1796 1007 1853 Nunc
1027 1800 1457 1873 aperitquorum
1490 1823 1651 1864 causa
1682 1809 1800 1868 haec
1828 1813 2086 1882 sollicite,
2105 1824 2159 1871 et
2189 1805 2235 1865 Β
2271 1813 2444 1884 (Psal.
2478 1836 2601 1891 xm,
2634 1822 2714 1893 3).
2752 1852 2770 1874 ι
2809 1827 3027 1886 Nemini
3050 1831 3126 1887 du
3150 1834 3326 1904 bium,
3364 1840 3494 1912 quia
3528 1858 3735 1901 omnes
3773 1865 3863 1903 non

564 1898 687 1912 ιηςηι
721 1886 1024 1912 κΑστΛἊΛηδίΑ
1052 1886 1293 1912 Δ2--..ι-ι
1365 1892 1382 1912 Δ
1426 1910 1450 1912 -μ
1471 1910 1482 1912 -
1652 1898 1662 1907 ⁵
1733 1899 1838 1912 ¹⁶Λ“
1949 1900 1959 1911 ⁸
2052 1902 2066 1912 ⁸

563 1898 691 1938 cum
721 1886 1030 1942 reverentia
1049 1886 1315 1960 disputat.
1348 1892 1397 1947 A
1424 1898 1695 1965 perversis
1727 1899 1844 1971 (90)
1870 1900 2018 1957 enim
2052 1902 2157 1959 hoc

564 1972 962 2045 opponebatur,
993 1978 1149 2051 quasi
1181 1979 1274 2037 hic
1302 1990 1443 2039 esset
1498 2000 1690 2042 sensus
1734 1990 2153 2060 prredicantium

563 2059 939 2119 remissionem
970 2077 1343 2140 peccatorum,
1374 2082 1437 2129 ut
1460 2073 1702 2133 facerent
1726 2080 1890 2147 mala,
1923 2090 1975 2137 et
2004 2082 2155 2137 veni-

564 2158 685 2205 rent
713 2150 875 2223 bona,
929 2153 1035 2213 hoc
1083 2166 1184 2227 est,
1228 2172 1537 2233 peccarent,
1569 2174 1632 2222 ut
1662 2167 1998 2225 remittendo
2042 2170 2155 2226 illis

561 2239 710 2297 Deus
735 2242 1019 2302 videretur
1061 2246 1261 2319 bonus,
1296 2254 1597 2310 secundum
1643 2273 1764 2329 quae
1792 2274 1955 2330 supra
2005 2258 2154 2317 dicta

561 2339 690 2387 sunt
715 2348 727 2387 :
760 2335 907 2404 quod
932 2335 1334 2409 blasphemiam
1355 2344 1611 2414 appellat,
1636 2355 1690 2402 et
1722 2346 1808 2418 abj
1818 2348 1914 2403 icit
1942 2364 1973 2403 a
1989 2364 2152 2405 sensu

561 2418 768 2477 divinae
798 2423 1083 2484 doctrinae.
1144 2431 1254 2486 Nec
1304 2432 1454 2488 enim
1511 2451 1733 2506 peccare
1763 2437 1960 2494 debere
2014 2438 2153 2495 ﬁdes

558 2510 744 2580 tradit,
779 2515 982 2587 quippe
1010 2535 1137 2574 cum
1185 2518 1566 2591 judicaturum
1616 2526 1791 2581 Deum
1842 2526 2147 2599 praedicet;

556 2598 651 2655 sed
680 2599 1131 2676 delinquentibus
1183 2611 1444 2678 consulit,
1482 2621 1544 2669 ut
1599 2598 1919 2687 recuperata
1945 2618 2145 2685 salute,

553 2689 656 2745 sub
685 2691 803 2762 lege
833 2693 932 2749 Dei
962 2695 1213 2754 viventes
1235 2698 1351 2771 jam
1382 2718 1494 2757 non
1523 2712 1770 2775 peccent.

620 2798 860 2874 Ideoque
890 2803 1127 2876 subjecit
1167 2826 1177 2863 :
1222 2832 1239 2854 ι
1271 2808 1518 2876 Quorum
1540 2811 1822 2873 damnatio
1845 2813 2143 2885 justaest,»

558 2887 615 2944 id
671 2898 773 2959 est,
823 2892 1023 2950 horum
1058 2895 1350 2953 hominum
1387 2900 1483 2971 qui
1525 2903 1877 2959 aemulatione
1919 2903 2148 2961 invidiae

551 2975 701 3033 istud
739 2979 807 3034 de
846 2981 1005 3038 nobis
1033 2982 1485 3057 interpretantur,
1526 2990 1674 3063 quod
1722 3008 1886 3064 supra
1934 2993 2146 3050 dictum

552 3072 653 3134 est,
677 3066 959 3124 damnatio
982 3068 1133 3142 justa
1156 3082 1257 3129 est.
1291 3075 1418 3131 Haec
1463 3078 1610 3133 enim
1637 3078 1919 3151 jactabant
1944 3082 2143 3151 Judaei,

550 3163 616 3212 ut
639 3155 946 3213 doctrinam
991 3163 1349 3233 apostolicam
1398 3166 1847 3238 criminarentur,
1898 3170 2144 3228 dicentes
2176 3164 2219 3225 C

549 3244 695 3317 quod
754 3262 879 3303 cum
936 3251 1318 3310 remissionem
1395 3265 1743 3327 peccatorum
1814 3259 2137 3333 praedicant,

544 3337 808 3408 peccandi
865 3340 1117 3399 fomitem
1162 3346 1479 3418 praebeant;
1540 3358 1601 3408 ut
1631 3353 1786 3426 quasi
1814 3354 1993 3410 securi
2042 3361 2141 3416 44

544 3430 799 3491 homines
826 3435 895 3492 de
948 3440 1276 3498 remissione
1335 3445 1476 3516 (91),
1510 3456 1760 3519 prompte
1803 3460 2130 3522 peccarent:

542 3535 668 3577 cum
699 3531 909 3579 constet
938 3534 1061 3596 post
1087 3539 1361 3601 acceptam
1408 3532 1571 3589 ﬁdem
1607 3537 1975 3607 periculosum
2023 3557 2138 3600 esse

544 3624 790 3680 peccare,
821 3620 874 3667 et
901 3611 1005 3669 hoc
1033 3616 1258 3687 praedici
1287 3620 1656 3680 credentibus.

618 3717 800 3788 (Vers.
824 3719 904 3792 9.)
969 3746 986 3791 ε
1036 3723 1182 3792 Quid
1215 3742 1342 3800 ergo
1372 3729 1400 3785 ‘P
1440 3734 1803 3803 praecellimus
1831 3740 1973 3797 eos?
2021 3740 2139 3798 Ne-

544 3819 839 3879 quaquam.
903 3809 1125 3870 Causati
1195 3817 1312 3890 (92)
1371 3821 1517 3876 enim
1577 3840 1769 3883 sumus
1825 3829 2044 3887 Iudaeos
2072 3839 2139 3888 .et

542 3894 759 3953 Graacos
788 3916 979 3957 omnes
1019 3903 1120 3959 sub
1177 3919 1397 3979 peccato
1428 3929 1561 3970 esse.
1605 3941 1623 3963 ι
1684 3918 1800 3975 Hoc
1848 3928 1951 3987 est,
2002 3922 2137 3993 quid

539 3989 722 4048 adhuc
764 3993 1128 4055 immoramur
1173 4000 1337 4060 latius
1398 4005 1685 4080 loquentes
1714 4012 1741 4067 ?
1774 3989 2136 4073 Ostendimus

539 4081 688 4137 enim
745 4084 975 4142 redditis
1026 4090 1223 4159 causis,
1255 4101 1364 4150 tam
1424 4096 1642 4154 Iudaeos
1667 4117 1831 4173 quam
1892 4103 2133 4176 Graecos,

537 4192 727 4232 omnes
773 4195 895 4234 reos
935 4197 1070 4251 esse,
1131 4184 1363 4259 ideoque
1429 4190 1635 4248 frustra
1678 4194 1848 4266 legem
1904 4198 2131 4254 servari.

536 4263 783 4321 Primum
822 4269 970 4325 enim
1020 4272 1237 4331 Graacos
1296 4279 1537 4334 ostendit
1584 4298 1703 4337 reos
1746 4282 1909 4353 juxta
1962 4288 2132 4359 legem

539 4362 778 4420 natura,
820 4364 877 4412 et
937 4360 1085 4430 quod
1114 4378 1291 4435 neque
1320 4365 1493 4436 legem
1543 4368 1752 4442 Moysis
1780 4374 2085 4445 reciperent
2117 4395 2130 4443 ;

537 4444 901 4512 quamobrem
935 4449 1169 4517 pessima
1197 4468 1386 4507 eorum
1409 4462 1463 4509 et
1490 4459 1912 4528 pergravissima
1947 4480 2127 4521 causa.

534 4529 754 4588 Deinde
811 4534 974 4590 etiam
1035 4537 1252 4595 Iudaeos
1282 4543 1523 4600 ostendit
1571 4563 1713 4613 reos,
1743 4551 1835 4621 qui
1882 4552 1984 4608 sub
2014 4554 2128 4627 lege
2162 4530 2211 4589 D

528 4618 558 4674 Ι
584 4619 628 4674 ei
662 4621 852 4679 vivere
891 4623 1173 4694 videntur,
1220 4645 1283 4684 ac
1312 4630 1417 4685 sibi
1462 4635 1658 4690 merito
1694 4645 1908 4707 patrum
1941 4642 2124 4698 defen-

528 4706 723 4763 derent
774 4708 1122 4782 dignitatem,
1157 4731 1225 4771 ex
1275 4733 1338 4773 eo
1378 4722 1676 4795 praecipue,
1698 4706 1846 4798 quod
1894 4733 2133 4809 promis-_

526 4794 739 4852 sionem
786 4805 1003 4869 patrum
1035 4805 1363 4876 spreverint,
1394 4810 1492 4866 Dei
1539 4794 1769 4885 gratiam
1800 4816 1859 4873 in
1902 4820 2122 4879 irritum

528 4881 882 4944 deducentes.
916 4888 1002 4944 Ad
1056 4908 1220 4964 quam
1272 4912 1387 4953 rem
1435 4881 1768 4961 ﬁrmandam
1803 4911 2122 4981 exemplum

525 4972 913 5043 propheticum
939 4980 1191 5039 subdidit
1232 5001 1301 5041 ex
1350 4989 1559 5060 psalmo
1589 4995 1756 5052 tertio
1779 4972 1996 5055 decimb
2027 4998 2123 5056 di-

525 5075 656 5116 cens
673 5080 684 5118 Ξ

602 5170 792 5240 (Vers.
852 5172 966 5246 10.)
1033 5200 1050 5223 ι
1098 5179 1251 5238 Sicut
1279 5186 1545 5260 scriptum
1598 5199 1700 5262 est,
1740 5194 1872 5267 quia
1899 5211 2010 5252 non
2039 5207 2121 5256 est

598 5351 715 5439 (89)
743 5353 871 5439 Mss.
896 5355 1125 5439 aliquot,
1156 5365 1277 5420 utsi
1301 5384 1406 5439 non
1436 5379 1726 5439 peccarent,
1748 5391 1854 5430 non
1881 5375 2116 5436 habendo

524 5425 665 5491 quod
692 5425 1004 5494 remitteret,
1019 5425 1124 5486 non
1153 5444 1278 5490 esset
1304 5425 1490 5493 bona}.

597 5496 717 5587 (ρο)
755 5497 1019 5587 Nonnulli
1047 5520 1203 5587 mss,
1238 5509 1348 5587 Hoc
1375 5516 1460 5587 est
1476 5510 1612 5564 unde
1634 5512 1736 5569 sibi
1779 5521 2117 5587 quaestionem

519 5561 648 5645 fecit
665 5561 986 5645 Apostolus.
1021 5574 1067 5627 A
1093 5561 1385 5645 per'versis,
1415 5561 1518 5633 etc.

594 5636 970 5709 (9i)'Quidam
997 5636 1154 5712 mss,
1176 5646 1239 5699 de
1261 5636 1627 5716 promissione.
1652 5655 1801 5713 Infra
1829 5674 1961 5715 vero
1990 5677 2109 5732 pro,

2267 1915 2574 1975 quaerentes
2618 1913 2815 1985 Deum,
2852 1918 3213 1993 inclinantur,
3248 1933 3310 1981 ut
3354 1930 3634 1988 auxilium
3698 1938 3862 2009 requi-

2269 2004 2392 2052 rant
2421 2014 2453 2053 a
2481 2002 2739 2060 vanitate
2776 2024 2789 2074 ;
2823 2009 3040 2069 vanitas
3078 2020 3258 2070 autem
3317 2026 3398 2074 est
3435 2018 3649 2079 idolum
3682 2043 3699 2091 ;
3760 1986 3863 2084 iideu
3925 1986 3930 2095 ί

2268 2082 2495 2143 inutiles
2525 2088 2689 2147 ﬁunt.

2348 2207 2366 2230 ι
2405 2185 2528 2242 Non
2558 2199 2640 2245 est
2668 2191 2762 2265 qui
2793 2193 2961 2253 faciat
2991 2197 3230 2272 bonum,
3289 2220 3399 2261 non
3451 2215 3532 2265 est
3580 2226 3771 2286 usque
3808 2215 3860 2273 ad

2263 2287 2435 2331 unum
2490 2277 2704 2353 (Ibid).
2744 2308 2763 2329 ι
2803 2283 2946 2351 Quia
2983 2291 3231 2362 neglecto
3258 2295 3394 2364 Deo,
3442 2277 3688 2359 inutiles.
3747 2307 3859 2363 facti

2262 2374 2413 2432 sunt,
2442 2366 2648 2427 bonum
2686 2375 2876 2448 utique
2920 2378 3095 2437 facere
3126 2399 3238 2440 non
3267 2396 3496 2457 possunt
3526 2409 3539 2458 ;
3565 2391 3689 2464 jam
3724 2400 3859 2453 enim

2261 2454 2543 2529 depravati
2582 2464 2880 2534 proﬁciunt
2909 2469 2965 2525 in
2998 2470 3173 2544 pejus.

2333 2555 2516 2625 (Vers.
2552 2560 2637 2651 ii}.
2669 2561 2690 2633 )
2736 2587 2754 2609 ε
2788 2564 3107 2638 Sepulcrum
3125 2582 3313 2642 patens
3338 2585 3419 2633 est
3446 2587 3642 2651 guttur
3672 2601 3855 2641 eorum

2262 2643 2475 2742 (Ibid).
2511 2673 2528 2695 ›
2577 2649 2889 2742 Jam_malis
2918 2660 3213 2732 mancipati
3240 2643 3484 2735 bonos,si
3512 2684 3711 2742 posset
3727 2675 3854 2741 ﬁeri,

2258 2730 2523 2791 devorare
2583 2740 2843 2798 volebant
2878 2762 2888 2800 :
2945 2756 3007 2803 ut
3045 2730 3189 2806 sicut
3240 2730 3553 2826 sepulcrum
3588 2770 3748 2832 patet

2257 2821 2574 2894 recipienda
2624 2830 2912 2903 cadavera,
2948 2835 3026 2892 ita
3078 2847 3131 2895 et
3162 2821 3425 2900 adversus
3452 2821 3632 2905 bonos
3671 2861 3854 2924 guttur

2257 2925 2443 2967 eorum
2457 2956 2470 2969 .

2339 3034 2358 3056 α
2392 3012 2621 3085 Linguis
2649 3018 2765 3075 suis
2790 3019 2978 3079 dolose
3004 3025 3235 3098 agebant
3263 3029 3479 3104 (Ibid)
3512 3059 3531 3082 ι
3596 3037 3711 3105 Qui
3744 3049 3845 3097 tam

2256 3102 2417 3159 malis
2471 3109 2729 3179 operibus
2757 3124 3132 3185 assueverant,
3160 3134 3282 3191 qua
3336 3120 3739 3198 loquebantur,
3793 3133 3843 3188 in

2250 3188 2467 3251 fallacia
2495 3208 2671 3256 erant.
2704 3226 2722 3248 ι
2783 3202 3073 3261 Venenum
3118 3188 3368 3280 aspidum
3406 3188 3520 3269 sub
3570 3188 3744 3276 labiis
3772 3238 3848 3278 eo-

2250 3297 2373 3338 rum
2400 3287 2612 3361 (Ibid.).
2650 3315 2669 3339 ι
2715 3291 2831 3349 Hoc
2867 3294 3023 3365 dicit,
3052 3298 3183 3370 quia
3206 3300 3373 3357 verba
3405 3301 3743 3375 hujusmodi
3764 3310 3851 3367 bo-
3928 3296 3929 3375 ᾖ

2249 3372 2463 3430 minum
2521 3379 2832 3452 muscipula
2879 3392 3027 3441 sunt.
3060 3387 3148 3444 Ad
3201 3388 3308 3448 hoc
3335 3372 3496 3448 enim.
3532 3394 3846 3469 loquuntur

2248 3471 2310 3518 ut
2333 3463 2642 3536 decipiant;
2676 3477 2738 3524 ut
2771 3472 2916 3529 sicut
2947 3492 3044 3546 per
3086 3476 3232 3534 labia
3267 3482 3535 3553 serpentis
3564 3463 3848 3546 venenum

2249 3551 2585 3624 infunditur,
2618 3557 2695 3612 ita
2719 3566 2773 3614 et
2801 3575 2899 3631 per
2931 3562 3078 3620 labia
3100 3582 3290 3631 eorum
3316 3551 3476 3629 dolus
3505 3583 3562 3631 et
3589 3577 3851 3638 circum-

2248 3640 2554 3699 ventiones.

2322 3738 2505 3801 (Vers.
2546 3741 2659 3815 14.)
2702 3768 2721 3791 ι
2757 3744 3006 3813 Quorum
3054 3768 3114 3808 os
3151 3756 3538 3818 maledictione
3561 3773 3619 3820 et
3650 3766 3844 3824 amari-

2247 3825 2440 3883 tudine
2488 3830 2711 3902 plenum
2759 3844 2840 3891 est
2872 3838 3087 3913 (Ibid).
3119 3868 3137 3892 ι
3197 3846 3550 3907 Manifestum
3577 3862 3667 3910 est
3723 3857 3843 3929 quia

2246 3924 2433 3974 contra
2466 3918 2638 3979 bonos
2669 3926 2799 3981 mali
2827 3944 3040 4002 semper
3068 3935 3359 3994 maledicta
3388 3948 3442 3995 et
3472 3957 3662 4000 amara
3711 3962 3845 4018 pro-

2245 4018 2485 4079 ponunt,
2519 4010 2580 4067 in
2617 4015 2935 4075 convicium
2965 4019 3188 4081 illorum
3218 4041 3641 4102 prorumpentes
3671 4043 3728 4092 et
3756 4034 3849 4092 de-

2245 4098 2589 4158 tractionem.

2319 4195 2500 4266 (Vers.
2540 4202 2624 4259 15.
2663 4204 2683 4275 )
2730 4229 2748 4252 ι
2787 4205 3014 4267 Veloces
3042 4211 3205 4283 pedes
3234 4230 3422 4272 eorum
3452 4218 3521 4275 ad
3551 4221 3847 4282 effunden-

2242 4284 2372 4383 dum
2404 4294 2727 4363 sanguinem
2755 4297 2970 4373 (Ibid).
3003 4328 3020 4350 ι
3062 4303 3177 4360 Hoc
3196 4304 3263 4362 de
3293 4324 3423 4365 nece
3444 4312 3845 4383 prophetarum

2242 4373 2408 4446 dixit,
2443 4395 2586 4452 quos
2606 4385 2941 4445 occiderunt
2970 4390 3221 4465 impigre,
3253 4396 3321 4452 ad
3378 4373 3585 4457 bonum
3654 4421 3851 4479 segnes

2241 4464 2311 4521 ad
2340 4468 2698 4538 parricidium
2734 4478 2975 4536 veloces.

2314 4567 2499 4635 (Vers.
2534 4572 2646 4644 16.)
2720 4599 2737 4622 α
2772 4576 3047 4637 Contritio
3074 4590 3129 4638 et
3183 4584 3481 4645 infelicitas
3514 4590 3573 4647 in
3604 4594 3723 4653 viis
3760 4613 3845 4654 eoo

2239 4671 2362 4710 rum
2395 4659 2556 4729 (Ibid.
2564 4662 2660 4731 ).»
2730 4665 2999 4732 Quoniam
3056 4671 3210 4728 citati
3267 4684 3423 4732 erant
3476 4678 3545 4734 ad
3610 4686 3844 4743 malefa-

2237 4744 2516 4816 ciendum,
2557 4749 2662 4805 iter
2706 4753 2948 4825 ipsorum
2996 4759 3083 4815 vel
3132 4778 3372 4834 gressum
3422 4767 3761 4831 tribulatum
3789 4785 3845 4832 et

2237 4832 2517 4891 infelicem
2549 4844 2890 4910 pronuntiat.

2320 4955 2339 4977 ε
2369 4933 2442 4989 Ει
2474 4935 2621 4993 viam
2676 4941 2825 5013 pacis
2857 4961 2967 5002 non
3000 4959 3379 5019 cognoverunt
3409 4953 3630 5030 (Ibid)
3662 4985 3681 5007 -
3736 4962 3842 5019 Via

2233 5023 2386 5094 pacis
2417 5024 2557 5083 lenis
2588 5037 2670 5087 est
2697 5041 2752 5088 et
2781 5033 3063 5093 inturbata
3089 5057 3103 5106 ;
3134 5041 3315 5099 omnis
3342 5043 3490 5100 enim
3536 5046 3689 5106 bona
3721 5055 3842 5111 vita

2232 5116 2535 5188 tranquilla
2565 5129 2667 5191 est,
2700 5131 2755 5179 et
2795 5134 2948 5181 actus
3004 5129 3238 5187 modesti
3293 5132 3398 5206 ipsi
3429 5145 3561 5193 sunt
3586 5142 3837 5212 paciﬁci,

2230 5211 2285 5260 et
2306 5221 2403 5278 per
2431 5206 2565 5267 istos
2621 5211 2736 5269 itur
2790 5213 2860 5270 ad
2910 5217 3084 5273 Deum
3119 5220 3259 5295 (93).
3289 5223 3377 5280 Illi
3418 5241 3547 5298 ergo
3575 5206 3839 5290 nolentes

2228 5362 2277 5437 et
2305 5380 2662 5475 bgpquici,
2680 5388 2852 5475 pom.
2872 5390 3005 5475 edit.
3023 5397 3293 5475 reposuit,
3324 5406 3374 5455 et
3400 5402 3830 5475 hocprazdicare.

2302 5454 2439 5579 (92‘):
2473 5458 2604 5515 Mss.
2643 5454 2837 5534 aliqui,
2898 5465 3040 5532 Quid
3069 5454 3189 5541 e'rgo
3236 5454 3834 5549 “emergentis?

2302 5541 2385 5579 usa
2411 5545 2447 5579 ι.

2226 5540 2285 5577 ca
2292 5540 2427 5581 usam
2436 5570 2447 5581 .

2445 5598 2614 5697 Cerb.
2643 5603 2840 5697 c‘odex,
2869 5614 2923 5664 et
2940 5608 3291 5697 .Dion,_apud
3313 5614 3471 5686 Gill.,
3503 5635 3612 5676 non
3642 5641 3829 5697 cogno-

2224 5674 2431 5736 verunt,
2459 5671 2865 5734 inimicitiarum
2896 5680 3039 5738 viam
3067 5671 3308 5754 eiigéntes
3365 5671 3474 5759 iper:
3499 5706 3666 5760 quam
3704 5671 3831 5753 ῗιω·

3922 920 3930 1226 l

3926 1214 3930 1499 l

3926 1538 3930 1739 ι
