3932 6210
41 339 102 396 81
1129 337 1492 396 COMMENT.
1531 339 1603 396 IN
1640 339 1858 397 EPIST.
1898 343 1998 399 AD
2036 343 2205 402 ROM.

3264 354 3335 412 82

45 466 157 522 haec
193 464 355 533 scire,
381 464 662 537 elegerunt
689 463 839 520 viam
868 462 1314 534 tribulationum,
1344 480 1442 538 per
1469 479 1635 538 quam
1664 468 1715 527 Α
1741 466 1872 540 quia
1900 469 2085 526 omnis
2104 471 2343 529 mundus
2364 474 2544 531 Judaei
2574 484 2730 532 erant
2752 484 2806 533 et
2821 478 3072 550 gentiles,
3088 496 3119 536 a
3138 480 3343 553 quibus

39 555 152 611 itur
175 555 235 611 in
265 554 588 627 gehennam.

106 645 294 715 (Vers.
332 644 443 717 I7).
491 667 509 691 ι
539 644 659 700 Non
707 649 790 699 est
818 642 987 698 timor
1014 642 1114 699 Dei
1160 650 1285 699 ante
1316 643 1504 700 oculos
1533 660 1637 701 eo-

10 762 11 765 η
38 749 161 789 rum
194 734 407 807 (Ibid).
439 758 459 782 ι
501 732 777 801 Quoniam
794 731 1116 804 hujusmodi
1146 731 1265 788 sine
1292 748 1458 789 sensu
1486 742 1637 803 sunt,

38 824 147 899 Dei,
180 824 435 880 timorem
484 840 596 879 non
625 822 869 878 habent:
918 846 937 868 ι
968 822 1193 879 Initium
1236 823 1382 879 enim
1413 825 1639 896 sapien—

39 914 128 969 tiae
168 915 338 971 timor
363 912 615 981 Domini,
640 912 783 978 dicit
820 912 1077 968 Salomon
1111 913 1297 983 (Prov.
1329 932 1367 982 ι,
1402 916 1479 985 7).
1512 940 1531 963 ι
1567 916 1640 971 Et

35 1019 147 1059 non
177 1002 324 1059 dixit
358 1003 617 1059 timorem
646 1000 744 1057 Dei
777 1000 877 1057 hos
901 1017 1012 1057 non
1042 1000 1261 1070 habere,
1293 1003 1421 1059 sed:
1469 1028 1487 1050 ι
1516 1005 1638 1061 Non

35 1100 117 1148 est
151 1091 358 1165 inquit,
404 1091 574 1148 timor
600 1090 700 1147 Dei
728 1098 852 1146 ante
891 1091 1077 1147 oculos
1114 1107 1323 1147 eorum.
1359 1119 1377 1140 ι
1418 1093 1638 1151 Viden-

35 1189 116 1238 tes
145 1182 300 1237 enim
328 1188 444 1236 tam
489 1180 725 1252 maligna
755 1195 918 1252 opera
946 1196 1061 1249 sua,
1093 1188 1148 1237 et
1175 1198 1289 1238 non
1324 1182 1634 1251 horrentes,

35 1270 298 1327 timorem
330 1271 430 1328 Dei
457 1271 717 1327 dicuntur
743 1276 869 1324 ante
897 1270 1086 1325 oculos
1114 1287 1226 1327 non
1257 1270 1475 1328 habere.
1499 1274 1637 1328 Istos

33 1378 235 1419 omnes
267 1368 323 1417 et
353 1359 619 1434 prOpheta
656 1358 919 1414 Jeremias
948 1358 1241 1431 signiﬁcat,
1274 1361 1463 1419 dicens
1489 1362 1638 1419 inter

34 1459 231 1509 caetera
259 1469 272 1506 :
318 1476 335 1496 ι
367 1451 520 1505 Tunc
547 1465 738 1505 omnes
776 1450 1197 1507 insurrexerunt
1225 1452 1281 1507 in
1311 1453 1636 1525 prophetam

33 1540 281 1610 Domini,
301 1540 548 1596 volentes
574 1539 824 1596 occidere
843 1556 969 1595 eum
990 1540 1202 1611 (Jerem.
1233 1558 1391 1611 xxvr,
1413 1543 1493 1614 8).
1515 1568 1532 1591 ›
1565 1544 1639 1599 Et

36 1632 315 1705 sequitur:
356 1655 373 1677 ι
400 1630 597 1687 Omnis
610 1637 795 1687 autem
811 1631 1049 1703 populus
1070 1648 1177 1687 non
1198 1633 1449 1705 permisit
1473 1632 1634 1705 (Ibid.

37 1728 154 1801 16).
193 1754 211 1777 ι
252 1728 382 1785 Illos
408 1744 537 1800 ergo
566 1744 758 1784 omnes
795 1727 952 1797 dicit,
983 1727 1080 1784 45
1108 1728 1205 1785 sed
1230 1730 1430 1797 malos;
1462 1728 1639 1786 ethos

1743 561 2006 633 segregati
2037 571 2165 618 sunt
2194 562 2398 621 ﬁdeles.
2430 566 2659 634 Quando
2687 584 2816 641 ergo
2863 569 3079 626 Iudaeos
3105 570 3201 644 qui
3250 571 3342 627 le-

1747 666 1867 724 gem
1908 662 2242 725 acceperunt
2287 671 2319 711 a
2362 658 2495 724 Deo,
2543 665 2597 713 et
2637 660 2841 731 quibus
2878 662 3023 717 facta
3049 661 3343 734 promissio

1746 750 1847 810 est,
1884 745 2121 814 peccatis
2151 743 2346 816 probat
2376 745 2643 803 obnoxios
2676 748 2816 820 (95),
2858 749 3089 806 dubium
3120 766 3233 806 non
3261 758 3344 808 est

1748 850 1939 890 omnes
2001 834 2220 891 Graecos
2292 852 2413 891 reos
2478 853 2592 893 esse
2652 839 2867 894 mortis.
2926 839 3338 906 Quamobrem:

1763 950 1779 971 ι
1818 926 1993 980 Omne
2034 941 2096 980 os
2140 925 2479 995 obstruatur,
2511 926 2607 994 ait,
2653 933 2708 981 et
2752 926 3007 983 subditus
3035 928 3131 984 ﬁat
3162 928 3343 983 omnis

1748 1014 1989 1069 mundus
2036 1015 2149 1070 Deo
2177 1033 2243 1075 ις
2292 1015 2423 1072 dum
2469 1032 2660 1072 omnes
2714 1016 2793 1071 rei
2836 1017 3050 1089 probati
3098 1017 3347 1091 indigent

1746 1101 2124 1159 misericordia
2151 1104 2271 1171 Dei,
2306 1112 2415 1159 tam
2447 1104 2646 1171 Judaei,
2676 1121 2839 1178 quam
2870 1107 3034 1162 etiam
3074 1106 3272 1162 Graeci.

1820 1193 2000 1263 (Vers.
2034 1192 2151 1264 20).
2203 1220 2221 1241 ι
2250 1193 2522 1261 Quoniam
2553 1194 2779 1267 quidem
2811 1211 2923 1250 non
2946 1194 3347 1267 justiﬁcabitur

1745 1297 1815 1336 ex
1861 1280 2119 1353 operibus
2172 1282 2307 1355 legis
2354 1283 2535 1337 omnis
2576 1299 2702 1339 caro
2754 1300 2935 1339 coram
2983 1286 3118 1341 Deo.
3149 1311 3166 1332 ι
3224 1285 3345 1340 Non

1747 1370 1870 1427 ideo
1888 1371 2118 1427 minime
2135 1370 2472 1441 justiﬁcatos
2492 1370 2751 1428 homines
2766 1373 2965 1428 asserit
2985 1372 3131 1445 apud
3145 1375 3344 1441 Deum;

1746 1462 1876 1534 quia
1908 1463 2081 1532 legem
2127 1460 2360 1533 justitia:
2400 1477 2509 1517 non
2539 1469 2899 1518 servaverunt
2931 1461 2989 1518 in
3022 1464 3343 1536 pmceptis:

1745 1553 1840 1609 sed
1871 1553 2001 1627 quia
2033 1558 2438 1608 sacramentum
2463 1552 2716 1624 mysterii
2734 1552 2856 1621 Dei,
2876 1553 3022 1626 quod
3045 1553 3103 1609 in
3128 1553 3348 1611 Christo

1747 1651 1848 1711 est,
1881 1642 2104 1700 credere
2132 1642 2455 1698 noluerunt.
2486 1642 2589 1698 Per
2614 1641 2720 1699 hoc
2750 1641 3176 1723 enimdecrevit
3202 1646 3350 1700 Deus

1740 1733 2046 1809 justiﬁcare
2082 1732 2388 1800 hominem,
2432 1747 2545 1788 non
2577 1748 2675 1803 per
2717 1731 2911 1803 legem,
2958 1735 3088 1806 quia
3144 1733 3232 1789 lex
3280 1731 3347 1790 ad

35 1835 252 1887 omnes,
279 1818 373 1875 sed
402 1818 598 1874 honos.
630 1820 817 1892 Neque
846 1819 995 1874 enim
1020 1819 1149 1892 quia
1168 1819 1337 1876 dicit:
1385 1843 1404 1865 ι
1434 1819 1637 1875 Omnes
1660 1830 1706 1891 Β
1733 1834 1954 1897 tempus
1974 1821 2261 1895 justiﬁcat,
2294 1838 2407 1878 non
2436 1820 2582 1893 apud
2612 1823 2809 1878 Deum.
2838 1821 2968 1878 Ideo
3002 1824 3177 1896 legem
3218 1840 3347 1880 ser-

35 1906 458 1965 declinaverunt
500 1933 554 1977 ›,
607 1915 780 1964 totam
826 1909 1048 1981 penitus
1083 1908 1296 1981 plebem
1339 1907 1635 1980 signiﬁcat,

35 1997 133 2053 sed
176 1997 321 2054 hanc
365 2005 573 2070 partem
618 1996 815 2069 plebis,
846 1998 990 2053 sicut
1033 2005 1087 2053 et
1126 2004 1460 2054 memoratus
1500 2013 1639 2069 pro-

34 2087 203 2160 pheta
235 2087 401 2143 refert
426 2104 437 2141 :
470 2110 487 2132 ε
518 2087 579 2142 In
609 2103 717 2160 qua
737 2103 928 2143 omnes
956 2088 1087 2144 mali
1117 2103 1174 2144 se
1189 2086 1580 2144 condiderunt.
1606 2112 1625 2137 ι

34 2177 267 2249 Semper
296 2175 447 2231 enim
475 2174 587 2231 duo
627 2175 815 2248 populi
845 2184 973 2232 sunt
1003 2176 1059 2232 in
1085 2193 1196 2233 una
1220 2176 1396 2249 plebe.
1428 2176 1532 2233 llic
1559 2184 1641 2232 est

36 2281 168 2338 ergo
218 2265 456 2338 populus
500 2279 661 2338 quem
698 2264 941 2337 increpat
968 2266 1237 2323 Dominus
1283 2264 1387 2321 sub
1416 2264 1641 2321 nomine

35 2354 364 2423 Jerusalem,
413 2353 638 2410 dicens:
698 2378 716 2401 ι
768 2354 1093 2423 Jerusalem,
1146 2355 1466 2423 Jerusalem,
1520 2371 1642 2428 quae

38 2446 255 2503 occidis
278 2446 569 2519 prophetas
601 2446 814 2518 (Matth.
844 2463 1012 2515 xxm,
1044 2446 1158 2518 37).
1185 2472 1204 2495 ι
1244 2447 1317 2502 Et
1345 2446 1454 2501 alio
1482 2447 1637 2503 loco:

51 2560 69 2581 ι
103 2535 419 2605 Generatio,
442 2535 541 2606 ait,
571 2536 716 2592 mala
742 2543 797 2592 et
826 2536 1077 2601 adultera
1099 2537 1312 2609 (Matth.
1343 2553 1445 2605 XII,
1466 2536 1557 2609 39)
1588 2561 1605 2586 ι
1623 2579 1640 2605 ,

41 2633 133 2681 et:
180 2649 198 2672 «ι
226 2625 387 2682 Natio
434 2627 747 2699 viperarum
793 2626 955 2698 (Ibid.
988 2625 1104 2698 34).
1139 2651 1157 2674 ι
1199 2628 1279 2683 De
1320 2623 1643 2698 hujusmodi

39 2714 303 2788 queritur
330 2714 492 2772 etiam
523 2715 789 2788 propheta
818 2715 1004 2784 Isaias,
1033 2715 1255 2773 dicens:
1312 2739 1329 2762 ι
1361 2715 1458 2772 Vae
1496 2715 1644 2787 genti

37 2802 359 2875 peccatrici,
392 2821 577 2861 semen
632 2806 913 2877 pessimun
947 2806 1081 2878 (Isa.
1116 2823 1155 2873 ι,
1187 2805 1279 2877 4)ι
1318 2831 1336 2853 ι
1377 2805 1481 2861 Per
1516 2821 1646 2860 ma-

36 2894 146 2948 lam
192 2892 342 2949 enim
383 2894 746 2961 voluntatem,
790 2895 921 2951 dum
968 2895 1179 2952 fructus
1209 2896 1382 2951 malos
1410 2894 1645 2964 faciunt,

34 2999 230 3039 semen
260 2982 554 3055 pessimum
587 2991 734 3040 sunt.
770 2985 842 3040 Et
871 2985 1001 3057 quia
1025 2984 1071 3040 si
1102 2985 1647 3056 voluerint,possunt

35 3072 324 3140 converti,
358 3088 468 3129 vox
515 3073 711 3145 probat
738 3073 991 3146 Apostoli
1021 3072 1080 3128 in
1123 3073 1231 3129 alia
1256 3073 1506 3146 Epistola
1550 3072 1649 3128 di-

1747 1921 1940 1970 vantes
1977 1911 2035 1967 in
2064 1918 2331 1983 tempore,
2356 1909 2493 1982 justi
2523 1919 2653 1967 sunt
2680 1928 2791 1967 non
2823 1912 2969 1984 apud
2987 1914 3163 1968 Deum
3186 1931 3199 1981 ;
3221 1913 3352 1986 quia
3398 1978 3405 1984 ν

1747 2003 1885 2060 ﬁdes
1926 2018 2023 2075 per
2058 2017 2219 2075 quam
2246 1999 2624 2072 justiﬁcantur
2665 2000 2920 2059 homines
2961 2002 3107 2076 apud
3146 2004 3345 2073 Deum,

1747 2109 1860 2149 non
1892 2100 1973 2148 est
2002 2091 2061 2146 in
2092 2090 2191 2146 eis.
2218 2088 2394 2162 Major
2422 2090 2569 2146 enim
2598 2089 2734 2147 ﬁdes
2764 2098 2868 2159 est,
2887 2107 3050 2165 quam
3073 2092 3192 2159 lex;
3217 2091 3349 2165 quia

1749 2184 1841 2239 lex
1874 2181 1941 2238 ad
1961 2197 2062 2237 nos
2086 2184 2346 2253 pertinet,
2379 2179 2513 2236 ﬁdes
2542 2179 2610 2236 ad
2634 2181 2830 2236 Deum.
2861 2180 3074 2239 Idcirco
3103 2181 3194 2237 lex
3213 2189 3348 2237 tem-

1748 2274 1992 2346 poralem
2021 2270 2187 2327 habet
2228 2268 2526 2342 justitiam,
2558 2268 2694 2325 ﬁdes
2722 2262 3001 2326 aetern'am.
3050 2270 3186 2327 Nam
3218 2287 3350 2326 om-

1750 2377 1876 2417 nem
1920 2376 2140 2417 carnem
2174 2357 2364 2415 dicens
2411 2374 2631 2414 omnem
2662 2356 2944 2415 hominem
2988 2358 3346 2431 signiﬁcavit,

1752 2450 1894 2506 sicut
1948 2458 2003 2505 et
2056 2448 2322 2521 propheta
2366 2448 2532 2504 Isaias
2561 2448 2673 2503 ait:
2726 2472 2745 2494 ι
2788 2448 2861 2503 Et
2902 2448 3115 2504 videbit
3168 2449 3350 2506 omnis

1752 2556 1878 2597 caro
1903 2540 2140 2596 salutare
2164 2537 2263 2593 Dei
2295 2538 2430 2608 (Isa.
2454 2554 2547 2603 xL,
2570 2536 2627 2607 5)
2647 2562 2664 2583 ι
2702 2554 2716 2604 ;
2742 2536 2797 2593 id
2815 2545 2914 2604 est,
2940 2536 3153 2593 videbit
3168 2539 3350 2595 omnis

1751 2630 1920 2687 homo
1949 2627 2231 2685 Christum
2261 2627 2384 2694 Dei,
2416 2626 2469 2681 in
2504 2642 2613 2698 quo
2638 2626 2785 2682 salus
2814 2627 3065 2682 omnium
3090 2626 3351 2683 contine-

1752 2728 1863 2777 tur.
1911 2720 1983 2774 Et
2029 2716 2234 2774 idcirco
2274 2731 2437 2772 carne
2484 2713 2886 2787 signiﬁcantur,
2940 2716 3070 2788 quia
3111 2717 3355 2787 peccatis

1754 2806 1983 2865 obnoxii
2014 2812 2161 2862 sunt.
2195 2804 2349 2861 Sicut
2376 2804 2523 2861 enim
2549 2802 2769 2875 justitia
2798 2802 3074 2875 spiritales
3093 2803 3247 2872 facit,
3280 2804 3357 2860 ita

1755 2905 1809 2954 et
1836 2896 2037 2953 delicta
2055 2895 2321 2962 carnales,
2344 2900 2406 2949 ut
2430 2909 2499 2950 ex
2530 2899 2656 2949 actu
2686 2907 2889 2947 nomen
2909 2891 3143 2964 accipiat
3160 2892 3351 2951 homo.

1842 3010 1860 3033 ι
1898 2986 2003 3040 Per
2028 2985 2200 3057 legem
2246 2982 2394 3040 enim
2423 2980 2668 3054 cognitio
2703 2980 2955 3053 peccati»
2988 3000 3000 3050 ;
3047 2998 3144 3054 per
3187 2982 3352 3040 ﬁdem

1755 3082 1938 3131 autem
1985 3072 2254 3140 abolitio;
2297 3072 2420 3128 ideo
2468 3070 2746 3144 sequenda
2788 3069 2924 3127 ﬁdes
2962 3080 3063 3128 est.
3095 3072 3228 3140 Quae
3273 3081 3357 3130 est

35 3166 255 3223 centis:
305 3189 325 3212 α
356 3166 591 3223 Eramus
624 3174 677 3223 et
707 3183 807 3222 nos
836 3166 1134 3240 aliquando
1163 3173 1361 3222 natura
1388 3166 1492 3221 ﬁlii
1530 3165 1645 3233 ira),
1683 3188 1727 3248 ρ
1756 3164 1875 3219 haec
1906 3165 2018 3229 lex,
2050 3180 2145 3235 per
2191 3178 2354 3235 quam
2401 3162 2537 3217 dicit
2565 3161 2847 3231 cognitum
2882 3177 2999 3216 esse
3046 3170 3353 3232 peccatum,

34 3253 179 3311 sicut
210 3261 269 3310 et
298 3255 477 3311 caeteri
511 3256 729 3327 (Ephes,
770 3271 833 3321 ιι,
864 3256 943 3326 3).
976 3280 994 3302 ι

108 3345 300 3419 (Vere.
336 3346 451 3411 18).
495 3369 513 3393 ‹
543 3346 764 3401 Scimus
791 3350 972 3399 autem
1008 3341 1270 3416 quoniam
1309 3356 1650 3413 quaecunque

38 3434 125 3491 lex
154 3435 447 3509 loquitur,
472 3433 543 3489 iis
577 3432 673 3505 qui
702 3433 761 3487 in
791 3431 907 3504 lege
936 3438 1066 3488 sunt
1098 3430 1367 3503 loquitur.
1401 3455 1418 3477 ι
1461 3428 1651 3486 Mani—

40 3524 239 3581 festum
287 3532 374 3580 est
416 3523 547 3596 quia
592 3522 692 3578 hos
741 3522 987 3594 increpat
1035 3522 1146 3590 lex,
1181 3520 1275 3594 qui
1323 3526 1377 3575 et
1406 3519 1645 3592 primum

39 3628 147 3670 non
196 3612 564 3672 crediderunt
610 3610 737 3669 duci
786 3628 885 3668 suo
921 3611 1123 3685 Moysi,
1156 3627 1336 3684 neque
1367 3609 1648 3682 prophetis

40 3701 366 3773 parentibus
408 3700 543 3770 suis,
580 3717 717 3775 quos
764 3709 818 3757 et
864 3707 1255 3775 persequentes
1301 3699 1643 3770 occiderunt,

40 3806 215 3864 neque
271 3789 538 3863 apostolis
588 3791 835 3863 cognatis
889 3791 1003 3847 suis
1051 3790 1354 3848 secundum
1401 3807 1645 3859 carnem,

41 3896 279 3952 quorum
314 3881 633 3953 sanguinem
663 3881 997 3951 eﬁ‘uderunt,
1027 3898 1242 3956 semper
1279 3880 1460 3954 impii,
1504 3887 1559 3937 et
1588 3881 1648 3937 in

42 3970 215 4025 Deum
262 3968 532 4026 rebelles:
585 3977 649 4026 ut
698 3986 794 4043 per
850 3971 1021 4043 legem
1077 3972 1432 4039 damnentur,
1490 3970 1649 4043 cujus

44 4058 433 4115 auctoritatem
480 4058 937 4115 contemnendam
985 4067 1272 4131 putarunt.
1317 4059 1470 4116 Sicut
1498 4059 1645 4115 enim

45 4149 301 4204 omnium
338 4149 608 4203 malorum
639 4164 750 4204 una
769 4156 849 4205 est
878 4165 1041 4205 causa
1065 4148 1121 4205 in
1155 4149 1300 4205 malo
1336 4147 1475 4219 (94),
1500 4148 1576 4205 ita
1596 4155 1651 4204 et

42 4246 376 4295 cunctorum
407 4237 701 4295 bonorum.
725 4239 776 4294 Is
797 4239 917 4295 istis
941 4256 1070 4311 ergo
1098 4238 1348 4295 omnium
1380 4238 1648 4294 similium

46 4330 303 4401 arguitur
353 4331 582 4386 malum.
629 4331 758 4388 Haec
798 4330 866 4386 ad
911 4330 1225 4386 Judaeorum
1268 4328 1651 4385 confusionem

46 4419 351 4491 pertinent,
393 4418 489 4492 qui
535 4418 640 4475 sibi
688 4427 743 4476 et
767 4419 1087 4493 parentibus
1127 4418 1243 4477 suis
1272 4417 1651 4474 testimonium

46 4523 114 4562 ex
146 4508 265 4580 lege
304 4507 571 4564 ferebant.

120 4598 307 4670 (Vere.
346 4599 459 4671 19).
507 4624 526 4648 ‹
555 4599 626 4655 Ut
653 4615 815 4655 omne
852 4615 913 4655 os
941 4599 1281 4668 obstruatur,
1311 4608 1367 4656 et
1395 4599 1652 4657 subditus

47 4686 143 4743 ﬁat
172 4688 361 4744 omnis
393 4688 634 4745 mundus
654 4690 788 4745 Deo.
820 4714 839 4735 ι
880 4690 995 4745 Hoc
1022 4689 1180 4757 dicit,
1215 4689 1344 4762 quia
1371 4689 1651 4745 Judaeisin

51 4778 289 4849 peccatis
321 4776 657 4847 constrictis,
680 4778 863 4834 omnis
891 4779 1133 4835 mundus
1154 4779 1409 4835 subditus
1430 4778 1491 4833 ﬁt
1518 4780 1650 4834 Deo.

50 4866 203 4921 Nulli
237 4868 391 4923 enim
428 4867 660 4923 dubium
681 4876 781 4936 est,
812 4868 942 4942 quia
971 4869 1164 4941 pagani
1195 4868 1378 4923 obruti
1408 4876 1537 4923 sunt
1566 4866 1656 4922 de-

52 4955 199 5012 lictis
224 4965 281 5012 et
311 4956 713 5028 impietatibus,
744 4973 808 5014 ac
836 4973 933 5029 per
966 4956 1074 5013 hoc
1101 4964 1251 5012 totus
1278 4955 1518 5011 mundus
1544 4957 1657 5010 Deo

52 5052 361 5115 prostratus
385 5053 491 5112 est,
521 5052 583 5101 ut
612 5046 785 5119 possit
800 5046 869 5102 ad
899 5044 1302 5118 indulgentiam
1329 5043 1654 5116 pervenire;

52 5267 119 5321 ad
162 5273 387 5323 mortem
443 5264 746 5337 secundam,
788 5264 890 5319 iter
935 5266 1331 5337 quoﬂpergitur
1381 5264 1454 5321 ad
1508 5269 1661 5337 teter-

56 5354 172 5394 nam
223 5341 430 5394 vitam:
471 5353 589 5407 qua:
629 5335 827 5408 idcirco
856 5352 981 5408 pax
1019 5335 1238 5408 dicitur,
1286 5337 1415 5408 quia
1456 5336 1663 5408 nultum

55 5406 500 5479 perturbationem
560 5407 790 5479 habebit.
844 5406 1009 5461 Deum
1046 5406 1314 5479 babentes
1369 5406 1664 5479 propitium

59 5476 384 5551 tpreverunt,
450 5481 686 5551 nolentes
715 5476 1138 5551 scirequouiam
1190 5480 1333 5535 bona:
1369 5476 1666 5532 'voluntatis

62 5548 280 5610 Homines
309 5548 449 5610 hanc
470 5550 705 5622 requiem
729 5548 991 5622 habebunt
1017 5552 1165 5622 apud
1191 5554 1376 5607 Deum.

128 5626 240 5699 (94)
273 5628 406 5683 Mss.
461 5618 664 5699 κράτη,
728 5618 937 5690 llemig.
991 5625 1046 5674 et
1092 5620 1332 5688 Thuan.,
1382 5636 1544 5676 unum
1593 5626 1665 5675 est

66 5714 251 5754 uomem
268 5699 328 5754 in
354 5698 526 5753 malo.

1757 3261 1812 3309 et
1841 3253 2121 3324 cognitum
2148 3249 2423 3323 quomodo
2443 3250 2471 3304 ‘I
2508 3247 2773 3304 Videmus
2815 3247 2964 3302 enim
2994 3255 3207 3303 veteres
3243 3265 3357 3305 non

1761 3343 2037 3414 ignorasse
2082 3345 2402 3412 peccatum;
2454 3336 2584 3409 quia
2630 3343 2684 3391 et
2728 3334 2928 3407 Joseph
2973 3334 3031 3391 in
3083 3352 3357 3392 carcerem

1763 3430 1962 3487 missus
1999 3437 2102 3498 est,
2132 3428 2264 3484 licet
2311 3442 2409 3498 per
2437 3424 2769 3482 calumniam
2808 3426 2963 3495 (Gen.
2990 3441 3192 3494 xxxix,
3225 3425 3355 3499 20);

1759 3527 1814 3576 et
1867 3519 2132 3592 pincerna
2195 3523 2249 3572 et
2311 3515 2485 3588 pistor
2546 3513 2871 3582 Pharaonis,
2930 3530 3091 3570 causa
3149 3515 3357 3587 peccati

1762 3612 1782 3684 (
1791 3612 1919 3668 Gen.
1938 3628 2032 3679 xc,
2054 3610 2134 3683 3).
2153 3606 2439 3677 Quomodo
2453 3623 2579 3679 ergo
2597 3605 2837 3662 latebant
2853 3613 3073 3680 peccata
3086 3606 3116 3663 ?
3131 3605 3357 3680 Triplex

1759 3700 1981 3774 quidem
2033 3700 2123 3756 lex
2151 3706 2272 3765 est;
2321 3696 2399 3753 ita
2444 3703 2506 3752 ut
2551 3694 2728 3768 prima
2758 3711 2881 3767 pars
2920 3695 2986 3753 de
3015 3702 3357 3753 sacramento

1758 3790 2071 3850 divinitatis
2116 3788 2188 3845 sit
2239 3786 2369 3844 Dei:
2422 3784 2663 3842 secunda
2696 3791 2879 3841 autem
2926 3801 3047 3859 quae
3101 3784 3360 3857 congruit

1760 3884 1865 3957 legi
1894 3880 2155 3949 naturali,
2193 3895 2313 3953 quae
2362 3876 2645 3935 interdicit
2674 3882 2959 3948 peccatum
2988 3891 2999 3929 :
3038 3873 3202 3929 tertia
3227 3888 3359 3929 vero

1760 3975 2051 4039 factorum,
2083 3969 2142 4026 id
2170 3978 2275 4037 est,
2318 3967 2565 4033 Sabbati,
2594 3965 2919 4031 noemenim,
2969 3961 3360 4020 circumcisio-

1760 4064 1868 4132 nis,
1898 4070 2002 4119 etc.
2027 4061 2153 4117 Haec
2178 4066 2261 4115 cst
2288 4074 2416 4129 ergo
2445 4058 2534 4111 lex
2557 4053 2845 4111 naturalis.
2869 4068 2988 4125 quat
3018 4068 3114 4125 per
3131 4052 3361 4123 Moysen

1760 4152 1961 4227 partim
2015 4149 2333 4215 reformata,
2396 4145 2594 4218 partim
2645 4141 2942 4199 auetoritas
2985 4139 3105 4213 ejus
3142 4139 3361 4196 ﬁrmata

1762 4243 1822 4299 iu
1850 4241 2005 4297 vitiis
2029 4236 2375 4304 cohibendis,
2422 4235 2702 4309 c0gnitum
2735 4232 2866 4289 fecit
2894 4238 3212 4305 peccatum;
3246 4246 3359 4287 non

1764 4329 1911 4404 quod
1958 4311 2170 4395 lateret,
2202 4325 2347 4382 sicut
2379 4324 2496 4381 dixi
2528 4341 2538 4379 :
2574 4322 2667 4380 sed
2698 4320 2940 4378 ostendit
2968 4329 3189 4395 peccata
3239 4336 3361 4394 quae

1765 4420 1907 4476 ﬁunt
1931 4417 2071 4489 (96),
2101 4432 2214 4473 non
2244 4415 2468 4486 impune
2496 4413 2682 4468 futura
2707 4410 2852 4484 apud
2879 4412 3055 4467 Deum
3079 4428 3092 4477 ;
3124 4426 3196 4466 ne
3221 4408 3364 4467 forte

1735 4507 1890 4581 .quis
1931 4505 1998 4563 ad
2028 4512 2245 4576 tempus
2272 4502 2528 4570 evadens,
2572 4501 2745 4574 legcm
2779 4500 3014 4556 illusisse
3054 4504 3358 4571 putaretur.

1734 4593 1878 4653 'Hoc
1902 4603 1984 4652 est
2012 4593 2160 4669 quod
2189 4594 2280 4650 lex
2308 4591 2575 4650 ostendit.

1836 4686 2015 4756 (Vers.
2068 4684 2184 4757 2i).
2230 4710 2249 4733 ι
2290 4684 2449 4740 Nunc
2489 4697 2620 4737 vero
2674 4679 2791 4735 sine
2838 4678 2956 4749 lege
3001 4674 3220 4746 justitia
3261 4674 3363 4730 Dei

1765 4791 2115 4847 manifestata
2154 4796 2255 4855 est,
2299 4785 2681 4843 testimonium
2720 4775 2817 4832 46
2858 4777 3064 4832 habens
3091 4793 3123 4831 a
3149 4777 3267 4846 lege
3310 4781 3366 4830 et

1766 4881 2066 4954 prophetis.
2118 4902 2135 4924 ι
2195 4879 2464 4948 Apertum
2522 4880 2605 4928 est
2649 4869 2776 4941 quia
2828 4866 3045 4938 justitia
3098 4864 3198 4920 Dei
3224 4863 3363 4954 sine

1766 4952 1882 5041 lege
1910 4967 2183 5039 apparuit,
2215 4964 2308 5019 sed
2336 4965 2456 5019 sine
2487 4963 2601 5031 lege
2628 4956 2841 5013 sabbati
2884 4962 2937 5011 et
2974 4952 3364 5011 circumcisio-

1767 5060 1857 5114 nis
1910 5064 1963 5113 et
2018 5053 2322 5111 neomenize
2378 5058 2432 5106 et
2483 5047 2781 5104 vindicta:
2840 5061 2954 5102 non
3002 5052 3187 5102 tamen
3243 5044 3365 5101 sine

1842 5259 1958 5331 (95)
1990 5256 2139 5331 Idem
2166 5250 2327 5331 Corb.
2360 5247 2566 5331 codex,
2586 5246 2657 5303 ad
2676 5246 3055 5331 indulgentiam
3077 5243 3367 5331 pertinere,-

1770 5317 1951 5387 om‘m's'
1972 5329 2108 5385 enim
2134 5324 2364 5381 mundus
2391 5320 2566 5377 Judaei
2590 5325 2742 5375 erant
2768 5321 2816 5375 et
2833 5317 2844 5319 ’
2858 5317 3094 5388 gentiles,
3136 5317 3210 5372 ad
3235 5331 3368 5388 quos

1770 5337 1938 5387 omnis
1972 5337 2108 5385 enim
2134 5337 2364 5381 mundus
2391 5337 2565 5377 Juam
2590 5337 2742 5375 erant
2768 5337 2816 5375 et
2857 5337 3090 5445 genum,
3136 5337 3210 5372 aa
3235 5337 3329 5388 quc

1770 5404 1914 5474 facta
1939 5397 2223 5474 promissio
2252 5401 2345 5474 est,
2364 5393 2590 5474 peccatis
2614 5390 3119 5474 probabo-noxios;
3157 5458 3167 5470 .
3219 5456 3231 5468 ο
3291 5458 3329 5474 ν

1846 5459 1969 5545 (96')
1988 5472 2134 5528 Idem
2166 5459 2407 5545 codices,
2434 5466 2523 5545 εςά
2549 5459 2771 5544 ostendit
2795 5460 3040 5543 futurum
3069 5459 3169 5515 Dei
3188 5459 3367 5545 judi—

1771 5538 1953 5613 cium,’
1979 5551 2038 5599 ut
2082 5542 2267 5596 nullus
2310 5543 2552 5613 peccator
2606 5538 2925 5613 imntunisa
2963 5548 3120 5613 pama
3151 5538 3220 5586 sit
3244 5548 3276 5613 ;_
3304 5546 3370 5584 ne

1771 5603 2023 5687 forteZ....
2062 5616 2171 5670 Hoc
2221 5603 2482 5687 est—quod
2515 5608 2599 5661 ιω
2652 5603 2896 5671 ostendit,
2942 5603 3067 5675 quia
3100 5608 3370 5676 peccatum

1772 5680 2124 5761 imputaretur
2151 5681 2299 5757 apud
2319 5680 2505 5735 Deum.
