3932 6210
567 348 639 407 83
1589 355 1685 410 AD
1725 352 1961 410 OPERA
2000 351 2057 408 s.
2099 350 2434 408 AMBROSII
2472 350 2849 407 APPENDIX.

571 487 913 536 sacramento
943 479 1254 535 divinitatis
1282 481 1412 536 Dei:
1437 479 1639 552 quippe
1670 495 1794 534 cum
1822 476 2042 548 justitia
2064 476 2164 532 Dei
2194 478 2242 536 A
2275 474 2331 530 id
2360 485 2459 544 est,
2493 476 2765 548 disposuit
2795 476 3098 548 propitium
3137 491 3193 530 se
3223 475 3474 530 futurum
3509 475 3778 532 humano
3808 495 3886 548 ge—

571 567 640 624 de
687 577 1029 624 sacramento
1070 569 1168 623 Dei
1198 569 1288 623 sit.
1339 569 1472 624 Nam
1506 567 1725 640 quando
1751 583 1887 638 quos
1920 567 2007 621 lex
2048 583 2168 622 reos

573 657 812 725 tenebat,
856 657 1073 729 justitia
1120 658 1216 713 Dei
1266 658 1480 730 ignovit
1507 658 1638 725 illis,
1670 657 1786 712 sine
1818 657 1932 729 lege
1976 657 2169 729 utiquc

573 746 682 803 hoc
728 747 894 812 fecit;
937 747 1064 819 quia
1093 747 1150 802 in
1179 764 1316 820 quos
1341 749 1447 820 .lex
1491 747 1838 804 vindicatura
1867 754 2003 815 erat,
2054 746 2172 801 hac

575 837 806 893 donavit
851 837 964 892 illis
1010 846 1311 908 peccatum.
1355 838 1425 892 Et
1463 854 1530 893 ne
1574 837 1678 893 hoc
1708 837 1849 892 forte
1880 844 2070 892 contra
2099 837 2170 890 le-

577 941 696 998 gem
749 927 951 983 factum
1001 933 1304 998 putaretur,
1353 926 1554 998 adjecit
1589 926 1862 997 justitiam
1895 926 1992 980 Dei
2023 925 2170 981 testi-

574 1015 824 1071 monium
870 1014 1069 1071 habere
1095 1032 1163 1070 ex
1208 1017 1321 1088 lege
1352 1023 1406 1071 et
1445 1015 1751 1088 prophetis,
1784 1015 1889 1070 hoc
1916 1022 2018 1082 est,
2045 1014 2174 1087 quia

575 1105 694 1177 ipsa
739 1105 830 1160 lex
860 1122 928 1160 ex
959 1105 1066 1160 alia
1095 1115 1245 1178 parte
1274 1106 1408 1160 olim
1441 1105 1587 1160 istud
1617 1105 1867 1158 futurum
1914 1102 2168 1168 dixerat;

573 1194 702 1267 quia
727 1203 992 1251 venturus
1033 1202 1150 1252 erat
1179 1195 1272 1268 qui
1313 1194 1566 1250 homines
1615 1195 1850 1250 salvaret
1884 1193 2017 1262 (Isa.
2050 1210 2171 1260 nux,

573 1284 706 1355 20):
758 1284 906 1358 quod
963 1285 1065 1356 legi
1121 1301 1440 1341 concessum
1495 1300 1605 1339 non
1663 1290 1795 1348 erat,
1841 1289 1902 1337 ut
1957 1290 2174 1353 peccata

575 1373 824 1430 donaret.
863 1373 990 1429 Ideo
1027 1390 1214 1429 aurem
1239 1372 1457 1445 justitia
1493 1373 1592 1429 Dei
1622 1371 1769 1429 dicta
1794 1379 1894 1438 est,
1929 1388 2048 1443 qua:
2079 1371 2174 1424 vi—

576 1463 738 1520 detur
810 1481 925 1521 esse
999 1464 1399 1532 misericordia,
1473 1466 1600 1537 quia
1675 1463 1743 1518 de
1811 1461 2174 1535 promissione

576 1553 846 1625 originem
899 1555 1097 1611 habet:
1144 1563 1350 1611 etcum
1404 1553 1736 1626 promissum
1771 1551 1869 1607 Dei
1901 1550 2171 1606 redditur.

567 1642 788 1715 justitia
803 1645 904 1701 Dei
934 1644 1158 1703 dicitur.
1182 1645 1406 1702 Justitia
1435 1644 1581 1699 enim
1605 1652 1707 1711 est,
1739 1643 1869 1715 quia
1896 1640 2173 1696 redditum

574 1742 674 1801 est,
715 1733 862 1806 quod
911 1737 1241 1806 promissum
1287 1741 1406 1789 est:
1439 1741 1492 1788 et
1539 1749 1665 1789 cum
1713 1731 1945 1803 suscipit
1970 1730 2176 1786 confu-

2277 567 2417 634 neri,
2469 567 2515 622 si
2563 567 2808 624 credant.
2875 593 2891 615 ε
2934 568 2995 623 In
3041 565 3308 639 sanguine
3363 565 3562 638 ipsius.
3609 591 3630 614 ι
3683 566 3815 622 Ideo
3844 567 3883 620 ii:

2277 654 2541 726 sanguine
2572 655 2766 726 ipsius,
2808 655 2940 728 quia
2968 664 3144 710 morte
3180 653 3298 726 ejus
3328 653 3552 709 liberati
3584 671 3814 720 sumus,
3841 667 3884 709 ιιι

2280 751 2334 799 et
2367 743 2741 800 manifestaret
2770 745 2930 801 illum
2963 751 3266 811 mortuum,
3287 751 3342 799 et
3368 751 3612 798 mortem
3644 746 3883 816 passione

2281 829 2399 902 ejus
2427 829 2731 888 damnaret.

2355 940 2538 1012 (Vers.
2595 941 2712 1012 26).
2773 965 2791 988 ι
2831 939 2918 996 Ad
2976 940 3346 996 ostensionem
3399 938 3646 1011 justitiae
3693 959 3812 998 sua
3845 968 3881 1006 ι,

2283 1028 2388 1085 hoc
2417 1037 2519 1097 est,
2547 1039 2609 1085 ut
2638 1030 2970 1102 promissum
2999 1047 3157 1086 suum
3183 1029 3362 1101 palam
3384 1029 3614 1098 faceret,
3653 1048 3775 1103 quo
3804 1049 3882 1085 nos

2283 1135 2313 1173 a
2361 1119 2598 1190 peccatis
2641 1119 2915 1188 liberaret,
2967 1119 3110 1176 sicut
3157 1128 3281 1175 ante
3327 1119 3701 1190 promiserat;
3758 1120 3881 1193 quani

2282 1225 2408 1264 cum
2434 1209 2709 1281 implevit,
2735 1210 2948 1282 justum
2979 1226 3036 1266 se
3066 1209 3328 1266 ostendit.

2368 1346 2385 1368 ι
2412 1321 2640 1392 Propter
2687 1322 3029 1394 propositum
3061 1320 3487 1394 praecedentium
3531 1319 3878 1384 delictoruuv,
3924 1289 3925 1308 Χ

2284 1409 2342 1464 in
2384 1409 2649 1481 patientia
2687 1409 2805 1466 Dei.
2840 1434 2857 1458 ›
2903 1409 3089 1466 Sciens
3132 1411 3278 1466 Deus
3328 1408 3686 1480 propositum
3738 1410 3880 1465 beui-
3924 1417 3925 1452 ἒ

2286 1499 2508 1572 gnitatis
2558 1515 2669 1554 sum
2717 1516 2824 1572 quo
2877 1499 3093 1555 censuit
3142 1497 3519 1571 peccatoribus
3571 1498 3865 1553 subvenire
3924 1571 3925 1574 η

2283 1596 2395 1645 tam
2427 1588 2496 1644 iis
2524 1589 2620 1661 qui
2651 1597 2781 1645 sunt
2811 1588 2954 1661 apud
2986 1605 3230 1661 superos,
3281 1603 3444 1660 quam
3476 1585 3546 1641 iis
3576 1588 3682 1658 qui
3717 1587 3777 1642 in
3809 1588 3880 1641 in-

2285 1677 2439 1733 ferno
2468 1677 2822 1746 tenebantur,
2857 1685 3118 1750 utrosque
3164 1675 3473 1732 diutissime
3525 1677 3878 1748 exspectavit.
3924 1675 3925 1704 ξ

2285 1783 2558 1824 evacuans
2612 1769 2962 1835 sententiam,
3015 1783 3121 1839 qua
3164 1765 3374 1838 justum
3431 1763 3664 1818 videtur
3716 1781 3878 1820 omnes

577 1822 796 1927 gienjes.
827 1823 898 1878 ad
941 1823 1269 1921 se’.j1.15ti.t'ia
1297 1822 1538 1887 dieitur;
1587 1821 1715 1893 qnia
1743 1837 1852 1875 non
1901 1818 2176 1891 suscipere
2212 1847 2256 1906 Β
2287 1855 2560 1926 damnari,
2592 1818 2993 1912 ut
3022 1818 3381 1927 ﬁebis,ﬁquod
3407 1853 3540 1908 olim
3574 1818 3878 1909 decreverat

577 1910 985 1982 confugientei-i
1021 1911 1286 1984 iniquitas
1313 1918 1415 1967 est.

653 2001 818 2071 (Vers
861 2002 975 2072 22).
1043 2027 1060 2048 ‹
1102 2003 1325 2058 Justitia
1377 2010 1559 2057 autem
1595 2001 1690 2071 Dei
1734 2016 1828 2072 per
1856 1998 2019 2055 ﬁdem
2051 1998 2178 2052 Jesu

580 2088 806 2147 Christi.
839 2115 857 2137 ι
903 2091 1047 2158 Quid
1078 2099 1157 2147 est
1178 2091 1328 2147 aliud
1373 2116 1390 2140 ‹
1417 2108 1512 2163 per
1541 2090 1702 2146 ﬁdem
1737 2089 1864 2145 Jesu
1895 2087 2101 2146 Christi
2123 2111 2140 2134 ι
2162 2130 2176 2154 ,

581 2180 690 2236 nisi
722 2180 852 2252 quia
873 2181 991 2253 ipsa
1024 2181 1122 2237 Dei
1148 2181 1366 2253 justitia
1402 2178 1774 2235 manifestatio
1803 2177 2011 2234 Christi
2041 2183 2123 2232 est
2151 2176 2180 2232 ?

580 2271 682 2326 Per
737 2271 901 2326 ﬁdem
959 2270 1105 2326 enim
1171 2269 1578 2342 praedicationis
1628 2268 1756 2323 Jesu
1811 2266 2016 2324 Christi
2078 2282 2182 2336 ag-

580 2358 829 2415 noscitur
884 2359 1092 2416 donum
1158 2359 1367 2416 dudum
1425 2357 1758 2431 promissum
1815 2372 1845 2411 a
1899 2356 2034 2422 Deo,
2091 2354 2179 2410 vel

580 2457 835 2505 sumitur.

668 2560 686 2584 ι
715 2539 777 2594 In
809 2553 1000 2593 omnes
1029 2538 1114 2593 vel
1150 2553 1313 2609 super
1341 2552 1532 2592 omnes
1575 2534 1670 2607 qui
1713 2531 1948 2589 credunt
1980 2554 1997 2577 ι
2018 2572 2033 2597 ,
2076 2529 2182 2586 hoc

580 2636 682 2697 est,
733 2645 896 2702 super
937 2645 1129 2685 omnes
1159 2628 1376 2685 Iudaeos
1405 2635 1458 2683 et
1487 2627 1706 2682 Graecos
1734 2622 2019 2680 credentes
2065 2619 2180 2676 veri

579 2719 694 2802 Dei‘
701 2719 996 2792 justitiam.

653 2800 834 2882 (Vers.
888 2810 1003 2882 23).
1052 2833 1069 2856 ι
1098 2809 1220 2864 Non
1273 2808 1420 2863 enim
1477 2813 1558 2862 est
1605 2800 1933 2865 distinctio;
1994 2814 2183 2854 omnes

581 2901 730 2956 enim
777 2906 1164 2971 peccaverunt,
1215 2905 1269 2952 et
1315 2903 1475 2968 egent
1505 2893 1678 2965 gloria
1706 2891 1825 2946 Dei.
1860 2914 1877 2936 ι
1922 2889 2061 2957 Quia
2088 2889 2184 2944 di-

583 2997 742 3044 xerat
780 3005 942 3059 super
981 3004 1170 3043 omnes
1213 2987 1431 3041 Iudaeos
1459 2993 1512 3040 et
1557 2984 1772 3039 Graecos
1815 2981 1914 3036 Dei
1943 2995 2059 3035 esse
2081 2979 2185 3050 ju-

585 3078 818 3146 stitiam,
860 3085 922 3133 ut
961 3076 1068 3133 hoc
1111 3077 1386 3149 probaret,
1435 3072 1670 3145 adjecit:
1722 3095 1739 3118 ι
1782 3072 1984 3127 Omnes
2013 3071 2182 3138 enim,

586 3167 683 3235 ait,
744 3174 1182 3238 peccaverunt.»
1232 3166 1346 3221 Hoc
1401 3162 1727 3236 generaliter
1777 3159 2183 3231 accipiendum,

585 3263 647 3312 ut
677 3254 1058 3328 intelligantur
1086 3261 1197 3310 tam
1227 3253 1399 3310 Judmi
1431 3269 1594 3325 quam
1628 3250 1803 3307 Graeci
1829 3267 1839 3305 :
1876 3249 2020 3304 unde
2067 3248 2180 3314 ait;

597 3375 616 3395 ι
645 3351 764 3406 Νοη
782 3356 864 3404 est
884 3347 1174 3404 distinctio
1191 3371 1208 3393 ι
1243 3365 1257 3417 ;
1278 3362 1469 3402 omnes
1484 3345 1632 3400 enim
1655 3343 1746 3400 hic
1766 3340 2185 3414 comprehendit

579 3439 748 3494 etiam
791 3445 846 3493 et
886 3437 1216 3503 sacerdotes,
1267 3443 1330 3490 ut
1375 3433 1686 3490 ostenderet
1731 3431 1874 3487 nihil
1914 3430 2183 3503 profuisse

587 3531 762 3600 legem
792 3530 910 3599 (97)
939 3527 1057 3584 sine
1093 3527 1222 3583 ﬁde.
1259 3527 1350 3582 Sic
1377 3526 1525 3581 enim
1557 3527 1647 3581 lex
1676 3523 1801 3581 data
1828 3532 1930 3592 est,
1961 3531 2021 3579 ut
2049 3523 2183 3579 ﬁdes

584 3624 728 3673 esset
759 3617 817 3671 in
850 3617 984 3686 lege,
1020 3633 1139 3688 quae
1169 3615 1412 3671 futuram
1440 3623 1679 3686 speraret
1707 3614 1958 3670 salutem.
1986 3613 2184 3680 Quam-

585 3707 779 3762 obrem
827 3722 972 3762 mors
1019 3705 1225 3762 Christi
1269 3705 1526 3762 omnibus
1567 3706 1818 3777 profecit,
1850 3705 1981 3778 quia
2009 3713 2063 3761 et
2092 3703 2185 3762 hic

586 3797 643 3853 in
674 3797 875 3854 szeculo
900 3796 1032 3869 quid
1063 3795 1396 3852 credendum
1425 3804 1478 3852 et
1505 3795 1910 3852 observandum
1941 3800 2042 3863 est,
2073 3793 2184 3849 do-

581 3886 739 3943 cuit:
773 3893 826 3942 et
862 3885 928 3941 de
957 3885 1176 3942 inferno
1212 3901 1402 3942 omnes
1431 3885 1653 3957 eripuit.

657 3977 821 4047 (Vers
851 3976 967 4048 24).
1002 4001 1018 4024 ι
1047 3976 1338 4033 Justiﬁcati
1369 3977 1537 4050 gratis
1564 3993 1660 4048 per
1680 3975 1909 4046 gratiam
1933 3973 2126 4046 ipsius.
2151 3997 2169 4022 ι

580 4066 874 4124 Justiﬁcati
921 4075 1050 4123 sunt
1094 4067 1286 4139 gratis,
1317 4066 1451 4140 quia
1479 4065 1620 4121 nihil
1653 4071 1960 4138 operantes,
2008 4079 2184 4136 neque

579 4156 759 4214 vicem
817 4155 1127 4225 reddentes,
1187 4157 1304 4212 sola
1361 4155 1470 4212 ﬁde
1511 4153 1802 4227 justiﬁcati
1862 4161 1994 4209 sunt
2039 4152 2184 4209 dono

578 4247 701 4304 Dei.

664 4361 683 4384 ι
725 4337 826 4393 Per
861 4335 1298 4409 redemptionem
1328 4351 1448 4408 quae
1501 4341 1585 4390 est
1613 4334 1668 4389 in
1705 4333 1926 4391 Christo
1959 4333 2106 4390 Jesu.
2152 4357 2169 4380 ι

577 4427 822 4485 Gratiam
865 4427 966 4483 Dei
1004 4427 1062 4481 in
1093 4424 1316 4481 Christo
1349 4439 1464 4479 esse
1495 4431 1764 4490 testatur;
1816 4423 1944 4495 quia
1974 4423 2185 4479 volun-

575 4525 687 4578 tate
713 4515 815 4572 Dei
845 4532 877 4569 a
906 4514 1129 4571 Christo
1178 4512 1446 4582 redempti
1477 4527 1689 4578 sumus,
1724 4517 1785 4566 ut
1830 4527 1996 4567 manu
2028 4512 2184 4568 missi

570 4607 1026 4672 Justiﬁcaremur,
1058 4604 1203 4660 sicut
1233 4610 1288 4659 et
1318 4603 1385 4658 ad
1417 4603 1635 4659 Galatas
1664 4602 1834 4658 dicit:
1885 4628 1902 4650 ι
1934 4603 2186 4661 Christus

575 4711 679 4752 nos
726 4692 985 4756 redemit,
1020 4693 1231 4763 (Galat.
1267 4709 1352 4761 III,
1389 4692 1478 4762 13)
1509 4716 1525 4738 ι
1570 4691 1804 4747 offerens
1849 4709 1904 4747 se
1935 4709 2032 4764 pro
2076 4710 2188 4749 no-

574 4784 664 4840 bis
696 4783 835 4856 (98).
897 4783 1152 4838 Permisit
1203 4782 1352 4839 enirn
1397 4798 1453 4839 se
1503 4781 1725 4839 diabolo
1780 4783 2051 4851 saevienti,
2092 4784 2186 4840 sed

576 4873 908 4948 impraascio.
943 4873 1148 4929 Putans
1179 4882 1362 4930 autem
1393 4889 1450 4929 se
1480 4871 1764 4931 Christum
1792 4888 1949 4944 posse
1972 4873 2187 4929 retine—

574 4982 656 5035 re,
711 4963 887 5021 veluti
943 4963 1158 5036 accepit
1210 4979 1377 5020 eum:
1441 4963 1537 5020 sed
1585 4961 1714 5036 quia
1756 4963 2022 5018 virtutem
2068 4962 2186 5034 ejus

574 5055 717 5111 ferre
759 5070 869 5110 non
911 5053 1116 5126 potuit,
1161 5070 1353 5110 omnes
1398 5070 1535 5128 quos
1564 5052 1806 5121 tenebat,
1846 5051 2013 5107 simul
2057 5068 2182 5108 cum

575 5144 677 5202 illo
705 5143 911 5200 amisit.

647 5234 813 5309 (Vers
839 5233 955 5306 25).
1005 5259 1021 5282 ι
1051 5233 1223 5303 Quem
1255 5235 1545 5308 proposuit
1585 5236 1732 5291 Deus
1764 5231 2180 5305 propitiatorem

572 5325 721 5385 ﬁdei.
753 5351 772 5376 ι
817 5327 933 5385 Hoc
987 5325 1125 5384 dicit
1152 5326 1283 5399 quia
1329 5325 1387 5380 in
1419 5323 1639 5383 Chrisio
1689 5322 1985 5397 proposuit
2010 5323 2178 5390 Deus,

642 5488 761 5560 (97)
792 5488 983 5560 Iidem,
1003 5505 1157 5554 mss.,
1180 5485 1475 5560 justitiam,
1595 5491 1698 5560 est,
1731 5482 1985 5552 gratiam.
2018 5483 2093 5538 Et
2118 5491 2177 5539 ut

565 5555 838 5634 probaret,
870 5559 1087 5634 adjecit
1109 5576 1149 5634 :_
1191 5557 1401 5634 omnes
1428 5555 1606 5634 enim,_
1643 5556 1741 5618 ait,
1798 5561 2172 5634 peccaverunt,

571 5624 677 5757 3am
704 5630 879 5684 Judwi
905 5624 1066 5699 quam
1108 5625 1318 5688 Grazci;
1345 5631 1404 5680 ut
1427 5625 1714 5681 ostenderet
1752 5624 1886 5680 nihil
1902 5624 2175 5695 profuisse

587 5717 756 5772 .egem.

2289 1945 2520 2001 liberare
2563 1962 2733 2018 genus
2785 1946 3089 2001 humanum
3124 1960 3220 2016 per
3245 1943 3548 2010 Christum,
3583 1943 3743 1998 sicut
3774 1958 3878 2013 pro-

2288 2035 2441 2089 misit
2462 2051 2556 2106 per
2585 2035 2878 2090 Jeremiam
2910 2034 3256 2106 prophetam,
3287 2032 3505 2087 dicens:
3565 2056 3584 2077 ι
3616 2031 3878 2103 Propitius
3924 2031 3925 2038 “

2288 2139 2382 2179 ero
2412 2123 2807 2195 iniquitatibus
2837 2139 3046 2190 eorum,
3081 2130 3133 2178 et
3163 2121 3489 2178 delictorum
3519 2119 3766 2175 illorum
3796 2135 3877 2173 non
3924 2147 3925 2152 η

2291 2212 2636 2268 memorabor
2685 2213 2902 2283 (Jerem.
2951 2229 3111 2280 xxxx,
3154 2211 3268 2282 34).
3299 2233 3316 2257 ιι
3362 2211 3432 2265 Et
3483 2225 3552 2264 ne
3600 2208 3758 2264 forte
3803 2208 3878 2261 ho:
3924 2239 3925 2250 ι

2290 2301 2498 2358 donum
2529 2302 2661 2358 solis
2692 2303 2896 2359 Judzeis
2923 2302 3237 2375 promisisse
3255 2301 3553 2363 videretur,
3581 2316 3686 2371 per
3708 2299 3877 2355 Isaiam
3924 2333 3925 2376 ι

2291 2391 2462 2448 dicit:
2513 2417 2531 2439 ι
2559 2394 2769 2448 Domus
2801 2409 2920 2449 mea
2969 2392 3168 2447 domus
3205 2389 3472 2447 orationis
3515 2389 3879 2445 voeabiturizi

2290 2481 2548 2538 omnibus
2604 2482 2858 2554 gentibus
2911 2483 3044 2553 (Isa.
3090 2497 3205 2548 LVI,
3257 2480 3334 2551 7).
3365 2502 3383 2526 ›
3439 2477 3720 2546 Quamvis
3762 2478 3879 2532 enim
3924 2491 3925 2532 ξ

2289 2571 2571 2627 Judaismo
2600 2571 2743 2626 facta
2770 2570 3062 2644 promissio
3092 2571 3184 2639 sit,
3224 2569 3318 2626 sed
3348 2567 3610 2640 praascius
3659 2568 3815 2622 Deus
3836 2582 3880 2619 es
3924 2633 3925 2644 χ

2291 2661 2439 2734 quod
2477 2661 2684 2717 donum
2733 2661 2852 2734 ejus
2881 2659 3225 2735 reprobaturi
3279 2664 3459 2715 essent
3504 2655 3672 2728 impii
3707 2655 3878 2718 ludet,

2293 2760 2477 2823 gentes
2519 2767 2575 2807 se
2623 2751 2692 2806 ad
2736 2751 3145 2825 percipiendam
3193 2749 3420 2821 gratiam
3451 2761 3612 2801 suam
3645 2745 3881 2817 promisit
3923 2767 3925 2856 4

2293 2841 2602 2911 admittere,
2643 2858 2876 2914 quarum
2925 2839 3275 2898 aemulatione
3304 2838 3361 2894 in
3402 2838 3540 2893 iram
3571 2836 3742 2893 missi
3773 2853 3881 2893 cru-
3924 2836 3925 2912 Ϊ

2293 2931 2573 2987 ciarentur
2598 2931 2758 3004 impii
2783 2930 2978 2987 Judaei.
3924 2917 3925 2944 ἢ

2379 3055 2396 3078 ι
2427 3032 2486 3086 In
2512 3031 2617 3086 hoc
2644 3038 2894 3103 tompore
2924 3054 2940 3076 ι
2962 3073 2975 3098 ,
3009 3029 3067 3084 id
3115 3035 3216 3095 est,
3256 3034 3502 3098 tempore
3541 3033 3770 3094 nostro,
3801 3042 3880 3098 quo

2294 3118 2448 3176 dedit
2477 3122 2643 3188 Deus,
2679 3119 2827 3193 quod
2857 3119 2990 3174 olim
3017 3117 3343 3190 promiserat
3376 3114 3628 3170 dandum
3657 3125 3880 3189 tempore

2296 3240 2404 3297 quo
2450 3224 2627 3280 dedit.
2677 3248 2694 3270 ι
2727 3223 2795 3278 Ut
2824 3220 2896 3277 sit
2933 3219 3030 3275 47
3062 3219 3246 3293 justus
3268 3217 3582 3291 justiﬁcans
3612 3236 3771 3287 eum,
3817 3217 3884 3290 qlll

2293 3322 2375 3369 est
2405 3330 2476 3368 ex
2504 3313 2611 3369 ﬁde
2639 3313 2767 3368 Jesu
2796 3310 3022 3368 Christi.
3058 3334 3074 3357 ι
3120 3311 3282 3366 Recte
3319 3307 3416 3376 ait,
3445 3309 3575 3380 quia
3607 3316 3677 3363 ut
3717 3310 3794 3364 sit
3811 3307 3886 3378 ju-

2293 3410 2430 3471 stus,
2487 3402 2642 3458 dedit
2696 3401 2843 3475 quod
2900 3399 3192 3472 promisit:
3235 3398 3342 3454 hoc
3383 3405 3567 3452 autem
3627 3397 3885 3468 promisit,

2289 3491 2600 3565 justiﬁcare
2655 3508 2711 3547 se
2773 3490 3054 3547 credentes
3111 3489 3350 3547 Christo.
3408 3488 3556 3544 Dicit
3608 3497 3805 3544 autem
3848 3487 3886 3539 in

2297 3581 2614 3638 Habacuc:
2664 3581 2900 3636 «Justus
2949 3587 3129 3635 autem
3179 3595 3248 3634 ex
3301 3579 3410 3634 ﬁde
3467 3579 3613 3633 vivit
3680 3581 3887 3648 (Habes.

2292 3686 2355 3736 Π,
2417 3669 2473 3740 4)
2509 3693 2564 3738 ν,
2612 3677 2676 3725 ut
2731 3667 2863 3723 dum
2902 3668 3002 3724 Dei
3049 3668 3214 3724 ﬁdem
3255 3667 3419 3723 habet
3463 3674 3517 3722 et
3555 3667 3797 3724 Christi.
3843 3667 3892 3722 sit

2287 3768 2490 3829 Justus.

2369 3859 2554 3932 (Vers.
2589 3858 2708 3931 27).
2761 3886 2778 3908 ι
2815 3860 2920 3917 Ubi
2951 3868 3033 3917 est
3063 3877 3190 3934 ergo
3221 3859 3474 3934 gloriatio
3504 3866 3598 3914 tua
3620 3860 3893 3917 ?Exclusa

2293 3956 2394 4006 est.
2454 3949 2558 4006 Per
2616 3966 2780 4023 quam
2840 3951 3012 4025 legem
3048 3951 3076 4007 ?
3120 3951 3389 4006 factorum
3421 3949 3448 4004 ‘I
3486 3950 3634 4014 Non,
3675 3950 3778 4006 sed
3819 3966 3893 4022 per

2295 4046 2466 4120 legem
2508 4047 2658 4104 ﬁdei.
2692 4071 2710 4095 ι
2754 4047 2989 4105 Reddita
3015 4047 3247 4110 ratione.
3281 4045 3348 4101 ad
3378 4061 3470 4102 eos
3501 4044 3781 4118 loquitur,
3817 4044 3891 4118 qui

2293 4145 2463 4208 agunt
2503 4137 2609 4194 sub
2662 4137 2800 4210 lege,
2832 4137 2980 4210 quod
3011 4136 3130 4193 sine
3166 4153 3326 4193 causa
3357 4133 3692 4206 glorientur,
3741 4135 3894 4191 blan-

2294 4224 2510 4282 dientes
2567 4227 2674 4283 sibi
2719 4227 2788 4283 de
2828 4228 2965 4300 lege,
3011 4233 3065 4281 et
3111 4233 3333 4298 propter
3379 4222 3527 4297 quod
3571 4239 3753 4296 genus
3803 4226 3895 4280 sint

2295 4316 2556 4385 Abrahae,
2614 4316 2867 4374 videntes
2924 4332 3036 4371 non
3080 4313 3372 4387 justiﬁcari
3421 4311 3714 4371 hominem
3768 4312 3892 4387 apud

2292 4407 2491 4475 Deum,
2522 4407 2629 4462 nisi
2661 4422 2754 4480 per
2785 4406 2974 4464 ﬁdem.

2369 4505 2550 4576 (Vers.
2575 4506 2691 4577 28).
2723 4531 2740 4551 ι
2760 4505 3112 4562 Arbitramur
3131 4503 3279 4560 enim
3295 4501 3592 4576 justiﬁcari
3615 4501 3894 4560 hominem

2215 4570 2266 4629 D
2298 4570 2392 4666 per
2420 4593 2583 4650 ﬁdem
2614 4570 2733 4650 sine
2756 4595 3017 4666 operibus
3047 4594 3198 4666 legis.
3232 4617 3249 4641 ι
3295 4570 3571 4649 Gentilem
3622 4590 3770 4650 dicit
3803 4594 3897 4648 ho-

2305 4683 2516 4738 minem
2551 4699 2652 4755 pro
2695 4690 2848 4739 certo
2877 4682 3089 4753 haberi,
3123 4682 3271 4757 quod
3312 4680 3656 4754 justiﬁcetur
3687 4682 3901 4738 credens

2316 4774 2474 4828 nulla
2505 4772 2720 4828 faciens
2738 4789 2901 4845 opera
2923 4773 3080 4846 legis,
3112 4773 3168 4828 id
3199 4780 3302 4841 est,
3333 4772 3450 4828 sine
3480 4771 3901 4829 circumcisione

2295 4869 2389 4916 aut
2427 4861 2754 4931 neomeniis,
2788 4870 2882 4918 aut
2912 4862 3266 4919 veneratione
3295 4860 3537 4918 Sabbati.

2369 4958 2550 5029 (Vers.
2579 4959 2693 5030 29).
2741 4986 2759 5008 ‹
2791 4963 2878 5017 An
2902 4960 3217 5017 Iudaeorum
3249 4961 3394 5015 Deus
3423 4966 3642 5014 tantum
3660 4959 3692 5015 ‘7
3725 4975 3901 5017 nonne.

2294 5055 2348 5104 et
2385 5047 2683 5120 gentium?
2727 5050 2846 5106 Imo
2900 5057 2954 5106 et
2997 5049 3267 5121 gentium.
3310 5072 3328 5096 ι
3372 5047 3502 5103 Sine
3549 5047 3731 5105 dubio
3782 5067 3900 5106 0111-

2295 5139 2447 5195 nium
2497 5141 2644 5197 Deus
2690 5156 2834 5196 unus
2881 5149 2982 5196 est.
3011 5140 3122 5197 Nec
3159 5141 3306 5196 enim
3338 5139 3440 5194 soli
3469 5137 3646 5195 Judaei
3681 5150 3901 5212 pessum

2293 5231 2402 5288 sibi
2451 5231 2762 5301 vindicare,
2813 5231 2960 5305 quod
2989 5232 3135 5288 Deus
3166 5231 3389 5288 illorum
3419 5247 3533 5286 non
3563 5230 3738 5287 etiam
3771 5249 3902 5305 gen-

2292 5322 2432 5380 tium
2470 5321 2564 5393 sit,
2617 5339 2745 5381 cum
2781 5323 3024 5394 relegant
3051 5321 3118 5378 ab
3145 5337 3259 5378 uno
3288 5319 3463 5376 Adam
3497 5321 3759 5378 omnium
3798 5339 3902 5380 esse

2365 5482 2482 5554 (98)
2519 5482 2684 5540 Corb.
2718 5480 2868 5550 cod.,
2903 5482 3146 5539 Christus
3163 5497 3259 5554 nos
3288 5479 3508 5536 redemit
3536 5481 3600 5535 de
3626 5483 3902 5540 maledicto

2294 5551 2437 5624 legis,
2465 5551 2708 5625 'o/ferens
2758 5571 2810 5608 se
2850 5571 2952 5625 pro
3005 5555 3175 5621 nobis,
3205 5551 3379 5621 factus
3422 5569 3526 5622 pro
3557 5553 3713 5607 nobis
3746 5557 3900 5609 nia-tr-

2288 5627 2551 5681 dictum...
2591 5626 2812 5682 Putavit
2862 5625 3000 5680 enim
3047 5642 3098 5680 se
3141 5624 3409 5682 Christum
3453 5639 3612 5693 posse
3655 5627 3899 5694 retinere,

2287 5698 2428 5752 velut
2455 5697 2704 5770 accipiter
2729 5715 2898 5754 avem.
