3932 6210
182 268 256 327 85
1290 268 1656 329 COMMENT.
1698 269 1771 328 IN
1806 269 2023 329 EPIST.
2064 273 2161 330 AD
2204 274 2374 333 ROM.
3409 277 3482 335 86

187 395 479 469 originem,
514 405 569 452 et
620 397 838 453 nullum
868 396 1135 454 advenam
1193 396 1471 453 volentem
1508 395 1579 451 ad
1609 396 1782 468 legem
1814 396 1867 457 A
1892 396 2180 455 Zacharias
2206 400 2496 472 propheta:
2531 428 2549 449 ι
2572 403 2776 460 Ponam
2806 404 3101 461 Jerusalem
3134 404 3192 461 in
3221 403 3481 462 omnibus

186 484 463 552 accedere,
530 483 834 557 prohiberi.
901 485 1153 559 Denique
1200 485 1471 559 aliquanti
1526 485 1785 543 exierunt

186 576 315 631 cum
349 573 463 631 illis
517 574 577 630 in
605 590 854 631 eremum
883 574 952 632 de
1009 576 1311 648 Egyptiis,
1346 591 1483 647 quos
1511 575 1786 648 suscipere

176 662 449 735 jubentur
492 663 610 736 (99)
654 663 860 735 (Exod.
892 680 997 731 χιι,
1036 664 1107 720 28
1134 663 1292 735 seq),
1319 671 1534 720 tantum
1563 673 1625 721 ut
1666 664 1785 722 cir—

184 752 656 823 cumciderentur,
701 761 756 809 et
798 753 1006 825 pariter
1033 769 1160 809 cum
1208 753 1320 809 illis
1345 754 1567 811 ederent
1594 770 1787 828 azyma

184 842 274 897 vel
306 842 529 914 pascha,
562 858 666 899 nec
719 858 831 897 non
860 849 916 897 et
944 842 1263 899 Cornelium
1307 842 1514 899 donum
1570 844 1671 900 Dei
1700 860 1788 901 ac-

182 933 396 1004 cepisse
447 932 711 1004 gentilem
759 947 869 987 non
915 930 1316 1001 Judaizantem,
1350 941 1405 989 et
1437 933 1585 1006 quod
1608 932 1787 1004 justi-

185 1020 386 1077 ﬁcatus
413 1022 510 1090 sit,
541 1020 739 1078 divino
768 1020 1087 1078 testimonio
1115 1020 1530 1093 comprobatum
1556 1022 1695 1094 (Act.
1723 1040 1781 1091 x,

263 1217 449 1289 (Vers.
483 1217 599 1290 30.)
643 1242 662 1264 ε
692 1217 960 1285 Quoniam
1007 1218 1231 1292 quidem
1291 1236 1434 1277 unus
1484 1223 1648 1291 Deus,
1688 1222 1784 1296 qui

175 1308 1001 1382 justiﬁcavitcircumcisionem
1018 1328 1087 1366 ex
1118 1310 1226 1368 ﬁde
1254 1320 1307 1368 et
1326 1315 1655 1385 praeputium
1689 1330 1785 1388 per

180 1398 372 1455 ﬁdem.
406 1424 424 1448 ι
458 1400 517 1455 In
536 1399 958 1457 circumcisione
979 1400 1196 1457 Iudaeos
1226 1401 1520 1474 signiﬁcat,
1544 1419 1608 1459 eo
1635 1405 1784 1476 quod

178 1507 254 1547 ex
284 1490 389 1547 ﬁde
419 1491 802 1564 promissionis
823 1491 1114 1564 justiﬁcati
1150 1505 1300 1563 sunt,
1318 1495 1601 1553 credentes
1634 1497 1784 1555 hunc

181 1596 302 1637 esse
338 1580 644 1649 Christum,
679 1597 843 1655 quem
884 1582 941 1637 in
997 1583 1113 1655 lege
1146 1585 1475 1656 promiserat
1518 1589 1684 1644 Deus.
1719 1589 1781 1644 In

182 1671 455 1745 praeputio
484 1688 617 1728 vero
649 1671 880 1743 gentiles
925 1671 1200 1745 signiﬁcat
1243 1691 1339 1747 per
1376 1674 1584 1732 Christi
1615 1677 1778 1735 ﬁdem

1892 484 2147 557 gentibus
2177 489 2364 559 (Zach.
2392 506 2496 559 xu,
2529 490 2585 561 2)
2612 509 2625 546 :
2654 516 2673 539 ι
2713 508 2834 566 quae
2859 500 2943 549 est
2969 493 3235 552 Ecclesia.

2508 600 2733 660 CAPUT
2762 605 2857 662 IV.

1966 694 2149 767 (Vers.
2184 696 2260 769 1.)
2306 720 2325 745 α
2355 697 2500 766 Quid
2542 716 2669 773 ergo
2718 702 2964 761 dicemus
3010 704 3284 763 invenisse
3310 704 3482 762 Abra-

1893 782 2022 840 ham
2053 792 2263 856 patrem
2307 797 2557 844 nostrum
2585 791 2883 847 secundum
2935 793 3203 849 carnem?
3245 818 3262 840 ι
3331 795 3484 851 Post-

1892 889 2056 946 quam
2091 874 2333 932 ostendit
2362 892 2473 933 non
2496 894 2649 949 posse
2681 896 2776 951 per
2803 897 2966 953 opera
2994 883 3127 955 legis
3154 900 3483 958 quemquam

1888 961 2185 1034 justiﬁcari
2223 964 2368 1036 apud
2414 967 2611 1036 Deum,
2651 967 2873 1040 adjecit,
2918 986 3019 1027 nec
3061 970 3337 1027 Abraham
3391 989 3485 1044 po-

1894 1051 2063 1108 tuisse
2118 1053 2328 1127 aliquid
2390 1056 2587 1113 mereri
2625 1058 2929 1115 secundum
2964 1076 3205 1116 carnem.
3255 1060 3488 1118 Carnem

1891 1140 2082 1198 dicens
2110 1143 2589 1202 circumcisionem
2619 1147 2976 1220 signiﬁcavit,
3016 1150 3145 1222 quia
3172 1149 3316 1205 nihil
3345 1167 3489 1223 quae-

1892 1231 2026 1286 sivit
2055 1231 2333 1287 Abraham
2362 1250 2459 1305 per
2486 1235 3166 1296 circumcisionemuAnte
3210 1238 3358 1295 enim
3402 1237 3492 1312 ju-

1893 1319 2163 1376 stiﬁcatus
2191 1329 2274 1377 est
2301 1338 2464 1395 quam
2491 1324 2999 1384 circumcideretur.

1968 1411 2154 1482 (Vers,
2185 1410 2265 1482 2.)
2310 1435 2328 1459 ι
2358 1411 2415 1468 Si
2449 1412 2595 1469 enim
2642 1415 2923 1472 Abraham
2970 1433 3041 1473 ex
3070 1418 3328 1490 operibus
3357 1421 3493 1493 legis

1885 1498 2222 1572 justiﬁcatus
2250 1507 2349 1569 est,
2370 1500 2537 1559 habet
2564 1503 2817 1575 gloriam,
2848 1506 2943 1563 sed
2963 1523 3075 1563 non
3091 1508 3235 1580 apud
3256 1511 3476 1566 Deum»

1890 1590 2007 1645 Hoc
2049 1591 2406 1662 proponentis
2451 1600 2551 1648 est.
2582 1593 2718 1651 Nam
2772 1595 3049 1652 Abraham
3092 1614 3162 1653 ex
3190 1598 3300 1654 ﬁde
3325 1598 3487 1670 justi-

1890 1676 2086 1734 ﬁcatus
2114 1686 2216 1747 est,
2276 1680 2425 1753 quod
2478 1683 2621 1737 nulli
2676 1682 2908 1741 dubium
2960 1694 3086 1742 est:
3147 1686 3271 1742 ideo
3328 1686 3494 1745 habet

172 1758 513 1832 justiﬁcatos
557 1760 703 1833 apud
732 1763 929 1818 Deum.
963 1761 1096 1818 Tam
1140 1763 1285 1820 enim
1332 1765 1583 1836 gentiles,
1616 1783 1780 1841 quam
1816 1753 1864 1815 Β
1895 1767 2122 1839 gloriam
2157 1768 2302 1840 apud
2330 1772 2506 1827 Deum
2534 1772 2638 1844 (1).
2672 1772 2778 1828 Sed
2807 1773 3047 1847 quiaqui
3076 1776 3250 1847 legem
3270 1785 3493 1834 servant

183 1848 405 1905 Iudaeos
459 1865 570 1906 non
624 1851 786 1907 aliter
832 1866 996 1923 quam
1053 1851 1337 1909 credentes
1406 1852 1781 1927 justiﬁcavit;

181 1939 317 2012 quia
370 1940 516 1996 enim
575 1941 827 1998 omnium
880 1958 1025 1999 unus
1061 1952 1144 1999 est
1192 1944 1354 2012 Deus,
1413 1962 1525 2002 una
1574 1946 1787 2003 ratione

179 2043 376 2085 omnes
400 2028 745 2101 justiﬁcavit.
780 2030 925 2098 Quid
949 2048 1077 2104 ergo
1096 2032 1318 2104 prodest
1343 2034 1523 2091 carnis
1552 2035 1787 2092 circum-

179 2117 345 2186 cisio,
371 2126 467 2174 ant
497 2118 633 2191 quid
648 2119 802 2176 obest
822 2121 1189 2193 praeputium;
1222 2123 1444 2196 quando
1459 2123 1784 2197 dignitatem

179 2213 240 2263 et
268 2208 529 2264 meritum
560 2224 672 2265 non
703 2209 835 2265 facit
858 2211 965 2266 nisi
996 2210 1131 2267 ﬁdes
1153 2212 1182 2268 ?

260 2317 443 2388 (Vers.
474 2317 591 2390 3t.)
637 2342 654 2365 ι
685 2318 881 2390 Legem
912 2335 1041 2392 ergo
1070 2336 1401 2377 evacuamus
1431 2337 1526 2394 per
1552 2320 1718 2381 ﬁdem
1758 2321 1787 2379 ?

184 2404 387 2462 Absit:
421 2406 516 2463 sed
547 2407 718 2479 legem
740 2409 1056 2464 statuimus.
1095 2434 1112 2456 ι
1156 2410 1278 2465 Non
1305 2410 1496 2483 utique
1537 2411 1628 2467 lex
1657 2410 1788 2467 exi-

184 2496 415 2553 nanitur
443 2513 538 2570 per
568 2495 754 2566 ﬁdem,
798 2496 894 2554 sed
922 2497 1294 2570 adimpletur;
1350 2500 1603 2556 ﬁrmatur
1638 2501 1788 2557 enim

194 2592 371 2641 status
399 2584 536 2656 ejus,
566 2586 786 2658 quando
815 2587 964 2660 quod
994 2588 1243 2645 futurum
1275 2587 1441 2657 dixit,
1476 2589 1612 2646 ﬁdes
1640 2590 1790 2647 istud

188 2674 480 2731 advenisse
510 2683 757 2733 testatur.
802 2678 918 2734 Hoc
947 2687 1168 2750 propter
1194 2679 1431 2749 Iudaeos,
1472 2680 1565 2753 qui
1596 2688 1793 2753 putant

191 2762 360 2820 ﬁdem
383 2764 587 2822 Christi
618 2766 722 2839 legi
755 2783 872 2823 esse
893 2767 1198 2834 inimicam,
1226 2768 1539 2841 ignorantes
1567 2785 1788 2826 sensum

190 2852 351 2924 legis.
383 2853 505 2909 Non
551 2871 677 2927 ergo
724 2865 953 2912 evacuat
981 2857 1178 2929 legem,
1223 2874 1350 2914 cum
1397 2858 1549 2915 illam
1581 2876 1792 2915 cessare

186 2940 391 2998 debere
436 2941 548 3014 jam
591 2943 770 3013 docet,
823 2948 953 3018 quia
1008 2954 1252 3018 tempore
1299 2964 1400 3003 suo
1453 2955 1597 3003 recte
1641 2947 1790 3003 illam

187 3029 379 3086 datam
408 3032 617 3100 asserit,
655 3032 745 3088 sed
774 3031 889 3105 jam
948 3049 1104 3105 agere
1153 3049 1266 3089 non
1309 3032 1524 3089 debere.
1570 3035 1633 3090 In
1679 3033 1794 3106 ipsa

1894 1862 2012 1919 sive
2057 1862 2155 1919 48
2186 1865 2387 1938 Moysi,
2418 1866 2537 1922 sive
2590 1870 2916 1938 naturalem,
2979 1869 3357 1942 justiﬁcantur
3412 1873 3483 1930 ad

1895 1972 2170 2028 praesens;
2213 1973 2282 2013 ne
2312 1958 2391 2013 rei
2420 1958 2533 2013 sint
2552 1958 2611 2014 in
2624 1961 2879 2031 praesenti
2899 1960 3152 2033 judicio;
3187 1962 3312 2021 ideo
3356 1964 3436 2021 ait
3468 1984 3481 2023 :

1895 2045 1983 2101 Ex
2011 2046 2273 2118 operibus
2316 2046 2451 2119 legis
2477 2047 2524 2104 si
2553 2047 2830 2105 Abraham
2855 2048 3191 2121 justiﬁcatus
3245 2062 3347 2123 est,
3379 2072 3491 2112 non

1896 2133 2065 2191 habet
2088 2135 2235 2208 apud
2263 2138 2439 2193 Deum
2470 2138 2722 2210 gloriam;
2755 2139 2886 2213 quia
2920 2140 3015 2213 qui
3052 2140 3265 2212 fecerit,
3286 2144 3490 2219 inquit,

1897 2224 2072 2298 legem
2120 2225 2272 2281 vivet
2326 2225 2383 2282 in
2413 2243 2496 2295 ea,
2527 2227 2585 2283 id
2637 2236 2739 2296 est,
2797 2245 2911 2285 non
2940 2231 3209 2288 morietur
3235 2242 3297 2289 ut
3316 2250 3441 2291 reus
3473 2253 3487 2292 :

1896 2330 1999 2370 nec
2024 2321 2209 2369 tamen
2240 2314 2498 2371 meritum
2527 2332 2598 2372 ex
2621 2316 2727 2374 hoc
2747 2316 2971 2377 habebit
2998 2320 3145 2393 apud
3174 2323 3371 2391 Deum,
3395 2323 3491 2381 sed

1897 2402 2025 2459 ﬁdei
2055 2420 2237 2460 causa.

1972 2493 2157 2564 (Vers.
2191 2492 2272 2564 3.)
2323 2518 2340 2542 ι
2369 2494 2513 2563 Quid
2539 2497 2688 2552 enim
2718 2496 2855 2554 dicit
2894 2498 3220 2571 Scriptura?
3249 2499 3496 2560 Credidit

1884 2581 2180 2637 Abraham
2210 2584 2346 2650 Deo,
2398 2590 2453 2638 et
2507 2592 2818 2656 reputatum
2877 2594 2957 2643 est
2996 2586 3046 2643 ei
3101 2587 3170 2643 ad
3218 2588 3494 2659 justitiam

1903 2673 2061 2745 (Gen.
2095 2687 2191 2740 xv,
2223 2671 2303 2742 6).
2346 2697 2364 2720 ι
2434 2674 2807 2731 Manifestavit
2861 2692 2972 2732 non
3032 2676 3158 2734 ideo
3216 2678 3495 2736 Abraham

1901 2761 2131 2833 gloriam
2162 2760 2307 2834 apud
2362 2763 2538 2818 Deum
2570 2761 2790 2831 habere,
2841 2764 2970 2836 quia
2997 2764 3358 2824 circumcisus
3394 2778 3496 2839 est,

1900 2859 1997 2908 aut
2046 2852 2177 2924 quia
2225 2851 2493 2908 abstinuit
2521 2870 2577 2910 se
2607 2853 2674 2909 ab
2704 2853 2998 2927 iniquitate
3031 2874 3044 2923 ;
3085 2855 3181 2912 sed
3218 2857 3347 2931 quia
3373 2860 3489 2916 Deo

1901 2938 2156 3008 credidit,
2187 2939 2322 2998 hinc
2347 2948 2403 2996 et
2410 2940 2744 3013 justiﬁcatus
2762 2950 2864 3010 est,
2877 2943 3056 3001 laudis
3075 2960 3187 3001 suae
3206 2947 3495 3019 praemium

1906 3031 1962 3086 in
1995 3030 2182 3087 futuro
2207 3041 2624 3090 consecuturus.

184 3120 338 3177 enim
370 3121 485 3193 lege
528 3122 741 3180 dictum
784 3130 887 3192 est,
918 3131 1163 3195 tempore
1193 3125 1460 3179 exsolutaa
1476 3122 1791 3195 promissio-
1821 3110 1865 3171 C
1973 3119 2158 3191 (Vers.
2189 3120 2270 3191 4.)
2306 3145 2324 3168 ι
2354 3121 2421 3176 Ei
2477 3130 2660 3178 autem
2712 3122 2805 3196 qui
2836 3131 3113 3195 operatur,
3143 3142 3350 3183 merces
3382 3144 3493 3184 non

186 3210 279 3267 nis
342 3211 513 3283 legem
573 3227 785 3268 cessare
831 3210 1063 3277 debere;
1098 3213 1325 3284 angelus
1370 3211 1520 3266 enim
1570 3211 1792 3266 Gabriel

181 3299 409 3356 Danieli
468 3299 751 3373 prophetae
798 3299 1133 3354 desiderium
1190 3299 1360 3371 hujus
1425 3299 1503 3371 rei
1558 3299 1795 3356 sciendae

181 3387 418 3444 habenti
450 3386 696 3443 ostendit
726 3387 893 3458 (Dan.
924 3403 1005 3453 1x,
1036 3386 1154 3458 25),
1185 3387 1330 3442 inter
1363 3396 1556 3443 caatera
1582 3386 1792 3456 dicens,

177 3476 525 3533 adveniente
583 3474 826 3543 Christo,
883 3474 1148 3542 chrisma,
1207 3464 1417 3543 id'est,
1475 3476 1794 3533 unctionem

179 3565 433 3639 regalem
486 3579 714 3632 cessare,
752 3580 873 3637 qua:
906 3570 1147 3636 potestas
1199 3564 1551 3636 intelligitur.
1597 3566 1669 3621 Et
1691 3565 1794 3637 ju-

176 3653 421 3722 dicium,
455 3653 554 3722 ait,
587 3669 697 3710 non
725 3653 831 3710 erit
860 3652 1122 3725 amplius,
1155 3652 1304 3727 quod
1330 3662 1415 3711 est
1445 3655 1556 3723 lex,
1589 3661 1643 3710 et
1670 3654 1792 3710 tol-

182 3746 332 3801 letur
359 3743 693 3801 sacriﬁcium
726 3760 930 3801 meum.
963 3744 1112 3811 Ideo,
1150 3743 1353 3818 inquit,
1380 3762 1570 3815 meum,
1592 3754 1653 3802 ut
1672 3745 1790 3802 sci-

180 3841 339 3889 retur
358 3831 696 3889 oblationem
726 3840 964 3889 veterem
991 3841 1343 3890 cessaturam.
1367 3834 1540 3902 Quem
1565 3850 1787 3891 sensum

180 3921 515 3995 adaperiens
567 3924 854 3979 Salvator:
901 3947 918 3969 ι
975 3922 1109 3990 Lex,
1141 3923 1238 3992 ait,
1270 3931 1325 3979 et
1367 3923 1647 3996 propheta;
1702 3941 1787 3980 us-

180 4027 297 4084 que
339 4010 406 4066 ad
442 4011 709 4068 Joannem
759 4013 910 4082 (Luc.
956 4014 1226 4086 xvr,16).
1278 4040 1295 4062 ι
1363 4014 1436 4070 Et
1487 4014 1618 4087 quia
1673 4013 1789 4087 lege

181 4101 401 4173 Moysis
454 4109 723 4170 cessante,
784 4103 1015 4159 meliora
1070 4111 1339 4178 praecepta
1395 4104 1624 4161 daturus
1673 4112 1791 4160 erat

181 4192 359 4259 Deus,
420 4191 683 4248 Jeremias
732 4192 1000 4265 propheta
1033 4194 1256 4261 cecinit,
1309 4193 1535 4250 dicens:
1591 4217 1609 4241 ι
1648 4194 1788 4250 Ecce

179 4279 306 4336 dies
337 4281 582 4348 venient,
622 4274 760 4337 dicit
794 4281 1085 4350 Dominus,
1135 4290 1190 4337 et
1247 4281 1642 4337 consummabo
1680 4281 1791 4339 do-

181 4368 305 4425 mui
335 4370 519 4440 Israel,
550 4378 604 4427 et
634 4369 823 4426 domui
859 4370 998 4426 Juda
1029 4378 1413 4427 testamentum
1445 4388 1651 4428 novum
1676 4387 1788 4428 non

180 4464 490 4520 secundum
517 4463 665 4537 quod
694 4463 821 4519 dedi
870 4462 1120 4536 patribus
1148 4479 1336 4519 eorum
1381 4464 1595 4536 (Jerem.
1626 4480 1784 4529 xxxx,
1819 4466 1869 4525 D

183 4553 309 4625 3i).
344 4578 362 4602 ι
403 4553 502 4608 His
530 4554 721 4627 utique
750 4554 845 4627 qui
876 4553 1187 4609 venientem
1227 4551 1505 4610 Christum
1554 4570 1623 4609 ex
1649 4571 1786 4628 pro—

182 4643 455 4699 missione
477 4651 818 4716 receperunt.
843 4643 969 4699 Ideo
989 4642 1274 4699 Salvator:
1324 4668 1341 4690 ι
1369 4643 1491 4699 Non
1513 4644 1663 4712 veni,
1688 4644 1785 4713 ait,

178 4732 400 4789 solvere
428 4733 603 4804 legem
635 4741 729 4789 aut
764 4732 1077 4806 prophetas,
1110 4734 1203 4790 sed
1241 4732 1541 4807 adimplere
1564 4735 1781 4805 (Matth.

181 4841 245 4891 ν,
279 4824 397 4894 17).
439 4848 456 4868 ι
520 4824 592 4878 Et
621 4823 748 4895 quia
786 4822 986 4878 domus
1013 4823 1110 4878 Dei
1152 4840 1261 4879 non
1312 4832 1527 4880 tantum
1581 4823 1637 4878 in
1673 4825 1789 4880 sola

182 4911 595 4985 Hierosolyma,
626 4913 719 4971 sed
750 4921 804 4970 et
834 4912 891 4968 in
919 4912 1131 4969 caeteris
1159 4914 1298 4971 locis
1325 4914 1513 4971 futura
1540 4923 1677 4981 erat,
1711 4913 1789 4969 ait

181 5184 212 5239 ὸ
257 5113 377 5238 (ΞΕ)
399 5114 537 5172 Rom
560 5113 720 5183 edit.,
749 5115 806 5169 in
834 5130 1065 5170 eremum
1094 5113 1336 5185 Egypti,
1366 5111 1459 5182 qui
1479 5110 1677 5182 suscipi
1698 5109 1789 5180 ju-

215 5200 279 5239 επ
302 5200 390 5239 ur.

215 5191 390 5240 eatur.

254 5256 337 5336 (ᾖ)
371 5253 537 5336 Cor_h.
571 5255 762 5336 codex,
794 5264 862 5336 et_
886 5255 1124 5336 Rgmiga
1154 5255 1293 5336 Nam
1319 5252 1596 5336 Abfaham
1632 5252 1784 5307 habet

174 5325 395 5406 quidem
427 5326 694 5406 gloriam,
719 5327 864 5406 apud
904 5325 1215 5406 DeuniLsed
1249 5343 1343 5406 eu
1362 5325 1487 5396 ﬁde,
1514 5340 1613 5402 Im:
1639 5339 1791 5406 (ΙΨ

168 5394 503 5474 ἰαειὶίὶεαιὶιξ
548 5405 643 5474 est,
685 5394 916 5474 quidem
954 5398 1194 5474 operibus
1245 5394 1556 5474 tegigﬁinemo
1576 5394 1791 5464 justiﬁ-

174 5468 349 5537 catur,
385 5477 445 5525 ut
473 5470 665 5541 habeat
692 5468 921 5541 gloriam
940 5470 1084 5541 apud
1111 5468 1400 5541 Deum.‘Et
1422 5468 1552 5541 quia
1572 5481 1792 5541 seruan-

178 5547 250 5596 tes
296 5534 457 5614 légent
480 5534 954 5614 jusrtiﬁcantmjad
974 5534 1341 5614 prtesens,_ait
1363 5554 1382 5614 :7
1426 5536 1485 5614 Si
1512 5534 1790 5614 Abraham

177 5629 241 5669 ea:
284 5605 539 5687 op'eribus
572 5605 697 5684 legis
725 5605 1053 5682 justiﬁcatus
1100 5614 1194 5677 est,
1238 5608 1389 5663 habet
1413 5606 1665 5678 gloriam,
1705 5605 1793 5661 sed

1903 3207 2209 3278 imputatur
2244 3208 2547 3264 secundum
2583 3210 2834 3279 gratiam,
2865 3210 2959 3266 sed
2996 3212 3298 3268 secundum
3346 3214 3496 3270 debi-

1903 3304 2043 3351 tum.
2076 3319 2094 3342 -
2138 3296 2471 3351 Absolutum
2502 3304 2586 3354 est
2621 3296 2672 3352 ei
2710 3300 2806 3371 qui
2838 3299 2942 3371 legi
2972 3300 3266 3369 factorum,
3311 3301 3367 3357 id
3395 3310 3498 3371 est,

1904 3385 2082 3457 Moysi
2132 3383 2420 3456 subjectus
2465 3395 2569 3453 est,
2606 3393 2702 3442 aut
2729 3388 2966 3444 naturali
3000 3406 3013 3455 ;
3070 3405 3181 3444 non
3235 3389 3495 3462 imputari

1903 3473 2165 3530 meritum
2222 3473 2294 3529 ad
2330 3474 2660 3543 mercedem,
2690 3482 2754 3531 ut
2815 3476 3045 3548 gloriam
3100 3476 3296 3535 habeat
3342 3480 3490 3552 apud

1902 3564 2101 3619 Deum.
2128 3561 2358 3620 Debitor
2387 3572 2470 3620 est
2497 3562 2649 3627 enim
2666 3565 2845 3622 facere
2874 3567 3068 3639 legem,
3101 3567 3232 3640 quia
3258 3570 3494 3627 necessi-

1901 3660 1983 3708 tas
2012 3651 2269 3724 imposita
2313 3658 2396 3708 est
2446 3669 2545 3726 per
2588 3653 2785 3726 legem,
2834 3663 2915 3724 ut,
2947 3655 3084 3712 velit
3128 3657 3289 3726 nolit,
3328 3657 3496 3717 faciat

1898 3741 2096 3814 legem,
2151 3756 2219 3798 ne
2248 3740 2563 3811 damnetur,
2620 3743 2765 3801 sicut
2791 3744 2902 3802 alio
2934 3745 3056 3803 loco
3103 3745 3280 3804 dicit:
3330 3772 3348 3797 ι
3384 3748 3492 3816 Qui

1897 3846 1964 3885 au
1975 3836 2079 3885 tem
2097 3839 2481 3900 contemnunt,
2504 3832 2608 3904 ipsi
2624 3832 2731 3889 sibi
2752 3832 3161 3891 damnationem
3177 3836 3491 3907 acquirunt,

1897 3920 2027 3992 quia
2054 3919 2125 3977 ad
2152 3936 2391 3993 praesens
2416 3922 2495 3976 rei
2525 3930 2655 3978 sunt
2709 3922 2885 3990 (Rom.
2917 3938 3041 3991 xm,
3071 3923 3151 3994 2).
3187 3946 3205 3970 ι
3262 3922 3494 3983 Credere

1898 4018 2081 4067 autem
2110 4019 2205 4067 aut
2234 4027 2346 4068 non
2374 4011 2618 4078 credere,
2652 4011 2960 4067 voluntatis
2988 4020 3086 4068 est.
3112 4012 3300 4086 Neque
3340 4013 3493 4070 enim

1899 4099 2022 4172 quis
2052 4100 2174 4173 c0gi
2226 4107 2404 4173 potest
2437 4099 2506 4155 ad
2555 4099 2611 4155 id
2660 4098 2804 4172 quod
2838 4100 3192 4157 manifestum
3248 4116 3362 4157 non
3388 4108 3491 4171 est,

1897 4189 1992 4245 sed
2022 4189 2331 4257 invitatur;
2366 4188 2496 4262 quia
2531 4204 2643 4245 non
2673 4197 3053 4263 extorquetur,
3086 4189 3180 4247 sed
3209 4190 3490 4249 suadetur.

1898 4277 2264 4348 Quamobrem
2339 4280 2643 4337 assentiens
2714 4281 2957 4354 praemiis
3011 4281 3334 4339 afﬁciendus
3388 4290 3489 4353 est,

1897 4372 2040 4429 sicut
2068 4380 2122 4429 et
2155 4372 2456 4440 Abraham,
2489 4372 2583 4446 qui
2615 4372 2761 4446 quod
2790 4389 2901 4430 non
2930 4372 3093 4442 vidit,
3122 4372 3359 4431 credidit
3383 4374 3490 4446 (2).

1972 4463 2154 4535 (Vers.
2185 4464 2267 4535 5.)
2314 4489 2331 4511 ι
2362 4463 2429 4519 Ei
2463 4480 2594 4519 vero
2622 4464 2716 4538 qui
2764 4480 2876 4521 non
2904 4471 3181 4537 operatur,
3212 4488 3229 4512 ι
3276 4464 3334 4521 id
3388 4472 3491 4535 est,

1895 4550 1946 4605 ei
1974 4551 2069 4624 qui
2100 4550 2375 4609 obnoxius
2399 4560 2481 4608 est
2510 4554 2764 4626 peccatis,
2797 4553 2893 4627 qui
2924 4570 3037 4610 non
3062 4554 3495 4627 operatur,quod

1895 4640 2122 4698 mandat
2140 4642 2250 4699 lex.
2300 4667 2318 4691 ι
2346 4641 2607 4700 Credenti
2635 4650 2817 4699 autem
2852 4643 2911 4699 in
2939 4642 3201 4715 eum,qui
3225 4642 3495 4714 justiﬁcat

1896 4729 2148 4801 impium,
2208 4740 2494 4804 reputatur
2540 4731 2674 4787 ﬁdes
2711 4730 2830 4803 ejus
2867 4730 2936 4785 ad
2986 4729 3284 4800 justitiam.
3315 4753 3332 4775 ι
3378 4729 3495 4786 Hoc

1895 4818 2051 4884 dicit,
2079 4821 2207 4893 quia
2241 4821 2360 4876 sine
2388 4819 2646 4892 Operibus
2673 4818 2808 4889 legis
2829 4816 3073 4873 credenti
3103 4816 3297 4888 impio,
3328 4814 3387 4871 id
3414 4824 3497 4873 est

1897 4911 2113 4983 gentili,
2145 4911 2204 4967 in
2261 4910 2568 4977 Christum,
2600 4916 2887 4981 reputatur
2908 4907 3045 4964 ﬁdes
3082 4906 3201 4979 ejus
3228 4905 3296 4962 ad
3329 4904 3492 4978 justi-

1894 5125 2002 5165 ηοη
2023 5108 2168 5179 apud
2195 5107 2385 5179 Deum,
2415 5104 2503 5160 sed
2529 5104 2681 5179 apud
2701 5103 2978 5179 mundum,
3007 5119 3071 5159 ne
3105 5104 3365 5179 prementi
3393 5104 3497 5179 lege

1896 5174 2154 5236 obnoxius
2201 5177 2462 5233 videatur.
2521 5174 2683 5247 Apud
2708 5175 2877 5231 Deum
2922 5174 3307 5245 autem'ﬁdetis
3347 5174 3498 5230 habet

1895 5251 2144 5323 gratiam.
2341 5247 2650 5323 enim_dicit,
2679 5255 2785 5303 etc.

1971 5321 2053 5402 (2)
2085 5320 2222 5377 Cod.
2253 5317 2687 5402 Corb.,_Thuan.
2733 5325 2789 5373 et
2816 5316 3495 5402 'Remignvotuptatisuest,

1897 5388 2159 5466 quianon
2186 5396 2550 5466 extorquetur,
2580 5388 3124 5466 sed_suadetur.:ldeo
3144 5389 3218 5466 ad
3241 5388 3501 5466 meritum

1893 5459 2144 5534 proﬁcit,
2174 5460 2341 5515 credit
2368 5460 2504 5513 enim
2549 5460 2690 5529 quod
2729 5474 2839 5511 non
2865 5459 3030 5528 novit,
3073 5461 3161 5515 sed
3195 5466 3393 5532 sperat.
3428 5459 3502 5514 Ei

1899 5532 2019 5588 itero
2053 5532 2145 5604 qui
2172 5548 2278 5587 non
2307 5536 2580 5602 operatur,
2607 5537 2711 5584 etc.
