3932 6210
461 278 531 336 87

1477 275 1575 330 ΑΙ)
1614 274 1848 331 OPERA
1887 272 1942 328 S.
1982 271 2318 330 AMBROSII
2355 270 2736 328 APPENDIX.

3704 274 3778 331 88

464 407 620 476 tiam,
660 406 804 463 sicut
831 415 885 462 et
924 405 1180 461 Abrahae.
1225 403 1513 472 Quomodo
1558 419 1684 474 ergo
1729 401 1904 457 Judaei
1954 418 2050 474 per
2084 403 2135 462 A
2158 401 2247 456 vel
2276 400 2467 474 aliquo
2510 415 2672 472 opere
2700 416 2797 473 per
2843 400 3123 457 lavacrum
3161 400 3550 472 remittuntur,
3595 412 3655 461 et
3687 411 3783 460 te-

464 512 631 569 opera
646 496 783 568 legis
798 494 1089 569 justiﬁcari
1112 511 1167 550 se
1184 502 1377 565 putant
1388 492 1783 565 justiﬁcatione
1800 492 2056 560 Abraha),

465 603 592 645 cum
623 585 850 641 videant
873 584 1149 639 Abraham
1181 574 1292 638 non
1322 599 1418 654 per
1445 597 1605 654 opera
1631 581 1782 652 legis,
1816 581 1909 636 sed
1944 583 2060 637 sola

465 674 575 731 ﬁde
597 674 963 748 justiﬁcatum
989 674 1017 729 ?
1062 674 1179 728 Non
1211 689 1338 744 ergo
1387 687 1522 742 opus
1553 679 1634 726 est
1683 672 1793 738 lex,
1838 670 2058 743 quando

466 761 674 838 impius
702 780 798 837 per
817 764 986 818 solam
1019 761 1182 817 ﬁdem
1210 760 1549 832 justificatur
1576 759 1723 833 apud
1751 761 1949 815 Deum.

554 894 572 917 ι
610 870 920 928 Secundum
944 869 1283 942 propositum
1316 868 1502 941 gratim
1533 868 1652 923 Dei.
1691 892 1707 914 -
1752 868 1845 925 Sic
1864 867 2060 923 decre-

468 968 585 1017 tum
633 960 771 1016 dicit
820 977 853 1015 a
894 961 1026 1026 Deo,
1079 966 1140 1014 ut
1186 965 1429 1014 cessante
1480 957 1623 1029 lege,
1675 958 1847 1012 solam
1895 956 2059 1012 ﬁdem

466 1049 634 1123 gratia
666 1049 763 1106 Dei
792 1058 1037 1123 posceret
1074 1049 1141 1106 ad
1171 1049 1405 1105 salutem
1448 1048 1552 1120 (3).

537 1154 720 1225 (Vers.
771 1154 852 1225 6.)
917 1182 933 1201 ·
964 1154 1119 1211 Sicut
1165 1162 1218 1210 et
1265 1153 1445 1210 David
1485 1153 1683 1209 dicit.»
1728 1153 1845 1209 Hoc
1881 1152 2059 1224 ipsum

462 1244 645 1300 munit
673 1244 931 1317 exemplo
961 1245 1260 1316 prophetae.
1310 1271 1326 1289 ι
1355 1242 1760 1298 Beatitudinem
1795 1242 2058 1309 hominis,

462 1332 554 1389 cui
595 1335 742 1389 Deus
788 1343 1011 1407 accepto
1058 1334 1165 1390 fert
1210 1333 1484 1406 justitiam
1537 1333 1656 1389 sine
1703 1332 1979 1403 cperibus.
2026 1355 2044 1379 ι

463 1420 661 1479 Beatos
689 1423 827 1480 dicit
853 1423 921 1480 de
948 1417 1150 1496 quibus
1180 1422 1285 1479 hoc
1314 1422 1500 1478 sanxit
1526 1424 1693 1489 Deus,
1727 1430 1787 1476 ut
1824 1421 1941 1475 sine
1971 1421 2061 1477 1a-

465 1511 598 1568 bore
646 1521 701 1569 et
742 1513 927 1585 aliqua
972 1512 1355 1569 observatione
1400 1510 1503 1580 (4),
1536 1510 1651 1566 sola
1695 1510 1801 1567 ﬁde
1844 1509 2061 1581 justiﬁ-

466 1608 661 1658 centur
704 1600 850 1673 apud
895 1603 1092 1658 Deum.
1144 1599 1429 1677 Temporis
1477 1614 1603 1670 ergo
1659 1598 2058 1655 beatitudinem

464 1690 747 1764 praedicat,
779 1708 888 1765 quo
908 1700 1079 1748 natus
1104 1699 1185 1747 est
1204 1689 1481 1756 Christus,
1498 1688 1767 1760 sicutipse
1788 1688 2058 1746 Dominus

2168 498 2374 561 guntur
2411 499 2464 546 et
2497 506 2607 546 non
2649 490 2996 563 imputantur
3033 498 3273 562 peccata.
3329 492 3637 563 Apostolus
3685 502 3780 549 ta-

2167 595 2293 634 men
2324 588 2546 651 propter
2579 579 2985 651 plenitudinem
3030 587 3367 653 temporum,
3399 589 3453 636 et
3486 583 3620 655 quia
3651 583 3781 656 plus

2169 667 2355 739 gratiae
2380 669 2441 723 in
2468 670 2730 740 apostolis
2760 678 2863 739 est,
2891 684 3055 742 quam
3090 670 3197 727 fuit
3230 670 3291 726 in
3320 669 3627 743 prophetis,
3662 689 3780 728 ma-

2163 756 2285 830 jora
2328 766 2687 830 protestatur,
2718 775 2841 832 quas
2888 775 2956 816 ex
3000 758 3147 816 dono
3176 759 3525 831 baptismatis
3566 776 3783 817 conse-

2170 847 2419 919 quimur;
2454 849 2584 920 quia
2616 865 2728 905 non
2776 850 2955 905 solum
3000 849 3383 906 remissionem
3416 861 3777 924 peccatorum

2170 938 2413 1009 accipere
2467 955 2567 995 nos
2604 982 2620 1008 ,
2673 939 2768 996 sed
2804 939 3100 1011 justiﬁcari
3133 983 3149 1009 ,
3202 950 3257 997 et
3310 940 3455 996 ﬁlios
3501 942 3603 998 Dei
3651 942 3777 999 ﬁeri

2170 1026 2485 1097 proﬁtetur;
2531 1037 2592 1085 ut
2632 1029 2915 1086 beatitudo
2956 1030 3073 1087 haec
3124 1031 3420 1102 perfectam
3467 1030 3675 1089 habeat
3722 1042 3778 1089 et

2170 1118 2524 1173 securitatem
2555 1128 2607 1175 et
2624 1120 2890 1190 gloriam.

2244 1210 2424 1279 (Vers.
2457 1210 2537 1281 9.)
2585 1237 2602 1259 ι
2632 1211 2926 1268 Beatitudo
2956 1228 3083 1285 ergo
3111 1212 3229 1270 haec
3256 1213 3314 1269 in
3345 1212 3775 1271 circumcisione

2169 1306 2383 1355 tantum
2412 1311 2619 1369 manet,
2641 1319 2708 1358 an
2730 1311 2784 1358 et
2809 1304 2869 1359 in
2892 1304 3162 1376 praeputio
3185 1305 3212 1361 ?
3233 1329 3250 1353 ι
3280 1304 3343 1361 Id
3367 1314 3468 1372 est,
3497 1302 3775 1376 numquid

2168 1384 2456 1445 beatitudo
2500 1390 2607 1447 ista
2653 1392 2891 1448 Abrahae
2940 1400 3159 1449 tantum
3196 1393 3329 1450 ﬁliis
3366 1410 3627 1450 concessa
3669 1401 3773 1471 est,

2168 1490 2237 1530 an
2267 1484 2321 1532 et
2357 1476 2427 1533 iis
2456 1478 2550 1552 qui
2590 1480 2964 1538 incircumcisi
2993 1482 3169 1538 sunt?
3216 1482 3273 1539 Si
3302 1483 3452 1539 enim
3481 1483 3581 1540 illo
3625 1493 3776 1542 tem-

2169 1584 2300 1642 pore
2346 1586 2457 1626 non
2488 1571 2783 1643 prohibitze
2824 1579 2953 1628 sunt
2983 1580 3171 1645 gentes
3200 1574 3455 1630 accedere
3498 1574 3568 1631 ad
3598 1575 3773 1647 legem

2169 1669 2222 1717 et
2259 1662 2685 1733 promissionem
2711 1661 2969 1732 Abrahae,
3002 1663 3096 1736 qui
3126 1662 3246 1719 ﬁeri
3283 1673 3515 1736 poterat,
3548 1673 3611 1722 ut
3642 1673 3773 1721 tem-

467 1750 580 1843 ait:
653 1812 672 1834 ι
707 1750 883 1844 Πώῐὶ
912 1786 1051 1858 justi
1099 1795 1152 1842 et
1205 1750 1483 1858 prophetae
1521 1750 1814 1856 cupierunt
1857 1784 2063 1855 videre,
2091 1765 2139 1828 B
2175 1767 2304 1823 pore
2333 1750 2541 1858 (Emisti
2566 1751 3381 1858 Ρίοὴῲθηῖηίω,νθίξξθηξέῖδά
3397 1754 3631 1827 gratiam
3656 1756 3773 1828 (7)3

468 1891 593 1949 quae
622 1875 846 1945 videtis,
878 1884 934 1934 et
983 1876 1194 1945 audire,
1230 1892 1351 1948 quae
1379 1874 1604 1943 auditis,
1653 1884 1708 1932 et
1734 1893 1846 1933 non
1884 1877 2066 1934 audie-

472 1973 606 2023 runt
640 1967 862 2037 (Matth.
894 1985 1017 2035 xm,
1053 1968 1166 2039 17).
1200 1990 1217 2014 ›

547 2066 730 2138 (Vers.
766 2067 796 2123 7
825 2073 880 2122 et
908 2065 989 2138 8.)
1037 2091 1056 2113 ι
1080 2065 1238 2122 Beati
1268 2081 1503 2139 quorum
1533 2065 1773 2122 remissae
1806 2075 1935 2122 sunt
1965 2065 2067 2122 ini-

473 2156 730 2232 quitates,
769 2162 823 2212 et
868 2171 1101 2228 quorum
1133 2162 1279 2213 tecta
1305 2163 1434 2212 sunt
1479 2163 1716 2228 peccata.
1749 2156 1948 2211 Beatus
1982 2155 2070 2210 vir

472 2245 565 2302 cui
595 2260 707 2300 non
738 2243 1035 2316 imputavit
1060 2244 1332 2300 Dominus
1377 2252 1658 2317 peccatum
1687 2244 1869 2312 (Psal.
1905 2260 2066 2311 xxxx,

479 2334 529 2402 l,
561 2333 644 2404 2).
675 2357 695 2381 ι
738 2332 1023 2390 Manifeste
1045 2334 1193 2390 beati
1222 2343 1373 2402 sunt,
1396 2334 1596 2407 quibus
1624 2334 1742 2390 sine
1770 2334 1954 2390 labore
1981 2332 2067 2388 vel

474 2438 639 2496 opere
690 2423 877 2497 aliquo
926 2424 1289 2480 remittuntur
1338 2423 1656 2497 iniquitates
1687 2467 1702 2493 ,
1749 2431 1803 2478 et
1850 2430 2070 2494 peccata

474 2520 754 2585 teguntur,
787 2513 940 2569 nulla
982 2512 1049 2569 ab
1080 2512 1168 2569 his
1200 2512 1464 2587 requisita
1496 2512 1834 2584 paenitentiae
1882 2527 2066 2583 opera,

476 2601 586 2658 nisi
630 2607 845 2658 tantum
892 2611 954 2659 ut
982 2601 1430 2659 credant.Beatus
1479 2601 1644 2657 etiam
1695 2600 1789 2657 hic
1835 2600 1924 2655 vir
1965 2608 2067 2668 est,

488 2691 613 2747 «cui
643 2706 754 2747 non
780 2691 1076 2764 imputavit
1091 2690 1362 2747 Dominus
1379 2700 1680 2763 peccatum.
1699 2714 1717 2737 ι
1752 2689 2068 2758 Remittere,

473 2786 531 2836 et
558 2786 757 2852 tegere,
791 2788 969 2837 etnon
989 2780 1282 2852 imputare,
1311 2796 1424 2836 una
1438 2779 1601 2847 ratio,
1618 2787 1672 2835 et
1687 2795 1832 2834 unus
1851 2787 1932 2835 est
1951 2794 2071 2834 sen-

472 2882 569 2926 sus
590 2869 810 2938 ;omnia
838 2869 987 2925 enim
1016 2886 1128 2925 uno
1144 2870 1308 2926 modo
1336 2869 1660 2926 obtinentur
1685 2874 1740 2925 et
1769 2868 2065 2924 donantur.

547 2966 785 3023 Videtur
832 2976 1015 3023 autem
1046 2966 1375 3039 quibusdam
1403 2965 1680 3037 tripartita
1707 2966 1848 3022 ratio
1878 2966 1936 3021 in
1984 2965 2072 3022 his

479 3056 665 3125 dictis,
705 3056 837 3130 quia
880 3056 1113 3113 diversis
1158 3056 1425 3129 propheta
1466 3072 1597 3112 usus
1644 3065 1727 3112 est
1765 3056 1968 3126 verbis,
2017 3064 2071 3114 et

481 3146 614 3219 quia
640 3162 673 3201 a
692 3145 893 3218 plurali
910 3161 1140 3202 numero
1154 3144 1225 3201 ad
1254 3146 1585 3218 singularem
1608 3146 1908 3203 descendit.
1935 3148 2073 3204 Cum
2104 3131 2148 3194 C

479 3234 628 3291 enim
658 3236 827 3292 verba
857 3235 960 3292 Dei
987 3236 1047 3291 in
1076 3235 1381 3293 ubertatem
1411 3236 1619 3309 gratiae,
1651 3237 1781 3309 quia
1820 3237 1901 3309 (5)
1939 3253 2074 3309 pec-

478 3321 588 3381 cati
624 3322 843 3379 diversa
870 3330 1000 3379 sunt
1028 3324 1274 3394 nomina,
1324 3340 1420 3397 per
1447 3324 1775 3381 delictorum
1806 3325 2075 3383 vocabula

478 3428 801 3470 enumerare
850 3413 1003 3481 vult,
1047 3414 1214 3470 latius
1255 3414 1471 3471 locutus
1509 3422 1627 3482 est;
1685 3414 1850 3471 unius
1889 3422 2074 3471 tamen

478 3503 672 3560 formae
709 3512 765 3560 et
806 3504 1227 3576 signiﬁcationis
1268 3513 1397 3560 sunt
1438 3505 1635 3575 verba,
1688 3507 1818 3579 quia
1854 3514 1909 3562 et
1944 3523 2071 3563 cum

480 3593 637 3664 tegit,
668 3593 934 3649 remittit:
976 3601 1031 3649 et
1067 3610 1193 3650 cum
1240 3594 1490 3664 remittit,
1540 3613 1651 3652 non
1686 3596 1940 3669 imputat.
1987 3595 2073 3652 Ad

480 3679 701 3737 laudem
728 3682 877 3738 enim
908 3683 1094 3755 gratiae
1123 3684 1223 3743 Dei
1255 3686 1526 3758 prolixius
1555 3686 1823 3760 loquitur,
1854 3695 1916 3743 ut
1942 3702 2070 3743 am-

480 3767 691 3843 pliﬁcet
719 3769 950 3843 gratiam
982 3772 1086 3844 (6).
1119 3773 1251 3831 Tres
1278 3776 1425 3831 enim
1464 3776 1664 3849 gradus
1694 3776 1826 3833 fecit
1855 3781 2075 3846 propter

481 3856 812 3916 delictorum
858 3862 1216 3920 varietatem:
1250 3881 1483 3938 quorum
1514 3865 1729 3938 primus
1758 3864 1956 3937 gradus
1993 3871 2076 3920 est

480 3947 749 4021 iniquitas
776 3950 865 4007 vel
892 3951 1163 4025 impietas,
1188 3952 1321 4010 dum
1343 3971 1455 4012 non
1485 3954 1800 4027 agnoscitur
1820 3952 2071 4022 Creator;

478 4039 773 4109 secundus,
801 4039 861 4095 in
890 4041 1137 4113 gravium
1167 4050 1516 4116 peccatorum
1557 4041 1847 4114 operibus:
1876 4043 2091 4121 tertius

476 4143 611 4185 vero
635 4128 845 4185 levium
869 4148 883 4198 ;
918 4131 1018 4188 hos
1044 4137 1229 4189 tamen
1256 4132 1524 4189 omnesin
1554 4131 1882 4203 baptismate
1912 4130 2072 4188 oblit-

475 4218 665 4276 terari.
717 4218 917 4278 Tribus
959 4220 1047 4279 his
1087 4222 1347 4297 gradibus
1399 4223 1576 4279 totius
1617 4220 1829 4293 peccati
1871 4238 2073 4295 corpus

476 4306 831 4381 signiﬁcavit.

548 4416 1020 4485 Quemadmodum
1067 4429 1250 4478 autem
1297 4420 1367 4477 ad
1413 4421 1803 4493 pmnitentium
1870 4438 2069 4495 perso-

475 4524 603 4566 nam
643 4517 821 4582 potest
866 4512 1161 4584 pertinere,
1207 4527 1334 4569 cum
1364 4492 1537 4569 dicit:
1586 4537 1603 4559 ι
1633 4512 1785 4567 Beati
1833 4492 2068 4585 quorum
2099 4492 2149 4552 D

472 4607 619 4657 tecta
644 4609 773 4657 sunt
797 4609 1036 4674 peccata,
1059 4625 1077 4647 -
1120 4616 1246 4657 cum
1275 4607 1487 4657 constet
1525 4601 1854 4673 poenitentes
1886 4601 2069 4658 labore

424 4706 429 4711 ’
473 4697 529 4746 et
565 4690 774 4762 gemitu
797 4691 1180 4747 remissionem
1210 4698 1557 4761 peccatorum
1584 4690 1865 4763 acquirere
1883 4691 1911 4747 ?
1956 4692 2069 4749 Aut

473 4779 750 4853 quomodo
800 4779 1069 4853 martyrio
1106 4777 1384 4850 congruit,
1414 4779 1560 4851 quod
1590 4777 1763 4835 dicit:
1820 4803 1840 4828 ι
1868 4780 2069 4837 Beatus

470 4867 580 4939 vir,
610 4868 703 4927 cui
748 4885 862 4925 non
906 4865 1208 4939 imputavit
1233 4867 1502 4923 Dominus
1548 4876 1865 4941 peccatum:
1900 4893 1918 4917 ι
1968 4875 2066 4933 49

468 4983 597 5025 cum
624 4966 862 5025 sciamus
891 4967 1121 5041 gloriam
1150 4966 1404 5040 martyrii
1433 4967 1780 5041 passionibus
1808 4976 1863 5025 et
1903 4984 2066 5042 pres-

467 5056 614 5115 suris
640 5055 854 5128 acquiri
881 5055 911 5111 ?

536 5163 814 5238 Propheta
839 5150 1022 5221 autem
1050 5171 1268 5239 tempus
1293 5167 1432 5226 felix
1456 5168 1763 5243 praevidens
1784 5169 1840 5225 in
1863 5169 2065 5227 Salva—

465 5256 603 5313 toris
632 5253 895 5322 adventu,
925 5252 1112 5313 beatos
1139 5266 1439 5332 nuncupat,
1483 5260 1686 5334 quibus
1726 5259 1846 5317 sine
1876 5259 2061 5318 labore

465 5371 815 5498 ω
846 5368 1004 5437 cdit.,
1034 5373 1147 5429 sola
1175 5374 1299 5444 ﬁdes
1334 5376 1522 5449 gratia:
1558 5377 1658 5433 Dei
1681 5376 1963 5448 proﬁceret
1989 5377 2060 5432 ad

654 5508 819 5590 gorb.
847 5510 1040 5590 codex,
1061 5523 1119 5590 et
1143 5519 1331 5590 aliqua
1371 5517 1742 5574 obsecratione.

464 5583 622 5723 (Iug)
635 5583 816 5710 ἔξω.
863 5582 995 5655 edit,
1026 5582 1176 5646 Cum
1219 5582 1359 5647 enim
1386 5590 1673 5645 ubertatem
1709 5589 1899 5661 gratia:
1938 5590 2055 5658 Dei,

594 5696 614 5723 ,
729 5696 742 5709 .

594 5696 614 5723 ,
636 5696 742 5710 ην.

2178 1842 2399 1915 quando
2430 1844 2575 1899 Deus
2609 1843 2783 1916 gratia
2810 1843 2970 1916 plene
3000 1844 3304 1903 incitavit?

2263 1960 2281 1981 ι
2308 1933 2558 1991 Dicimus
2586 1934 2755 2004 enim,
2788 1935 2893 1992 hoc
2914 1944 3015 2005 est,
3043 1937 3089 1992 si
3115 1953 3280 1993 sensu
3305 1937 3440 2010 legis
3467 1938 3772 2012 loquimur,

2178 2022 2308 2097 quia
2348 2032 2599 2096 reputata
2642 2034 2726 2082 est
2754 2025 2991 2081 Abrahae
3038 2025 3175 2083 ﬁdes
3216 2028 3284 2084 ad
3322 2026 3648 2099 justitiam»
3693 2028 3775 2085 Ab

2177 2115 2390 2186 origine
2425 2115 2647 2187 incipit,
2669 2123 2731 2171 ut
2760 2132 2977 2172 omnem
3010 2117 3519 2190 tergiversationem
3551 2118 3776 2176 cavilla-

2178 2203 2347 2260 tionis
2391 2204 2669 2273 excludat,
2702 2205 2831 2277 quia
2863 2204 2959 2278 qui
3006 2222 3038 2261 a
3073 2206 3251 2279 capite
3280 2206 3618 2277 excluditur,
3666 2224 3775 2265 non

2178 2293 2341 2350 habet
2367 2294 2514 2351 unde
2543 2294 2775 2368 incipiat
2804 2296 2980 2352 facere
3008 2296 3390 2370 quaestionem.

2252 2381 2434 2455 (Vérs.
2468 2384 2534 2440 10
2563 2393 2616 2441 et
2652 2384 2767 2457 11.)
2832 2410 2851 2433 ι
2877 2385 3166 2454 Quomodo
3194 2402 3321 2460 ergo
3364 2395 3618 2460 reputata
3650 2389 3775 2445 est?

2178 2488 2303 2528 cum
2336 2472 2394 2529 in
2424 2475 2849 2531 circumcisione
2892 2482 3055 2545 esset,
3086 2492 3156 2531 an
3198 2477 3257 2533 in
3300 2477 3615 2550 praeputio?
3658 2479 3775 2535 Non

2178 2562 2236 2619 in
2272 2564 2712 2634 circumcisione,
2753 2564 2848 2621 sed
2891 2566 2949 2623 in
2998 2567 3287 2641 praeputio.
3328 2568 3401 2625 Et
3428 2567 3651 2641 signum
3682 2585 3776 2625 ac-

2178 2651 2323 2723 cepit
2353 2652 2797 2709 circumcisionis
2839 2654 3182 2728 signaculum
3201 2655 3432 2729 justitiaa
3462 2655 3613 2725 ﬁdei,
3660 2673 3774 2730 qua:

2179 2748 2262 2797 est
2306 2740 2366 2797 in
2406 2743 2696 2815 praeputio,
2734 2752 2796 2800 ut
2824 2745 2897 2801 sit
2947 2754 3101 2818 pater
3134 2746 3387 2802 omnium
3434 2744 3775 2802 credentium

2180 2846 2276 2903 per
2304 2832 2672 2904 prmputium:
2710 2843 2774 2892 ut
2815 2843 3099 2908 reputetur
3156 2844 3210 2891 et
3238 2835 3351 2892 illis
3391 2835 3459 2891 ad
3500 2833 3773 2907 justitiam

2178 2920 2341 2990 (Gen.
2372 2938 2512 2991 xvu,
2548 2924 2635 2993 10,
2670 2924 2783 2997 li).
2816 2949 2834 2973 ι
2880 2925 3159 2981 Abraham
3200 2942 3327 2982 cum
3356 2932 3500 2982 esset
3540 2925 3599 2981 in
3632 2943 3777 2999 prae-

2182 3010 2358 3082 putio,
2389 3011 2627 3069 credidit
2654 3015 2789 3069 Deo.
2823 3013 2967 3082 Quid
3000 3012 3281 3070 credidit?
3311 3013 3509 3069 Semen
3539 3030 3596 3070 se
3627 3014 3774 3070 habi-

2179 3107 2388 3168 turum,
2438 3100 2495 3157 id
2552 3110 2651 3170 est,
2698 3102 2901 3172 ﬁlium,
2948 3103 3008 3158 in
3055 3118 3164 3175 quo
3223 3116 3417 3157 omnes
3464 3111 3654 3175 gentes
3695 3104 3775 3176 ju-

2182 3188 2552 3248 stiﬁcarentur
2607 3208 2703 3264 per
2779 3192 2943 3248 ﬁdem
3019 3191 3078 3247 in
3136 3189 3407 3264 praeputio
3439 3233 3454 3260 ,
3513 3192 3663 3248 sicut
3728 3201 3778 3249 et

2183 3277 2459 3334 Abraham
2531 3280 2866 3353 justiﬁcatus
2935 3287 3036 3337 est.
3084 3279 3223 3336 Nam
3297 3279 3775 3336 circumcisionem

2182 3367 2401 3440 signum
2447 3371 2658 3443 accepit
2716 3369 2948 3443 justitire
3002 3368 3176 3426 ﬁdei:
3237 3368 3465 3426 credens
3518 3370 3671 3426 enim
3725 3386 3775 3425 se

2182 3457 2361 3514 ﬁlium
2417 3459 2760 3529 habiturum,
2813 3460 2981 3533 hujus
3036 3461 3118 3516 rei
3173 3477 3337 3533 quam
3392 3459 3654 3529 credidit,
3709 3459 3775 3516 si-

2184 3563 2350 3617 gnum
2405 3549 2655 3622 accepit,
2714 3556 2778 3604 ut
2833 3549 2964 3621 quia
3014 3548 3241 3606 credens
3292 3548 3633 3621 justiﬁcatus
3686 3548 3772 3615 sit,

2182 3643 2516 3691 cerneretur.
2576 3637 2697 3693 Non
2760 3653 2887 3709 ergo
2942 3636 3291 3695 circumcisio
3346 3638 3559 3713 aliquid
3615 3638 3776 3694 habet

2183 3723 2491 3797 dignitatis,
2518 3724 2612 3781 sed
2633 3725 2851 3799 signum
2869 3733 2951 3783 est
2974 3735 3211 3784 tantum.
3232 3728 3389 3796 Quod
3413 3728 3634 3802 signum
3656 3727 3774 3784 ideo

2183 3812 2527 3887 accipiebant
2555 3813 2660 3870 ﬁlii
2687 3814 2946 3883 Abrahae,
2977 3825 3039 3874 ut
3062 3816 3334 3873 scirentur
3358 3816 3477 3889 ejus
3513 3815 3616 3873 ﬁlii
3640 3833 3771 3883 esse,

2183 3902 2279 3976 qui
2322 3901 2554 3960 credens
2600 3906 2714 3962 Deo
2746 3905 2852 3963 hoc
2879 3906 3098 3979 signum
3138 3915 3445 3980 acceperat;
3476 3914 3540 3962 ut
3590 3903 3772 3962 aemuli

2182 4002 2360 4052 essent
2410 4003 2649 4069 paternae
2697 3996 2850 4068 ﬁdei,
2894 4007 2949 4056 et
2988 3998 3274 4056 crederent
3318 3998 3377 4054 in
3423 3998 3630 4066 Iesum,
3681 3994 3773 4069 qui

2182 4086 2483 4158 promissus
2530 4094 2611 4144 est
2656 4086 2915 4158 Abrahae,
2965 4087 3123 4160 cujus
3169 4087 3228 4144 in
3275 4087 3450 4161 ﬁgura
3485 4092 3650 4142 natus
3697 4091 3773 4140 est

2182 4176 2348 4232 Isaac.
2395 4177 2508 4236 Nec
2535 4177 2683 4234 enim
2713 4178 2773 4235 in
2800 4179 2950 4237 Isaac
2992 4195 3183 4235 omnes
3212 4185 3397 4252 gentes
3426 4175 3771 4233 benedicun-

2181 4272 2292 4334 tur,
2327 4266 2424 4323 sed
2452 4268 2510 4324 in
2556 4267 2813 4326 Christo:
2879 4294 2898 4318 ι
2926 4268 3067 4338 Quia
3110 4285 3224 4327 non
3250 4277 3333 4326 est
3373 4266 3527 4323 aliud
3571 4281 3771 4322 nomen

2181 4356 2371 4416 datum
2396 4361 2500 4418 sub
2525 4363 2685 4432 cmlo,
2706 4361 2764 4419 in
2785 4379 2894 4437 quo
2913 4371 3160 4436 oporteat
3186 4362 3367 4420 salvos
3386 4360 3507 4418 ﬁeri
3531 4359 3675 4433 (Act.
3696 4377 3748 4417 ιν
3784 4364 3791 4383 ’

2184 4448 2298 4522 12),
2328 4475 2345 4497 ι
2394 4450 2531 4510 dicit
2557 4454 2751 4511 Petrus
2778 4455 3077 4526 apostolus.

2252 4541 2433 4613 (Vers.
2496 4542 2611 4615 l2.)
2686 4567 2706 4591 ι
2755 4544 2828 4599 Et
2868 4544 2941 4600 sit
2979 4551 3131 4616 pater
3172 4541 3616 4600 circumcisionis
3653 4557 3768 4616 non

2176 4629 2357 4687 solum
2411 4648 2601 4689 eorum
2647 4631 2744 4706 qui
2789 4649 2859 4690 ex
2905 4632 3325 4694 circumcisione
3372 4637 3524 4698 sunt,
3577 4629 3675 4688 sed
3721 4638 3770 4687 et

2176 4737 2366 4778 eorum
2397 4722 2492 4795 qui
2517 4730 2825 4795 sequuntur
2849 4723 3082 4796 vestigia
3108 4722 3261 4792 ﬁdei,
3292 4738 3415 4795 qua;
3446 4729 3529 4778 est
3558 4722 3618 4777 in
3639 4737 3767 4794 prae-

2174 4812 2332 4886 putio
2360 4812 2529 4886 patris
2558 4812 2735 4870 nostri
2760 4812 3060 4889 Abrahaen‘
3082 4814 3198 4871 Hoc
3213 4812 3515 4886 dicit,quia
3544 4811 3769 4869 credens

2172 4901 2473 4970 Abraham,
2518 4902 2730 4974 primus
2771 4902 2952 4961 factus
2993 4912 3076 4961 est
3118 4911 3272 4976 pater
3304 4901 3765 4967 circumcisionis,

2172 4990 2269 5047 sed
2313 4990 2515 5059 cordis,
2560 5007 2671 5047 non
2718 5001 2934 5049 tantum
2976 5008 3167 5049 eorum
3212 4992 3308 5066 qui
3356 4998 3489 5048 sunt
3532 5007 3604 5047 ex
3653 4989 3768 5063 ejus

2172 5080 2403 5153 origine,
2462 5079 2558 5136 sed
2605 5087 2659 5137 et
2713 5097 2905 5137 eorum
2956 5081 3052 5154 qui
3098 5079 3358 5138 similiter
3409 5080 3649 5138 credunt
3699 5096 3765 5137 ex

2170 5170 2448 5244 gentibus.
2482 5170 2795 5228 Secundum
2826 5186 3045 5229 carnem
3077 5171 3226 5227 enim
3268 5170 3584 5229 Iudaeorum
3618 5179 3767 5245 pater

2168 5266 2270 5329 est,
2302 5259 2606 5317 secundum
2637 5260 2802 5318 ﬁdem
2834 5275 2966 5317 vero
2998 5261 3249 5319 omnium
3292 5260 3662 5318 credentium.

2242 5375 2333 5451 (6)Δ
2364 5376 2570 5451 Eadem
2613 5378 2770 5451 edit.,
2803 5378 2962 5435 Rom.
2993 5394 3121 5435 cum
3161 5395 3290 5434 mss.
3324 5376 3681 5451 quibusdam,
3710 5382 3765 5431 ut

2166 5448 2411 5507 amplicet
2438 5450 2634 5505 donum
2658 5448 2790 5507 Dei.

2268 5520 2322 5588 7)
2361 5521 2629 5577 Nonnulli
2661 5538 2815 5593 mss.,
2840 5521 3096 5581 venientes
3123 5523 3195 5578 ad
3212 5522 3462 5593 gloriam.
3488 5521 3762 5581 Continuo

2170 5600 2459 5718 tfrp‘apost,
2483 5594 2642 5651 Rom.
2664 5592 2800 5651 edit.
2828 5594 2967 5664 sola,
2996 5592 3340 5667 quando’Dei
3358 5594 3540 5666 gratia
3553 5593 3761 5668 plenius

2170 5680 2185 5717 t
2223 5679 2254 5716 υ
2334 5679 2388 5718 οι
2415 5706 2427 5718 .

2163 5678 2365 5718 mvttav
2370 5678 2427 5720 ιι.
