3932 6210
212 261 287 319 89
1308 256 1674 318 COMMENT.
1711 257 1784 316 IN
1821 256 2037 316 EPIST.
2078 259 2175 317 AD
2211 259 2379 318 ROM.
3470 262 3546 319 90

293 387 474 460 (Vers.
535 387 648 461 13.)
700 410 718 435 ι
775 387 898 446 Non
936 386 1087 445 enim
1145 402 1240 461 per
1296 387 1470 459 legem
1524 385 1818 459 promissio
1854 388 1906 448 A
1933 400 2000 442 ac
2024 402 2122 458 per
2150 385 2256 445 hoc
2284 379 2613 460 puriﬁcandi
2641 398 2771 447 sunt
2800 391 2955 463 prius
2974 406 3071 463 per
3084 388 3272 459 ﬁdem,
3294 397 3357 446 ut
3386 389 3544 461 digni

218 475 453 532 Abrahae
481 486 576 534 aut
606 476 806 533 semini
844 476 984 549 ejus,
1006 485 1070 533 ut
1098 477 1270 534 haeres
1307 485 1448 533 esset
1476 475 1692 544 mundi,
1725 476 1818 533 sed

218 580 317 637 per
350 564 625 637 justitiam
666 564 816 622 ﬁdei.
860 592 879 615 ι
930 566 1283 623 Manifestum
1337 572 1440 634 est,
1480 565 1610 638 quia
1648 581 1822 638 neque

218 653 403 712 adhuc
461 656 551 711 lex
581 656 710 712 data
754 664 890 726 erat,
940 673 1117 730 neque
1138 656 1255 728 jam
1284 665 1401 713 erat
1427 656 1773 713 circumcisio
1806 674 1819 712 :

221 744 444 818 quando
484 745 780 818 promissio
833 749 948 819 jam
995 746 1137 804 facta
1178 754 1259 802 est
1286 746 1520 803 Abrahae
1558 745 1824 814 credenti,

221 842 277 891 et
324 834 527 890 semini
602 834 740 907 ejus,
799 834 947 908 quod
992 842 1076 891 est
1112 834 1364 892 Christus
1401 837 1497 908 qui
1535 835 1826 893 hominum

221 930 446 994 peccata
490 923 741 980 ablueret
807 924 910 996 (8).
981 924 1136 982 Unde
1185 926 1322 983 dicit
1358 926 1595 981 Joannes
1633 924 1830 996 Bapti-

222 1020 309 1067 sta
352 1031 363 1068 :
414 1013 559 1069 Ecce
605 1029 776 1085 agnus
831 1014 951 1082 Dei,
1011 1031 1135 1071 ecce
1192 1014 1286 1087 qui
1342 1014 1489 1069 tollit
1544 1022 1828 1085 peccatum

223 1101 423 1157 mundi
478 1103 659 1175 (Joan.
720 1122 756 1173 ι,
817 1105 930 1174 19.)
986 1130 1004 1151 ι
1090 1104 1211 1161 Non
1258 1121 1387 1176 ergo
1448 1104 1648 1159 merito
1706 1121 1831 1160 ser-

223 1198 367 1248 vatae
424 1192 559 1264 legis
628 1192 801 1250 haeres
856 1194 1033 1250 factus
1070 1202 1151 1251 est
1209 1194 1427 1263 mundi,
1477 1193 1574 1250 sed
1640 1192 1769 1250 ﬁdei
1814 1202 1826 1239 ε

225 1278 402 1337 haeres
429 1289 610 1338 autem
653 1282 846 1339 mundi
876 1283 1051 1341 haeres
1091 1293 1174 1341 est
1199 1292 1380 1355 terrai,
1420 1302 1586 1359 quam
1614 1285 1674 1341 in
1702 1285 1835 1343 ﬁliis

223 1380 553 1428 consecutus
587 1379 672 1428 est
706 1390 718 1429 :
754 1372 1009 1431 Christus
1034 1382 1212 1431 autem
1246 1376 1421 1433 haeres
1451 1384 1535 1433 est
1564 1375 1831 1447 gentium,

222 1466 287 1516 ut
333 1460 512 1517 David
544 1463 697 1519 canit
738 1481 749 1518 ;
804 1487 823 1511 ε
862 1466 935 1520 Et
980 1464 1123 1521 dabo
1163 1464 1269 1523 tibi
1317 1473 1503 1537 gentes
1534 1465 1838 1521 haeredita-

223 1556 336 1606 lem
393 1558 566 1621 tuam,
625 1559 681 1608 et
734 1554 1134 1624 possessionem
1176 1563 1330 1612 tuam
1379 1556 1648 1612 terminos
1675 1562 1837 1612 terra)

227 1640 403 1709 (Paul.
422 1640 569 1709 11,8);
592 1666 610 1689 ι
637 1641 743 1715 ipsi
770 1644 920 1700 enim
938 1645 1240 1701 moriemur
1254 1645 1577 1701 etvivemus
1594 1661 1718 1701 cum
1748 1660 1833 1700 eo.

303 1730 507 1825 (Vers.
531 1732 646 1805 14.)
691 1757 709 1781 ι
729 1734 805 1825 Si
824 1735 974 1791 enim
1006 1737 1101 1809 qui
1127 1753 1196 1792 ex
1229 1737 1368 1807 lege,
1404 1735 1626 1825 hisunt
1650 1734 1834 1792 haere-
1860 1764 1908 1825 Β

227 1818 343 1887 des,
376 1845 395 1867 ι
456 1820 512 1877 id
541 1829 642 1891 est,
695 1823 743 1879 si
771 1823 811 1880 ii
851 1825 947 1898 qui
989 1841 1058 1881 ex
1114 1825 1229 1898 lege
1276 1826 1363 1881 vel
1409 1824 1512 1881 sub
1541 1825 1656 1896 lege
1682 1832 1831 1892 sunt,

231 1907 476 1967 haeredes
524 1927 593 1967 ex
626 1913 742 1985 lege
768 1923 920 1984 sunt,
966 1939 985 1964 ι
1025 1917 1306 1972 Evacuata
1333 1924 1415 1972 est
1445 1915 1601 1985 ﬁdes,
1635 1912 1841 1970 abolita

233 2008 318 2056 est
347 2002 638 2073 promissio
667 2004 842 2075 (Rom.
872 2023 992 2074 xiv,
1014 2006 1094 2078 8).
1130 2032 1148 2055 ι
1191 2006 1545 2063 Manifestum
1576 2014 1680 2073 est,
1707 2019 1838 2077 quo-

230 2088 386 2146 niam
437 2090 485 2146 si
532 2108 602 2148 ex
631 2093 746 2167 lege
788 2094 1099 2166 haereditas,
1144 2096 1438 2169 promissio
1477 2112 1599 2168 quas
1629 2111 1698 2150 ex
1729 2092 1838 2149 ﬁde

230 2178 383 2236 facta
410 2188 494 2237 est
521 2181 592 2237 ad
620 2183 917 2253 Abraham,
949 2185 1007 2241 in
1030 2187 1248 2243 irritum
1270 2186 1443 2242 venit.
1480 2184 1586 2241 Sed
1614 2200 1728 2240 non
1757 2187 1842 2239 est

232 2283 330 2340 per
374 2269 547 2342 legem
593 2272 737 2329 facta
782 2275 1094 2346 promissio,
1136 2276 1231 2332 sed
1272 2292 1368 2348 per
1404 2274 1681 2347 justitiam
1712 2271 1840 2331 ﬁdei

233 2357 563 2429 haereditas;
614 2363 857 2420 ostendit
910 2364 1061 2420 enim
1119 2364 1417 2436 Apostolus
1447 2364 1581 2438 quid
1610 2363 1743 2421 mali
1771 2364 1845 2425 sit

235 2446 616 2507 haereditatem
650 2467 867 2524 sperare
895 2468 965 2509 ex
1000 2454 1137 2525 lege.

318 2542 501 2613 (Vers.
531 2542 645 2615 l5.)
702 2565 721 2589 ε
762 2542 877 2598 Lex
915 2542 1065 2599 enim
1094 2543 1234 2599 iram
1264 2549 1544 2615 operatur.
1579 2567 1598 2591 ι
1641 2542 1711 2599 Ut
1739 2557 1846 2615 pe-

244 2634 394 2691 nitus
445 2632 696 2690 ostendat
738 2648 850 2688 non
899 2648 1058 2704 posse
1092 2632 1390 2704 justiﬁcari
1431 2631 1715 2688 hominem
1749 2646 1846 2703 per

241 2725 410 2796 legem
445 2722 590 2795 apud
630 2724 825 2790 Deum,
876 2738 1053 2796 neque
1081 2722 1503 2795 promissionem
1535 2737 1632 2795 per
1668 2722 1842 2793 legem

238 2814 359 2870 ﬁeri
387 2812 630 2886 potuisse
663 2828 675 2866 :
723 2836 742 2861 ι
781 2813 917 2881 Lex,
951 2813 1051 2881 ait,
1081 2813 1221 2879 iram
1251 2820 1541 2886 operatur;
1576 2837 1595 2861 ι
1638 2811 1708 2868 ad
1737 2811 1844 2868 hoc

237 2904 388 2961 enim
431 2902 558 2959 data
584 2910 683 2971 est,
742 2909 806 2959 ut
831 2919 953 2959 reos
994 2902 1197 2961 faceret
1241 2902 1646 2975 delinquentes.
1679 2901 1843 2958 Fides

238 3000 338 3057 50
366 3000 545 3050 autem
579 2991 789 3049 donum
836 3000 920 3049 est
959 2991 1353 3050 misericordia)
1379 2990 1501 3060 Dei,
1532 3000 1597 3048 ut
1624 3008 1721 3064 per
1754 2991 1845 3047 le—

241 3108 364 3165 gem
416 3092 493 3148 rei
524 3091 675 3161 facti,
711 3092 931 3148 veniam
989 3099 1396 3163 consequantur
1424 3109 1438 3157 ;
1473 3089 1681 3146 idcirco
1707 3088 1843 3144 ﬁdes

240 3181 501 3254 gaudium
561 3189 841 3254 operatur.
879 3181 991 3237 Nec
1017 3188 1210 3237 contra
1236 3182 1409 3251 legem
1442 3178 1711 3250 loquitur,
1749 3176 1845 3233 sed

237 3273 526 3344 anteponit
572 3271 658 3326 illi
684 3270 855 3325 ﬁdem
886 3287 900 3336 ;
935 3269 1065 3342 quia
1107 3270 1202 3341 qui
1232 3285 1329 3340 per
1358 3269 1532 3339 legem
1554 3267 1691 3321 salvi
1730 3280 1845 3321 esse

238 3379 352 3419 non
400 3370 675 3436 poterant,
710 3361 884 3433 gratia
939 3360 1041 3416 Dei
1069 3360 1354 3415 salvantur
1382 3375 1479 3430 per
1506 3357 1692 3413 ﬁdem.
1722 3358 1846 3414 Non

234 3470 370 3525 ergo
399 3454 493 3509 lex
524 3452 606 3506 ira
625 3458 726 3519 est,
756 3449 852 3506 sed
874 3450 1013 3514 iram
1041 3456 1297 3521 operatur
1333 3448 1604 3521 peccanti,
1633 3447 1689 3503 id
1741 3452 1844 3511 est,

230 3558 505 3617 pmnam;
554 3541 686 3598 dum
743 3556 854 3596 non
899 3539 1156 3613 ignoscit,
1214 3539 1309 3596 sed
1361 3538 1629 3595 vindicat.
1678 3538 1847 3594 Pmna

233 3633 388 3689 enim
446 3647 544 3703 per
593 3629 731 3686 iram
789 3638 1100 3701 generatur,
1165 3629 1246 3685 ira
1290 3637 1471 3685 autem
1504 3628 1746 3686 nascitur
1773 3644 1845 3685 ex

234 3729 466 3797 peccato
501 3739 515 3789 ;
549 3738 612 3778 ac
644 3737 742 3794 per
789 3720 897 3779 hoc
926 3720 1169 3795 relinqui
1204 3721 1325 3777 vult
1354 3721 1548 3793 legem,
1580 3726 1642 3775 ut
1670 3719 1739 3777 ad
1767 3719 1846 3776 ﬁ-

235 3813 363 3869 dem
395 3811 769 3885 confugiatur,
800 3827 921 3884 quas
951 3811 1153 3869 delicta
1180 3810 1436 3884 ignoscit,
1469 3816 1532 3866 ut
1554 3809 1749 3866 salvet.

323 3924 342 3948 ι
378 3901 481 3959 Ubi
509 3902 658 3958 enim
688 3917 800 3958 non
830 3910 914 3958 est
960 3901 1073 3970 lex,
1104 3916 1206 3958 nec
1234 3899 1630 3973 praevaricatio.
1665 3925 1684 3951 ι
1729 3901 1844 3958 Hoc

234 3989 396 4058 dicit,
470 3991 601 4064 quia
639 3990 871 4047 sublatis
918 3989 999 4047 rei
1051 3990 1120 4047 de
1174 3997 1442 4062 potestate
1498 3990 1653 4062 legis,
1717 3989 1844 4046 data

237 4081 423 4150 venia,
456 4081 834 4153 praevaricatio
854 4080 1010 4137 nulla
1039 4087 1155 4147 est;
1188 4078 1476 4152 justiﬁcati
1507 4079 1657 4135 enim
1688 4088 1840 4136 sunt,

236 4170 336 4244 qui
382 4186 479 4243 per
521 4168 1031 4243 praevaricationem
1081 4168 1214 4241 legis
1239 4168 1460 4225 fuerant
1505 4175 1840 4240 peccatores,

236 4260 424 4318 Cessat
471 4261 619 4317 enim
671 4260 943 4318 factorum
975 4260 1086 4328 lex,
1122 4258 1180 4314 id
1209 4266 1312 4327 est,
1343 4257 1656 4316 observatio
1695 4257 1843 4315 Sab-

235 4348 513 4417 batorum,
591 4349 1029 4416 neomeniarum,
1076 4346 1534 4415 circumcisionis,
1590 4363 1838 4404 escarum

236 4439 521 4508 discretio,
562 4438 820 4494 animalis
864 4435 1093 4504 mortui,
1143 4443 1239 4493 aut
1274 4435 1560 4510 sanguinis
1589 4437 1839 4493 mustelae

239 4526 556 4585 observatio
590 4528 693 4600 (9).

305 4619 498 4690 (Vers.
543 4616 655 4689 16.)
715 4641 733 4663 ι
772 4615 902 4672 Ideo
928 4631 998 4672 ex
1028 4613 1158 4684 ﬁde,
1187 4622 1250 4672 ut
1280 4614 1582 4672 secundum
1611 4614 1839 4687 gratiam

234 4712 398 4766 ﬁrma
425 4708 499 4765 sit
524 4707 817 4782 promissio
856 4707 1009 4763 omni
1057 4706 1275 4763 semini.
1308 4732 1327 4756 ι
1372 4706 1558 4763 Firma
1585 4722 1701 4764 esse
1728 4722 1841 4762 non

235 4806 415 4873 potest
442 4798 736 4872 promissio
762 4798 914 4854 omni
945 4797 1168 4866 semini,
1194 4796 1301 4855 hoc
1319 4805 1423 4865 est,
1447 4797 1601 4853 omni
1625 4794 1841 4852 homini

234 4907 305 4948 ex
334 4889 489 4946 omni
536 4898 714 4961 gente,
739 4888 847 4945 nisi
867 4886 1037 4944 fuerit
1074 4903 1145 4943 ex
1176 4886 1303 4956 ﬁde,
1337 4887 1467 4959 quia
1514 4887 1669 4958 origo
1701 4902 1841 4958 pro-

232 4980 518 5037 missionis
542 4995 613 5036 ex
633 4978 741 5035 ﬁde
770 4987 872 5047 est,
904 4992 1018 5033 non
1039 4992 1110 5033 ex
1130 4977 1273 5048 lege;
1308 4978 1441 5049 quia
1465 4978 1559 5049 qui
1590 4977 1693 5033 sub
1723 4977 1840 5048 lege

234 5060 384 5140 sunt,
406 5069 487 5126 rei
508 5075 637 5127 sunt
660 5087 672 5124 :
696 5067 989 5142 promissio
1017 5073 1201 5122 autem
1225 5065 1333 5122 reis
1354 5065 1474 5122 dari
1494 5081 1606 5122 non
1637 5072 1833 5137 potest:

305 5214 389 5287 (8)
423 5215 583 5287 Rom.
634 5212 765 5270 edit.
798 5229 862 5271 ac
897 5210 1057 5285 pauci
1093 5225 1250 5279 mss.,
1292 5208 1422 5280 quia
1449 5207 1684 5263 omnium
1708 5224 1839 5280 pec-

230 5286 351 5343 cata
377 5286 634 5342 ablueret.

303 5359 387 5426 (9)
421 5358 586 5415 Corb.
631 5356 778 5423 cod.,
826 5360 924 5411 aut
947 5353 1163 5426 sanguis
1195 5350 1382 5426 mortis
1415 5353 1518 5426 lege
1546 5348 1839 5422 expiandus

232 5436 326 5503 est.
344 5423 575 5503 ,Beniig.
607 5445 675 5503 ac
688 5428 949 5503 _Thuan.,
961 5423 1218 5503 mustella:
1235 5423 1570 5503 expiandus.

304 5500 425 5573 (10)
458 5494 588 5558 Mss.
627 5494 971 5573 aliquot,_ASi
994 5513 1118 5573 ergo
1153 5496 1246 5568 qui
1274 5494 1369 5550 sub
1389 5496 1676 5573 _lege_sunt,
1706 5508 1840 5573 cru-7

231 5565 414 5629 dieudi
457 5580 612 5640 sunt;
646 5565 928 5639 nonnulli,
980 5565 1200 5641 Si‘erg'o
1241 5565 1400 5639 quasi
1438 5565 1532 5622 sub
1576 5567 1679 5638 lege
1717 5568 1843 5617 sunt

231 5644 536 5712 erudiendi,
566 5650 628 5701 ut
653 5643 749 5700 sub
782 5645 886 5715 lege
911 5642 1037 5699 sint.

1941 476 2078 532 ﬁant
2105 478 2214 535 dici
2261 479 2365 535 ﬁlii
2392 481 2511 550 Dei,
2555 490 2608 539 et
2636 482 2710 537 sit
2736 482 2898 538 ﬁrma
2949 479 3271 554 promissio.
3303 479 3361 536 Si
3391 480 3540 536 enim

1944 564 2091 622 ﬁlios
2115 567 2214 623 Dei
2245 585 2300 624 se
2330 569 2535 639 dicant,
2566 587 2691 626 eum
2727 571 2839 627 sint
2868 570 2967 638 rei,
3001 570 3106 626 hoc
3134 576 3235 637 est,
3267 568 3370 625 sub
3404 569 3538 641 lege,

1934 669 2045 710 non
2074 663 2155 711 est
2195 655 2414 713 ﬁrmum
2440 676 2452 725 ;
2479 659 2607 731 quia
2634 658 2737 714 ﬁlii
2764 660 2863 715 Dei
2893 659 3051 715 liberi
3080 666 3210 715 sunt
3237 674 3269 713 a
3297 664 3541 730 peccato.

1935 746 1992 802 Si
2022 762 2152 817 ergo
2173 748 2268 820 qui
2299 749 2401 805 sub
2432 749 2549 821 lege
2596 758 2745 819 sunt,
2779 751 3008 807 eruendi
3049 752 3165 824 (10)
3198 751 3265 808 de
3293 751 3397 808 sub
3427 752 3543 823 lege

1936 845 2090 903 sunt,
2120 846 2181 892 ut
2210 838 2631 909 promissionem
2661 848 2975 897 mereantur
3027 842 3274 915 accipere
3298 860 3310 909 ;
3336 850 3544 915 quanto

1941 927 2113 999 magis
2155 926 2249 1000 qui
2297 928 2399 985 sub
2448 930 2563 999 lege
2617 944 2727 984 non
2767 931 2945 985 ssunt!
2993 931 3113 986 Non
3143 948 3270 1003 ergo
3297 932 3542 1004 expedit,

1942 1025 2005 1072 ut
2039 1033 2095 1073 se
2126 1016 2309 1073 mittat
2360 1018 2462 1074 sub
2493 1019 2609 1090 lege
2641 1036 2655 1086 ;
2686 1027 2749 1075 ut
2791 1019 2962 1091 possit
2993 1020 3321 1093 compendio
3349 1022 3543 1079 mede-

1943 1104 2050 1160 lam
2084 1106 2336 1162 vulneris
2365 1108 2638 1165 invenire.

2028 1253 2046 1275 ‹
2084 1230 2205 1285 Non
2244 1231 2293 1285 ei
2323 1232 2418 1304 qui
2439 1248 2508 1288 ex
2550 1233 2665 1305 lege
2700 1242 2781 1290 est
2805 1242 3045 1303 tantum,
3070 1234 3165 1291 sed
3194 1233 3321 1291 etei
3353 1235 3449 1309 qui
3478 1252 3547 1291 ex

1944 1317 2051 1376 ﬁde
2081 1328 2163 1377 est
2191 1321 2449 1377 Abrahae.
2474 1349 2491 1371 ι
2534 1324 2649 1381 Hoc
2677 1333 2759 1381 est
2787 1326 2933 1399 quod
2956 1343 3121 1399 supra
3135 1325 3281 1382 dixit
3315 1342 3326 1381 :
3361 1326 3550 1383 c0mni

1945 1412 2166 1481 semini,
2188 1419 2296 1468 tam
2316 1413 2650 1485 Judaeorum,
2676 1416 2769 1489 qui
2790 1417 2981 1490 utique
3000 1433 3069 1472 ex
3095 1418 3210 1488 lege
3231 1416 3549 1485 veniebant,

1952 1517 2113 1572 quam
2149 1501 2463 1574 gentilium,
2486 1505 2583 1577 qui
2605 1504 2767 1561 ﬁdem
2792 1515 3098 1578 sequuntur
3114 1505 3369 1573 Abrahae,
3384 1521 3548 1579 quam

1947 1590 2172 1662 gentilis
2208 1590 2426 1660 habuit,
2458 1602 2519 1648 ut
2549 1603 2690 1650 esset
2710 1593 2911 1666 justus.
2945 1593 3073 1650 Sine
3105 1595 3219 1666 lege
3247 1593 3395 1650 enim
3426 1610 3554 1650 cre-

1947 1678 2089 1734 didit
2134 1679 2435 1747 Abraham,
2481 1681 2712 1755 ideoque
2746 1683 2917 1754 magis
2956 1682 3254 1754 gentilibus
3275 1682 3552 1755 jungitur,

1936 1776 1998 1824 ut
2027 1767 2187 1823 ﬁrma
2231 1768 2303 1824 sit
2331 1769 2410 1824 eis
2461 1770 2779 1842 promissio,
2814 1769 3176 1829 credentibus
3204 1771 3275 1839 ei,
3303 1770 3395 1829 cui
3422 1785 3554 1827 cre—

1946 1858 2090 1915 didit
2110 1858 2244 1932 ipse.

2022 1994 2204 2063 (Vers.
2239 1992 2350 2065 17.)
2397 2018 2414 2041 ι
2435 1994 2541 2062 Qui
2555 2003 2636 2051 est
2664 2002 2816 2067 pater
2845 1996 3115 2052 ommium
3146 2003 3395 2053 nostrum
3408 1996 3555 2053 sicut

1950 2083 2214 2155 scriptum
2271 2091 2393 2140 est:
2463 2083 2603 2153 Quia
2666 2093 2873 2157 patrem
2940 2086 3238 2143 multm-nm
3305 2086 3553 2160 gentium

1951 2175 2106 2246 posui
2134 2182 2186 2230 te
2216 2175 2371 2247 (Gen.
2402 2191 2543 2243 xvu,
2574 2174 2658 2247 4).
2694 2201 2711 2224 ›
2749 2176 3113 2234 Conﬁrmavit
3140 2178 3395 2249 exemplo
3417 2175 3553 2250 legis

1951 2262 2230 2320 Abraham
2283 2265 2532 2321 omnium
2607 2275 2816 2340 patrem
2876 2284 3011 2337 esse,
3059 2267 3154 2324 sed
3210 2285 3401 2325 eorum
3457 2269 3553 2343 qui

1952 2352 2186 2409 credunt
2218 2370 2229 2409 :
2292 2363 2346 2411 et
2374 2356 2455 2412 sic
2483 2356 2681 2412 ﬁrman
2712 2373 2826 2413 esse
2860 2357 3303 2431 promissionem,
3352 2358 3398 2415 si
3425 2358 3554 2416 ﬁdei

1951 2463 2116 2508 causa
2160 2451 2449 2508 recedatur
2499 2466 2531 2505 a
2561 2448 2698 2521 lege,
2757 2447 2886 2520 quia
2932 2447 3224 2519 promissio
3249 2448 3403 2522 regni
3433 2466 3555 2505 cos-

1954 2542 2132 2598 lorum
2158 2540 2324 2614 justis
2353 2540 2611 2612 deputata
2641 2545 2745 2605 est,
2782 2554 2892 2594 non
2916 2538 3311 2611 peccatoribus.
3356 2537 3427 2594 Et
3454 2538 3550 2610 qui

1953 2631 2056 2688 sub
2086 2632 2201 2705 lege
2221 2638 2372 2699 sunt,
2404 2629 2507 2685 sub
2537 2636 2758 2700 peccato
2788 2635 2938 2695 sunt,
2965 2627 3093 2699 quia
3132 2643 3322 2683 omnes
3354 2643 3553 2699 pecca-

1953 2728 2172 2789 verunt,
2197 2737 2298 2777 nec
2314 2735 2471 2792 posse
2490 2719 2731 2791 aliquem
2755 2724 2810 2773 et
2837 2717 2939 2773 sub
2956 2718 3070 2790 lege
3089 2732 3227 2784 esse,
3250 2725 3304 2772 et
3324 2716 3550 2789 gratiam

1951 2810 2233 2884 consequi,
2277 2810 2423 2867 sicut
2449 2818 2503 2866 et
2530 2808 2598 2865 ad
2648 2808 2866 2864 Galatas
2906 2807 2983 2864 ait
3018 2824 3030 2862 :
3076 2830 3095 2853 ι
3126 2805 3394 2863 Evacuati
3423 2804 3553 2862 estis

1952 2901 2194 2970 Christo,
2221 2899 2397 2973 quiin
2419 2901 2535 2973 lege
2569 2897 2984 2972 justiﬁcamini,
3009 2912 3040 2952 a
3068 2895 3242 2970 gratia
3267 2893 3551 2953 excidistis

1956 2991 2161 3064 (Galat.
2187 3008 2242 3060 v,
2273 2989 2353 3060 4).
2389 3015 2408 3038 ι

2036 3141 2055 3165 ι
2097 3120 2239 3175 Ante
2268 3133 2393 3173 eum
2415 3118 2505 3173 cui
2533 3114 2819 3173 credidisti
2848 3117 2981 3171 Deo.
3011 3139 3028 3162 ι
3074 3114 3145 3170 Ut
3172 3129 3345 3169 unum
3375 3114 3550 3169 Deum

1953 3208 2204 3263 omnium
2256 3206 2468 3272 doceat,
2527 3204 2829 3277 alloquitur
2858 3203 3106 3275 gentiles,
3138 3201 3414 3257 Abraham
3446 3201 3549 3274 ipsi

1953 3297 2066 3352 Deo
2116 3294 2433 3362 credidisse,
2481 3302 2536 3349 et
2588 3291 2951 3363 justiﬁcatum
3003 3304 3119 3345 esse
3165 3295 3291 3345 ante
3319 3305 3468 3357 eum,
3493 3289 3551 3344 in

1956 3395 2117 3452 quem
2149 3386 2202 3435 et
2231 3385 2415 3452 gentes
2428 3378 2659 3436 credunt
2678 3377 2831 3450 (ll):
2860 3383 2922 3431 ut
2934 3374 3330 3448 justiﬁcentur,
3351 3382 3413 3431 ut
3439 3390 3553 3431 non

1955 3473 2028 3531 sit
2074 3471 2337 3529 distantia
2381 3470 2556 3528 Judaei
2606 3479 2660 3527 et
2704 3469 2877 3527 Graeci
2918 3468 2976 3524 in
3026 3467 3153 3536 ﬁde,
3187 3466 3317 3541 quia
3339 3466 3552 3523 sublata

1953 3562 2374 3619 circumcisione
2402 3571 2455 3619 et
2485 3559 2773 3634 prmputio,
2820 3574 2990 3614 unum
3019 3557 3162 3612 ﬁunt
3190 3556 3247 3611 in
3279 3555 3501 3614 Christo
3534 3573 3546 3611 :

1953 3654 2084 3727 quia
2111 3661 2165 3710 et
2184 3652 2460 3710 Abraham
2482 3651 2542 3708 in
2572 3648 2839 3723 praeputio
2859 3646 3115 3713 credidit,
3138 3653 3191 3703 et
3213 3643 3551 3719 justiﬁcatus

1952 3750 2053 3800 est.

2036 3903 2054 3927 ε
2093 3879 2200 3948 Qui
2251 3878 2498 3936 viviﬁcat
2553 3886 2821 3945 mortuos,
2870 3883 2925 3932 et
2980 3883 3140 3932 vocat
3168 3889 3231 3930 ea
3286 3888 3405 3947 quae
3436 3889 3547 3929 non

1950 3978 2100 4040 sunt,
2151 3978 2412 4044 tanquam
2444 3985 2506 4025 ea
2556 3985 2677 4042 quas
2715 3975 2863 4024 sunt.
2905 3991 2923 4015 ι
2965 3966 3081 4022 Hoc
3106 3964 3255 4021 dicto
3285 3963 3351 4019 ad
3382 3962 3547 4019 ﬁdem

1950 4058 2185 4116 Abrahae
2216 4065 2404 4132 gentes
2433 4057 2655 4124 invitat,
2679 4055 2809 4128 quia
2846 4070 2971 4111 cum
2997 4060 3137 4110 esset
3166 4051 3225 4108 in
3257 4050 3547 4125 praeputio,

1949 4148 2177 4207 credens
2204 4150 2338 4216 Deo,
2360 4145 2519 4218 cujus
2539 4161 2689 4201 nunc
2710 4144 2845 4201 ﬁdes
2864 4142 3195 4217 praedicatur
3214 4141 3273 4198 in
3305 4139 3548 4210 Christo,

1950 4228 2264 4296 viviﬁcatus
2316 4245 2399 4295 est
2443 4253 2571 4295 cum
2600 4253 2699 4294 sua
2743 4233 2974 4308 conjuge
3023 4234 3162 4307 (l2).
3197 4232 3335 4292 Cum
3368 4239 3550 4290 essent

1948 4329 2097 4386 enim
2145 4327 2388 4385 obsoleta
2432 4334 2610 4396 aetate,
2665 4325 2906 4383 seniores
2963 4324 3349 4392 reviruerunt;
3383 4323 3461 4379 ita
3488 4329 3550 4379 ut

1948 4436 2059 4477 non
2109 4418 2383 4476 diﬁideret
2428 4417 2751 4474 habiturum
2780 4431 2836 4472 se
2883 4431 2953 4471 ex
2978 4415 3111 4472 Sara
3138 4413 3341 4479 ﬁlium,
3381 4427 3545 4486 quam

1864 4492 1914 4552 D
1949 4510 2192 4567 sterilem
2254 4508 2480 4577 sciebat,
2510 4514 2566 4564 et
2609 4506 2666 4562 in
2715 4522 2821 4580 qua
2861 4503 2974 4577 jam
3023 4504 3210 4561 ﬂuxus
3262 4500 3548 4560 muliebris

1954 4608 2162 4657 naturae
2218 4599 2527 4665 defecerat;
2559 4606 2622 4654 ut
2649 4611 2745 4670 per
2773 4594 2892 4651 haec
2920 4610 3030 4650 non
3060 4602 3254 4651 curent
3280 4606 3457 4662 neque
3480 4587 3548 4644 de

1950 4691 2238 4765 praeputio,
2284 4706 2461 4764 neque
2494 4689 2561 4746 de
2601 4686 3043 4753 circumcisione,
3076 4693 3131 4741 et
3164 4680 3405 4756 prompti
3435 4679 3548 4735 sint

1948 4783 2094 4839 circa
2148 4781 2314 4839 ﬁdem
2348 4798 2360 4837 :
2410 4778 2590 4837 securi
2645 4777 2775 4849 quia
2810 4775 3042 4831 credunt
3074 4772 3145 4840 ei,
3177 4770 3272 4843 qui
3302 4767 3549 4826 viviﬁcat
3574 4782 3589 4787 '

1948 4879 2218 4938 mortuos,
2262 4885 2365 4926 nec
2417 4867 2591 4924 alium
2621 4881 2736 4921 esse
2762 4864 2857 4936 qui
2904 4862 3048 4917 hanc
3071 4858 3270 4916 habeat
3299 4864 3548 4930 potesta—

1949 4968 2060 5016 tem
2089 4975 2101 5014 :
2152 4966 2208 5015 et
2249 4974 2377 5013 cum
2423 4954 2665 5011 voluerit
2691 4967 2826 5019 esse,
2863 4948 3010 5024 quod
3039 4965 3149 5005 non
3180 4956 3332 5015 sunt,
3357 4947 3544 5005 statim

1948 5048 2065 5123 ejus
2089 5047 2375 5105 voluntate
2422 5042 2745 5101 subsistant.
2777 5039 2905 5097 Ideo
2934 5039 3210 5097 Abraham
3240 5055 3365 5097 cum
3396 5045 3548 5112 pater

2019 5194 2136 5267 (11)
2189 5189 2396 5250 Codex.
2448 5186 2636 5253 Corb.,
2681 5203 2785 5243 esse
2828 5187 2975 5260 apud
3017 5202 3154 5255 eum,
3195 5190 3256 5241 ut
3292 5188 3340 5239 et
3378 5189 3547 5255 gentes

1943 5267 2247 5407 Wﬁﬁylta
2434 5330 2590 5407 Gill.,
2613 5329 2669 5385 in
2698 5336 2947 5407 marg._et
2969 5331 3128 5385 Rom.
3158 5329 3217 5385 in
3238 5341 3545 5407 corycum

1946 5396 2075 5463 mss.
2109 5396 2432 5463 nonnullis:
2466 5402 2586 5457 aliae
2616 5408 2798 5455 autem
2821 5396 2963 5456 edit.
2994 5418 3059 5457 ac
3100 5417 3257 5463 mss.,
3282 5396 3544 5469 justiﬁca-

1949 5485 2031 5532 tus
2058 5485 2150 5543 est,
2197 5491 2340 5529 unus
2360 5473 2634 5542 judicatus
2663 5477 2757 5537 est,
2788 5487 2906 5525 cum
2941 5489 3041 5529 sua
3070 5469 3306 5542 conjuge,
3338 5469 3450 5527 duo
3490 5469 3547 5523 in

1946 5566 2047 5605 sua
2074 5547 2310 5617 conjuge.
