3932 6210
437 301 503 358 91
1446 306 1543 363 ΑΙ)
1582 306 1812 365 OPERA
1849 308 1905 363 S.
1947 306 2280 365 AMBROSII
2317 308 2698 366 APPENDIX.
3701 321 3778 377 92

438 430 622 489 adhuc
652 448 764 489 non
809 443 971 499 esset,
1022 441 1250 491 vocatus
1276 442 1358 490 est
1383 442 1537 506 pater
1566 435 1863 489 multarum
1894 450 2035 507 gen-
2065 437 2116 496 Α
2145 434 2317 490 dihile
2377 444 2480 505 est,
2536 445 2589 494 et
2610 437 2827 494 mundo
2872 441 3107 496 stultum
3172 442 3416 512 videtur,
3467 446 3771 511 credatur;

439 520 605 586 tium,
654 529 710 577 et
763 521 1018 589 credidit,
1080 538 1306 579 securus
1358 523 1426 578 de
1485 522 1583 578 Dei
1656 522 1919 593 potentia.
1968 522 2037 577 Ut

437 618 622 666 autem
654 620 808 683 pater
850 610 1054 669 Christi
1097 611 1241 667 idem
1272 629 1387 668 esse
1413 614 1559 668 Deus
1587 611 1919 680 crederetur,
1943 613 2032 668 cui

437 699 676 756 credidit
750 699 1049 766 Abraham,
1118 702 1223 757 tale
1288 702 1504 771 signum
1577 701 1766 756 datum
1829 708 1911 755 est
1976 700 2034 756 in

437 788 701 845 Zacharia
738 798 791 845 et
837 790 1140 856 Elisabeth,
1172 806 1294 845 cum
1343 787 1635 861 promissio
1687 788 1939 845 redditur
1974 789 2033 845 in

438 879 668 945 mundo,
712 879 1034 935 imminente
1074 879 1314 946 Christo,
1360 878 1521 950 quale
1546 877 1735 933 datum
1767 878 1945 934 fuerat
1973 879 2032 935 in

439 967 711 1023 Abraham
742 976 795 1023 et
832 968 980 1035 Sara,
1016 967 1235 1040 quando
1258 967 1470 1039 signata
1498 967 1792 1039 promissio
1821 976 1937 1034 est;
1971 976 2033 1023 ut

434 1056 603 1113 simili
644 1073 837 1130 genere
902 1065 1150 1113 emortua
1196 1074 1425 1130 corpora
1468 1064 1749 1113 senectute
1798 1070 2033 1129 genera-

434 1155 555 1203 rent
599 1156 849 1203 sanctum
905 1148 1170 1204 Joannem
1218 1148 1372 1220 (Luc.
1426 1165 1463 1216 ι,
1515 1147 1629 1220 13),
1673 1147 1819 1204 sicut
1873 1156 2033 1204 natus

428 1234 606 1291 fuerat
633 1244 687 1292 et
707 1237 874 1294 Isaac.

502 1326 686 1399 (Vers.
730 1328 843 1400 18.)
882 1351 900 1374 ι
945 1327 1050 1395 Qui
1092 1334 1284 1383 contra
1332 1343 1484 1399 spem
1527 1326 1585 1382 in
1616 1343 1766 1399 spem
1799 1324 2035 1383 credidit

433 1415 590 1487 (Gen.
614 1434 714 1487 xv,
744 1419 825 1490 5).
860 1442 878 1465 ι
920 1417 1272 1474 Manifestum
1300 1426 1402 1483 est,
1434 1418 1565 1491 quia
1583 1416 1713 1472 dum
1738 1432 1887 1488 spem
1920 1430 2031 1471 non

430 1504 660 1563 haberet
734 1506 1028 1580 generandi
1102 1506 1402 1576 Abraham,
1465 1507 1700 1564 credidit
1758 1509 1872 1563 Deo
1937 1510 2027 1568 51

429 1603 593 1660 ﬁdem
640 1603 849 1661 habens
896 1611 1085 1661 contra
1129 1622 1280 1678 spem
1325 1621 1582 1678 generare
1621 1625 1699 1675 se,
1730 1609 1825 1665 sed
1854 1610 2034 1667 sciens

427 1694 613 1750 omnia
642 1711 797 1767 posse
822 1696 1018 1751 Deum.

512 1806 529 1830 ι
568 1785 639 1840 Ut
684 1783 839 1840 ﬁeret
884 1790 1037 1856 pater
1087 1785 1384 1841 multarum
1432 1787 1700 1858 gentium,
1722 1789 2030 1846 secundum
2061 1798 2108 1859 Β

429 1872 577 1946 quod
625 1873 834 1930 dictum
878 1881 992 1929 est:
1022 1873 1110 1930 Sic
1156 1874 1260 1930 erit
1304 1890 1491 1930 semen
1527 1883 1686 1932 tuum
1739 1878 1894 1949 (Gen.
1928 1896 2026 1948 xv,

427 1966 508 2037 5).
542 1990 560 2011 ι
601 1965 717 2021 Ηοο
744 1965 801 2020 in
832 1966 1062 2032 Genesi;
1095 1965 1385 2021 ostendens
1400 1967 1549 2022 enim
1582 1967 1666 2023 illi
1697 1970 1882 2025 stellas
1903 1970 2027 2026 coeli

427 2053 574 2111 dixit
611 2073 623 2111 :
675 2080 693 2101 ι
724 2054 813 2111 Sic
854 2056 961 2111 erit
996 2071 1180 2111 semen
1212 2062 1390 2124 tuum,
1422 2082 1441 2104 ι
1492 2057 1639 2131 quod
1677 2058 1905 2115 credens
1930 2062 2028 2131 ju-

426 2144 695 2201 stiﬁcatus
722 2151 823 2200 est.
875 2143 1122 2201 Credidit
1151 2143 1298 2200 enim
1330 2145 1477 2217 quod
1517 2147 1724 2204 mundo
1758 2148 2029 2221 impossi-

424 2233 535 2290 bile
585 2233 826 2304 videtur,
855 2234 989 2290 dum
1037 2234 1095 2289 in
1125 2249 1306 2289 rerum
1339 2242 1592 2291 naturam
1624 2252 1735 2292 non
1763 2237 1931 2305 cadit,
1965 2247 2029 2295 ut

423 2324 635 2398 possint
672 2341 828 2381 senes
872 2340 1147 2397 generare,
1186 2331 1240 2381 et
1272 2332 1425 2380 tanta
1459 2327 1618 2399 c0pia
1660 2315 2025 2400 multiplicari

423 2430 607 2470 semen
662 2430 877 2482 eorum,
930 2422 992 2470 ut
1053 2416 1330 2471 numerari
1386 2432 1500 2473 non
1547 2417 1739 2488 possit.
1793 2417 2029 2492 Ideoque

423 2505 660 2576 pretiosa
703 2511 785 2559 est
830 2503 987 2571 ﬁdes,
1037 2504 1166 2577 quia
1219 2513 1412 2562 contra
1468 2506 1526 2563 id
1579 2506 1726 2581 quod
1775 2508 1881 2565 scit
1930 2518 2026 2565 aut

423 2592 597 2662 videt,
644 2591 820 2649 credit
850 2593 1097 2649 futurum
1125 2610 1135 2647 :
1187 2593 1291 2651 hac
1318 2612 1411 2667 spe
1442 2596 1760 2653 consolatur
1788 2614 1866 2666 se,
1899 2597 2028 2670 quia

423 2688 567 2743 Deus
613 2696 695 2744 est
748 2688 843 2761 qui
878 2689 1188 2761 promittit;
1235 2688 1304 2746 de
1351 2706 1460 2763 quo
1505 2691 1630 2763 plus
1682 2691 1900 2748 senitiri
1930 2707 2030 2764 par

422 2774 524 2845 est,
555 2792 716 2849 quam
745 2775 987 2834 humana
1018 2777 1370 2835 imbecillitas
1398 2780 1562 2851 capit.

496 2864 675 2937 (Vers.
711 2866 920 2936 19-22.)
966 2891 983 2913 ι
1007 2868 1078 2922 Et
1106 2883 1217 2921 non
1249 2866 1561 2925 inﬁrmatus
1605 2876 1687 2925 est
1728 2868 1876 2926 ﬁde:
1928 2886 2029 2927 nec

424 2954 796 3011 consideravit
860 2970 1060 3026 corpus
1122 2972 1282 3011 suum
1332 2955 1447 3027 jam
1507 2967 1841 3028 emortuum,
1897 2978 2027 3018 cum

415 3045 532 3118 jam
594 3045 708 3101 fere
772 3053 994 3102 centum
1055 3052 1196 3102 esset
1266 3062 1557 3116 annorum,
1606 3056 1662 3105 et
1721 3060 2025 3108 emortuam

2145 523 2273 597 quia
2300 532 2505 597 quanto
2544 525 2889 597 impossibile
2915 537 3146 600 putatur
3167 530 3283 603 (14)
3312 532 3462 605 quod
3492 535 3768 605 creditur,

2144 622 2297 670 tanto
2353 616 2525 688 magis
2554 616 2937 673 honorabilior
2974 621 3081 676 erit
3121 622 3380 680 credens:
3424 632 3477 679 et
3508 641 3643 681 vere
3674 635 3774 682 ta-

2145 721 2269 760 men
2301 707 2531 763 stultum
2554 716 2694 764 esset
2723 708 2831 765 hoc
2860 708 3108 778 credere,
3135 711 3184 766 si
3213 712 3334 767 sine
3363 714 3480 769 Deo
3511 714 3635 771 ﬁeri
3668 715 3771 771 di—

2143 804 2376 852 ceretur.
2417 796 2490 852 Et
2519 796 2642 851 ideo
2681 805 2838 854 tanto
2870 798 3208 855 laudabilior
3237 811 3318 858 est
3354 801 3596 860 Abrahm
3630 804 3769 861 ﬁdes

2142 892 2465 940 cancrorum
2520 884 2648 952 ﬁde,
2685 888 2815 959 quia
2845 888 3019 942 nullis
3049 888 3335 960 signorum
3364 892 3639 964 prodigiis
3670 902 3770 949 at-

2142 976 2315 1027 tracta
2354 980 2455 1028 est.
2508 974 2780 1041 Quoniam
2828 983 3011 1031 autem
3058 978 3300 1034 mundus
3347 986 3494 1035 certa
3547 982 3667 1053 lege
3706 991 3763 1039 et

2142 1070 2427 1134 potestate
2454 1063 2798 1136 gubernatur
2811 1109 2824 1134 ,
2853 1074 2907 1121 et
2924 1067 3134 1137 regitur
3149 1068 3313 1124 modo
3329 1069 3560 1127 deﬁnito
3573 1089 3603 1126 a
3623 1074 3760 1139 Deo;

2142 1151 2396 1209 homines
2448 1163 2631 1210 autem
2684 1156 2877 1212 carnis
2924 1173 3110 1213 amore
3147 1158 3295 1215 circa
3330 1160 3601 1218 rationem
3632 1171 3762 1218 stu-

2140 1242 2282 1298 diosi
2305 1244 2445 1315 (15),
2478 1245 2651 1300 Deum
2682 1243 2849 1318 hujus
2869 1245 3122 1317 opiﬁcem
3145 1248 3512 1319 neglexerunt
3540 1266 3551 1303 :
3578 1252 3750 1321 Deus,

2142 1341 2204 1389 ut
2239 1349 2478 1389 errorem
2527 1335 2783 1402 auferret,
2824 1342 2878 1390 et
2918 1335 3207 1392 dominum
3255 1354 3312 1393 se
3359 1339 3614 1396 omnium
3645 1340 3754 1397 de-

2143 1430 2492 1491 monstraret,
2527 1423 2631 1480 hoc
2660 1439 2717 1479 se
2748 1439 2904 1496 posse
2933 1434 2987 1481 et
3016 1425 3210 1482 fecisse
3232 1426 3519 1499 praedicari
3552 1431 3755 1497 voluit,

2141 1512 2289 1583 quod
2320 1513 2526 1569 mundo
2581 1514 2924 1586 impossibile
2950 1521 3033 1571 est
3064 1531 3076 1569 :
3112 1524 3174 1572 ut
3202 1516 3297 1588 qui
3330 1516 3436 1574 hoc
3465 1519 3759 1576 crederent

2142 1600 2416 1659 damnatis
2447 1602 2515 1658 iis
2545 1603 2641 1676 qui
2685 1604 2897 1659 ratione
2928 1603 3126 1659 mundi
3157 1603 3341 1662 inﬂati
3368 1607 3541 1663 Deum
3575 1610 3757 1680 negle-

2142 1698 2363 1758 xerunt,
2396 1690 2619 1747 discreti
2635 1692 3011 1760 salvarentur,
3039 1693 3141 1749 Dei
3164 1693 3413 1750 dominio
3433 1697 3753 1770 mancipati.

2217 1780 2398 1849 (Vers.
2441 1780 2656 1851 23-25.)
2704 1805 2721 1828 ι
2760 1782 2881 1837 Non
2913 1788 3098 1837 autem
3131 1784 3396 1854 scriptum
3427 1792 3510 1840 est
3537 1792 3753 1843 tantum

2141 1876 2362 1940 propter
2399 1868 2578 1942 ipsum
2601 1870 2802 1938 solum,
2832 1871 2961 1943 quia
2999 1881 3311 1943 reputatum
3340 1880 3422 1929 est
3449 1872 3535 1930 illi
3575 1876 3645 1931 ad
3669 1876 3755 1948 ju-

2141 1959 2347 2015 stitiam
2381 1961 2533 2032 (Gen.
2569 1977 2667 2028 xv,
2699 1961 2755 2033 6)
2789 1978 2803 2027 ;
2839 1961 2933 2018 sed
2963 1968 3018 2017 et
3046 1970 3269 2035 propter
3297 1980 3416 2031 nos,
3440 1965 3647 2037 quibus
3673 1984 3751 2023 re-

2139 2048 2424 2120 putabitur
2441 2049 2794 2106 credentibus
2826 2051 2883 2105 in
2932 2067 3084 2119 eum,
3120 2052 3215 2123 qui
3249 2053 3543 2109 suscitavit
3567 2056 3751 2111 Iesum

2141 2136 2423 2194 Christum
2454 2138 2752 2195 Dominum
2785 2147 3051 2196 nostrum
3097 2157 3128 2195 a
3156 2142 3410 2211 mortuis,
3432 2144 3529 2215 qui
3567 2145 3753 2201 tradi-

2143 2235 2230 2284 tus
2257 2234 2340 2283 est
2369 2235 2591 2301 propter
2620 2238 2841 2300 peccata
2873 2238 3080 2299 nostra,
3105 2240 3159 2287 et
3199 2232 3502 2289 resurrexit
3530 2244 3754 2308 propter

2135 2314 2591 2388 justiﬁcationem
2618 2326 2883 2375 nostram.
2924 2345 2942 2367 ι
2986 2321 3048 2375 In
3080 2320 3359 2378 Abraham
3382 2322 3617 2379 formam
3649 2325 3751 2380 da-

2138 2414 2249 2462 tam
2282 2407 2419 2464 dicit
2461 2408 2665 2465 Judaeis
2695 2418 2749 2466 et
2793 2410 3068 2482 gentibus,
3098 2418 3162 2466 ut
3201 2413 3455 2485 exemplo
3488 2412 3610 2485 ejus
3640 2432 3750 2472 cre-

2138 2496 2337 2554 damus
2408 2498 2465 2553 in
2520 2500 2719 2567 Deum,
2767 2508 2821 2555 et
2869 2500 2925 2555 in
2973 2500 3276 2570 Christum,
3307 2510 3362 2557 et
3390 2502 3448 2558 in
3481 2504 3749 2574 Spiritum

2139 2596 2419 2654 sanctum,
2448 2595 2504 2643 et
2551 2595 2840 2659 reputetur
2880 2588 3042 2646 nobis
3065 2588 3303 2662 justitia.
3337 2589 3602 2657 Quamvis
3633 2592 3753 2649 dif—

2143 2674 2286 2730 ferat
2313 2674 2467 2747 quod
2492 2692 2644 2732 nunc
2670 2677 2920 2734 creditur
2950 2679 3091 2750 (16),
3119 2695 3292 2735 unum
3328 2688 3512 2737 tamen
3543 2680 3751 2738 donum

2141 2762 2305 2819 habet
2343 2764 2499 2820 ﬁdes.
2536 2766 2655 2822 Hoc
2670 2782 2798 2838 ergo
2821 2768 3237 2840 consequimur,
3259 2768 3403 2842 quod
3427 2770 3711 2826 credimus
3738 2786 3748 2823 :

2139 2852 2427 2909 credentes
2475 2854 2625 2910 enim
2673 2856 2964 2914 Christum
3014 2857 3113 2914 Dei
3160 2875 3275 2914 esse
3323 2858 3551 2928 Filium,
3580 2879 3613 2917 a
3642 2863 3752 2918 Deo

2138 2940 2469 3014 adoptamur
2497 2943 2555 2999 in
2584 2944 2731 3001 ﬁlios
2762 2964 2775 3012 ;
2809 2946 2955 3002 nihil
2987 2947 3136 3002 enim
3166 2948 3311 3002 ultra
3338 2949 3519 3019 potuit
3547 2948 3751 3006 donare

2138 3030 2517 3101 credentibus,
2536 3050 2698 3107 quam
2717 3044 2779 3091 ut
2801 3035 2902 3091 ﬁlii
2931 3035 3029 3091 Dei
3050 3036 3326 3103 dicantur,
3352 3038 3581 3107 perﬁdis
3599 3039 3748 3096 abdi-

422 3137 647 3192 vulvam
678 3136 840 3193 sam.
878 3137 941 3193 In
967 3135 1394 3209 repromissione
1420 3145 1605 3194 autem
1634 3140 1733 3197 Dei
1766 3157 1878 3197 non
1913 3141 2020 3198 ha,
2061 3160 2106 3221 Ο
2140 3120 2298 3177 catis.
2321 3122 2430 3178 Nos
2459 3123 2605 3179 enim
2628 3123 2731 3179 ﬁlii
2750 3123 2849 3180 Dei
2874 3139 3156 3191 vocamur,
3177 3123 3257 3178 illi
3279 3133 3461 3181 autem
3482 3142 3586 3184 nec
3604 3128 3747 3184 servi

418 3224 609 3282 sitavit
666 3224 995 3295 difﬁdentia,
1073 3224 1170 3282 sed
1220 3225 1580 3283 conﬁrmatus
1649 3234 1732 3284 est
1788 3229 1845 3284 in
1902 3229 2030 3296 ﬁde,

416 3314 606 3371 dando
665 3314 901 3389 gloriam
977 3318 1128 3373 Deo:
1190 3325 1403 3373 certum
1459 3316 1667 3374 habens
1725 3319 1855 3392 quia
1909 3336 2030 3392 quae

419 3405 692 3478 promisit,
722 3414 916 3478 potens
964 3412 1047 3463 est
1089 3414 1143 3462 et
1169 3405 1390 3473 facere;
1427 3406 1660 3481 ideoque
1692 3409 2027 3465 aestimatum

416 3503 499 3551 est
545 3495 629 3551 illi
657 3495 725 3551 ad
767 3495 1064 3568 justitiam.
1100 3520 1118 3543 ι
1159 3496 1276 3551 Hoc
1322 3496 1482 3552 laude
1509 3497 1734 3569 dignum
1768 3499 2026 3570 praedicat

416 3585 729 3652 Abraham;
756 3586 886 3659 quia
906 3601 1031 3641 cum
1055 3602 1112 3640 se
1134 3585 1305 3641 sciret
1326 3603 1436 3641 non
1457 3602 1632 3657 posse,
1646 3587 2022 3645 inﬁrmitatem

415 3689 573 3731 suam
629 3673 738 3730 ﬁde
805 3674 1086 3742 ﬁrmavit;
1161 3684 1226 3732 ut
1283 3675 1529 3733 crederet
1591 3694 1647 3735 se
1700 3695 1856 3750 posse
1927 3695 2024 3751 per

416 3765 616 3832 Deum,
660 3764 808 3837 quod
857 3764 1023 3821 sciret
1079 3764 1197 3821 ﬁeri
1252 3783 1348 3839 per
1388 3768 1585 3824 mundi
1641 3768 1857 3827 decreta
1908 3785 2020 3824 non

416 3868 594 3926 posse.
666 3853 846 3927 Magni
893 3870 1021 3928 ergo
1087 3854 1268 3912 meriti
1323 3864 1404 3913 est
1467 3857 1611 3929 apud
1665 3860 1864 3925 Deum,
1920 3850 2017 3931 qui

415 3949 608 3999 contra
644 3943 927 3999 scientiam
972 3960 1126 4000 suam
1172 3945 1286 4001 Deo
1324 3945 1583 4013 credidit,
1614 3963 1725 4003 non
1755 3947 2018 4004 dubitans

415 4046 571 4104 posse
623 4031 802 4100 illum,
873 4041 1063 4105 utpote
1096 4035 1293 4103 Deum,
1345 4034 1492 4108 quod
1548 4035 1654 4092 scit
1712 4036 2014 4093 secundum

414 4119 607 4176 mundi
644 4120 912 4177 rationem
962 4122 1082 4178 ﬁeri
1130 4139 1241 4178 non
1288 4139 1464 4195 posse.
1520 4123 1627 4177 Pro
1684 4131 1837 4179 certo
1866 4124 2014 4179 enim

414 4209 580 4266 habet
633 4212 809 4267 Deum
864 4211 1013 4266 ultra
1060 4211 1328 4267 rationem
1388 4211 1581 4267 mundi
1637 4227 1792 4279 esse;
1850 4228 2015 4268 nemo

411 4300 561 4355 enim
593 4300 739 4356 intra
784 4300 841 4356 id
868 4315 984 4355 esse
1014 4299 1281 4355 dicendus
1306 4307 1409 4368 est,
1450 4299 1597 4372 quod
1625 4300 1852 4358 creavit.
1886 4301 2014 4357 Ideo

410 4386 727 4460 hujusmodi
775 4387 1208 4444 remunerandus
1249 4396 1331 4443 est
1364 4403 1395 4442 a
1449 4389 1583 4455 Deo,
1624 4388 1755 4459 quia
1801 4391 2009 4446 auctori

410 4494 512 4533 suo
563 4479 687 4549 plus
716 4478 931 4545 tribuit,
975 4493 1139 4548 quam
1214 4477 1327 4549 ipse
1368 4476 1530 4548 sapit.
1587 4477 1744 4545 Quod
1793 4478 2011 4552 quidem

411 4567 626 4621 nullius
643 4567 801 4638 pretii
823 4572 983 4635 esset,
1000 4566 1047 4620 si
1065 4582 1255 4621 omnes
1272 4583 1426 4639 aequa
1436 4567 1706 4623 sentirent
1724 4585 1737 4634 ;
1762 4568 1856 4623 sed
1876 4585 1924 4622 m
1936 4570 2015 4624 ul-

414 4664 595 4711 torum
609 4654 913 4712 difﬁdentia
924 4656 1345 4713 commendatur
1359 4656 1495 4712 ﬁdes
1505 4656 1847 4713 credentium
1865 4658 2009 4729 apud

410 4745 608 4801 Deum.
645 4745 908 4802 Hortatur
944 4762 1071 4818 ergo
1110 4751 1295 4816 gentes
1339 4744 1407 4801 ad
1446 4744 1588 4802 hanc
1618 4744 1743 4802 ﬁdei
1785 4745 2011 4803 ﬁrmita-

408 4842 521 4891 tem
572 4835 713 4909 (l3),
771 4843 833 4892 ut
894 4835 991 4892 Dei
1051 4833 1471 4908 promissionem
1529 4841 1582 4890 et
1632 4836 1861 4908 gratiam
1895 4836 2014 4893 sine

414 4922 599 4996 aliqua
627 4922 982 4996 ambiguitate
1002 4924 1333 4996 suscipiant,
1355 4925 1532 4982 securi
1556 4926 1811 4997 exemplo
1842 4926 2012 4982 Abra-

419 5009 525 5081 hae,
560 5012 690 5084 quia
718 5012 847 5070 inde
892 5014 1137 5071 credenti
1171 5015 1290 5070 laus
1318 5015 1538 5081 crescit,
1570 5014 1616 5071 si
1645 5015 1794 5088 quod
1824 5014 2015 5072 incre-

486 5155 603 5232 (Ψ)
638 5154 1083 5232 Cocdex_Corb.,
1112 5160 1183 5213 ad
1216 5159 1349 5214 hane
1372 5160 1496 5232 ﬁdei
1523 5160 1847 5230 dignitatem.

486 5226 604 5302 (lli)
636 5227 1098 5302 ljionnullimssu
1128 5238 1326 5300 quanto
1355 5226 1835 5302 stultum'putatur.

488 5298 606 5367 (15)
640 5299 797 5354 Rom.
862 5300 1020 5370 edit.,
1065 5298 1315 5358 ﬂamines
1356 5309 1531 5357 autem
1567 5298 1710 5357 circa
1754 5299 2017 5355 rationem

416 5370 597 5424 carnis
630 5370 869 5426 studiosi.
1170 5396 1173 5400 ι

490 5440 607 5525 (16)
640 5441 765 5499 Vet.
797 5443 929 5525 edit.
955 5444 1241 5525 pluresque
1274 5461 1429 5525 mss_.,
1460 5441 2016 5525 quod‘nm‘i'ere'ditur,

415 5508 665 5592 quidam,
696 5515 851 5592 quod
892 5508 998 5568 no'n
1029 5508 1267 5592 credita
1295 5508 1506 5592 melius
1536 5521 1630 5569 aut
1662 5514 2016 5592 edita-Rom”

416 5582 558 5650 quod
586 5582 840 5652 creditur,
874 5592 973 5640 aut
996 5585 1117 5640 cod.
1141 5585 1336 5651 Mich.,
1367 5586 1506 5652 quod
1529 5601 1666 5638 nunc
1692 5584 1945 5638 creditur.

488 5653 607 5726 (17)
643 5655 724 5710 Ita
751 5671 883 5711 mss.
936 5656 1122 5726 plures
1149 5672 1213 5711 ac
1240 5655 1480 5728 potiores
1505 5670 1517 5709 :
1550 5653 1645 5709 alii
1675 5661 1856 5709 tamen
1886 5668 2019 5707 non-

2142 3209 2297 3282 digni
2340 3219 2472 3267 sunt
2527 3213 2856 3283 nuncupari.
2902 3212 3007 3268 Pro
3043 3211 3261 3270 inﬁnita
3306 3213 3451 3269 enim
3498 3218 3746 3290 magniﬁ-

2142 3299 2324 3355 centia
2343 3316 2441 3356 sua
2464 3302 2611 3358 Deus
2631 3301 2737 3358 hoc
2751 3300 2981 3357 donavit
2999 3300 3355 3373 diligentibus
3383 3320 3463 3369 se,
3485 3305 3634 3376 quod
3653 3322 3749 3362 sua

2140 3387 2369 3461 dignum
2401 3399 2484 3447 est
2505 3391 2809 3463 majestate,
2837 3407 2949 3447 non
2969 3392 3116 3463 quod
3137 3391 3389 3448 homines
3412 3405 3744 3463 mereantur,

2137 3477 2269 3548 quia
2296 3478 2354 3533 in
2383 3478 2533 3534 dono
2581 3479 2756 3551 magis
2792 3480 2977 3536 dantis
3014 3496 3176 3552 quam
3208 3480 3528 3552 accipientis
3566 3484 3744 3539 consi-

2137 3564 2363 3621 deratur
2397 3567 2735 3635 sublimitas,
2764 3576 2818 3623 et
2843 3584 2913 3623 ex
2931 3584 2997 3622 eo
3017 3569 3139 3640 plus
3168 3570 3368 3642 accipit
3388 3571 3588 3639 laudis,
3616 3589 3742 3628 cum

2133 3653 2385 3725 parvulis
2416 3671 2614 3727 magna
2642 3656 2787 3713 dona
2817 3656 3046 3728 largitur
3065 3673 3160 3728 per
3179 3658 3482 3729 Christum,
3514 3661 3612 3733 qui
3641 3677 3739 3718 no-

2130 3743 2233 3799 stri
2267 3758 2434 3800 causa
2461 3743 2639 3800 occidi
2683 3761 2740 3800 se
2772 3761 2964 3817 passus
2999 3753 3100 3813 est,
3125 3754 3188 3802 ut
3206 3763 3326 3817 nos,
3357 3748 3484 3806 data
3500 3749 3684 3817 venia,
3713 3766 3744 3805 a

2132 3834 2374 3891 secunda
2390 3841 2567 3890 morte
2592 3843 2823 3902 erueret,
2847 3834 2903 3891 id
2924 3842 3026 3903 est,
3049 3854 3080 3892 a
3102 3854 3261 3909 pcena
3282 3838 3487 3893 inferni
3511 3855 3522 3893 :
3549 3847 3605 3894 et
3623 3854 3740 3893 sur-

2128 3923 2294 3992 rexit,
2319 3930 2381 3979 ut
2397 3940 2494 3995 per
2513 3922 2765 3981 laetitiam
2786 3924 3060 3997 triumphi
3083 3925 3194 3998 (17)
3216 3926 3409 3982 mortis
3420 3926 3613 3983 evicta:
3624 3943 3740 3998 gra-

2126 4011 2260 4068 tiam
2310 4013 2473 4069 nobis
2513 4012 2932 4085 justiﬁcationis
2980 4014 3228 4082 donaret,
3280 4024 3340 4071 ut
3390 4014 3545 4087 digni
3596 4031 3736 4072 esse-

2127 4117 2250 4157 mus
2278 4101 2390 4158 dici
2419 4102 2521 4157 ﬁlii
2544 4102 2663 4158 Dei.
2686 4104 2830 4159 Ante
2855 4104 3165 4176 passionem
3182 4104 3328 4159 enim
3351 4104 3446 4176 qui
3473 4104 3739 4177 baptizati

2125 4200 2275 4260 sunt,
2294 4192 2463 4248 solam
2487 4192 2866 4249 remissionem
2886 4202 3214 4265 acceperunt
3231 4201 3577 4265 peccatorum
3609 4211 3741 4268 quo-

2124 4297 2247 4337 rum
2266 4282 2385 4338 zelo
2418 4282 2644 4338 Satanas
2674 4281 2878 4339 occidit
2919 4282 3256 4341 Salvatorem
3294 4301 3304 4339 :
3346 4293 3468 4355 post
3498 4301 3737 4341 resurre-

2128 4372 2367 4429 ctionem
2399 4388 2532 4428 vero
2562 4382 2674 4429 tam
2711 4373 2753 4428 ii
2778 4372 2871 4446 qui
2894 4374 3069 4445 prius,
3099 4391 3262 4447 quam
3303 4375 3392 4430 isti
3426 4377 3519 4448 qui
3552 4388 3739 4449 postea

2126 4461 2388 4533 baptizati
2402 4471 2532 4519 sunt
2549 4478 2741 4518 omnes
2747 4462 3037 4535 justiﬁcati
3050 4472 3179 4521 sunt
3191 4480 3287 4535 per
3299 4464 3480 4520 datam
3498 4465 3735 4523 formam

2127 4558 2221 4614 52
2251 4552 2379 4608 ﬁdei
2410 4553 2719 4623 Trinitatis,
2745 4564 3083 4627 acceptoque
3104 4556 3315 4629 Spiritu
3336 4566 3526 4612 sancto
3545 4558 3640 4630 qui
3665 4559 3736 4614 si-

2122 4666 2290 4723 gnum
2320 4656 2402 4704 est
2428 4650 2798 4719 credentium,
2820 4652 2970 4723 quod
2995 4652 3222 4709 sintﬁlii
3243 4652 3364 4708 Dei.
3380 4653 3454 4707 Et
3473 4660 3535 4708 ut
3553 4653 3622 4709 ad
3642 4670 3735 4710 cu-

2121 4739 2337 4795 mulum
2350 4737 2509 4793 nobis
2522 4736 2938 4808 justiﬁcationis
2955 4741 3264 4812 proﬁceret,
3287 4757 3576 4813 resurgens
3596 4758 3735 4813 pra:-

2121 4828 2296 4901 ceptis
2307 4828 2422 4884 suis
2435 4829 2819 4885 auctoritatem
2836 4829 3062 4898 tribuit;
3081 4838 3143 4887 ut
3160 4847 3349 4887 eorum
3365 4831 3554 4887 aemuli
3571 4831 3731 4885 meri-

2123 4919 2197 4975 tis
2224 4933 2520 4990 augeamus
2530 4933 2650 4986 nos,
2671 4934 2768 4990 per
2784 4935 2906 4992 quae
2923 4921 3151 4992 gloriam
3173 4919 3379 4991 adepti,
3400 4920 3535 4976 clari
3564 4935 3732 4990 appa-

2123 5024 2341 5065 reamus
2360 5008 2420 5064 in
2450 5024 2617 5082 regno
2637 5010 2761 5080 Dei,
2783 5010 2887 5069 hac
2904 5010 3109 5067 ﬁducia
3134 5027 3242 5084 qua
3254 5009 3545 5082 justiﬁcati
3569 5008 3686 5081 (18)
3700 5027 3733 5066 a

2124 5153 2290 5223 nulli,
2313 5162 2367 5212 et
2405 5169 2597 5210 omnes
2636 5153 2797 5223 edit.,
2821 5159 2881 5209 ut
2901 5170 3006 5225 pro
3039 5153 3223 5209 laetitia
3263 5153 3556 5225 triumphi:
3585 5169 3732 5209 unus

2117 5244 2236 5299 pra:
2264 5226 2446 5282 latitia
2468 5227 2743 5299 triumphi.

2200 5299 2316 5370 (18)
2358 5299 2561 5370 Omnes
2612 5293 2744 5353 edit.
2796 5312 2862 5352 ac
2908 5293 3131 5370 quidam
3172 5313 3325 5370 mss,
3375 5296 3595 5351 (amulos
3633 5313 3729 5370 nos

2123 5367 2220 5424 hac
2264 5367 2460 5441 ﬁducia
2498 5368 2713 5439 faceret,
2750 5384 2851 5440 per
2884 5384 3046 5441 quani
3102 5367 3478 5441 justiﬁcemur,
3525 5367 3730 5441 meritis

2125 5458 2219 5495 nos
2264 5438 2592 5512 augeremus,
2641 5438 2947 5512 per'quam
3002 5439 3185 5509 (Rom.
3229 5438 3373 5512 edit.
3417 5438 3730 5512 meritisque

2125 5510 2435 5581 augeam'ur,
2467 5519 2514 5567 et
2548 5510 2777 5581 tandem)
2808 5510 3037 5581 gloriam
3061 5510 3259 5581 adepti,
3288 5510 3427 5566 clari
3452 5527 3729 5581 apparea-

2125 5599 2241 5637 mus
2271 5583 2327 5636 in
2365 5600 2527 5654 regno
2568 5583 2667 5638 Dei
2686 5600 2713 5654 ;Δ
2745 5582 2874 5654 quia
2909 5581 3212 5654 justi/icati,
3255 5590 3361 5639 etc.
3402 5581 3508 5638 Sed
3550 5582 3727 5639 multo

2126 5652 2470 5710 commodius
2498 5653 2593 5709 alii
2618 5652 2739 5712 cod.
2758 5652 2834 5710 ’ut
2861 5653 2919 5709 in
2947 5652 3231 5712 contextu.
