3932 6210
359 302 432 361 93
1473 308 1838 367 COMMENT.
1878 310 1951 368 IN
1987 310 2204 368 EPIST.
2244 312 2343 369 AD
2380 313 2551 371 ROM.
3597 321 3668 381 94

358 434 534 486 morte
565 429 737 485 teneri
765 445 879 487 non
909 431 1204 504 possimus.
1240 430 1497 489 Passione
1521 432 1671 489 enim
1701 432 1965 490 Salvato-
1991 442 2042 502 Α

359 518 435 574 ris
462 518 609 574 victa
636 535 804 587 mors,
854 536 978 593 qua)
1014 521 1169 593 prius
1197 538 1361 578 causa
1389 522 1597 595 peccati
1621 522 1956 582 dominaba-

358 616 471 680 tur,
494 607 827 681 justiﬁcatos
855 610 927 668 ab
949 627 1015 668 eo
1046 612 1284 669 retinere
1309 627 1420 669 non
1449 613 1636 670 audet.

998 824 1227 884 CAPUT
1266 827 1335 884 V.

433 1010 617 1082 (Vers.
659 1008 738 1079 1.)
793 1031 811 1056 ι
850 1008 1139 1066 Justiﬁcati
1171 1009 1343 1081 igitur
1370 1026 1440 1066 ex
1468 1009 1598 1081 ﬁde,
1628 1028 1814 1084 pacem
1849 1013 1959 1069 ha-

358 1101 588 1156 beamus
634 1097 701 1154 ad
745 1100 921 1155 Deum
976 1115 1074 1171 per
1121 1099 1421 1156 Dominum
1470 1108 1720 1157 nostrum
1772 1101 1955 1157 Jesum

359 1189 664 1247 Christum.
693 1213 712 1235 ι
753 1189 949 1244 Pacem
980 1204 1107 1245 cum
1141 1190 1254 1245 Deo
1286 1188 1488 1245 habere
1510 1189 1645 1246 ﬁdes
1666 1190 1821 1258 facit,
1845 1206 1957 1246 non

359 1280 451 1335 lex
481 1298 495 1347 ;
528 1279 645 1335 hac
673 1278 818 1333 enim
852 1294 956 1333 nos
985 1280 1097 1333 Deo
1127 1279 1465 1347 reconciliat,
1494 1279 1727 1336 sublatis
1757 1296 1956 1351 pecca-

358 1369 447 1437 tis,
482 1385 603 1440 quae
632 1383 732 1423 nos
762 1369 877 1423 Deo
907 1366 1149 1424 fecerant
1176 1367 1455 1425 inimicos.
1496 1370 1568 1425 Et
1597 1370 1727 1442 quia
1755 1370 1957 1426 Domi-

353 1483 458 1523 nus
485 1466 642 1522 Jesus
667 1466 834 1538 hujus
857 1467 1043 1539 gratiae
1062 1466 1314 1523 minister
1341 1477 1442 1536 est,
1474 1484 1570 1540 per
1598 1466 1777 1540 ipsum
1812 1468 1957 1540 paci-

351 1557 498 1614 ﬁcati
528 1574 721 1614 sumus
749 1558 863 1613 Deo
889 1575 900 1612 :
953 1556 1129 1626 major
1158 1557 1306 1613 enim
1337 1556 1493 1627 ﬁdes,
1518 1574 1681 1630 quam
1712 1559 1803 1613 lex
1831 1568 1949 1623 est;

351 1646 441 1702 lex
462 1646 611 1702 enim
638 1654 827 1703 nostra
856 1663 1020 1703 causa
1048 1654 1151 1712 est,
1184 1645 1318 1702 ﬁdes
1352 1647 1451 1703 Dei
1477 1664 1489 1702 :
1525 1656 1579 1703 et
1610 1648 1697 1702 lex
1726 1647 1794 1703 ad
1818 1664 1952 1720 prae-

349 1742 560 1792 sentem
588 1734 943 1808 disciplinam
974 1735 1229 1807 pertinet,
1281 1734 1414 1791 ﬁdes
1454 1751 1585 1791 vero
1622 1735 1690 1791 ad
1719 1736 1950 1792 salutem

351 1834 690 1899 perpetuam.
723 1825 828 1882 Sed
872 1825 966 1898 qui
1014 1825 1081 1882 de
1126 1824 1346 1882 Christo
1394 1842 1505 1881 non
1545 1824 1620 1881 ita
1660 1826 1846 1894 sentit,
1886 1834 1950 1882 ut

352 1915 532 1984 debet,
580 1914 648 1972 ad
680 1915 807 1972 ﬁdei
842 1916 1066 1988 praemia
1112 1932 1223 1972 non
1250 1916 1450 1989 poterit
1477 1914 1785 1989 pervenire,
1818 1915 1949 1989 quia

352 2005 481 2063 ﬁdei
510 2022 622 2061 non
652 2012 800 2062 tenet
829 2005 1140 2061 veritatem.

429 2114 613 2186 (Vers.
645 2114 727 2186 2.)
773 2138 790 2160 ι
826 2115 929 2170 Per
955 2130 1116 2187 quem
1148 2122 1203 2170 et
1240 2129 1518 2171 accessum
1547 2113 1817 2170 habemus
1853 2129 1949 2186 per

357 2202 522 2259 ﬁdem
563 2203 622 2258 in
664 2204 891 2275 gratiam
923 2204 1083 2261 istam
1128 2204 1184 2260 in
1232 2221 1339 2278 qua
1368 2212 1598 2273 stamus,
1645 2211 1699 2260 et
1736 2203 1948 2277 gloria-

355 2308 481 2348 mur
510 2292 568 2348 in
598 2308 691 2365 spe
737 2292 923 2365 gloria:
951 2293 1195 2350 ﬁliorum
1242 2294 1359 2350 Dei.
1414 2318 1433 2342 ι
1486 2293 1835 2349 Manifestum
1868 2300 1950 2349 est

356 2397 450 2453 per
492 2380 773 2439 Christum
819 2399 919 2439 nos
965 2382 1177 2438 aditum
1224 2381 1424 2438 habere
1456 2383 1522 2438 ad
1554 2385 1782 2455 gratiam
1811 2385 1944 2452 Dei;

355 2468 471 2542 ipse
500 2470 649 2525 enim
690 2478 771 2527 est
796 2470 1004 2527 arbiter
1035 2471 1135 2527 Dei
1165 2480 1219 2528 et
1251 2471 1563 2540 hominum,
1594 2472 1688 2545 qui
1719 2488 1818 2528 nos
1847 2471 1950 2527 do-

352 2559 535 2615 ctrina
562 2576 659 2616 sua
700 2560 936 2634 erigens,
963 2577 1181 2632 sperare
1209 2560 1340 2617 fecit
1368 2560 1576 2616 donum
1607 2560 1795 2633 gratiae
1828 2561 1951 2628 Dei,

352 2656 559 2704 stantes
588 2649 644 2704 in
691 2648 797 2705 ﬁde
840 2648 977 2721 ejus.
1013 2649 1141 2706 Ideo
1170 2657 1397 2719 stantes,
1446 2649 1576 2722 quia
1602 2649 1755 2722 prius
1777 2648 1952 2722 jacui-

354 2754 509 2794 mus:
568 2737 851 2796 credentes
896 2747 1074 2795 autem
1108 2739 1274 2795 erecti
1304 2757 1516 2809 sumus,
1571 2739 1867 2813 gloriantes
1895 2739 1953 2795 in

353 2844 447 2901 spe
477 2829 763 2899 claritatis,
786 2847 948 2905 quam
980 2830 1234 2903 promisit
1264 2833 1410 2888 Deus
1439 2832 1619 2889 nobis.

426 2935 608 3008 (Vers.
638 2938 716 3010 3.)
768 2963 786 2985 ι
820 2939 941 2995 Νοιι
972 2940 1151 2996 solum
1184 2947 1384 3007 autem,
1421 2938 1517 2995 sed
1555 2946 1609 2995 et
1654 2938 1957 3011 gloriamur

355 3029 412 3084 in
440 3029 895 3087 tribulationibus
926 3030 1150 3088 nostris.
1198 3055 1216 3079 ι
1271 3031 1544 3100 Quoniam
1592 3046 1688 3103 per
1726 3030 1956 3087 tribula-

356 3120 532 3178 tiones
559 3130 775 3195 oportet
803 3138 904 3178 nos
936 3122 1141 3178 intrare
1167 3122 1226 3177 in
1262 3138 1490 3194 regnum
1520 3121 1618 3178 Dei
1653 3122 1798 3193 (Act.
1835 3138 1953 3190 XIV,

356 3208 472 3277 2i),
517 3209 643 3267 ideo
685 3219 740 3265 et
791 3210 848 3265 in
883 3210 971 3265 his
1016 3209 1366 3281 gloriandum
1396 3210 1575 3266 docet.
1608 3210 1735 3279 Spei
1778 3218 1961 3265 autem

352 3297 541 3354 addita
584 3297 874 3355 tribulatio
905 3306 1260 3369 augmentum
1306 3298 1441 3353 facit
1486 3298 1736 3368 praamii;
1791 3298 1961 3353 index

352 3388 500 3441 enim
534 3387 661 3441 ﬁxa:
690 3386 805 3458 spei
838 3386 1122 3442 tribulatio
1153 3394 1255 3454 est,
1282 3402 1401 3458 quae
1434 3386 1811 3442 testimonium
1842 3402 1959 3457 per-

354 3474 510 3530 hibet
538 3474 608 3530 ad
631 3490 911 3530 coronam.
947 3474 1100 3530 Unde
1127 3475 1399 3530 Dominus
1428 3474 1507 3530 ait
1536 3491 1548 3528 :
1610 3498 1628 3520 α
1660 3455 1811 3530 Βῖεειιὶ
1840 3476 1959 3530 eri-

1610 3498 1628 3520 α
1660 3491 1811 3530 beati
1840 3492 1960 3531 eri-

354 3474 510 3530 hibet
538 3474 608 3530 ad
631 3490 911 3530 coronam.
947 3474 1100 3531 Unde
1127 3475 1399 3530 Dominus
1428 3474 1507 3531 ait
1536 3491 1548 3528 :

354 3564 446 3633 tis,
496 3582 621 3621 cum
650 3582 748 3620 vos
777 3573 1195 3639 persequentur,
1242 3572 1298 3621 et
1339 3565 1526 3621 dicent
1555 3581 1717 3621 omne
1749 3566 1954 3623 malum

347 3656 640 3711 adversum
688 3672 785 3711 vos
839 3664 1062 3728 propter
1098 3654 1372 3727 justitiam
1425 3654 1541 3711 Dei.
1603 3654 1845 3712 Gaudete
1900 3663 1955 3712 et

346 3746 619 3802 exsultate
650 3762 663 3800 :
705 3761 831 3802 ecce
876 3745 1022 3801 enim
1068 3745 1288 3818 copiosa
1324 3753 1406 3801 est
1435 3759 1643 3802 merces
1680 3752 1862 3801 vestra
1891 3745 1950 3802 in

344 3835 485 3891 ctelo
516 3836 729 3901 (Matth.
761 3853 819 3904 v,
851 3835 936 3903 11,
973 3835 1087 3907 12).
1123 3861 1141 3884 ι
1198 3834 1560 3892 Contemnere
1607 3835 1756 3891 enim
1800 3852 1950 3907 prae-

344 3924 542 3992 sentia,
599 3932 654 3980 et
695 3941 817 3999 quae
856 3925 1262 3982 oblectamento
1308 3933 1457 3993 sunt,
1499 3933 1554 3981 et
1608 3924 1664 3980 in
1694 3940 1949 3996 pressura

346 4029 459 4069 non
500 4013 693 4071 cedere
747 4028 843 4087 spe
893 4014 1208 4072 futurorum
1262 4015 1445 4087 magni
1475 4014 1659 4071 meriti
1692 4024 1773 4071 est
1800 4014 1945 4087 apud

342 4101 539 4158 Deum.
590 4102 827 4177 Ideoque
857 4105 914 4159 in
945 4103 1399 4161 tribulationibus
1444 4103 1791 4176 gloriandum
1822 4110 1938 4160 est:

344 4189 475 4261 quia
504 4197 655 4247 tanto
684 4194 809 4264 plus
836 4201 1188 4265 accepturum
1219 4210 1276 4249 se
1303 4191 1500 4260 credit,
1529 4198 1736 4266 quanto
1768 4192 1825 4248 in
1846 4191 1941 4248 tri-

342 4276 625 4337 bulatione
652 4297 709 4336 se
740 4281 945 4339 viderit
973 4282 1282 4339 fortiorem.

428 4408 447 4432 ι
477 4386 720 4445 Scientes
740 4388 889 4461 quod
925 4389 1212 4445 tribulatio
1242 4388 1562 4461 patientiam
1594 4397 1874 4460 operatur.
1904 4368 1927 4435 ἰ

342 4475 459 4531 Hoc
487 4484 570 4531 est
604 4478 1022 4535 tribulationem
1070 4479 1391 4551 patientiam
1421 4478 1658 4550 operari,
1688 4477 1734 4532 si
1765 4477 1936 4533 tribu-

344 4564 477 4620 latio
506 4566 624 4637 ipsa
644 4574 857 4624 motum
887 4583 998 4625 non
1028 4568 1269 4641 patiatur
1298 4567 1641 4624 inﬁrmitatis
1668 4573 1763 4623 aut
1781 4565 1941 4622 dubi-

348 4653 593 4711 tationis.

417 4760 600 4832 (Vers.
627 4761 708 4835 lt.)
755 4788 773 4811 ι
804 4764 1074 4821 Patientia
1101 4773 1285 4822 autem
1316 4765 1716 4839 probationem.
1751 4790 1769 4814 ι
1810 4765 1938 4821 Ma-

338 4847 601 4907 nifestum
645 4859 727 4908 est
769 4853 900 4925 quia
949 4854 1233 4925 patientia,
1276 4855 1324 4910 si
1352 4855 1481 4911 talis
1521 4854 1692 4911 fuerit
1720 4853 1938 4926 qualem

336 4935 605 5009 diximus,
636 4940 795 4998 ﬁrma
825 4941 1107 4998 videbitur
1126 4942 1400 5015 probatio.

422 5068 441 5093 ι
471 5046 730 5105 Probatio
758 5056 942 5107 autem
969 5065 1141 5122 spem.
1178 5075 1197 5097 ι
1256 5051 1390 5123 Spes
1416 5051 1475 5106 in
1508 5068 1572 5108 eo
1604 5050 1700 5123 qui
1731 5047 1940 5122 proba-

335 5142 425 5190 tus
457 5134 699 5205 videtur,
747 5155 861 5195 non
914 5138 1196 5196 immerito
1243 5139 1486 5197 dicitur:
1547 5139 1747 5211 dignus
1788 5136 1938 5194 enim

331 5223 559 5295 scietur,
610 5236 933 5301 accepturus
978 5229 1485 5287 remunerationem
1513 5229 1572 5286 in
1617 5244 1785 5301 regno
1814 5228 1935 5285 Dei.

322 5564 327 5565 ,
405 5514 522 5584 (19)
556 5516 715 5572 Rom.
761 5514 922 5581 edit.,
974 5516 1113 5571 Nam
1159 5518 1286 5571 dum
1334 5519 1481 5584 apud
1527 5517 1757 5573 homines
1801 5520 1937 5574 mori

334 5584 636 5657 videbatur,
666 5588 761 5657 ille
784 5585 931 5657 apud
958 5584 1180 5654 inferos,
1220 5596 1323 5644 etc.
1366 5584 1500 5645 νει.
1546 5587 1680 5646 edit.
1714 5604 1778 5644 ac
1806 5606 1932 5645 mss.

331 5656 476 5713 inter
503 5673 561 5713 se
594 5674 707 5713 non
735 5656 1073 5730 discrepant,
1124 5658 1236 5716 nisi
1272 5659 1420 5735 quod
1465 5676 1565 5732 pro
1592 5659 1937 5718 irreverentes

2151 446 2334 518 (Vers.
2360 440 2441 511 5.)
2488 463 2507 486 ι
2532 442 2663 516 Spes
2686 452 2871 502 autem
2893 460 3005 500 non
3042 444 3355 514 confundit,
3383 444 3512 518 quia
3539 444 3667 503 cha-

2065 535 2206 592 ritas
2250 536 2349 593 Dei
2380 536 2580 593 diffusa
2620 544 2704 592 est
2752 537 2810 592 in
2845 535 3107 593 cordibus
3138 536 3342 592 nostris
3372 552 3468 609 per
3495 535 3665 607 Spiri-

2065 631 2185 680 tum
2216 633 2488 693 sanctum,
2520 626 2613 698 qui
2641 626 2802 682 datus
2832 635 2914 683 est
2943 626 3122 682 nobis.
3149 651 3167 673 ›
3219 627 3353 698 Spes
3380 641 3491 680 non
3520 640 3665 681 con-

2065 713 2272 782 fundit,
2319 714 2451 769 dum
2483 715 2635 772 stulti
2680 723 2734 770 et
2762 714 2984 771 hebetes
3013 733 3044 771 a
3074 715 3296 787 perﬁdis
3321 715 3662 788 judicamur,

2066 800 2349 858 credentes
2403 817 2524 873 quae
2586 802 2864 859 mundana
2911 810 3099 860 carent
3136 805 3383 869 ratione;
3463 802 3663 874 pignus

2065 891 2215 947 enim
2270 890 2558 948 charitatis
2612 892 2711 947 Dei
2765 892 3031 948 habemus
3077 894 3133 948 in
3188 893 3349 949 nobis
3392 891 3659 965 Spiritum

2067 988 2317 1037 sanctum
2348 980 2539 1037 datum
2570 980 2749 1036 nobis.
2782 979 2968 1036 Fidele
2998 981 3146 1036 enim
3184 997 3296 1037 esse
3330 982 3661 1053 promissum

2065 1070 2163 1126 Dei
2194 1070 2389 1142 probat
2414 1071 2652 1143 Spiritus
2680 1077 2901 1126 sanctus
2922 1070 3081 1125 datus
3100 1070 3380 1141 apostolis,
3397 1078 3451 1125 et
3478 1069 3659 1137 nobis,

2064 1159 2160 1229 qui
2191 1159 2469 1230 praestitit,
2500 1168 2561 1215 ut
2588 1159 2822 1216 diversis
2853 1158 3058 1231 linguis
3092 1158 3335 1230 imperiti
3378 1159 3661 1230 loqueren-

2062 1254 2155 1314 tur
2195 1248 2336 1319 (Act.
2370 1264 2434 1313 ιι,
2464 1248 2520 1319 4)
2578 1264 2703 1304 cum
2751 1247 3300 1320 interpretationibus
3352 1247 3421 1303 ad
3467 1245 3665 1302 conﬁr-

2065 1336 2320 1392 mandam
2361 1353 2532 1408 spem,
2572 1344 2634 1393 ut
2662 1344 2716 1393 et
2753 1338 3077 1394 charitatem
3109 1338 3209 1393 Dei
3255 1334 3664 1393 commendaret

2064 1421 2123 1476 in
2158 1422 2319 1485 nobis
2365 1440 2377 1478 :
2432 1431 2495 1479 ut
2523 1424 2650 1496 quia
2682 1423 2879 1480 charos
2910 1425 3027 1480 falli
3057 1423 3400 1495 impossibile
3435 1430 3539 1489 est,
3568 1438 3665 1477 se—

2063 1527 2225 1567 curos
2254 1528 2354 1567 nos
2383 1512 2587 1568 faceret
2613 1512 2681 1568 de
2709 1514 3072 1585 promissione
3097 1531 3108 1567 :
3143 1512 3273 1585 quia
3303 1520 3358 1569 et
3389 1513 3534 1567 Deus
3558 1517 3659 1577 est,

2063 1600 2158 1673 qui
2193 1602 2468 1672 promisit,
2504 1610 2556 1658 et
2583 1602 2651 1658 iis
2681 1618 2819 1675 quos
2846 1603 3043 1659 charos
3074 1601 3274 1659 habere
3304 1601 3424 1656 vult
3448 1592 3660 1672 'promi-

2060 1690 2169 1756 sit;
2202 1691 2335 1763 quia
2362 1692 2511 1747 enim
2542 1692 2672 1747 ﬁdei
2704 1700 2905 1747 nostrze
2935 1692 3206 1748 rationem
3223 1691 3467 1746 humana
3496 1688 3665 1744 verba

1984 1797 2029 1858 Β
2058 1794 2297 1835 asserere
2327 1795 2439 1835 non
2470 1782 2657 1837 valent
2703 1782 2813 1837 nisi
2855 1782 3127 1837 virtutum
3158 1780 3497 1846 testimonio,
3540 1794 3662 1850 quae

2056 1884 2182 1925 cum
2203 1876 2408 1938 tacent,
2430 1871 2696 1940 clamant,
2719 1870 3068 1928 rationabilis
3087 1871 3423 1943 approbatur
3442 1868 3511 1924 ad
3531 1884 3660 1925 con-

2057 1956 2331 2014 fusionem
2374 1959 2730 2031 prudentium
2776 1960 3011 2016 mundi:
3064 1960 3160 2033 qui
3206 1958 3437 2015 audacia
3465 1956 3658 2013 verbo-

2056 2062 2179 2102 rum
2232 2050 2467 2105 terrenis
2518 2050 2689 2107 armis
2736 2060 2930 2107 contra
2982 2050 3225 2107 coelestia
3275 2047 3565 2114 dimicant,
3603 2054 3660 2102 et

2054 2139 2367 2197 carnalibus
2382 2140 2646 2198 adversus
2674 2142 2969 2214 spiritalia,
2999 2152 3054 2199 et
3079 2140 3375 2213 prudentes
3392 2154 3450 2194 se
3472 2136 3657 2193 dicere

2056 2246 2167 2287 non
2196 2231 2547 2288 erubescunt.
2592 2233 2728 2289 Nam
2772 2232 2917 2288 sicut
2958 2231 3232 2303 peregrini
3273 2229 3520 2287 hominis
3554 2228 3658 2284 im-

2055 2319 2362 2392 probabilis
2390 2320 2546 2393 origo
2579 2320 2635 2376 in
2666 2330 2811 2377 terra
2840 2322 3021 2377 aliena
3055 2329 3159 2390 est,
3182 2321 3261 2377 ita
3288 2328 3343 2377 et
3370 2320 3500 2377 ﬁdei
3530 2337 3654 2376 nos-

2058 2416 2156 2465 trae
2187 2410 2390 2467 veritas
2436 2412 2815 2483 peregrinatur
2857 2412 2914 2467 in
2956 2412 3149 2468 terris:
3199 2419 3255 2467 et
3301 2412 3431 2485 quia
3460 2418 3658 2466 natura

2059 2498 2178 2571 ejus
2206 2499 2389 2555 verbis
2431 2499 2697 2572 explicari
2746 2517 2857 2556 non
2887 2509 3084 2573 potest,
3120 2500 3364 2570 virtutis,
3396 2516 3518 2573 qua)
3543 2516 3655 2555 ma-

2054 2587 2146 2660 jor
2164 2604 2249 2644 res
2276 2596 2382 2656 est,
2409 2589 2727 2645 testimonio
2748 2590 3185 2646 commendatur.

2136 2705 2337 2775 (Versf
2379 2707 2413 2763 6
2460 2716 2514 2763 et
2568 2708 2645 2778 7.)
2714 2732 2731 2753 ε
2779 2708 2984 2780 thuid
3024 2709 3171 2765 enim
3201 2708 3472 2777 Christus,
3530 2725 3654 2766 cum

2062 2796 2247 2854 adhuc
2292 2806 2603 2871 peccatores
2644 2814 2905 2868 essemus,
2944 2799 3249 2855 secundum
3298 2807 3514 2873 tempus
3560 2817 3659 2873 pro

2062 2887 2251 2959 impiis
2290 2895 2541 2944 mortuus
2570 2896 2652 2944 est
2672 2888 2699 2944 7
2757 2888 2867 2945 Vix
2898 2888 3045 2943 enim
3077 2904 3175 2960 pro
3197 2888 3348 2961 justo
3378 2889 3501 2963 quis
3531 2906 3658 2945 mo-

2064 2978 2205 3033 ritur
2234 2995 2248 3045 ;
2303 2994 2429 3034 nam
2462 2996 2560 3051 pro
2588 2979 2735 3036 bono
2762 2980 2993 3036 forsitan
3036 2980 3161 3052 quis
3188 2980 3385 3037 audeat
3412 2978 3602 3035 mori?
3627 3008 3644 3029 ο

2063 3067 2120 3125 Si
2152 3084 2249 3140 pro
2287 3074 2382 3131 53
2421 3068 2721 3125 incredulis
2765 3085 2828 3125 ac
2869 3071 2980 3125 Deo
3024 3069 3267 3126 inimicis
3308 3070 3562 3128 Christus
3590 3070 3657 3127 ad

1989 3161 2033 3221 Ο
2068 3173 2284 3238 tempus
2314 3166 2478 3223 morti
2525 3183 2581 3221 se
2624 3167 2797 3235 dedit,
2854 3167 2923 3222 ad
2971 3176 3187 3239 tempus
3230 3168 3377 3224 enim
3406 3177 3658 3226 mortuus

2070 3261 2172 3321 est,
2202 3254 2333 3326 quia
2355 3253 2518 3309 tertia
2561 3253 2651 3309 die
2681 3255 3001 3322 resurrexit,
3051 3260 3269 3327 quanto
3306 3256 3477 3328 magis
3532 3275 3657 3313 cum

2071 3342 2129 3398 in
2185 3343 2345 3398 illum
2388 3343 2682 3411 credimus,
2734 3343 2961 3400 auxiliis
2988 3345 3103 3400 suis
3134 3346 3345 3401 muniet
3374 3348 3520 3403 nos?
3572 3347 3659 3404 Ad

2071 3431 2177 3489 hoc
2228 3432 2375 3488 enim
2436 3449 2534 3504 pro
2586 3432 2746 3488 nobis
2775 3441 3027 3489 mortuus
3072 3443 3173 3504 est,
3223 3444 3285 3492 ut
3312 3443 3366 3491 et
3396 3435 3566 3492 vitam
3607 3447 3660 3494 et

2067 3523 2297 3596 gloriam
2351 3524 2510 3580 nobis
2546 3524 2870 3597 acquireret.
2927 3526 3114 3599 Itaque
3166 3527 3211 3583 si
3266 3544 3366 3599 pro
3415 3525 3660 3584 inimicis

2064 3620 2315 3670 mortuus
2342 3623 2444 3683 est,
2496 3625 2763 3689 quantum
2793 3623 3013 3688 praestet
3041 3618 3255 3684 amicis,
3294 3618 3453 3675 debet
3482 3617 3658 3674 intel-

2061 3702 2178 3775 ligi.
2211 3703 2371 3775 Apud
2401 3704 2654 3763 homines
2684 3722 2832 3780 ergo,
2874 3706 2931 3763 id
2961 3716 3060 3775 est,
3104 3707 3407 3764 secundum
3440 3715 3659 3781 tempus

2060 3794 2200 3849 mori
2252 3796 2403 3853 visus
2432 3804 2558 3864 est;
2608 3797 2702 3853 ille
2738 3798 2888 3853 enim
2942 3798 3088 3870 apud
3144 3799 3350 3856 inferos
3383 3800 3501 3872 (19)
3558 3816 3657 3872 pro

2057 3888 2231 3944 salute
2283 3888 2592 3947 animarum
2635 3889 2997 3946 irreverentes
3043 3897 3097 3945 et
3143 3906 3378 3962 nequam
3425 3891 3657 3963 spiritus

2050 3977 2357 4050 judicabat.
2399 3979 2667 4052 Tempora
2714 3979 2770 4034 in
2817 3978 3025 4035 mundo
3068 3985 3219 4045 sunt,
3267 3978 3362 4033 ubi
3392 3980 3571 4036 oritur
3602 3989 3656 4037 et

2053 4066 2259 4123 occidit
2307 4068 2413 4135 sol,
2479 4075 2534 4122 et
2599 4068 2730 4123 luna
2787 4067 3187 4141 incrementum
3241 4076 3296 4123 et
3358 4067 3653 4124 detrimen-

2052 4161 2172 4210 tum
2223 4156 2340 4227 (20)
2399 4155 2553 4223 facit,
2603 4162 2657 4211 et
2703 4155 2820 4211 dies
2872 4163 2926 4211 et
2968 4172 3081 4211 nox
3128 4156 3184 4211 in
3230 4164 3377 4213 statu
3411 4174 3512 4213 suo
3541 4173 3653 4214 non

2052 4253 2439 4315 perseverant;
2480 4262 2566 4302 res
2609 4245 2756 4302 enim
2805 4262 2926 4320 quze
2965 4248 3204 4320 tempori
3243 4255 3296 4303 et
3337 4248 3485 4304 aetati
3528 4248 3653 4305 sub-

2044 4332 2193 4406 jecta
2218 4343 2318 4403 est,
2363 4336 2647 4393 mutabilis
2688 4353 2905 4410 semper
2929 4346 3032 4394 est.
3080 4338 3221 4395 Huic
3252 4355 3381 4411 ergo
3413 4338 3652 4410 tempori

2050 4422 2306 4481 Christus
2335 4433 2586 4483 mortuus
2616 4435 2717 4496 est,
2768 4427 2901 4484 dum
2930 4427 3164 4485 excessit
3191 4444 3221 4483 e
3260 4445 3507 4500 corpore.
3547 4426 3651 4484 Ubi

1966 4521 2014 4580 D
2049 4521 2233 4570 autem
2264 4522 2482 4588 tempus
2512 4534 2625 4573 non
2648 4525 2731 4574 est
2758 4527 2809 4574 et
2841 4526 2991 4586 aetas,
3015 4518 3094 4575 ibi
3112 4534 3224 4575 non
3252 4519 3432 4574 solum
3462 4519 3646 4586 vivus,

2050 4603 2143 4658 sed
2182 4612 2237 4660 et
2267 4604 2448 4662 victor
2478 4613 2727 4678 repertus
2751 4614 2853 4663 est.
2885 4606 3028 4664 Hinc
3055 4607 3235 4663 volnit
3254 4608 3514 4665 aﬁ'ectum
3534 4607 3649 4663 Sal-

2049 4691 2256 4748 vatoris
2293 4710 2420 4766 erga
2469 4711 2571 4751 nos
2616 4696 3022 4763 commendare,
3082 4712 3210 4752 cum
3257 4695 3438 4752 dicit:
3486 4719 3504 4741 ε
3536 4697 3649 4752 Vix

2049 4796 2146 4852 pro
2169 4782 2321 4854 justo
2348 4785 2473 4856 quis
2501 4785 2772 4851 moritur;
2825 4811 2842 4831 -
2903 4784 3158 4841 Christus
3187 4790 3370 4838 autem
3418 4800 3517 4855 pro
3546 4785 3646 4839 im-

2047 4869 2154 4941 piis
2183 4879 2436 4928 mortuus
2480 4882 2582 4928 est.
2632 4873 2689 4929 Si
2745 4872 2894 4933 enim
2945 4888 3043 4943 pro
3092 4871 3243 4943 justo
3286 4872 3387 4927 vix
3447 4872 3648 4945 aliquis

2049 4960 2303 5027 moritur,
2353 4974 2454 5030 pro
2484 4959 2670 5030 impiis
2711 4958 2988 5031 quomodo
3034 4967 3212 5031 potest
3251 4960 3372 5016 ﬁeri
3422 4970 3482 5017 ut
3522 4962 3647 5035 quis

2050 5046 2359 5102 moriatur?
2412 5047 2484 5102 Et
2528 5047 2576 5102 si
2624 5063 2723 5119 pro
2756 5046 2905 5103 bono
2946 5065 3058 5105 uno
3100 5049 3245 5108 forte
3290 5051 3490 5108 audeat
3519 5054 3645 5125 quis

2048 5135 2210 5202 mori,
2240 5142 2335 5191 aut
2364 5135 2504 5190 forte
2548 5152 2659 5192 non
2692 5136 2909 5206 audeat,
2937 5138 3067 5214 quia
3096 5146 3391 5214 utrumque
3418 5140 3643 5199 difﬁcile

2046 5239 2161 5280 esse
2207 5221 2527 5297 signiﬁcat:
2580 5226 3043 5298 quemadmodum
3092 5228 3272 5289 videri
3324 5238 3522 5304 potest,
3580 5240 3643 5290 ut

2046 5517 2246 5591 legitur
2276 5517 2333 5591 in
2363 5519 2667 5591 nonnullis,
2690 5530 2999 5579 reverenter.

2120 5590 2428 5667 (20_)Al_lom.
2480 5590 2637 5667 edi_t._,
2686 5602 2734 5649 et
2775 5596 3168 5653 decrenwntum.
3204 5598 3353 5654 Infra
3382 5611 3511 5651 vero
3543 5614 3640 5667 pro

2043 5662 2340 5729 mutabilis,
2368 5662 2624 5720 nonnulli
2655 5682 2785 5728 mss.
2818 5666 3022 5728 habent
3049 5669 3314 5729 mortalis.
