3932 6210
265 344 338 403 97
1373 340 1742 400 COMMENT.
1790 341 1862 398 IN
1897 338 2116 397 EPIST.
2155 340 2255 398 AD
2293 339 2462 400 ROM.
3068 333 3076 341 ’
3507 340 3580 400 98

267 469 428 538 dicit,
468 476 523 525 et
575 467 798 525 Christo
817 467 1027 523 servire
1076 465 1358 540 praecepit,
1411 466 1471 521 in
1516 467 1730 521 unitate
1774 465 1873 522 Dei
1903 469 1955 527 Α
2055 465 2169 521 Lex
2223 467 2491 523 naturalis
2545 483 2760 539 semper
2797 475 2898 535 est,
2933 481 3035 523 nec
3092 465 3448 539 ignorabatur
3476 466 3579 521 ali-

270 564 354 613 est
410 554 685 623 Christus,
735 570 840 610 nec
894 553 1081 626 dispar
1106 561 1202 609 aut
1254 553 1392 609 alter
1437 554 1620 609 Deus:
1654 554 1875 625 quando

271 664 400 703 cum
430 646 535 701 soli
566 647 680 700 Deo
738 644 1099 700 serviendum
1157 644 1248 699 lex
1276 643 1445 710 dicat,
1506 644 1877 701 communiter

273 736 469 807 utique
486 733 708 791 Christo
737 732 987 788 serviens
1006 735 1119 788 Deo
1134 733 1346 801 placere
1371 731 1701 803 praedicatur
1731 733 1873 804 (27).

273 822 449 896 Igitur
478 822 659 878 «sicut
686 836 784 893 per
812 837 988 876 unum
1018 820 1298 877 hominem
1321 831 1603 893 peccatum
1633 822 1693 877 in
1729 822 1878 879 hunc

278 911 557 967 mundum
588 909 845 978 intravit,
888 918 941 964 et
971 925 1067 982 per
1112 917 1392 981 peccatum
1437 927 1607 980 mors,
1639 936 1658 959 ι
1718 912 1795 967 ita
1822 917 1880 966 et

275 1017 375 1073 per
432 1015 608 1055 unum
654 997 934 1055 Christum
990 998 1272 1054 damnatio
1330 1006 1383 1054 et
1439 1016 1589 1055 mors
1645 999 1877 1071 peccati,

275 1098 545 1162 prastans
574 1089 745 1145 vitam
775 1097 1053 1156 reternam,
1087 1087 1235 1159 quod
1264 1088 1498 1145 inferius
1542 1090 1803 1146 declarat.

365 1179 471 1234 «In
501 1193 631 1251 quo,
664 1203 683 1227 ι
723 1177 779 1233 id
810 1184 913 1245 est,
974 1176 1033 1232 in
1080 1177 1279 1245 Adam,
1326 1201 1344 1224 ι
1374 1194 1567 1234 omnes
1620 1195 1880 1251 peccave-

284 1276 436 1324 runt.
470 1292 488 1315 ι
533 1267 661 1323 Ideo
689 1266 853 1335 dixit,
887 1292 906 1314 ι
949 1265 1008 1320 in
1039 1282 1171 1338 quo,
1206 1291 1224 1314 ι
1267 1283 1392 1323 cum
1423 1266 1490 1322 de
1523 1268 1755 1323 muliere
1787 1268 1882 1324 lo-

279 1363 501 1429 quatur,
535 1357 667 1428 quia
693 1372 805 1411 non
834 1354 905 1410 ad
954 1354 1188 1427 speciem
1221 1355 1433 1425 retulit,
1463 1355 1558 1411 sed
1586 1356 1655 1411 ad
1686 1373 1876 1429 genus.

277 1445 630 1501 Manifestum
680 1444 865 1518 itaque
922 1452 1006 1500 est
1062 1444 1120 1500 in
1148 1444 1326 1502 Adam
1382 1462 1575 1502 omnes
1632 1462 1881 1518 peccasse

274 1534 433 1609 quasi
462 1536 521 1591 in
553 1550 770 1603 massa;
804 1535 925 1607 ipsa
957 1535 1108 1591 enim
1138 1551 1234 1607 per
1248 1542 1532 1607 peccatum
1564 1543 1877 1608 corruptus,

275 1640 413 1698 quos
445 1624 660 1697 genuit,
716 1640 912 1680 omnes
940 1624 1056 1680 nati
1109 1632 1242 1680 sunt
1269 1624 1372 1680 sub
1428 1633 1669 1698 peccato.
1701 1626 1789 1681 Ex
1817 1642 1882 1682 eo

277 1715 448 1787 igitur
504 1714 694 1773 cuncti
751 1722 1089 1786 peccatores,
1148 1713 1279 1787 quia
1306 1730 1377 1770 ex
1424 1730 1488 1771 eo
1517 1714 1638 1787 ipso
1691 1731 1883 1771 sumus

276 1819 506 1871 omnes;
570 1803 664 1859 hic
716 1803 867 1859 enim
915 1802 1247 1860 beneﬁcium
1305 1803 1404 1859 Dei
1454 1803 1713 1877 perdidit,
1747 1803 1880 1860 dum
1912 1837 1958 1899 B

278 1892 686 1965 praevaricavit,
721 1891 986 1964 indignus
1015 1891 1190 1949 factus
1217 1891 1377 1949 edere
1406 1892 1474 1948 de
1504 1893 1698 1951 arbore
1726 1894 1876 1962 vitae,

277 1989 343 2038 ut
372 1989 695 2037 moreretur.
755 1982 904 2039 Mors
931 1989 1113 2039 autem
1145 1981 1440 2040 dissolutio
1490 1983 1738 2056 corporis
1776 1991 1877 2052 est,

282 2088 410 2127 cum
439 2072 624 2127 anima
649 2088 681 2127 a
731 2088 959 2144 corpore
986 2079 1289 2144 separatur.
1322 2072 1422 2128 Est
1449 2079 1505 2128 et
1558 2073 1669 2128 alia
1711 2089 1878 2142 mors,

282 2177 407 2234 quae
433 2160 672 2218 secunda
685 2160 892 2218 dicitur
918 2161 978 2217 in
1007 2161 1277 2234 gehenna,
1312 2178 1476 2235 quam
1512 2178 1625 2218 non
1660 2169 1883 2233 peccato

283 2251 419 2307 Ada:
472 2250 737 2323 patimur,
766 2251 861 2307 sed
891 2250 1009 2323 ejus
1037 2252 1325 2308 occasione
1355 2251 1594 2323 propriis
1644 2252 1884 2324 peccatis

281 2339 621 2412 acquiritur:
654 2357 686 2396 a
714 2357 823 2414 qua
849 2340 981 2396 boni
1011 2342 1287 2398 immunes
1306 2348 1455 2409 sunt,
1488 2347 1706 2396 tantum
1736 2340 1883 2414 quod

282 2428 341 2484 in
367 2428 589 2486 inferno
614 2437 794 2499 erant,
830 2429 928 2486 sed
959 2430 1253 2503 superiori,
1286 2430 1440 2503 quasi
1472 2429 1528 2485 in
1564 2429 1883 2501 libera(28),

282 2518 380 2592 qui
438 2518 508 2575 ad
555 2518 723 2577 caelos
776 2519 1070 2576 ascendere
1118 2536 1230 2577 non
1275 2527 1565 2593 poterant;
1616 2519 1888 2575 sententia

281 2608 429 2665 enim
460 2608 790 2666 tenebantur
818 2609 946 2667 data
976 2611 1034 2666 in
1054 2610 1255 2679 Adam,
1288 2610 1437 2684 quod
1456 2609 1885 2683 chirographum

283 2699 342 2755 in
394 2699 628 2759 decretis
678 2710 857 2759 morte
906 2702 1117 2762 Christi
1160 2703 1404 2759 deletum
1443 2710 1526 2760 est
1556 2704 1785 2776 (Coloss.
1820 2720 1883 2771 ιι,

286 2788 399 2861 14).
428 2790 712 2848 Sententia
745 2800 930 2849 autem
959 2791 1167 2850 decreti
1199 2792 1329 2861 fuit,
1361 2800 1424 2849 ut
1452 2793 1617 2849 unius
1640 2791 1886 2849 hominis

282 2896 480 2952 corpus
506 2882 815 2939 solveretur
866 2900 1031 2957 super
1085 2892 1326 2940 terram:
1360 2883 1546 2939 anima
1586 2899 1721 2939 vero
1750 2883 1888 2939 vin-

281 2970 425 3027 culis
454 2970 657 3028 inferni
688 2975 918 3030 detenta
945 2973 1119 3029 exitia
1138 2981 1437 3046 pateretur.
1805 3044 1810 3049 θ

356 3059 537 3133 (Vers.
570 3062 684 3133 13.)
764 3086 783 3112 ε
817 3063 1001 3136 Usque
1053 3062 1124 3119 ad
1183 3062 1355 3135 legem
1405 3061 1555 3118 enim
1602 3067 1887 3133 peccatum

287 3157 405 3205 erat
433 3149 492 3205 in
545 3147 655 3206 hoc
685 3150 929 3207 mundo:
979 3159 1269 3223 peccatum
1304 3157 1487 3205 autem
1517 3165 1628 3204 non
1655 3149 1890 3220 imputa-

283 3236 471 3307 batur,
501 3254 630 3295 cum
658 3240 749 3295 lex
795 3256 912 3295 non
958 3249 1118 3296 esset.
1141 3264 1160 3287 ›
1223 3241 1286 3295 In
1330 3238 1507 3295 Adam
1538 3253 1729 3293 omnes
1757 3236 1894 3293 dicit

286 3344 566 3401 peccasse,
594 3329 744 3385 sicut
775 3345 940 3400 supra
968 3330 1294 3397 memoravi,
1321 3338 1376 3385 et
1415 3343 1596 3399 usque
1628 3328 1697 3382 ad
1722 3327 1895 3399 legem

285 3416 473 3473 datam
532 3432 648 3471 non
695 3416 1028 3487 imputatum
1085 3433 1203 3473 esse
1244 3424 1567 3489 peccatum;
1628 3416 1897 3487 putabant

285 3506 442 3563 enim
500 3521 558 3561 se
583 3504 841 3562 homines
872 3505 1017 3579 apud
1066 3508 1243 3563 Deum
1272 3506 1501 3578 impune
1526 3521 1770 3577 peccare,
1801 3505 1895 3561 sed

286 3611 407 3651 non
438 3593 585 3666 apud
612 3594 891 3651 homines.
926 3596 1038 3653 Nec
1063 3595 1210 3652 enim
1245 3596 1334 3651 lex
1379 3594 1647 3651 naturalis
1675 3595 1896 3667 penitus

286 3684 686 3755 obtorpuerat;
722 3684 853 3758 quia
903 3700 1016 3741 non
1058 3684 1385 3757 ignorabant
1423 3684 1553 3757 quia
1593 3684 1743 3758 quod
1781 3684 1895 3756 pati

288 3772 573 3841 nolebant,
627 3772 753 3828 aliis
801 3773 979 3830 facere
1030 3790 1143 3830 non
1190 3774 1481 3832 debebant.
1526 3774 1663 3829 Nam
1721 3790 1894 3847 usque

289 3861 428 3918 adeo
455 3878 567 3918 non
599 3862 852 3935 ignotum
882 3864 991 3920 fuit
1020 3874 1303 3938 peccatum
1348 3865 1494 3921 inter
1523 3864 1798 3933 homines,
1834 3874 1895 3921 ut

292 3950 481 4021 Jacob,
512 3958 640 4009 cum
697 3952 845 4009 idola
872 3970 972 4010 sua
1024 3954 1170 4026 apud
1200 3954 1360 4011 illum
1418 3961 1690 4027 quaereret
1741 3969 1896 4010 socer

292 4040 413 4113 ejus
459 4040 667 4111 Laban,
716 4042 775 4098 in
827 4059 937 4115 quo
982 4043 1273 4101 inventum
1305 4043 1500 4100 fuisset
1531 4044 1768 4113 furtum,
1798 4049 1896 4105 55

294 4143 470 4193 morte
517 4137 747 4210 dignum
790 4137 1068 4209 judicaret
1126 4140 1285 4212 (Gen.
1347 4156 1511 4205 XXXI,
1564 4139 1791 4210 30-32);
1843 4146 1897 4195 et

293 4226 495 4298 Joseph
550 4227 805 4300 quamvis
843 4245 939 4300 per
970 4230 1328 4297 calumniam,
1360 4235 1542 4284 tamen
1585 4226 1740 4299 quasi
1770 4243 1897 4283 reus

293 4314 515 4370 clausus
550 4332 609 4371 in
637 4332 855 4373 carcere
905 4325 988 4373 est
1019 4319 1174 4389 (Gen.
1203 4333 1404 4384 χχχιιι,
1434 4315 1527 4387 20)
1552 4333 1564 4370 :
1616 4322 1671 4370 et
1701 4314 1893 4386 pistor,

296 4412 354 4460 et
381 4405 645 4477 pincerna
674 4407 981 4465 Pharaonis
1031 4409 1103 4465 ob
1131 4408 1398 4465 delictum
1446 4407 1706 4463 similiter
1752 4406 1899 4479 passi

297 4507 431 4554 sunt
461 4500 615 4571 (Gen.
672 4516 763 4568 ιιι,
818 4501 921 4572 3);
984 4508 1038 4555 et
1086 4500 1323 4573 Moyses,
1381 4499 1563 4557 occiso
1608 4498 1894 4571 Egyptio,

1983 555 2203 629 quando
2235 573 2249 623 ;
2280 556 2375 612 sed
2421 557 2711 628 putabatur
2750 557 2820 613 ad
2847 563 3067 628 tempus
3095 564 3308 612 tantum
3340 554 3579 611 auctori-

1983 654 2152 701 tatem
2235 645 2459 714 habere,
2514 663 2624 701 non
2690 655 2744 703 et
2800 646 2945 719 apud
2970 648 3145 701 Deum
3204 661 3328 701 reos
3375 644 3572 701 facere.

1984 733 2346 805 lgnorabatur
2373 734 2520 789 enim
2549 736 2679 807 quia
2698 734 3045 806 judicaturus
3064 743 3205 791 esset
3236 736 3381 790 Deus
3411 750 3581 805 genus

1986 821 2321 890 humanum,
2375 839 2438 878 ac
2466 839 2564 894 per
2592 823 2698 878 hoc
2727 840 2837 879 non
2870 825 3241 896 imputabatur
3270 833 3577 896 peccatum,

1987 912 2145 986 quasi
2202 921 2487 983 peccatum
2544 928 2655 967 non
2708 911 2988 985 cognitum
3044 922 3184 968 esset
3260 913 3377 985 (30)
3433 911 3579 985 apud

1986 1004 2187 1070 Deum,
2217 1000 2567 1057 incuriosum
2600 1002 2774 1056 Deum
2822 1009 3140 1056 asserentes.
3171 1004 3245 1056 At
3273 1001 3371 1056 ubi
3398 1010 3580 1057 autem

1988 1090 2081 1146 lex
2109 1089 2236 1146 data
2280 1096 2363 1145 est
2391 1104 2488 1162 per
2517 1090 2766 1161 Moysen,
2822 1089 3233 1145 manifestatum
3283 1095 3367 1144 est
3393 1094 3583 1144 cura‘re

1988 1180 2163 1234 Deum
2196 1195 2282 1235 res
2314 1178 2605 1246 humanas,
2638 1186 2692 1234 et
2722 1194 2835 1233 non
2862 1178 3094 1250 impune
3120 1178 3189 1233 iis
3209 1178 3458 1234 futurum
3489 1177 3585 1250 qui

1989 1268 2418 1337 malefacientes,
2482 1283 2811 1341 quacunque
2857 1284 2927 1322 ex
2988 1284 3151 1325 causa
3206 1266 3265 1322 in
3329 1264 3587 1339 praesenti

1988 1357 2250 1414 evadunt.
2312 1357 2452 1413 Nam
2482 1357 2675 1429 utique
2704 1356 2750 1411 si
2801 1356 2946 1411 inter
2976 1371 3055 1424 se,
3086 1354 3346 1426 magistra
3368 1353 3589 1426 justitia

1990 1447 2077 1502 vel
2108 1454 2327 1515 natura,
2385 1453 2607 1517 peccata
2653 1461 2766 1501 non
2798 1444 2977 1501 inulta
3013 1444 3351 1510 censebant;
3378 1450 3587 1516 quanto

1990 1534 2164 1605 magis
2222 1535 2419 1603 Deum,
2452 1550 2616 1607 quem
2667 1531 2861 1589 mundi
2887 1532 3134 1589 sciebant
3163 1531 3440 1604 opiﬁcem,
3470 1531 3590 1587 haec

1991 1624 2391 1697 requisiturum
2421 1639 2533 1679 non
2565 1623 2871 1680 debuerant
2903 1623 3193 1695 ignorare!
3227 1622 3440 1694 Quippe
3461 1637 3586 1679 cum

1991 1713 2228 1770 Sodoma
2287 1722 2342 1769 et
2383 1712 2694 1770 Gomorrha
2740 1729 2837 1784 per
2882 1712 3064 1784 ignem
3114 1710 3440 1782 adjudicatae
3477 1710 3591 1767 sint

1991 1801 2260 1875 deperire,
2310 1802 2458 1876 quod
2519 1801 2731 1858 oblivio
2784 1800 3010 1874 quidem
3066 1806 3317 1867 texerat;
3372 1799 3589 1872 Moyses

1994 1899 2180 1949 autem
2209 1899 2271 1947 ut
2316 1891 2561 1947 ﬁrmaret
2613 1893 2789 1948 Deum
2832 1888 3079 1962 judicem
3109 1888 3248 1957 fore,
3291 1888 3584 1945 scribendo

1992 1983 2371 2039 manifestavit
2419 1984 2575 2055 (Gen.
2608 1999 2729 2051 xxx,
2762 1981 2878 2054 24).
2928 1980 3033 2037 Sed
3061 1996 3188 2038 cum
3220 1980 3589 2052 praetermisso

1992 2076 2128 2145 Deo,
2159 2075 2422 2147 figmenta
2477 2082 2763 2149 coeperunt
2809 2075 2868 2130 in
2897 2074 3163 2130 honorem
3192 2074 3292 2129 Dei
3322 2074 3584 2146 recipere,

1992 2167 2275 2239 depravati
2350 2175 2551 2236 mente,
2620 2173 2827 2240 partem
2899 2165 3034 2237 legis
3102 2165 3393 2234 naturalis,
3469 2180 3590 2237 quae

1994 2257 2171 2329 prima
2199 2256 2317 2327 (31)
2349 2264 2449 2326 est,
2485 2257 2856 2313 calcaverunt.
2908 2256 3049 2323 Quia
3078 2255 3167 2311 lex
3188 2253 3458 2311 naturalis
3478 2261 3589 2309 tres

1994 2345 2160 2402 habet
2215 2354 2417 2417 partes,
2473 2347 2634 2419 cujus
2689 2346 2870 2418 prima
2926 2344 3043 2401 haec
3104 2352 3206 2414 est,
3264 2352 3326 2400 ut
3371 2343 3591 2415 agnitus

1994 2431 2299 2489 honoretur
2351 2434 2598 2502 Creator,
2641 2449 2744 2489 nec
2788 2431 2907 2504 ejus
2961 2432 3185 2488 claritas
3230 2437 3286 2486 et
3339 2428 3592 2499 majestas

1997 2523 2164 2580 alicui
2194 2523 2263 2580 de
2313 2522 2582 2580 creaturis
2614 2521 2909 2593 deputetur
2942 2521 3060 2593 (32)
3089 2538 3101 2575 :
3135 2518 3379 2575 secunda
3408 2524 3590 2572 autem

1998 2628 2125 2686 pars
2153 2620 2237 2668 est
2268 2613 2513 2681 moralis,
2545 2612 2651 2668 hoc
2679 2618 2780 2678 est,
2808 2618 2871 2667 ut
2885 2610 3023 2665 bene
3051 2608 3291 2675 vivatur,
3327 2605 3595 2661 modestia

2005 2701 2347 2774 gubernante
2372 2720 2385 2770 ;
2409 2701 2665 2774 congruit
2684 2700 2833 2756 enim
2850 2698 3066 2754 homini
3088 2696 3313 2753 habenti
3336 2694 3593 2750 notitiam

2002 2792 2279 2849 Creatoris
2325 2791 2499 2846 vitam
2545 2805 2699 2845 suam
2731 2788 2845 2860 lege
2876 2786 3172 2854 refrenare,
3203 2800 3272 2841 ne
3301 2784 3596 2840 frustretur

1998 2881 2241 2953 agnitio:
2304 2880 2470 2938 tertia
2522 2896 2655 2936 vero
2709 2894 2834 2951 pars
2874 2884 2957 2934 est
2985 2875 3263 2943 docibilis,
3305 2880 3368 2930 ut
3394 2872 3596 2929 notitia

1998 2979 2263 3029 creatoris
2286 2972 2409 3040 Dei,
2428 2978 2482 3028 et
2509 2970 2825 3042 exemplum
2849 2982 3067 3024 morum
3086 2965 3304 3024 caeteris
3321 2963 3591 3031 tradatur;

2000 3069 2063 3117 ut
2091 3061 2308 3119 discant
2363 3059 2828 3134 quemadmodum
2878 3056 3024 3131 apud
3054 3056 3369 3114 Creatorem
3419 3052 3596 3110 meri-

2000 3158 2119 3208 tum
2169 3152 2474 3208 collocatur
2524 3149 2667 3222 (33).
2721 3150 2852 3204 Haec
2897 3155 2981 3202 est
3027 3162 3157 3202 vera
3200 3152 3257 3202 et
3284 3143 3598 3203 Christiana

2003 3238 2316 3311 prudentia.

2078 3328 2263 3400 (Vers.
2294 3325 2409 3398 14.)
2456 3349 2473 3372 ε
2503 3323 2611 3380 Sed
2638 3320 2891 3394 regnavit
2943 3336 3092 3376 mors
3121 3317 3189 3375 ab
3216 3318 3394 3374 Adam
3425 3332 3598 3390 usque

2004 3417 2072 3474 ad
2101 3418 2352 3489 Moysen.
2377 3439 2396 3463 ι
2439 3413 2713 3483 Quoniam
2739 3428 2853 3468 non
2888 3409 3263 3482 imputabatur
3289 3415 3597 3481 peccatum,

2004 3516 2301 3580 antequam
2336 3506 2427 3562 lex
2457 3503 2682 3560 daretur
2718 3518 2814 3575 per
2839 3502 3091 3573 Moysen,
3121 3500 3265 3556 sicut
3296 3497 3417 3555 dixi
3445 3497 3601 3569 ;ipsa

2003 3596 2388 3670 usurpationis
2417 3594 2748 3667 impunitate
2777 3590 3039 3664 regnabat
3085 3606 3252 3658 mors,
3284 3588 3464 3646 sciens
3491 3586 3599 3644 sibi

2004 3688 2130 3744 illos
2157 3687 2405 3743 devotos.
2430 3683 2708 3757 Regnabat
2754 3697 2883 3755 ergo
2907 3696 3058 3736 mors
3085 3678 3379 3736 securitate
3408 3675 3603 3734 domi—

2003 3775 2250 3833 nationis
2280 3792 2389 3832 suaa
2418 3784 2530 3831 tam
2564 3774 2624 3829 in
2650 3772 2772 3841 bos,
2795 3772 2892 3844 qui
2926 3769 2995 3826 ad
3026 3779 3243 3841 tempus
3272 3766 3599 3835 evadebant,

2003 3883 2166 3942 quam
2198 3867 2255 3922 in
2290 3866 2416 3922 illos
2432 3864 2528 3938 qui
2560 3863 2726 3920 etiam
2762 3860 2855 3917 hic
2876 3875 3064 3932 poenas
3095 3857 3301 3913 dabant
3324 3873 3422 3928 pro
3444 3857 3606 3913 malis

2003 3961 2118 4016 suis
2144 3959 2424 4032 operibus.
2461 3958 2665 4015 Omnes
2688 3953 2837 4009 enim
2863 3968 2993 4007 suos
3021 3965 3137 4006 esse
3177 3947 3419 4016 videbat,
3469 3949 3603 4021 quia

2019 4074 2037 4097 ι
2074 4049 2170 4123 qui
2224 4048 2360 4104 facit
2440 4052 2750 4118 peccatum,
2807 4056 2998 4097 servus
3048 4046 3132 4094 est
3162 4038 3370 4110 peccati
3420 4038 3603 4110 (Joan.

2005 4155 2129 4207 VIII,
2178 4137 2348 4208 34);.
2403 4135 2630 4205 impune
2672 4131 2821 4187 enim
2870 4128 3061 4186 cedere
3116 4135 3390 4200 putantes,
3434 4126 3608 4197 magis

2005 4226 2441 4299 delinquebant:
2475 4226 2622 4281 circa
2656 4224 2772 4280 haec
2805 4230 2985 4278 tamen
3028 4227 3251 4293 peccata
3290 4218 3608 4291 promptio-

2005 4339 2113 4390 res,
2154 4338 2275 4395 quae
2324 4319 2566 4376 mundus
2613 4319 2769 4392 quasi
2802 4317 2956 4375 licita
2986 4316 3283 4373 nutriebat.
3312 4315 3433 4383 Quo
3461 4314 3608 4371 facto

2006 4412 2279 4486 gaudebat
2307 4411 2557 4479 Satanas,
2587 4425 2815 4466 securus
2843 4406 2994 4481 quod
3018 4423 3183 4464 causa
3203 4406 3336 4462 Adae
3352 4404 3605 4462 relictum

2006 4518 2038 4558 a
2062 4503 2175 4558 Deo
2204 4500 2486 4557 hominem
2519 4499 2577 4554 in
2607 4498 3004 4571 possessionem
3035 4494 3292 4552 habebat.

298 4560 584 4646 atterritus
617 4560 884 4662 (29)'leg’e
913 4599 995 4647 est
1026 4560 1229 4663 (Exod.
1263 4560 1324 4658 ii,
1370 4588 1576 4660 12-14).
1609 4560 1897 4656 Quomodo
1925 4560 1976 4619 D
2082 4590 2362 4663 Regnabat
2413 4605 2544 4661 ergo
2588 4560 2736 4644 mors
2783 4586 2839 4641 in
2886 4603 3001 4654 eos,
3038 4611 3055 4633 ι
3104 4585 3198 4656 qui
3243 4586 3611 4656 peccaverunt

298 4694 430 4751 ergo
488 4696 602 4735 non
655 4680 1032 4752 imputabatur
1086 4688 1393 4753 peccatum,
1451 4696 1579 4736 cum
1637 4680 1729 4735 lex
1784 4696 1894 4735 non

300 4771 490 4826 esset?
544 4778 641 4827 aut
697 4772 975 4845 quomodo
1028 4772 1438 4841 vindicabatur,
1492 4769 1601 4827 nisi
1659 4771 1749 4827 lex
1794 4770 1896 4828 sei-

301 4867 455 4917 retur
470 4862 499 4917 ?

378 5044 498 5117 (27)
530 5045 733 5102 Omnes
759 5044 919 5112 edit.,
951 5045 1063 5102 Lex
1106 5050 1391 5117 commonet
1423 5044 1630 5102 Christo
1672 5044 1903 5117 seruiens

303 5115 415 5174 Deo
439 5119 652 5200 placere
691 5118 932 5174 dicatur:
990 5132 1122 5173 mss.
1154 5132 1285 5172 vero
1334 5115 1792 5189 frequentissimi,
1840 5123 1905 5172 ut

306 5206 408 5246 nos
438 5196 498 5245 in
527 5196 706 5246 textu.

377 5260 499 5333 (28)
558 5260 824 5317 Nonnulli
882 5278 1037 5331 mss.,
1074 5261 1164 5316 sed
1191 5259 1485 5333 superiore,
1540 5257 1697 5333 quasi
1722 5256 1905 5333 libera

296 5328 541 5461 veritate
569 5349 580 5387 :
607 5333 728 5412 'alii
786 5328 1029 5406 aliquot,
1078 5333 1169 5413 sed
1195 5328 1499 5403 superiora,
1530 5328 1688 5401 quasi
1719 5328 1903 5384 libera.

358 5404 456 5460 all.
490 5402 673 5461 addit.
704 5406 961 5461 tenebant.
987 5419 1098 5458 non
1126 5399 1494 5460 incommode.
1519 5403 1780 5455 Attamen
1798 5414 1903 5453 me-

358 5404 456 5460 all.
490 5402 673 5471 addit,
704 5399 961 5471 tenebaiit,
987 5399 1098 5458 non
1126 5399 1494 5460 incommode.
1519 5399 1780 5455 Attamen
1792 5414 1907 5471 meg-

302 5476 415 5532 lius
452 5469 675 5557 reliqui
736 5492 879 5557 ιιιεξι.⁸
925 5469 996 5557 εἰ..
1024 5489 1223 5557 omnes
1269 5472 1429 5557 editi,
1460 5471 1563 5557 Ἰξρεά
1618 5469 1908 5543 superiori,

302 5547 462 5618 quasi
481 5548 539 5601 in
572 5542 758 5618 libera,
788 5546 883 5602 ubi
913 5544 1265 5618 subintellige
1293 5542 1553 5618 custodia.

404 5564 461 5602 [ει
481 5564 539 5601 ιη
572 5562 758 5614 uoera,
788 5562 883 5602 um
913 5562 1198 5601 sunlnteIu
1236 5562 1265 5601 e
1293 5562 1553 5598 cuswata.

702 5618 935 5695 aliquot,
965 5614 1185 5695 territus
1202 5562 1358 5687 ῗυρὶε.
1610 5685 1620 5695 .

404 5684 501 5759 30)
536 5689 743 5757 Omnes
763 5684 895 5745 edit.
928 5694 983 5743 et
1011 5684 1235 5759 quidam
1266 5684 1426 5754 mss.,
1464 5685 1620 5756 quasi
1641 5684 1916 5757 peccatum

2012 4681 2071 4737 in
2127 4681 2561 4738 similitudinem
2618 4676 3090 4751 praevaricationis
3148 4674 3301 4741 Adae,
3333 4698 3351 4721 ι
3396 4672 3491 4745 qui
3529 4680 3610 4727 est

2014 4769 2195 4825 forma
2244 4770 2460 4825 futuri:
2526 4768 2673 4839 quod
2732 4767 2791 4820 in
2847 4764 3108 4835 subjectis
3156 4760 3606 4815 monstrabimus.

2014 4858 2202 4931 Itaque
2236 4875 2349 4914 non
2401 4858 2458 4913 in
2490 4872 2680 4913 omnes
2708 4861 2944 4910 mortem
2977 4866 3225 4923 regnasse
3258 4848 3609 4905 manifestum

2014 5056 2122 5095 non
2151 5044 2312 5094 esset:
2345 5036 2443 5093 alii
2469 5032 3006 5108 pluresnobiscum”
3024 5032 3179 5108 quasi
3203 5038 3472 5106 peccatum
3498 5047 3612 5104 cog-

2016 5113 2188 5167 nitum
2210 5128 2317 5165 non
2341 5106 2515 5172 esset:
2551 5106 2714 5164 Corb.
2761 5107 2933 5173 solus,
2963 5107 3090 5179 quia
3137 5107 3185 5162 si
3207 5110 3477 5178 peccatum
3504 5118 3611 5158 non

2018 5191 2144 5239 esset
2171 5182 2434 5254 cognitum
2486 5179 2632 5251 apud
2660 5179 2849 5246 Deum,
2899 5179 3225 5235 incuriosum
3263 5178 3433 5234 Deum
3459 5192 3612 5230 asse-

2018 5262 2214 5311 rerem.
3414 5306 3419 5311 .

2118 5328 2211 5398 31)
2266 5323 2442 5398 ϐοτΙιη
2488 5320 2684 5389 codex,
2740 5320 3021 5392 depravati
3037 5321 3194 5393 legem
3219 5318 3407 5375 mentis
3442 5312 3631 5376 natu:

2021 5395 2328 5468 ralis,'qum
2348 5395 2551 5468 prima,
2584 5399 2689 5449 etc.

2123 5461 2399 5541 32)'Mﬁss'.,
2422 5465 2634 5537 aliquot
2661 5461 2826 5517 alicui
2848 5471 3047 5541 praeter
3074 5464 3217 5521 Filio
3246 5462 3560 5541 deputatum.

2123 5472 2215 5538 32)
2245 5472 2399 5532 Mss.,
2422 5472 2634 5537 aliquot
2661 5472 2826 5517 alicui
2848 5472 3047 5533 printer
3074 5472 3217 5521 Fato
3246 5472 3539 5533 deputetur,

2098 5472 2214 5609 £33)
2276 5536 2440 5594 Corb.
2498 5551 2625 5602 ms.,
2676 5536 3116 5603 quemadmodum
3166 5540 3373 5592 creator
3425 5530 3617 5587 merito

2026 5610 2252 5665 colatur.
