3932 6210
343 359 414 413 99
1346 354 1442 409 ΑΙ)
1481 351 1713 411 ΟΡΕΒΑ
1750 355 1805 410 S.
1852 354 1938 410 AM

2051 352 2184 410 OSII
2225 350 2605 407 APPENDIX.

3537 351 3645 407 £00

344 491 446 551 est,
478 481 609 554 quia
639 495 749 535 non
793 486 1160 551 peccaverunt
1187 496 1377 535 omnes
1412 480 1469 534 in
1498 468 1920 534 similitudinem
1956 482 2006 541 Α
2032 486 2094 533 ut
2122 478 2252 549 quia
2281 493 2448 544 mors,
2481 475 2536 531 id
2566 482 2669 540 est,
2697 473 3010 542 dissolutio,
3043 489 3139 545 per
3167 474 3439 532 invidiam
3471 477 3643 548 facta,

344 569 816 645 praevaricationis
845 569 999 637 Ada),
1029 568 1082 624 id
1104 576 1203 635 est,
1236 586 1343 623 non
1379 585 1587 636 omnes,
1619 577 1931 640 contempto

345 664 482 730 Deo,
530 666 913 732 peccaverunt.
961 658 1066 725 Qui
1096 666 1275 713 autem
1303 667 1429 713 sunt
1468 658 1583 728 qui,
1615 666 1931 730 contempto

345 752 481 816 Deo,
543 755 921 820 peccaverunt,
980 747 1085 801 nisi
1116 747 1207 818 qui
1239 747 1480 817 neglecto
1526 746 1779 803 Creatore
1810 765 1931 803 ser-

348 839 573 894 vierunt
642 845 921 901 creaturae,
980 834 1109 890 deos
1160 835 1263 889 sibi
1338 834 1739 891 constituentes
1794 852 1933 908 quos

347 928 610 992 colerent,
629 923 694 978 ad
726 923 981 994 injuriam
1013 922 1143 977 Dei?
1172 922 1383 978 Idcirco
1412 923 1697 980 laetabatur
1726 925 1780 979 in
1804 925 1934 983 istis

346 1015 619 1081 diabolus,
661 1013 788 1085 quia
834 1011 1057 1067 videbat
1104 1011 1227 1067 illos
1284 1012 1590 1068 imitatores
1640 1030 1767 1069 suos
1795 1014 1935 1070 effe-

343 1112 459 1162 ctos
489 1103 627 1175 (34).
656 1102 790 1158 Nam
820 1108 874 1156 et
923 1101 1099 1156 Thare
1129 1109 1279 1173 pater
1334 1101 1591 1169 Abrahaa,
1640 1112 1693 1159 et
1721 1103 1937 1159 Nachor

344 1200 398 1249 et
419 1192 601 1248 Laban
628 1192 877 1264 proprios
904 1190 1035 1246 deos
1083 1190 1188 1246 sibi
1219 1190 1598 1248 vindicabant.
1633 1193 1704 1248 Et
1735 1209 1936 1263 pecca-

344 1290 461 1337 tum
484 1281 617 1337 Adae
648 1298 759 1336 non
790 1281 950 1351 longe
970 1288 1051 1336 est
1070 1280 1138 1337 ab
1168 1280 1521 1348 idololatria;
1553 1282 1937 1353 praavaricavit

344 1371 519 1438 enim,
564 1377 765 1442 putans
815 1384 872 1425 se
902 1368 1185 1424 hominem
1243 1368 1491 1425 futurum
1524 1372 1719 1426 Deum.
1754 1372 1937 1427 Adsti-

346 1463 523 1518 mavit
553 1461 702 1516 enim
752 1459 858 1516 hoc
888 1460 1059 1532 magis
1087 1459 1460 1531 profuturum,
1492 1461 1637 1533 quod
1684 1461 1936 1519 diabolus

346 1550 541 1619 suasit,
570 1566 732 1622 quam
757 1549 901 1621 quod
934 1551 1076 1604 Deus
1086 1548 1273 1619 jussit,
1294 1549 1350 1604 in
1379 1550 1499 1605 loco
1524 1550 1620 1606 Dei
1651 1550 1932 1608 diabolum

345 1648 590 1697 statuens
622 1658 634 1707 ;
691 1637 837 1694 unde
867 1645 922 1694 et
958 1636 1239 1709 subjectus
1285 1647 1366 1695 est
1397 1638 1636 1696 diabolo.
1669 1642 1937 1698 Similiter

347 1738 401 1787 et
442 1728 522 1797 hi,
581 1738 913 1800 transgresso
969 1729 1105 1795 Deo,
1152 1727 1601 1799 dumcreaturze
1657 1730 1931 1797 serviunt,

347 1828 575 1893 peccant
623 1816 794 1874 simili
825 1816 1009 1884 modo,
1056 1834 1166 1873 non
1213 1817 1595 1890 eodem;quia
1624 1819 1935 1876 similitudo

346 1909 487 1965 solet
514 1907 715 1963 habere
743 1904 954 1979 aliquid
979 1904 1270 1962 dissimile.
1298 1907 1407 1963 Nec
1435 1906 1586 1962 enim
1617 1914 1796 1979 potest
1823 1907 1935 1964 dici

346 1996 475 2068 quia
530 2003 585 2051 et
626 1995 685 2050 hi
727 1994 821 2067 qui
851 2004 1185 2067 praeceptum
1225 2003 1554 2068 acceperunt
1595 2012 1707 2052 non
1738 1995 1938 2052 edendi

345 2084 413 2140 de
469 2084 660 2140 arbore
707 2084 851 2140 sicut
906 2082 1081 2139 Adam
1137 2084 1362 2140 fuerunt
1403 2086 1653 2157 (Gen._11,
1697 2087 1810 2157 17),
1843 2086 1938 2159 qui

346 2181 729 2247 peccaverunt,
788 2189 897 2229 non
968 2173 1327 2245 praevaricato
1385 2174 1519 2239 Deo,
1567 2173 1661 2229 sed
1717 2175 1774 2230 in
1825 2175 1939 2246 lege

345 2263 605 2319 naturali.
641 2262 746 2329 Qui
771 2262 920 2318 enim
953 2262 1249 2330 intellexit,
1282 2262 1399 2319 sive
1429 2279 1498 2317 ex
1539 2263 1784 2329 traduce,
1824 2264 1941 2320 sive

346 2352 557 2409 indicio
641 2353 902 2422 naturali,
955 2362 1011 2410 et
1063 2362 1357 2411 veneratus
1418 2364 1500 2411 est
1540 2358 1739 2419 Deum.
1796 2357 1938 2413 nulli

347 2443 829 2500 honoriﬁcentiam
866 2444 1109 2499 nominis
1160 2461 1221 2501 ac
1256 2444 1555 2517 majestatis
1579 2445 1697 2517 ejus
1726 2446 1941 2519 imper-

348 2534 492 2589 tiens
516 2553 528 2599 ;
561 2533 608 2589 si
638 2533 905 2605 peccavit,
924 2533 1054 2605 quia
1083 2532 1424 2605 impossibile
1454 2542 1534 2590 est
1551 2551 1662 2591 non
1692 2551 1936 2607 peccare,

345 2623 450 2679 sub
490 2624 603 2679 Deo
659 2623 931 2694 peccavit,
983 2639 1093 2677 non
1140 2623 1199 2678 in
1244 2626 1440 2694 Deum,
1488 2640 1651 2697 quem
1691 2623 1937 2696 judicem

346 2711 552 2767 sensit:
614 2710 845 2784 ideoque
874 2709 935 2765 in
965 2709 1283 2782 bujusmodi
1336 2729 1483 2769 mors
1526 2728 1638 2769 non
1664 2715 1934 2787 regnavit.

348 2802 409 2856 In
461 2800 562 2857 hos
609 2808 816 2868 autem,
848 2805 942 2864 56
1000 2800 1142 2857 sicut
1182 2800 1326 2869 dixi,
1381 2803 1652 2874 regnavit,
1691 2803 1786 2874 qui
1838 2804 1940 2860 sub

346 2901 529 2973 specie
556 2901 832 2956 idolorum
855 2901 1166 2957 servierunt
1190 2900 1432 2956 diabolo.
1468 2901 1760 2972 Propterea
1793 2902 1939 2975 quod

348 2989 440 3044 lex
472 2988 529 3043 in
591 2988 917 3043 auctoritate
961 3004 1073 3043 non
1125 2998 1241 3045 erat
1288 2990 1652 3061 promulgata,
1693 2990 1938 3062 judicem

352 3080 529 3133 Deum
564 3078 883 3150 prmsentire
930 3078 1319 3150 nequiverunt.
1364 3078 1604 3134 Maxima
1643 3079 1790 3135 enim
1819 3097 1943 3153 pars

352 3165 776 3259 mundi_Deum
831 3166 949 3222 fore
1002 3165 1248 3259 judicem
1302 3166 1626 3259 ignorabat:
1686 3170 1939 3241 perpauci
1977 3198 2021 3259 ρ

347 3262 534 3311 autem
567 3254 624 3310 in
676 3270 813 3328 quos
842 3271 953 3311 non
994 3256 1245 3328 regnavit
1272 3272 1456 3323 mors;
1493 3255 1549 3311 in
1577 3272 1715 3329 quos
1756 3266 1938 3313 autem

251 3398 263 3411 κ
351 3343 624 3416 regnavit,
650 3352 773 3417 post
812 3345 973 3400 istam
1004 3352 1260 3413 mortem,
1292 3361 1414 3418 quae
1439 3346 1618 3418 prima
1650 3346 1877 3417 dicitur,
1909 3365 1941 3404 a

346 3434 590 3492 secunda
645 3435 860 3507 excepti
910 3444 1040 3491 sunt
1092 3434 1160 3490 ad
1198 3451 1417 3507 pmnam
1470 3444 1525 3493 et
1572 3437 1937 3510 perditionem

351 3525 615 3581 futuram.
673 3526 736 3580 In
765 3540 903 3597 quos
952 3532 1135 3580 autem
1189 3542 1301 3581 non
1354 3527 1626 3598 regnavit,
1675 3529 1802 3601 quia
1826 3546 1938 3586 non

348 3620 718 3698 peccaverunt
738 3613 795 3667 in
828 3611 1256 3669 similitudinem
1286 3616 1759 3686 praevaricationis
1784 3618 1938 3690 Adaa,

348 3703 452 3761 sub
525 3718 620 3774 spe
687 3704 954 3760 reservati
1018 3711 1149 3759 sunt
1193 3704 1457 3761 adventui
1514 3706 1813 3767 Salvatoris
1881 3712 1940 3767 in

351 3794 526 3850 libera
556 3793 673 3866 (35)
695 3811 710 3862 ;
741 3793 887 3850 sicut
907 3794 1105 3866 legitur
1119 3793 1185 3849 de
1213 3794 1510 3865 Abraham,
1530 3797 1659 3871 quia
1689 3802 1941 3872 quamvis

349 3882 495 3955 apud
530 3882 737 3939 inferos
780 3882 969 3952 fuerit,
1031 3883 1300 3941 discretus
1346 3894 1527 3943 tamen
1567 3888 1730 3961 longo
1774 3889 1939 3946 inter-

352 3971 500 4027 vallo
535 3978 652 4038 est;
686 3971 764 4028 ita
795 3978 858 4027 ut
904 3970 1245 4037 chaos.esset
1286 3972 1477 4047 ingens
1510 3973 1657 4031 inter
1678 3975 1859 4047 justos
1887 3983 1942 4032 et

348 4074 661 4137 peccatores
726 4066 879 4137 (Luc.
913 4082 1031 4134 xvx,
1061 4066 1175 4138 26).
1208 4066 1265 4123 Si
1296 4066 1442 4123 inter
1467 4066 1647 4139 justos
1676 4076 1730 4124 et
1753 4084 1941 4140 pecca-

350 4166 495 4214 tores
524 4156 691 4213 chaos
720 4157 913 4229 ingens
938 4165 1071 4225 erat,
1111 4167 1315 4230 quanto
1342 4159 1515 4232 magis
1545 4160 1690 4215 inter
1718 4160 1939 4231 impios,

349 4256 413 4304 ut
462 4247 630 4319 justis
675 4253 819 4302 esset
864 4245 1206 4318 refrigerium
1254 4248 1393 4320 (36),
1443 4256 1497 4304 et
1562 4249 1942 4321 peccatoribus

351 4344 534 4405 aestus,
576 4335 764 4407 impiis
808 4352 936 4391 vero
982 4336 1181 4403 ardor;
1236 4344 1298 4392 ut
1346 4345 1472 4393 ante
1503 4335 1778 4408 judicium
1808 4339 1942 4411 quid

352 4425 734 4499 unusquisque
786 4425 984 4498 dignus
1009 4434 1167 4493 esset,
1204 4443 1312 4483 non
1346 4426 1580 4483 lateret?
1605 4427 1686 4481 Ac
1716 4443 1810 4497 per
1838 4427 1943 4483 hoc

351 4514 617 4587 regnabat
642 4514 699 4569 in
726 4530 819 4571 eos
836 4531 1005 4584 mors,
1036 4515 1164 4589 quia
1192 4514 1416 4570 videbat
1432 4530 1596 4585 opera
1619 4514 1944 4573 subtilitatis

352 4621 465 4661 sua)
514 4604 807 4677 profecisse
857 4605 936 4662 eis
960 4605 1029 4661 ad
1086 4620 1302 4677 pmnam
1333 4603 1488 4675 quasi
1527 4602 1791 4659 inimicis.
1822 4605 1942 4661 Non

352 4694 499 4750 enim
517 4694 678 4751 latuit
698 4694 856 4751 illum
881 4694 950 4751 ad
971 4693 1078 4749 hoc
1094 4693 1302 4748 factum
1323 4691 1608 4746 hominem
1630 4691 1687 4746 in
1712 4693 1942 4764 mundo,

354 4791 416 4839 ut
449 4784 738 4857 imperium
771 4785 939 4840 unius
994 4783 1092 4839 Dei
1121 4780 1467 4854 praedicaret,
1508 4781 1655 4853 quod
1684 4784 1942 4853 praevari-

356 4879 513 4928 catus
540 4880 622 4928 est
655 4872 902 4928 Satanas.

425 4962 505 5017 Ac
530 4960 576 5016 si
608 4962 664 5015 in
694 4960 885 5016 Graeco
916 4974 1028 5014 non
1059 4957 1137 5011 ita
1161 4962 1381 5013 cautum
1408 4952 1658 5025 dicatur;
1688 4958 1770 5015 sic
1793 4958 1940 5016 enim

352 5046 560 5106 dicitur
603 5049 893 5119 scriptum,
943 5046 1109 5101 etiam
1147 5045 1206 5101 in
1261 5061 1354 5102 eos
1392 5053 1625 5102 mortem
1669 5063 1942 5120 regnasse,

353 5140 447 5212 qui
511 5154 621 5193 non
672 5141 1040 5209 peccaverunt
1068 5134 1127 5189 in
1174 5133 1598 5192 similitudinem
1624 5138 1944 5210 praevarica-

351 5229 521 5286 tionis
604 5226 758 5285 Adae.
792 5225 987 5281 Totum
1011 5224 1156 5281 enim
1186 5223 1279 5282 hic
1323 5228 1646 5300 complexus
1700 5228 1943 5299 videtur,

427 5353 545 5425 (34)
578 5352 784 5408 Idcirco
804 5349 1178 5425 fatebatur...
1220 5354 1441 5425 effectos,
1470 5353 1656 5410 deerat
1682 5354 1738 5409 in
1767 5355 1944 5410 omni-

352 5420 457 5506 bus
484 5420 645 5490 edit.,
676 5420 824 5494 quod
854 5437 954 5477 nos
1022 5439 1187 5496 prope
1228 5420 1294 5481 ex
1331 5424 1593 5482 omnibus
1623 5442 1753 5482 mss.
1789 5426 1945 5483 resti-

353 5503 711 5635 ml(u31g)sCod.
748 5565 1025 5632 nonnulli,
1055 5567 1302 5623 adventui
1333 5568 1632 5624 Saluatoris
1661 5568 1718 5621 in
1753 5567 1944 5623 libera-

360 5634 589 5707 tionem;
616 5634 712 5690 alii
742 5651 894 5704 vero,
942 5645 996 5692 et
1024 5637 1158 5693 edit.
1200 5638 1306 5695 hoc
1348 5638 1495 5693 inter
1538 5654 1594 5694 se
1650 5638 1943 5707 dissident,

358 5706 506 5783 quod
547 5723 677 5765 mss.
728 5722 836 5764 non
885 5707 1066 5780 pauci,
1124 5724 1188 5764 ac
1239 5716 1350 5765 vet.
1381 5708 1516 5765 edit.
1566 5708 1820 5776 efferunt,
1847 5706 1941 5765 adé

1974 4560 2023 4619 D

2044 575 2126 623 est
2176 566 2405 633 diaboli,
2466 565 2630 620 etiam
2681 564 2737 618 in
2792 580 2884 618 eos
2926 563 3021 635 qui
3078 579 3188 618 non
3246 575 3641 635 peccaverunt,

2044 672 2294 728 regnasse
2325 662 2555 711 mortem
2590 651 2768 719 dicat;
2799 652 3114 707 moriuntur
3142 653 3314 719 enim,
3344 654 3491 727 quod
3523 657 3640 711 voti

2045 753 2128 801 est
2178 745 2411 801 Satanre.
2468 742 2622 810 Quod
2663 743 2708 797 si
2767 758 2961 797 verum
3013 750 3177 811 esset,
3235 759 3348 799 non
3391 746 3644 817 oportuit

2046 835 2156 893 dici
2181 853 2194 890 :
2243 860 2260 881 ε
2282 834 2549 907 Regnavit
2577 850 2724 889 mors
2752 832 2819 887 ab
2850 832 3023 888 Adam
3056 850 3227 906 usque
3255 833 3323 889 ad
3352 835 3627 907 Moysen;.

2047 925 2094 981 si
2119 925 2186 980 ab
2234 924 2396 980 initio
2449 940 2620 996 usque
2650 923 2717 978 ad
2747 922 2912 978 ﬁnem
2955 931 3145 995 regnat
3194 923 3251 979 in
3282 940 3492 981 omnes.
3528 926 3645 984 Aut

2048 1014 2190 1070 forte
2226 1013 2426 1087 gradus
2477 1012 2629 1080 fecit,
2659 1020 2721 1068 ut
2774 1012 2841 1068 ab
2883 1011 3061 1067 Adam
3103 1029 3277 1085 usque
3306 1013 3375 1069 ad
3412 1015 3641 1087 Moysen

2048 1105 2380 1177 regnaverit,
2411 1111 2465 1159 et
2486 1105 2719 1175 aMoyse
2744 1120 2916 1176 usque
2936 1103 3005 1159 ad
3032 1104 3337 1172 Christum,
3365 1123 3397 1162 a
3417 1106 3644 1165 Christo

2049 1210 2179 1249 vero
2208 1208 2380 1265 usque
2408 1192 2478 1248 ad
2527 1192 2731 1258 ﬁnem;
2774 1199 2836 1247 ut
2884 1192 2951 1247 ad
2986 1209 3151 1265 quam
3182 1195 3483 1250 utilitatem
3518 1195 3644 1253 haec

2048 1284 2255 1339 locutio
2304 1281 2609 1355 proﬁceret,
2658 1298 2783 1338 cum
2842 1298 2947 1339 nec
2971 1283 3052 1339 sic
3106 1283 3325 1341 locutus
3353 1286 3641 1357 probetur.

2044 1373 2201 1428 Dixit
2229 1372 2416 1429 enim:
2484 1397 2501 1419 ι
2528 1371 2614 1427 Ab
2662 1371 2835 1427 Adam
2887 1372 3140 1444 regnavit
3170 1389 3317 1429 mors
3366 1392 3541 1448 usque
3573 1377 3643 1433 ad

2048 1463 2297 1533 Moysen,
2325 1486 2342 1507 ι
2384 1469 2610 1532 propter
2661 1459 2811 1533 quod
2858 1461 2948 1517 lex
2979 1477 3090 1517 non
3123 1471 3241 1519 erat
3269 1464 3641 1535 manifestata,

2048 1559 2110 1607 ut
2136 1551 2263 1607 data
2290 1551 2429 1622 lege,
2461 1549 2562 1605 sub
2597 1551 2923 1607 auctoritate
2952 1551 3069 1623 ejus
3104 1552 3378 1624 viverent,
3409 1555 3645 1612 scientes

2048 1640 2182 1713 quid
2211 1649 2487 1706 caverent,
2519 1655 2587 1695 ne
2640 1649 2891 1713 regnaret
2930 1640 2985 1697 in
3016 1658 3107 1699 eos
3136 1658 3302 1700 mors.
3336 1644 3510 1716 Igitur
3546 1647 3641 1718 qui

2048 1738 2175 1788 ante
2204 1733 2376 1804 legem
2403 1730 2509 1786 hoc
2555 1730 2820 1799 servavit,
2855 1738 3053 1787 natura
3080 1730 3240 1801 duce,
3276 1734 3423 1807 quod
3454 1744 3644 1807 postea

1970 1852 2017 1912 B
2050 1823 2140 1877 lex
2207 1820 2513 1889 mandavit,
2544 1820 2818 1894 numquid
2848 1828 3028 1892 potest
3074 1820 3186 1877 dici
3217 1823 3347 1895 quia
3374 1841 3524 1883 mors
3554 1843 3643 1882 re-

2047 1911 2239 1983 gnavit
2259 1911 2317 1966 in
2347 1925 2473 1966 eum
2500 1909 2529 1965 ‘P
2564 1911 2700 1966 Nam
2725 1909 2853 1965 vide
2883 1909 3017 1982 quid
3047 1910 3115 1967 de
3147 1927 3212 1968 eo
3242 1914 3511 1986 scriptum
3527 1916 3601 1972 sit
3627 1935 3638 1972 :

2063 2026 2080 2047 ε
2111 2000 2422 2067 Peccatum,
2456 1998 2660 2071 inquit,
2690 2015 2802 2054 non
2834 1999 3230 2071 imputabatur,
3261 2019 3386 2059 cum
3408 2004 3501 2059 lex
3530 2020 3640 2061 non

2049 2098 2229 2156 esset;
2260 2115 2279 2137 ι
2313 2096 2367 2145 et
2418 2087 2653 2160 adjecit:
2712 2114 2729 2136 ι
2760 2087 2865 2144 Sed
2888 2091 3139 2162 regnavit
3176 2108 3323 2148 mors
3350 2092 3419 2148 ah
3464 2093 3639 2150 Adam

2049 2195 2221 2252 usque
2249 2178 2318 2234 ad
2337 2178 2584 2250 Moysen,
2617 2201 2634 2223 ι
2675 2194 2741 2233 eo
2769 2178 2961 2250 utique
2987 2186 3253 2251 tempore,
3279 2196 3389 2253 quo
3410 2181 3500 2237 lex
3531 2197 3643 2237 non

2048 2279 2200 2337 erat;
2233 2276 2288 2325 et
2314 2268 2574 2324 convenit
2622 2276 2684 2323 ut
2712 2268 2842 2340 quia
2902 2277 3194 2341 antequam
3259 2270 3349 2326 lex
3396 2269 3641 2339 daretur,

2049 2375 2199 2415 mors
2227 2356 2500 2429 regnavit,
2548 2355 2603 2411 in
2635 2372 2728 2412 eos
2761 2371 3014 2429 regnasse
3041 2357 3279 2427 dicatur,
3315 2359 3410 2432 qui
3440 2375 3645 2432 pecca-

2050 2456 2252 2507 verunt
2281 2451 2338 2505 in
2367 2447 2795 2505 similitudinem
2825 2448 3297 2520 praevaricationis
3317 2450 3470 2520 Adae,
3498 2453 3646 2509 sicut

2050 2555 2217 2611 supra
2246 2538 2694 2594 memoravimus.
2727 2538 2881 2594 Sicut
2925 2539 3071 2595 enim
3102 2548 3224 2611 post
3255 2540 3426 2612 legem
3458 2542 3646 2599 datam

2050 2628 2147 2701 qui
2172 2627 2337 2684 idolis
2364 2636 2459 2683 aut
2507 2626 2861 2683 fornicationi
2900 2627 3232 2696 servierunt,
3289 2635 3648 2685 contemnen-

2050 2725 2133 2773 tes
2159 2717 2553 2788 legislatorem,
2609 2716 2858 2789 regnavit
2890 2716 2947 2772 in
2986 2733 3078 2772 eos
3110 2733 3288 2783 mors;
3324 2717 3401 2774 ita
3434 2726 3489 2774 et
3514 2728 3645 2777 ante

2051 2809 2224 2881 legem
2273 2806 2369 2878 qui
2426 2822 2649 2861 sensum
2698 2806 2833 2878 legis
2896 2816 3318 2878 prassenserunt,
3380 2806 3648 2865 honoriﬁ-

2050 2905 2237 2956 cantes
2271 2902 2548 2952 auctorem
2605 2894 2743 2966 ejus,
2777 2911 2887 2951 non
2932 2896 3123 2967 utique
3170 2895 3421 2966 regnavit
3469 2898 3527 2953 in
3555 2913 3650 2955 eos

2053 3002 2203 3042 mors
2230 3003 2241 3041 :
2300 2991 2586 3057 propterea
2613 2984 2763 3040 enim
2795 3000 3045 3055 regnasse
3092 2983 3318 3051 dicitur,
3349 2985 3482 3055 quia
3510 3003 3651 3059 cog-

2051 3075 2193 3132 nitio
2220 3075 2387 3131 unius
2442 3073 2540 3131 Dei
2580 3081 2879 3130 evanuerat
2935 3073 2993 3128 in
3022 3073 3203 3129 terris.
3262 3074 3519 3147 Denique
3567 3079 3649 3136 sic

2050 3165 2220 3238 cmpit
2248 3166 2375 3231 data
2420 3164 2549 3221 lex:
2596 3190 2613 3211 ι
2642 3166 2758 3235 Ego
2798 3179 2941 3230 sum,
2964 3162 3168 3234 inquit,
3200 3163 3474 3222 Dominus
3502 3169 3650 3225 Deus

2049 3262 2200 3322 tuus,
2231 3254 2326 3327 qui
2357 3253 2526 3310 eduxi
2556 3260 2609 3309 te
2629 3253 2696 3309 de
2727 3253 2991 3325 ngypto,
3023 3252 3092 3308 de
3113 3251 3281 3309 domo
3308 3256 3606 3314 servitutis
3633 3277 3643 3314 :

2050 3360 2160 3400 non
2192 3351 2356 3400 erunt
2383 3342 2488 3399 tibi
2516 3342 2595 3399 dii
2624 3342 2717 3398 alii
2740 3349 2936 3414 praeter
2965 3358 3085 3409 me;
3108 3350 3164 3399 et
3193 3359 3307 3399 non
3335 3343 3505 3401 facies
3544 3347 3645 3403 tibi

2049 3434 2282 3501 idolum,
2349 3448 2525 3505 neque
2573 3432 2741 3486 ullam
2793 3431 3220 3488 similitudinem
3291 3434 3494 3503 (Exod.
3546 3451 3646 3503 xx,

2049 3523 2189 3595 2-4).
2227 3548 2246 3571 ι
2290 3524 2427 3578 Data
2479 3522 2649 3593 igitur
2677 3521 2766 3575 lex
2797 3528 2900 3589 est,
2954 3538 3022 3577 ne
3052 3538 3202 3578 mors
3254 3533 3545 3594 regnaret;
3583 3533 3648 3582 ut

2048 3612 2272 3669 abolitis
2330 3610 2566 3683 peccatis
2620 3608 2920 3681 prioribus,
2966 3609 3066 3664 uni
3090 3612 3204 3667 Deo
3247 3611 3649 3671 obsecundaret

2051 3717 2220 3774 genus
2275 3698 2601 3754 humanum.
2649 3696 2804 3753 Unde
2849 3698 2960 3753 alio
2993 3698 3114 3754 loco
3160 3698 3299 3757 dicit
3328 3702 3474 3758 idem
3502 3704 3646 3776 Apo-

2049 3790 2265 3846 stolus:
2332 3815 2350 3836 -
2376 3788 2496 3844 Non
2523 3796 2711 3859 regnet
2742 3795 3027 3860 peccatum
3080 3789 3140 3846 in
3193 3801 3376 3849 vestro
3423 3795 3644 3852 mortali

2049 3898 2300 3955 corpore,
2337 3891 2400 3939 ut
2427 3880 2699 3937 obediatis
2727 3881 2777 3936 ei
2813 3882 2989 3952 (Rom.
3022 3899 3102 3950 v1,
3138 3883 3251 3953 l2).
3286 3909 3304 3932 ι
3346 3884 3467 3953 Quo
3495 3885 3646 3945 dicto

2050 3972 2290 4029 ostendit
2335 3971 2501 4028 etiam
2550 3986 2700 4028 nunc
2740 3987 2966 4043 regnare
3011 3979 3263 4043 mortem,
3310 3975 3356 4029 si
3395 3975 3487 4031 lex
3516 3992 3645 4034 con-

2049 4070 2346 4119 temnatur.
2367 4061 2526 4130 Quod
2540 4063 2690 4117 enim
2707 4077 2937 4135 regnum
2967 4062 3163 4119 mortis
3181 4070 3284 4133 est,
3305 4064 3413 4120 nisi
3433 4081 3561 4121 cum
3582 4065 3646 4122 ﬁt

2051 4154 2308 4209 voluntas
2324 4150 2463 4222 ejus,
2483 4151 2615 4208 dum
2634 4150 2961 4223 imperat,ad
2986 4152 3289 4224 perniciem
3310 4152 3643 4226 obedientis,

2048 4245 2211 4317 cujus
2238 4242 2457 4316 imperii
2486 4243 2743 4299 voluntas
2770 4250 2934 4315 caput
2947 4249 3029 4298 est
3056 4241 3384 4298 idololatrias
3404 4244 3433 4300 ?

2120 4335 2192 4391 Et
2218 4342 2401 4390 tamen
2430 4333 2510 4389 sic
2537 4332 2912 4404 praescribitur
2938 4331 3099 4388 nobis
3144 4331 3214 4388 de
3256 4332 3461 4389 Graecis
3497 4333 3644 4391 codi-

2050 4422 2233 4491 cibus,
2263 4422 2419 4495 quasi
2448 4438 2560 4478 non
2595 4421 2701 4493 ipsi
2730 4420 2798 4477 ab
2832 4420 3068 4477 invicem
3102 4418 3453 4493 discrepent;
3497 4421 3645 4495 quod

2052 4510 2185 4567 facit
2211 4510 2461 4567 studium
2488 4510 2879 4567 contentionis.
2912 4509 3052 4577 Quia
3091 4509 3237 4565 enim
3271 4509 3492 4582 propria
3521 4510 3644 4582 quis

2053 4600 2378 4657 auctoritate
2405 4599 2487 4655 uti
2517 4615 2627 4655 non
2660 4606 2838 4671 potest
2860 4598 2929 4654 ad
2958 4598 3272 4666 victoriam,
3303 4598 3473 4654 verba
3509 4598 3642 4671 legis

2053 4689 2348 4758 adulterat,
2409 4697 2472 4745 ut
2531 4704 2754 4745 sensum
2824 4704 2982 4744 suum
3051 4688 3208 4761 quasi
3273 4688 3445 4744 verba
3510 4687 3641 4759 legis

2051 4785 2276 4846 asserat,
2333 4786 2395 4834 ut
2450 4794 2562 4833 non
2608 4777 2771 4845 ratio,
2801 4776 2895 4833 sed
2952 4777 3250 4835 auctoritas
3294 4777 3642 4848 praescribere

2052 4867 2327 4924 videatur.
2361 4866 2590 4925 Constat
2617 4874 2799 4922 autem
2830 4881 2994 4938 porro
3042 4866 3178 4922 olim
3203 4866 3469 4939 quosdam
3501 4865 3641 4922 Lati-

2050 4973 2153 5013 nos
2199 4956 2265 5013 de
2301 4955 2580 5013 veteribus
2610 4956 2814 5013 Graecis
2842 4956 3136 5011 translatos
3163 4954 3469 5025 codicibus,
3507 4972 3641 5030 quos

2051 5050 2401 5119 incorruptos
2433 5045 2760 5117 simplicitas
2802 5054 3114 5117 temporum
3161 5045 3404 5103 servavit
3439 5054 3494 5102 et
3523 5062 3639 5118 pro-

2050 5137 2177 5194 bat:
2211 5144 2498 5209 postquam
2522 5142 2706 5192 autem
2736 5152 2769 5190 a
2797 5131 3094 5191 concordia
3120 5134 3323 5191 animis
3364 5134 3640 5192 disceden-

2050 5226 2220 5295 tibus,
2249 5234 2305 5282 et
2332 5224 2608 5283 haereticis
2636 5222 3088 5298 perturbantibus
3114 5223 3361 5298 torqueri
3389 5223 3639 5296 quaestio-

2050 5362 2235 5429 vegitu:
2287 5354 2487 5429 reliqui
2538 5355 2757 5422 melius,
2788 5352 3080 5409 adventui:
3127 5353 3289 5410 Rom.
3335 5351 3471 5409 edit.
3502 5351 3636 5418 sola,

2051 5426 2324 5482 adventus.
2406 5426 2420 5429 ⁷

2126 5498 2242 5568 (36)
2266 5500 2349 5554 Ita
2375 5497 2505 5574 Gill.
2537 5515 2600 5555 ac
2627 5499 2786 5574 Rom.
2818 5496 2954 5574 edit.
2991 5511 3117 5555 cum
3152 5511 3282 5552 mss.
3316 5493 3635 5574 nonnullis:

2052 5566 2162 5642 vet.
2195 5566 2376 5642 autem
2407 5568 2550 5642 edit._
2571 5576 2626 5642 et
2674 5568 2874 5642 reliqui
2906 5585 3065 5635 mss.,
3110 5575 3308 5640 quanto
3336 5566 3504 5637 magis
3534 5566 3639 5635 piis

2051 5646 2100 5695 et
2116 5638 2279 5710 justis
2306 5647 2434 5695 esset
2460 5638 2825 5712 refrigerium.
3118 5638 3133 5640 ⁷
3684 5666 3685 5669 η
