3932 6210
207 335 311 393 101

1313 335 1674 395 COMMENT.
1717 336 1789 394 IN
1825 337 2024 396 EPIST
2087 341 2184 397 AD
2224 342 2396 400 ROM.

3405 352 3507 409 102

208 459 376 517 nibus
430 469 714 535 coeperunt
769 463 929 537 (37),
986 464 1161 521 multa
1214 465 1505 523 immutata
1554 476 1685 525 sunt
1738 466 1807 525 ad
1834 468 1886 528 A
1916 468 2455 540 condemnationem,
2494 470 2703 528 donum
2740 482 2921 529 autem
2960 489 3031 529 ex
3065 474 3256 531 multis
3293 474 3512 533 delictis

205 574 429 613 sensum
484 558 829 628 humanum;
889 569 953 616 ut
1008 561 1117 619 hoc
1170 562 1549 619 contineretur
1599 562 1695 620 57
1753 566 1812 621 in

207 649 437 716 litteris,
484 650 633 721 quod
677 650 899 705 homini
938 650 1258 708 videretur:
1309 651 1457 709 unde
1492 654 1658 710 etiam
1706 656 1813 727 ipsi

206 738 385 794 Graeci
414 737 665 794 diversos
703 738 924 795 codices
966 739 1191 797 habent.
1246 743 1360 798 Hoc
1405 750 1588 799 autem
1618 761 1810 801 verum

205 828 467 898 arbitror,
520 828 745 902 quando
782 837 839 884 et
883 831 1026 887 ratio
1054 839 1109 887 et
1148 831 1380 889 historia
1423 842 1478 890 et
1515 836 1813 893 auctoritas

203 918 581 976 observatur:
636 936 766 975 nam
816 920 1090 994 hodieque
1138 923 1197 978 in
1246 924 1458 981 Latinis
1505 926 1814 999 reprehen-

204 1009 422 1065 duntur
441 1008 751 1078 codicibus,
777 1009 857 1066 sic
878 1010 1248 1067 inveniuntur
1265 1029 1297 1069 a
1314 1014 1593 1073 veteribus
1612 1017 1808 1089 posita,

204 1097 577 1166 Tertulliano,
612 1097 900 1155 Victorino
928 1106 983 1155 et
1010 1099 1310 1171 Cypriano.

281 1188 534 1244 Primum
580 1188 749 1260 igitur
790 1188 848 1244 in
890 1188 1079 1245 Iudaea
1122 1192 1290 1264 coepit
1335 1193 1544 1250 destrui
1577 1212 1807 1267 regnum

207 1277 429 1343 mortis,
446 1277 573 1349 quia
600 1300 618 1323 α
640 1284 803 1334 notus
830 1278 887 1333 in
907 1279 1096 1335 Iudaea
1112 1281 1258 1337 Deus
1280 1283 1453 1353 (Psal.
1478 1301 1651 1354 Lxxv,
1669 1285 1748 1357 2);
1775 1310 1794 1333 ι

204 1382 359 1421 nunc
391 1373 570 1421 autem
601 1366 659 1421 in
690 1367 951 1438 omnibus
988 1368 1248 1441 gentibus
1279 1372 1530 1445 quotidie
1570 1372 1806 1431 destrui-

204 1464 318 1523 tur,
365 1453 499 1510 dum
548 1471 745 1528 magna
788 1474 858 1513 ex
904 1465 1057 1530 parte
1102 1476 1173 1515 ex
1216 1460 1352 1518 ﬁliis
1398 1462 1609 1519 diaboli
1662 1463 1806 1521 ﬁunt

201 1542 308 1597 ﬁlii
332 1543 451 1599 Dei.
484 1544 673 1617 Itaque
703 1561 817 1602 non
846 1546 905 1602 in
926 1564 1118 1604 omnes
1147 1552 1397 1622 regnavit
1425 1568 1594 1621 mors,
1625 1553 1719 1609 sed
1744 1555 1802 1609 in

201 1650 298 1689 eos
324 1633 419 1706 qui
448 1642 818 1705 peccaverunt
847 1636 919 1691 in
937 1638 1364 1695 similitudinem
1398 1643 1803 1714 praevaricatio-

201 1721 293 1778 nis
320 1722 477 1791 Adae,
519 1722 666 1780 sicut
709 1742 877 1797 supra
906 1728 1229 1784 memoravi.
1262 1730 1436 1786 Adam
1464 1741 1646 1788 autem
1680 1733 1803 1790 ideo

1919 557 1979 613 in
2022 556 2496 628 justiﬁcationem.
2531 587 2549 609 ι
2590 562 2879 619 Manifeste
2910 562 3191 619 dimrsum
3236 571 3336 631 est,
3382 564 3513 638 quia

1918 662 2035 702 uno
2064 646 2196 703 Adae
2224 658 2443 718 peccato
2468 649 2819 707 condemnati
2849 659 2997 720 sunt,
3028 653 3121 725 qui
3156 653 3213 707 in
3249 653 3508 710 similitu-

1918 736 2107 792 dinem
2165 739 2637 809 praevaricationis
2690 740 2807 811 ejus
2863 751 3270 814 peccaverunt:
3338 745 3510 817 gratia

1919 844 2051 883 vero
2080 826 2177 883 Dei
2222 844 2319 900 per
2346 828 2626 884 Christum
2667 846 2779 885 non
2809 847 2879 885 ex
2907 849 3017 887 uno
3051 833 3276 901 delicto,
3315 833 3410 889 sed
3439 850 3509 890 ex

1918 917 2111 972 multis
2134 915 2466 988 justiﬁcavit
2491 916 2767 986 homines,
2790 918 2972 975 dando
2991 920 3104 975 illis
3125 921 3504 978 remissionem

1917 1014 2289 1077 peccatorum.
2332 1006 2448 1062 Hoc
2479 1006 2547 1062 ad
2577 1008 3041 1080 magniﬁcentiam
3080 1009 3297 1081 pietatis
3323 1011 3422 1066 Dei
3453 1018 3509 1066 et

1917 1094 2126 1151 Christi
2158 1095 2426 1167 loquitur,
2449 1104 2511 1151 ut
2533 1113 2659 1153 cum
2679 1096 2884 1154 delicto
2905 1097 3038 1153 Adae
3068 1099 3229 1154 multi
3250 1105 3511 1156 tenentur

1915 1199 1947 1239 a
1976 1192 2154 1239 morte
2183 1185 2423 1241 secunda
2451 1185 2509 1241 in
2541 1186 2762 1242 inferno
2791 1186 3068 1255 inferiori,
3092 1187 3301 1244 donum
3324 1196 3505 1246 tamen

1914 1274 2100 1345 gratia:
2122 1273 2240 1341 Dei,
2272 1291 2396 1330 cum
2417 1274 2631 1346 justum
2653 1281 2796 1331 esset
2825 1276 2991 1347 plecti
3020 1276 3168 1345 illos,
3196 1294 3307 1333 non
3326 1279 3505 1334 solum

1914 1361 2149 1434 ignoscit
2179 1363 2316 1433 illis,
2347 1363 2443 1420 sed
2462 1362 2755 1435 justiﬁcat.

1986 1455 2169 1527 (Vers.
2198 1456 2310 1527 17.)
2353 1480 2371 1502 ι
2403 1455 2459 1511 Si
2488 1456 2637 1511 enim
2664 1456 2830 1512 unius
2849 1456 3054 1514 delicto
3081 1475 3227 1515 mors
3258 1460 3510 1532 regnavit

1912 1559 2011 1615 per
2056 1560 2264 1610 unum,
2320 1546 2497 1600 multo
2554 1544 2727 1618 magis
2772 1545 3165 1602 abundantiam
3222 1548 3407 1620 gratiae
3454 1556 3509 1605 et

1910 1632 2228 1690 donationis
2248 1641 2302 1690 et
2324 1633 2557 1706 justitiat
2588 1634 2939 1707 accipientes,
2977 1636 3033 1691 in
3058 1638 3173 1692 vita
3202 1637 3510 1709 regnabant

1910 1740 2008 1795 per
2062 1740 2236 1781 unum
2294 1726 2480 1781 Iesum
2536 1723 2839 1781 Christum.
2900 1750 2919 1774 ι
2979 1725 3365 1783 Contuendum
3426 1735 3508 1784 est

199 1810 383 1866 forma
406 1811 579 1868 futuri
608 1820 709 1882 est,
742 1815 873 1887 quia
890 1813 1007 1887 jam
1030 1825 1149 1873 tum
1180 1817 1239 1874 in
1265 1821 1531 1893 mysterio
1557 1822 1805 1880 decrevit
1834 1831 1878 1892 Β
1911 1830 2088 1869 unum
2118 1829 2235 1869 9338
2263 1829 2509 1882 Sensum,
2551 1820 2609 1869 θι
2654 1812 2713 1867 in
2759 1812 2915 1869 ΠΠῙῘΟ
2956 1812 3177 1869 differre
3206 1832 3218 1868 ε
3270 1822 3502 1870 mortem

200 1900 351 1955 Deus
406 1915 501 1972 per
550 1918 724 1957 unum
781 1902 1065 1962 Christum
1119 1908 1447 1979 emendare,
1505 1912 1652 1983 quod
1707 1929 1803 1985 per

201 2004 377 2044 unum
416 1990 590 2047 Adam
640 2002 923 2064 peccatum
973 2005 1091 2053 erat
1137 1998 1281 2071 (38),
1322 2000 1469 2056 sicut
1503 2000 1712 2057 dicitur
1742 2003 1803 2059 in

200 2079 537 2152 Apocalypsi
565 2082 791 2141 Joannis
818 2086 1053 2158 apostoli
1088 2105 1101 2143 :
1146 2111 1164 2134 ι
1196 2089 1421 2161 Agnus,
1453 2089 1671 2165 inquit,
1701 2094 1801 2167 qui

200 2168 422 2223 occisus
445 2177 526 2224 est
567 2185 598 2225 a
637 2172 1035 2230 constitutione
1064 2174 1259 2232 mundi
1291 2176 1480 2249 (Apoc.
1509 2195 1637 2249 xm,
1654 2181 1739 2254 8).
1768 2206 1786 2230 ι

199 2256 456 2331 Denique
484 2258 721 2331 subjecit
750 2280 761 2317 :

277 2347 457 2418 (Vers.
485 2349 593 2421 15.)
639 2374 657 2396 ε
686 2350 791 2407 Sed
833 2368 944 2410 non
966 2354 1133 2411 sicut
1174 2354 1463 2426 delictum,
1494 2357 1572 2415 ita
1608 2366 1662 2415 et
1690 2359 1801 2415 do-

201 2451 362 2492 num.
397 2462 416 2485 ι
449 2437 677 2511 Propter
697 2441 843 2513 quod
870 2443 1020 2501 enim
1050 2444 1284 2502 formam
1316 2463 1431 2503 esse
1462 2446 1609 2503 dixit
1635 2450 1801 2506 unius

199 2524 409 2583 Christi
467 2543 641 2584 unum
690 2530 907 2600 Adam;
957 2550 1028 2589 ne
1074 2541 1129 2590 et
1177 2552 1396 2594 causam
1447 2536 1581 2593 Adae
1632 2539 1798 2595 talem

198 2614 538 2688 signiﬁcasse
580 2626 887 2691 putaretur,
934 2623 1115 2696 qualis
1152 2633 1208 2681 et
1252 2626 1462 2685 Christi
1505 2637 1624 2697 est;
1675 2628 1800 2685 ideo

199 2704 280 2793 ait
306 2722 318 2761 :
365 2730 383 2752 ι
413 2706 518 2763 Sed
546 2724 658 2765 non
682 2708 827 2767 sicut
856 2711 1146 2781 delictum,
1173 2714 1251 2772 ita
1270 2725 1321 2773 et
1347 2717 1586 2786 donum;
1619 2745 1637 2768 ›
1670 2718 1802 2793 quia

203 2792 265 2847 in
310 2809 375 2849 eo
420 2804 633 2853 tantum
676 2798 855 2856 forma
881 2802 1060 2859 Adam
1087 2803 1295 2862 Christi
1325 2814 1427 2875 est,
1478 2808 1608 2882 quia
1650 2792 1799 2883 quod

205 2898 353 2940 unus
380 2887 648 2957 peccavit,
680 2904 823 2946 unus
853 2891 1189 2951 emendavit.

284 2996 302 3019 ι
335 2972 391 3029 Si
422 2974 570 3032 enim
591 2978 759 3035 unius
778 2978 984 3037 delicto
1012 2982 1178 3039 multi
1207 2984 1415 3041 mortui
1443 2992 1595 3055 sunt,
1618 2986 1799 3042 multo

197 3063 375 3135 magis
402 3065 577 3136 gratia
605 3067 705 3123 Dei
736 3075 791 3125 et
816 3068 1028 3126 donum
1067 3070 1126 3127 in
1157 3072 1332 3145 gratia
1356 3073 1523 3130 unius
1553 3073 1801 3130 hominis

193 3152 325 3256 {esu
345 3152 551 3211 Christi
582 3157 640 3212 in
660 3158 846 3230 plures
873 3159 1211 3230 abundavit;
1246 3188 1264 3211 ι
1298 3161 1405 3219 hoc
1428 3170 1530 3231 est,
1553 3163 1600 3219 si
1630 3164 1798 3220 unius
1827 3196 1870 3256 ρ

193 3240 403 3300 delicto
433 3246 597 3301 multi
641 3248 849 3319 mortui
886 3256 1035 3316 sunt,
1080 3250 1366 3305 imitantes
1394 3251 1798 3322 praevaricatio-

191 3347 321 3387 nem
373 3332 516 3405 ejus,
565 3334 740 3405 magis
788 3336 962 3405 gratia
1007 3339 1111 3393 Dei
1153 3346 1208 3394 et
1258 3338 1468 3394 donum
1518 3339 1575 3394 in
1616 3342 1800 3413 plures

189 3420 506 3477 abundavit
534 3421 921 3493 confugientes
950 3423 1019 3480 ad
1058 3440 1135 3481 se.
1172 3426 1365 3482 Plures
1387 3428 1535 3483 enim
1567 3428 1797 3500 gratiam

187 3518 636 3583 consequuntur,
659 3527 825 3584 quam
856 3514 1060 3570 mortui
1089 3522 1221 3571 sunt
1240 3515 1446 3574 delicto
1465 3517 1621 3575 Ades.
1643 3518 1798 3575 Unde

189 3599 555 3656 manifestum
595 3609 677 3657 est
722 3617 836 3658 non
882 3601 949 3659 de
995 3603 1095 3661 hac
1140 3613 1355 3672 morte,
1384 3623 1505 3679 quae
1536 3608 1797 3665 omnibus

188 3687 509 3745 communis
523 3697 623 3759 est,
656 3690 1011 3764 signiﬁcasse,
1044 3694 1175 3767 quia
1203 3711 1393 3751 omnes
1422 3697 1654 3754 omnino
1679 3714 1794 3755 mo-

189 3780 437 3849 riuntur,
481 3788 535 3836 et
570 3797 682 3837 non
726 3788 909 3838 tamen
939 3800 1129 3841 omnes
1166 3786 1400 3857 gratiam
1434 3804 1794 3862 consequun-

188 3875 329 3924 tur:
381 3884 559 3941 neque
617 3880 847 3929 mortem
906 3873 964 3929 in
1019 3890 1212 3931 omnes
1260 3892 1534 3949 regnasse,
1583 3876 1678 3933 sed
1733 3876 1794 3933 in

189 3975 285 4016 eos
304 3959 399 4032 qui
427 3959 630 4017 delicto
658 3961 815 4031 Adae,
847 3963 1056 4019 mortui
1086 3974 1236 4035 sunt,
1267 3966 1633 4039 signiﬁcatur,
1654 3985 1794 4042 quos

189 4049 251 4106 in
280 4048 707 4108 similitudinem
737 4053 1211 4125 praevaricationis
1229 4055 1362 4113 Adae
1383 4057 1524 4114 dicit
1539 4074 1792 4131 peccasse

193 4139 337 4211 (39).
372 4139 433 4231 ΧΙὶ
468 4148 597 4197 sunt
643 4157 780 4214 quos
826 4142 965 4200 dicit
1013 4144 1072 4200 in
1119 4145 1287 4202 unius
1333 4145 1540 4205 delicto
1587 4148 1793 4204 multos

193 4238 465 4299 mortuos,
510 4231 741 4303 gratiam
781 4240 961 4289 autem
1010 4234 1110 4290 Dei
1157 4234 1216 4291 in
1263 4237 1448 4308 plures
1488 4238 1788 4307 abundare,

192 4322 326 4394 quia
350 4330 406 4378 et
452 4323 511 4378 in
559 4323 628 4379 iis
674 4322 769 4397 qui
817 4324 1023 4382 delicto
1071 4325 1206 4382 Adaa
1255 4328 1460 4383 mortui
1505 4327 1790 4397 dicuntur,

190 4410 455 4467 similiter
482 4422 787 4483 peccantes,
831 4421 885 4470 et
928 4414 985 4469 in
1028 4414 1099 4471 iis
1140 4415 1235 4489 qui
1280 4433 1390 4472 non
1429 4424 1793 4488 peccaverunt

190 4498 251 4554 in
283 4498 388 4556 hac
408 4499 539 4556 Adae
570 4501 1043 4573 praevaricationis
1071 4504 1464 4575 similitudine,
1488 4504 1585 4562 Dei
1617 4506 1792 4579 gratia

189 4589 501 4646 abundavit
533 4610 543 4648 :
580 4601 809 4665 paterno
838 4602 1020 4650 autem
1052 4603 1274 4667 peccato
1301 4612 1371 4652 ex
1395 4595 1495 4653 Dei
1520 4597 1792 4653 sententia

190 4686 349 4735 erant
377 4680 523 4752 apud
549 4682 777 4751 inferos,
809 4685 983 4755 gratia
998 4685 1097 4741 Dei
1119 4684 1425 4742 abundavit
1446 4686 1503 4742 in
1520 4686 1789 4744 descensu

189 4770 517 4840 Salvatoris,
538 4772 798 4830 omnibus
820 4774 959 4831 dans
990 4774 1414 4850 indulgentiam,
1436 4795 1562 4835 cum
1596 4778 1787 4835 trium-

191 4861 303 4935 pho
334 4863 567 4921 sublatis
597 4863 677 4921 eis
702 4864 760 4921 in
788 4867 1012 4923 coelum.

264 4953 450 5023 (Vers.
488 4955 600 5029 16.)
646 4982 665 5004 ι
693 4959 765 5014 Et
811 4975 924 5015 non
966 4958 1109 5016 sicut
1152 4977 1247 5033 per
1274 4978 1449 5018 unum
1478 4968 1784 5035 peccatum,

191 5041 268 5097 ita
306 5051 362 5099 et
401 5042 650 5102 donum:
702 5064 828 5103 nam
866 5046 1146 5119 judicium
1190 5048 1413 5122 quidem
1456 5067 1526 5108 ex
1568 5069 1680 5109 uno
1727 5051 1787 5108 in

261 5270 384 5352 (37)
427 5274 587 5352 Rom.
620 5274 780 5352 edit.,
817 5276 1036 5352 Constat
1061 5284 1237 5336 autem
1274 5277 1368 5335 hoc
1404 5296 1503 5352 per
1530 5279 1788 5351 quosdam

188 5346 409 5401 Latinas
437 5346 501 5402 de
526 5348 786 5404 veteribus
818 5350 1016 5406 Graecis
1060 5353 1356 5407 translatos
1397 5346 1784 5419 olim—codices,

186 5433 317 5504 quos
346 5419 685 5504 incorruptos
712 5420 1025 5504 simplicitas
1054 5428 1343 5504 mnporun}
1364 5423 1658 5504 seruauitct
1680 5440 1785 5504 ser-

189 5496 278 5561 pat
307 5506 326 5543 :
370 5496 657 5561 postquam
698 5498 875 5546 autem
920 5493 1200 5549 concordia.
1236 5494 1431 5549 animis
1473 5493 1787 5551 dissidenti-

372 5560 627 5636 itorqueri
664 5562 1043 5636 questionibus
1075 5566 1245 5636 serpit.
1277 5565 1399 5623 Vet.
1435 5572 1618 5621 autem
1647 5565 1781 5624 edit.

189 5647 251 5688 ac
291 5649 425 5688 mss.
471 5632 765 5691 nobiscum
806 5633 1038 5703 faciunt,
1080 5632 1189 5691 nisi
1217 5636 1364 5703 quod
1402 5637 1605 5694 eaedem
1647 5638 1781 5695 edit.

189 5717 250 5763 ac
288 5703 452 5779 pauci
497 5719 630 5763 mss.
676 5721 779 5777 pro
815 5705 1193 5764 discedentibus
1229 5703 1434 5768 habent
1472 5708 1785 5770 dissidenti-

1817 4559 1868 4619 D

1912 1903 2062 1959 enim
2103 1902 2242 1960 dicit
2286 1917 2561 1974 regnasse,
2605 1917 2717 1959 non
2759 1918 3003 1974 regnare,
3037 1902 3168 1975 quia
3194 1902 3290 1976 qui
3329 1902 3506 1960 intel-

1913 1992 2171 2047 lexerunt
2210 2007 2307 2063 per
2348 1992 2521 2064 legem
2557 1989 2835 2063 judicium
2863 1991 2983 2060 Dei,
3029 1991 3232 2048 sublati
3278 2000 3408 2048 sunt
3435 1991 3503 2049 de

1910 2080 2029 2153 ejus
2057 2081 2308 2155 imperio.
2339 2081 2607 2153 Regnavit
2638 2090 2845 2150 autem,
2878 2082 3008 2155 quia
3035 2082 3154 2139 sine
3185 2082 3504 2138 manifesta-

1909 2172 2060 2228 tione
2100 2172 2232 2244 legis
2260 2172 2432 2229 timor
2474 2172 2572 2229 Dei
2615 2173 2674 2229 in
2701 2173 2867 2230 terris
2906 2189 3017 2229 non
3053 2183 3191 2231 erat.
3242 2173 3504 2247 Superior

1908 2278 2039 2334 ergo
2079 2278 2271 2319 sensus
2311 2268 2414 2329 est,
2463 2268 2526 2317 ut
2568 2262 2697 2335 quia
2741 2278 2889 2319 mors
2932 2262 3183 2335 regnavit
3224 2261 3292 2319 ab
3325 2262 3501 2319 Adam

1908 2367 2082 2424 usque
2109 2350 2178 2407 ad
2204 2352 2430 2424 Moysen
2465 2351 2521 2406 in
2547 2366 2660 2419 eos,
2684 2350 2779 2423 qui
2808 2355 3176 2424 peccaverunt
3202 2351 3262 2406 in
3291 2351 3504 2408 simili-

1908 2440 2159 2496 tudinem
2201 2440 2671 2512 przevaricationis
2708 2440 2864 2510 Adae,
2905 2442 3083 2498 multo
3121 2440 3294 2513 magis
3327 2441 3504 2513 gratia

1908 2537 2096 2600 regnet
2140 2528 2482 2584 abundantia
2526 2528 2659 2584 doni
2713 2530 2814 2586 Dei
2862 2529 2921 2586 in
2969 2530 3139 2586 vitam
3192 2546 3289 2602 per
3327 2546 3499 2586 unum

1909 2619 2095 2675 Jesum
2144 2618 2448 2675 Christum.
2500 2618 2558 2674 Si
2605 2618 2754 2674 enim
2801 2636 2950 2675 mors
2996 2620 3283 2692 regnavit,
3334 2636 3502 2693 quare

1907 2725 2021 2764 non
2051 2708 2225 2780 magis
2245 2708 2418 2780 gratia
2438 2715 2644 2779 regnet,
2667 2725 2788 2780 qua
2810 2710 2985 2765 multo
3006 2709 3190 2781 plures
3211 2709 3498 2781 justiﬁcat,

1909 2814 2072 2872 quam
2104 2797 2163 2854 hi
2191 2805 2321 2854 sunt
2350 2798 2407 2854 in
2437 2814 2573 2872 quos
2603 2798 2854 2871 regnavit
2879 2816 3025 2855 mors
3051 2817 3063 2855 :
3100 2807 3307 2873 quanto
3333 2802 3505 2873 magis

1909 2887 2082 2960 gratia
2107 2904 2332 2961 regnare
2364 2882 2638 2945 credenda
2665 2894 2769 2954 est,
2801 2904 2922 2961 quas
2952 2889 3164 2946 confert
3193 2889 3366 2946 vitam
3405 2907 3502 2963 per

1909 2978 2193 3036 Christum
2220 2979 2247 3035 ?

1984 3068 2165 3140 (Vers.
2200 3068 2315 3141 18.)
2367 3093 2385 3116 ι
2428 3068 2603 3142 Igitur
2630 3070 2775 3127 sicut
2814 3086 2912 3143 per
2936 3071 3101 3128 unius
3131 3070 3397 3130 delictum
3442 3072 3499 3128 in

1910 3173 2100 3214 omnes
2151 3158 2407 3215 homines
2455 3159 2515 3214 in
2561 3159 3117 3229 condemnationem,
3174 3161 3255 3218 sic
3301 3172 3355 3219 et
3406 3179 3502 3235 per

1909 3248 2076 3304 unius
2098 3246 2374 3318 justitiam
2396 3249 2455 3304 in
2477 3265 2667 3304 omnes
2686 3248 2938 3304 homines
2957 3249 3015 3304 in
3040 3250 3499 3321 justiﬁcationem

1912 3335 2079 3405 vitae,
2110 3363 2128 3384 ι
2171 3336 2278 3393 hoc
2305 3344 2422 3406 est,
2470 3337 2615 3393 sicut
2662 3353 2758 3410 per
2802 3337 2965 3393 unius
3006 3337 3272 3395 delictum
3312 3357 3503 3399 omnes

1909 3424 2423 3483 condemnationem
2454 3433 2775 3483 meruerunt
2802 3426 3059 3484 similiter
3086 3437 3394 3501 peccantes,
3427 3431 3504 3489 ita

1909 3523 1963 3571 et
1993 3514 2048 3589 in
2074 3514 2293 3587 justitia
2320 3516 2486 3573 unius
2506 3532 2695 3573 omnes
2713 3515 3169 3588 justiﬁcabuntur
3192 3518 3495 3579 credentes.

1907 3614 1963 3671 Si
1993 3615 2087 3688 qui
2118 3612 2215 3670 58
2248 3623 2430 3672 autem
2462 3615 2976 3674 condemnationem
3017 3618 3161 3677 hanc
3191 3620 3497 3694 generalem

1906 3721 2022 3762 esse
2050 3714 2266 3779 putant,
2312 3706 2485 3763 simili
2532 3707 2696 3764 modo
2725 3716 2779 3764 et
2818 3707 3271 3780 justiﬁcationem
3322 3729 3498 3785 gene-

1905 3796 2074 3852 ralem
2125 3796 2415 3869 accipient.
2470 3796 2576 3853 Sed
2627 3814 2738 3854 non
2789 3807 2872 3855 est
2920 3815 3149 3868 verum,
3204 3799 3335 3873 quia
3384 3816 3495 3856 non

1904 3902 2095 3942 omnes
2129 3886 2381 3944 credunt.

1978 3976 2159 4049 (Vers.
2195 3978 2308 4050 19.)
2345 4001 2362 4024 ι
2390 3977 2544 4035 Sicut
2573 3977 2721 4033 enim
2750 3993 2847 4050 per
2867 3976 3300 4036 inobedientiam
3328 3979 3496 4038 unius

1903 4063 2149 4123 hominis
2195 4075 2505 4140 peccatores
2549 4067 2837 4125 constituti
2884 4076 3014 4124 sunt
3061 4069 3287 4140 plures:
3337 4070 3414 4126 ita
3441 4080 3497 4129 et

1904 4172 2000 4228 per
2031 4157 2199 4212 unius
2237 4156 2607 4213 obedientiam
2639 4155 2777 4229 justi
2815 4155 3221 4213 constituentur
3249 4158 3429 4216 multi.
3464 4186 3482 4208 ι

1903 4245 2053 4313 Quos
2080 4263 2246 4320 supra
2263 4263 2456 4303 omnes
2485 4246 2651 4315 dixit,
2682 4245 2775 4304 hic
2802 4247 2987 4320 plures
3014 4256 3068 4305 et
3096 4249 3299 4306 multos
3327 4250 3495 4322 signi-

1904 4334 2066 4403 ﬁcat;
2109 4336 2292 4408 plures
2333 4337 2481 4393 enim
2511 4336 2773 4393 delictum
2812 4336 2945 4393 Adae
2974 4337 3149 4394 secuti
3190 4346 3321 4395 sunt
3362 4355 3494 4411 prai-

1903 4425 2219 4495 varicando,
2250 4443 2361 4482 non
2392 4443 2608 4495 omnes;
2642 4435 2696 4483 et
2734 4426 2895 4483 multi
2918 4426 3057 4499 justi
3085 4428 3495 4485 constituentur

1903 4534 1999 4589 per
2043 4516 2208 4573 ﬁdem
2256 4516 2499 4586 Christi,
2548 4533 2659 4573 non
2702 4534 2912 4574 omnes.
2964 4517 3085 4573 Non
3130 4533 3259 4589 ergo
3305 4518 3363 4572 in
3402 4534 3496 4574 eos

1902 4608 2151 4679 regnavit
2180 4624 2348 4676 mors,
2379 4607 2474 4681 qui
2512 4623 2624 4663 non
2658 4612 3027 4679 peccaverunt
3063 4604 3123 4660 in
3158 4606 3496 4662 similitudi-

1900 4712 2025 4753 nem
2058 4696 2527 4769 praavaricationis
2551 4695 2704 4752 Adae.

1973 4787 2153 4857 (Vers.
2187 4786 2303 4859 20.)
2354 4809 2371 4832 ι
2418 4786 2534 4841 Lex
2566 4793 2747 4840 autem
2797 4781 3151 4849 subintravit,
3201 4790 3263 4836 ut
3308 4780 3494 4836 abun-

1899 4874 2054 4931 daret
2080 4875 2367 4931 delictum.
2420 4900 2437 4921 ι
2479 4873 2664 4929 Potest
2696 4872 2809 4929 dici
2856 4888 2886 4926 e
2926 4879 3118 4927 contra
3150 4888 3161 4925 :
3213 4870 3333 4925 Non
3363 4885 3493 4943 ergo

1900 4964 2147 5035 oportuit
2192 4963 2313 5019 dari
2364 4964 2558 5035 legem,
2614 4977 2682 5016 ne
2729 4966 2949 5033 peccata
2990 4959 3394 5028 increscerent;
3445 4960 3491 5016 si

1900 5052 2049 5108 enim
2095 5058 2220 5108 ante
2267 5051 2438 5124 legem
2488 5048 2673 5105 minus
2717 5056 2999 5121 peccatum
3048 5057 3149 5118 est,
3200 5065 3310 5105 non
3356 5065 3494 5122 opus

1900 5279 2017 5345 bus,
2048 5277 2235 5335 minus
2258 5271 2549 5333 concinne.

1973 5343 2091 5430 (38)
2130 5351 2212 5406 Ita
2240 5347 2486 5430 plerique
2520 5362 2649 5430 mss.
2681 5353 2737 5402 at
2764 5347 2861 5430 alii
2891 5343 3182 5430 nonnulli,
3216 5352 3270 5401 et
3301 5352 3492 5403 omnes

1898 5416 2496 5492 edit.,'prwvdricat'um
2526 5424 2679 5492 erat:
2708 5418 2832 5474 cod.
2864 5434 2995 5474 vero
3020 5416 3206 5484 Corb.,
3232 5434 3330 5489 per
3352 5436 3491 5490 prte-

1897 5491 2276 5550 varicationem
2300 5495 2566 5561 peccatum
2593 5491 2903 5561 increverat.

1972 5564 2095 5637 (39),
2121 5562 2285 5621 Corb.
2304 5560 2457 5628 icod.,
2487 5578 2615 5637 quos
2639 5560 2697 5615 in
2721 5562 3163 5631 prwvart'catione
3188 5560 3491 5620 similitudi-

1895 5633 1990 5694 nis
2011 5633 2145 5694 Adae
2177 5648 2413 5706 peccasse
2440 5633 2653 5689 asserit.
