3932 6210
426 361 528 421 103

1422 362 1518 417 ΑΒ
1557 358 1792 417 OPERA
1829 359 1884 416 S.
1927 354 2261 415 AMBROSII
2298 353 2683 412 APRENDIX.

3646 352 3756 410 104

425 490 533 546 fuit
578 489 713 560 lege.
764 488 931 543 Plane
977 486 1283 543 necessaria
1310 486 1417 543 fuit
1460 487 1567 555 lex,
1613 496 1675 543 ut
1706 484 2016 542 ostenderet
2050 484 2100 542 A
2129 490 2269 539 cato.
2323 480 2596 536 Gaudium
2628 479 2776 535 enim
2808 478 2940 535 doni
2988 477 3087 535 Dei
3135 478 3299 535 etiam
3348 477 3440 535 his
3486 479 3747 552 proﬁcit,

427 577 686 650 imputari
733 576 879 648 apud
928 578 1104 632 Deum
1151 585 1407 649 peccata,
1463 592 1582 648 quaa
1632 576 1856 647 impune
1902 574 2022 629 ﬁeri

426 668 827 735 credebantur;
884 675 947 722 ut
993 667 1061 723 de
1116 674 1311 723 cretero
1365 667 1571 722 scirent
1624 666 1760 738 quid
1816 665 2023 721 evitare

427 759 706 816 deberent.
740 758 893 815 Unde
922 758 1089 814 Isaias
1117 758 1382 831 propheta
1415 776 1426 813 :
1474 780 1491 802 ι
1532 757 1645 811 Lex
1667 801 1680 824 ,
1715 757 1931 828 inquit,
1966 754 2023 809 in

429 851 765 923 adjutorium
797 850 922 906 data
960 857 1041 905 est
1079 850 1219 919 (Isa.
1253 865 1375 917 VIII,
1407 847 1540 917 20):
1576 873 1593 896 ι
1636 854 1697 902 ut
1744 848 1875 921 quia
1918 847 2023 918 ipsi

429 950 637 997 naturae
667 940 1072 1013 quodammodo
1103 939 1307 994 inserta
1346 945 1478 993 sunt
1517 935 1750 1008 justitiaa
1790 936 2021 1004 semina,

430 1030 615 1085 addita
673 1030 761 1084 lex
815 1037 932 1097 est,
992 1028 1154 1101 cujus
1208 1027 1537 1084 auctoritate
1593 1034 1648 1081 et
1710 1025 2025 1097 magisterio

430 1120 712 1193 ingenium
763 1121 1012 1178 naturale
1060 1119 1349 1193 proﬁceret
1391 1118 1460 1174 ad
1507 1118 1749 1173 fructum
1792 1116 2025 1189 justitias

430 1209 764 1266 faciendum.
796 1210 950 1266 Sicut
982 1208 1131 1264 enim
1183 1207 1447 1263 nativitas
1497 1206 1687 1261 interit
1718 1205 1857 1277 (40),
1917 1205 2026 1260 nisi

430 1299 771 1355 nutrimenta
816 1297 1034 1366 habeat,
1085 1297 1285 1370 quibus
1332 1296 1446 1351 fota
1491 1294 1799 1361 adolescat,
1854 1295 1929 1349 ita
1974 1301 2029 1349 et

429 1388 678 1443 naturale
704 1386 934 1459 justitiaa
964 1385 1266 1457 ingenium,
1300 1384 1409 1440 nisi
1444 1383 1641 1439 habeat
1667 1382 1815 1457 quod
1845 1382 2027 1455 respi-

430 1476 541 1533 ciat
569 1483 623 1530 et
649 1484 963 1543 veneretur,
1012 1489 1123 1529 non
1169 1472 1328 1532 facile
1371 1472 1613 1545 proﬁcit,
1661 1471 1756 1528 sed
1804 1481 2029 1543 aegrotat

432 1572 488 1621 et
536 1564 1052 1637 supervenientibus
1097 1563 1244 1622 cedit
1298 1563 1557 1636 peccatis.
1617 1562 2030 1619 Consuetudine

430 1654 579 1710 enim
604 1653 959 1727 delinquendi
994 1653 1280 1726 premitur,
1316 1668 1382 1708 ne
1410 1661 1618 1709 crescat
1658 1652 1715 1708 in
1759 1651 2025 1719 fructum,

432 1751 487 1800 et
514 1759 611 1815 per
641 1743 747 1800 hoc
774 1743 1166 1815 exstinguitur.
1217 1742 1580 1798 Providenter
1616 1757 1744 1813 ergo
1787 1741 1913 1797 data
1948 1748 2033 1796 est

2133 570 2202 626 de
2230 570 2432 642 quibus
2460 568 2804 641 triumphare
2834 583 2945 623 non
2975 566 3158 640 potuit
3201 568 3429 624 Satanas
3463 584 3476 623 :
3531 567 3755 625 idcirco

2133 657 2605 730 superabundavit
2637 658 2811 731 gratia
2847 673 3011 730 super
3037 666 3351 731 peccatum,
3389 656 3543 731 quod
3572 658 3755 715 suasit

2134 747 2381 804 Satanas.

2207 838 2390 909 (Vers.
2424 835 2540 908 2i.)
2586 859 2604 884 ι
2634 836 2704 893 Ut
2741 833 3208 910 quemadmodum
3253 836 3508 909 regnavit
3538 853 3753 909 pecca-

2133 928 2340 983 tumin
2372 935 2628 994 mortem,
2657 925 2732 981 ita
2766 934 2820 981 et
2866 924 3041 998 gratia
3088 933 3279 997 regnet
3322 942 3421 998 per
3461 926 3750 998 justitiam

2136 1022 2194 1078 in
2222 1021 2396 1077 vitam
2445 1029 2702 1078 aaternam
2751 1037 2846 1093 per
2882 1020 3069 1076 Jesum
3111 1020 3393 1078 Christum
3434 1022 3747 1078 Dominum

2135 1120 2409 1168 nostrum.
2445 1136 2463 1160 ι
2507 1111 2795 1167 Peccatum
2836 1109 3090 1183 regnavit
3118 1109 3360 1167 videndo
3395 1127 3536 1184 opus
3580 1128 3747 1167 suum

2137 1202 2491 1275 peccantibus
2534 1202 2593 1257 in
2624 1209 2857 1257 mortem
2898 1202 3187 1274 proﬁcere,
3233 1201 3290 1256 in
3321 1217 3428 1275 qua
3473 1202 3748 1274 gloriaba-

2136 1300 2228 1349 tur
2256 1292 2427 1348 simili
2458 1291 2641 1359 modo,
2666 1300 2728 1347 ut
2746 1298 2799 1347 et
2830 1291 3003 1363 gratia
3032 1298 3223 1364 regnet
3254 1308 3348 1364 per
3374 1290 3658 1363 justitiam
3690 1294 3746 1349 in

2138 1382 2309 1439 vitam
2339 1391 2619 1450 aeternam,
2652 1398 2747 1454 per
2774 1382 2961 1438 Jesum
2991 1381 3275 1438 Christum
3302 1382 3613 1440 Dominum
3637 1401 3746 1448 po-

2138 1480 2313 1529 strum
2339 1470 2486 1543 (44);
2518 1478 2579 1526 ut
2607 1470 2750 1527 sicut
2775 1487 2872 1543 per
2892 1470 3066 1527 Adam
3089 1479 3328 1543 coeptum
3350 1479 3642 1546 peccatum
3666 1491 3749 1530 re-

2140 1564 2349 1639 gnavit,
2382 1563 2459 1620 ita
2477 1573 2531 1620 et
2561 1580 2656 1637 per
2676 1565 2958 1623 Christum
2991 1564 3182 1637 gratia.
3216 1565 3307 1623 Sic
3333 1574 3519 1623 autem
3551 1578 3745 1641 regnat

2141 1651 2314 1724 gratia
2342 1667 2440 1724 per
2462 1649 2761 1722 justitiam,
2795 1651 2841 1707 si
2870 1658 3091 1723 accepta
3124 1650 3448 1708 remissione
3479 1664 3750 1725 peccato—

2142 1757 2287 1809 rum,
2326 1738 2602 1812 justitiam
2630 1740 2934 1814 sequimur,
2961 1747 3026 1796 ut
3050 1739 3247 1797 videns
3277 1741 3451 1813 gratia
3496 1741 3746 1799 fructum

436 1833 528 1889 lex
575 1832 633 1887 in
681 1832 1042 1903 adjutorium,
1098 1832 1243 1888 sicut
1288 1839 1521 1887 testatur
1566 1829 1875 1902 propheta:
1937 1829 2030 1885 sed
2064 1842 2111 1903 Β
2140 1847 2197 1888 se
2222 1829 2424 1886 habere
2457 1830 2514 1886 in
2542 1830 2723 1899 bonis,
2766 1847 2902 1904 quos
2946 1830 3199 1900 redemit,
3245 1838 3433 1903 regnet
3477 1832 3540 1887 in
3571 1833 3744 1888 vitam

435 1922 674 1995 populus
701 1929 941 1977 veterem
982 1920 1436 1978 consuetudinem
1477 1935 1711 1992 sequens
1744 1919 2028 1991 multipli-

435 2012 583 2068 cavit
622 2020 859 2084 peccata.
913 2013 1036 2084 Ipso
1078 2012 1224 2067 enim
1272 2029 1374 2083 usu
1415 2011 1539 2083 plus
1578 2010 1744 2083 erepit
1787 2025 2028 2082 peccare,

435 2116 601 2173 quam
634 2108 793 2156 antea
833 2109 1188 2173 peccaverat:
1223 2109 1276 2157 et
1319 2102 1399 2157 sic
1428 2100 1633 2156 factum
1663 2107 1779 2168 est,
1816 2107 1877 2155 ut
1906 2099 2033 2155 data

435 2192 553 2263 lege
599 2207 713 2246 non
760 2193 1169 2259 minuerentur,
1208 2191 1315 2269 sed
1374 2190 1717 2247 abundarent
1764 2199 2026 2263 peccata:

439 2280 734 2351 Apostolus
765 2279 909 2335 enim
941 2280 1184 2336 ostendit
1213 2280 1346 2353 quid
1391 2280 1707 2351 provenerit
1736 2279 1864 2335 data
1894 2279 2028 2349 lege,

439 2385 550 2424 non
581 2367 715 2441 quid
761 2369 850 2425 lex
898 2368 1108 2425 fecerit.
1161 2368 1447 2437 Quomodo
1480 2378 1661 2425 autem
1714 2368 1848 2440 legis
1891 2368 2031 2424 vitio

437 2458 755 2516 crescebant
786 2466 1025 2531 peccata,
1070 2475 1189 2531 quae
1220 2459 1683 2526 comminabatur,
1727 2475 1796 2514 ne
1829 2475 2031 2530 pecce-

439 2555 564 2604 tur:
601 2548 691 2604 sed
716 2548 1052 2605 subintrasse
1070 2548 1276 2604 dicitur
1296 2556 1355 2604 ut
1376 2548 1678 2605 abundaret
1700 2557 1981 2620 peceatum
2003 2547 2032 2604 ?

435 2639 639 2697 Verum
666 2648 770 2710 est,
818 2638 947 2713 quia
985 2638 1138 2712 quasi
1181 2638 1467 2710 profutura
1514 2638 1761 2707 intravit,
1806 2646 1861 2694 et
1902 2653 2030 2693 cum

435 2729 784 2787 humilitate:
820 2738 1007 2803 postea
1035 2738 1217 2787 autem
1248 2730 1416 2802 erepit
1444 2729 1720 2786 dominari
1750 2728 1828 2784 eis
1848 2771 1862 2795 ,
1894 2728 2031 2800 qui-

435 2825 538 2882 bus
567 2837 898 2899 praeceperat
926 2843 995 2881 ne
1025 2833 1332 2898 peccarent,
1376 2833 1429 2880 et
1476 2824 1795 2897 peccabant.
1829 2822 2036 2879 Osten—

436 2916 565 2971 dere
617 2916 762 2972 enim
821 2914 988 2986 coepit
1045 2915 1135 2971 lex
1191 2912 1587 2968 abundantiam
1646 2918 2031 2984 peccatorum;

439 3020 569 3059 cum
624 3020 744 3075 quae
798 3001 1181 3070 interdixerat,
1240 3002 1364 3073 plus
1418 3000 1623 3057 ﬁebant
1676 3016 1839 3073 quam
1894 3001 2039 3058 facta

439 3103 615 3151 erant.
647 3094 822 3166 Igitur
846 3091 952 3149 hoc
978 3091 1141 3148 modo
1175 3091 1290 3165 (41)
1323 3098 1385 3147 ut
1413 3090 1718 3147 abundaret
1747 3090 2035 3161 delictum,

2140 1928 2424 1988 aeternam,
2470 1920 2650 1976 sciens
2696 1936 2798 1976 nos
2826 1919 3044 1975 futuros
3073 1926 3326 1975 aeternos.
3379 1919 3749 1993 Superabun-

2141 2011 2235 2068 dat
2263 2026 2393 2083 ergo
2417 2010 2621 2082 gratia,
2656 2010 2786 2083 quia
2813 2017 3097 2082 peceatum
3124 2009 3191 2065 ad
3219 2016 3437 2083 tempus
3467 2012 3747 2084 regnavit,

2142 2100 2316 2173 gratia
2356 2106 2539 2155 autem
2590 2098 2647 2154 in
2689 2105 2975 2154 aeternum.
3029 2097 3128 2154 Dei
3171 2098 3319 2153 enim
3366 2114 3604 2170 regnum
3646 2108 3747 2167 est,

2142 2198 2314 2272 gratia
2353 2193 2449 2252 59
2497 2201 2797 2268 regnante,
2846 2194 2990 2251 sicut
3035 2192 3242 2249 diaboli
3300 2211 3530 2266 regnum
3582 2204 3740 2265 erat,

2141 2295 2365 2363 peccato
2393 2293 2675 2359 regnante.
2708 2284 2906 2339 Totum
2936 2291 3120 2339 tamen
3146 2283 3214 2339 ad
3238 2282 3524 2341 Christum
3555 2286 3745 2354 refert,

2140 2392 2202 2440 ut
2233 2383 2419 2439 omnis
2449 2382 2621 2455 gratia
2649 2382 2747 2439 Dei
2781 2399 2814 2439 a
2843 2380 3065 2441 Christo
3093 2380 3340 2437 discatur
3364 2382 3508 2455 (45).
3541 2382 3636 2439 Ad
3663 2399 3749 2439 su-

2140 2473 2412 2544 periorem
2439 2469 2608 2542 igitur
2633 2485 2855 2526 sensum
2887 2468 3177 2542 respondet
3203 2468 3394 2525 dicens
3420 2486 3434 2524 :

2756 2568 2986 2626 CAPUT
3025 2568 3118 2624 VI.

2217 2657 2399 2731 (Vers.
2436 2656 2514 2724 1.)
2557 2680 2574 2703 ε
2604 2655 2749 2725 Quid
2787 2673 2915 2729 ergo
2953 2654 3251 2713 dicemus?
3287 2654 3744 2712 Permanebimus

2144 2746 2203 2802 in
2244 2752 2491 2818 peccato,
2534 2753 2597 2801 ut
2644 2747 2817 2819 gratia
2858 2745 3160 2803 abundet?
3196 2745 3377 2802 Absit.
3412 2769 3431 2793 ι
3471 2744 3589 2801 Hoc
3638 2753 3747 2813 est,

2144 2836 2400 2909 nunquid
2450 2853 2663 2909 semper
2714 2836 3051 2910 peccandum
3100 2844 3201 2906 est,
3259 2844 3323 2892 ut
3376 2835 3588 2891 donum
3649 2835 3747 2892 Dei

2145 2924 2411 2993 abundet,
2454 2934 2640 2999 tegens
2678 2933 2865 2982 nostra
2897 2935 3148 2998 peccata,
3178 2933 3239 2981 ut
3281 2940 3498 2995 semper
3542 2925 3749 2980 remis-

2144 3017 2357 3073 sionem
2389 3025 2735 3089 peccatorum
2773 3022 3082 3087 sperantes,
3125 3013 3256 3086 quia
3284 3015 3429 3069 Deus
3473 3013 3602 3087 pius
3635 3024 3747 3082 est,

2147 3106 2355 3164 Christi
2408 3104 2637 3178 gratiam
2698 3104 3051 3177 praeferamus
3081 3102 3109 3158 ?
3162 3103 3284 3158 Non
3338 3102 3558 3176 utique.
3620 3105 3748 3161 Ideo

438 3183 567 3241 data
612 3191 694 3240 est
744 3182 869 3249 lex;
903 3181 1293 3238 commendans
1340 3180 1489 3237 θηίηῖ
1520 3180 1818 3253 ΑΡοεῖοΠιε
1846 3179 2032 3249 ﬁdem:
2069 3202 2113 3266 ο
2148 3196 2297 3252 enim
2339 3196 2513 3253 nostri
2560 3195 2817 3251 misertus
2865 3202 2946 3249 est
2992 3194 3139 3249 Deus
3184 3207 3288 3264 per.
3327 3190 3641 3263 Christum,
3691 3201 3747 3250 ut

438 3289 536 3348 per
559 3288 720 3346 quam
752 3272 943 3346 utique
972 3278 1191 3344 peccata
1219 3270 1493 3338 delentur,
1546 3270 1720 3341 legem
1748 3268 1897 3325 dixit
1944 3269 2038 3325 fe-

439 3364 597 3431 cisse,
619 3375 681 3418 ut
703 3361 1008 3419 abundaret
1031 3368 1335 3433 peceatum,
1359 3360 1505 3417 sicut
1534 3376 1702 3433 supra
1720 3358 1873 3428 dixi;
1905 3360 2037 3431 quia

440 3468 553 3508 non
580 3452 709 3508 data
737 3460 851 3521 est,
882 3460 943 3508 ut
972 3451 1324 3508 abolerentur
1351 3459 1603 3521 peccata,
1635 3449 1731 3506 sed
1758 3458 1821 3506 ut
1848 3449 2038 3505 abun—

441 3539 675 3597 darent:
710 3540 843 3596 dum
873 3548 928 3596 et
970 3549 1095 3595 ante
1131 3540 1305 3612 legem
1348 3547 1658 3610 peccatores
1687 3538 1950 3608 ostendit,
1982 3547 2036 3597 et

442 3636 567 3701 post
603 3627 777 3700 legem
815 3644 938 3683 reos
974 3641 1165 3683 omnes
1195 3625 1393 3682 tenuit.

527 3763 545 3786 ε
567 3737 673 3795 Ubi
700 3743 882 3793 autem
908 3736 1214 3793 abundavit
1236 3744 1542 3810 peccatum,
1564 3736 2035 3811 superabundavit

442 3828 634 3902 gratia.
667 3852 687 3876 ι
720 3827 1072 3884 Manifestum
1093 3835 1192 3895 est,
1217 3828 1347 3899 quia
1366 3844 1492 3884 cum
1515 3826 1817 3883 abundaret
1846 3842 2033 3899 pecca-

439 3927 588 3987 tum,
619 3917 1087 3991 superabundavit
1130 3917 1304 3990 gratia
1334 3935 1345 3973 :
1380 3917 1510 3974 dum
1540 3916 1768 3974 domum
1809 3917 1909 3973 Dei
1944 3933 2034 3973 ve-

439 4010 523 4066 nit
574 4024 643 4065 ex
699 4010 1104 4081 promissione,
1152 4017 1206 4065 et
1260 4009 1510 4066 omnium
1567 4019 1789 4083 peccata
1835 4019 2034 4067 conte-

428 4090 522 4158 Axit
548 4099 665 4175 (42)
693 4118 704 4156 :
729 4108 790 4156 ut
810 4100 1016 4157 diaboli
1046 4099 1258 4156 invidia
1278 4099 1419 4155 nihil
1441 4116 1498 4156 se
1519 4098 1813 4172 profecisse
1829 4099 2030 4157 doleat.

439 4190 582 4258 Quia
608 4188 757 4245 enim
787 4207 913 4247 eum
943 4190 1070 4244 data
1099 4195 1239 4245 esset
1276 4190 1367 4245 lex
1397 4189 1465 4245 ad
1495 4189 1793 4247 utilitatem
1824 4189 2035 4245 huma-

438 4295 591 4347 nam,
626 4278 683 4333 id
713 4280 823 4349 egit
858 4278 1131 4346 diabolus,
1162 4287 1224 4333 ut
1261 4277 1543 4333 suadendo
1579 4279 1797 4348 illicita,
1838 4279 2034 4335 inver-

444 4376 619 4436 teret;
660 4373 725 4422 ut
765 4366 910 4439 quod
940 4367 1291 4439 profuturum
1321 4366 1508 4422 datum
1540 4376 1683 4435 erat,
1720 4368 1776 4422 in
1807 4376 2035 4423 contra-

441 4459 586 4516 rium
617 4454 924 4529 proﬁceret,
961 4454 1092 4511 dum
1124 4453 1381 4510 mandata
1422 4463 1735 4527 contempta
1777 4462 1926 4526 sunt,
1973 4466 2034 4514 ut

2146 3286 2212 3343 de
2244 3295 2443 3343 caetero
2471 3302 2583 3342 non
2615 3292 2935 3358 peccantes,
2974 3290 3027 3340 et
3069 3281 3331 3339 meritum
3371 3282 3535 3339 nobis
3566 3290 3621 3340 et
3653 3282 3745 3340 Dei

2148 3375 2376 3450 gratiam
2417 3376 2476 3432 in
2513 3392 2615 3431 nos
2653 3392 2877 3448 regnare
2908 3374 3193 3431 faciamus.
3241 3373 3439 3429 Aufert
3467 3372 3618 3429 enim
3654 3391 3747 3430 re-

2147 3484 2315 3540 gnum
2345 3467 2531 3538 gratiae
2559 3466 2681 3534 Dei,
2706 3475 2762 3522 et
2791 3466 2957 3522 tradit
2990 3472 3235 3538 peccato,
3257 3465 3353 3537 qui
3380 3482 3571 3521 rursus
3600 3466 3745 3522 redit

2145 3556 2480 3612 adveterem
2523 3554 2829 3622 hominem,
2878 3554 2936 3610 id
2981 3562 3084 3623 est,
3127 3554 3195 3610 ad
3232 3555 3402 3610 ritum
3452 3557 3746 3628 praeteritae

2145 3645 2295 3701 vitai.
2343 3644 2569 3701 Duabus
2606 3642 2753 3698 enim
2784 3658 2854 3697 ex
2893 3642 3075 3699 causis
3117 3643 3552 3701 misericordiam
3584 3661 3747 3701 acce—

2144 3735 2366 3808 pimus:
2408 3742 2471 3790 ut
2511 3740 2566 3789 et
2598 3731 2807 3788 diaboli
2848 3747 3077 3805 regnum
3106 3733 3514 3799 excluderetur,
3548 3743 3603 3791 et
3645 3733 3744 3790 Dei

2144 3824 2438 3897 imperium
2463 3822 2845 3897 ignorantibus
2874 3821 3290 3897 praedicaretur,
3311 3840 3407 3897 per
3428 3823 3532 3882 hoc
3562 3824 3741 3898 ipsum

2142 3916 2410 3989 dignitate
2441 3915 2600 3973 nobis
2631 3914 2881 3990 quaesita.

2217 4008 2399 4079 (Vers.
2424 4007 2504 4081 2.)
2543 4032 2560 4054 ι
2583 4006 2688 4075 Qui
2709 4008 2856 4063 enim
2888 4006 3095 4065 mortui
3115 4023 3306 4065 sumus
3334 4015 3585 4079 peccato,
3610 4023 3741 4080 quo-

2142 4098 2308 4154 modo
2340 4097 2521 4154 adhuc
2548 4098 2801 4153 vivemus
2830 4097 2889 4153 in
2920 4098 3018 4153 illo
3039 4097 3067 4153 ‘P
3098 4122 3116 4145 ι
3153 4097 3268 4153 Hoc
3289 4096 3449 4161 dicit,
3477 4098 3738 4168 quoniam

2142 4188 2395 4245 viventes
2433 4195 2677 4261 peccato,
2718 4187 2924 4243 mortui
2959 4204 3177 4244 eramus
3212 4186 3356 4259 apud
3394 4187 3604 4254 Deum;
3647 4186 3739 4260 qui

2141 4287 2330 4351 peccat
2371 4277 2543 4343 enim,
2583 4276 2726 4334 vivit
2771 4284 3013 4350 peccato,
3064 4277 3208 4333 sicut
3252 4276 3346 4348 qui
3391 4292 3502 4331 non
3534 4282 3739 4347 peccat,

2142 4371 2285 4427 vivit
2315 4371 2446 4426 Deo.
2481 4368 2915 4442 Superveniente
2946 4368 3094 4425 enim
3125 4367 3299 4440 gratia
3326 4366 3426 4423 Dei
3465 4382 3561 4438 per
3586 4366 3742 4425 Chri-

2140 4472 2309 4533 stum,
2329 4471 2384 4519 et
2409 4480 2508 4519 nos
2528 4478 2625 4535 per
2644 4461 2809 4518 ﬁdem
2844 4462 3064 4519 lavacro
3097 4458 3334 4534 spiritali
3364 4464 3738 4531 regenerante,

439 4564 553 4606 non
599 4545 812 4602 utilitas
858 4562 926 4600 ex
973 4545 1108 4617 lege,
1155 4544 1248 4601 sed
1294 4544 1569 4617 judicium
1616 4546 1684 4601 ad
1728 4546 2027 4604 vindictam
2064 4566 2114 4625 ι)
2148 4554 2415 4627 coepimus
2452 4553 2641 4608 vivere
2688 4554 2823 4618 Deo,
2866 4551 3071 4607 mortui
3112 4558 3293 4606 autem
3334 4564 3449 4604 esse
3496 4554 3740 4620 peccato,

440 4639 760 4714 procederet
782 4637 897 4711 (43)
926 4656 937 4694 :
966 4646 1101 4695 tunc
1123 4636 1307 4710 justus
1336 4645 1498 4711 atque
1529 4638 1841 4694 misericors
1864 4640 2030 4708 Deus,

438 4739 502 4788 ut
549 4730 780 4804 gloriam
828 4727 1034 4785 diaboli
1084 4745 1246 4802 quam
1299 4727 1364 4783 de
1420 4726 1759 4800 triumphato
1808 4726 2033 4785 homine

439 4824 750 4897 quaesierat,
774 4820 1104 4890 exinaniret,
1128 4820 1329 4877 Filium
1352 4838 1512 4877 suum
1536 4827 1829 4876 venturum
1852 4819 2035 4878 decre-

440 4912 544 4981 vit,
572 4914 665 4986 qui
697 4913 884 4969 omnia
914 4921 1131 4986 peccata
1156 4910 1405 4980 donaret,
1446 4918 1507 4967 ut
1543 4910 1718 4983 major
1746 4910 1900 4967 ﬁeret
1930 4910 2036 4966 la:-

440 5003 566 5058 titia
592 5018 663 5058 ex
690 5002 838 5059 dono
867 5004 1073 5076 gratiae,
1123 5020 1286 5079 quam
1335 5003 1514 5060 fuerat
1560 5003 1743 5060 luctus
1785 5019 1855 5059 ex
1897 5018 2035 5075 pee-

539 5244 632 5320 44)
675 5246 847 5320 Raris.
879 5246 1127 5320 quaedam
1156 5244 1314 5317 edit.,
1350 5244 2029 5320 Igiturhuie'mundomte.

540 5317 633 5393 42)
675 5318 839 5393 Corb.
870 5317 1017 5389 cod.,
1043 5327 1257 5393 peccata
1280 5317 1567 5393 contraan‘t.
1601 5318 1886 5393 Continuo
1900 5331 2033 5393 vero

437 5386 562 5515 gest
598 5386 822 5446 Amerb.
856 5398 910 5447 et
956 5386 1087 5449 mss.
1136 5407 1247 5446 non
1286 5390 1445 5471 pauci
1483 5390 1703 5469 legunt,
1749 5386 2035 5467 profecisse

475 5467 639 5515 occat.
665 5461 759 5515 ubi
790 5463 944 5515 Eras.
977 5479 1039 5515 ac
1070 5478 1183 5515 sea.
1212 5460 1345 5515 edit.
1375 5475 1501 5515 cum
1533 5460 1658 5515 alus
1688 5475 1819 5515 mss.
1858 5473 2033 5515 magis

475 5467 639 5526 occat,
665 5461 759 5517 ubi
790 5463 944 5535 Eras.
977 5479 1039 5519 ae
1070 5478 1183 5535 seq.
1212 5458 1345 5517 edit.
1375 5475 1501 5516 eum
1533 5458 1658 5515 aliis
1688 5458 1819 5515 mss.
1858 5458 2033 5529 magis

437 5547 701 5657 congrue,
726 5533 1012 5615 profecisse
1039 5533 1232 5589 doleat.

514 5602 533 5657 (
573 5601 629 5657 3)
672 5604 796 5657 Vet.
826 5604 983 5657 edit..
1014 5612 1073 5657 ut
1114 5620 1223 5657 non

514 5600 629 5675 (43)
672 5600 796 5660 vei.
826 5600 983 5670 edit.,
1014 5612 1073 5659 ut
1114 5620 1223 5675 non
1268 5600 1474 5675 utilitas
1501 5617 1566 5675 ea:
1612 5601 1735 5675 lege,
1780 5616 2030 5655 commen-

541 5171 610 5229 40
674 5173 822 5230 Idem
850 5173 1025 5232 codex
1054 5174 1243 5245 Corb.,
1274 5176 1528 5233 nativitas
1564 5174 1851 5247 intepescit.

514 5173 635 5390 (ΜΞ
675 5246 847 5304 Paris.
879 5246 1127 5320 quaedam
1156 5247 1314 5317 edit.,
1350 5248 1659 5329 Igitunhuie
1685 5245 1851 5328 mund

540 5317 608 5374 42
675 5318 839 5375 Corb.
870 5319 1017 5389 cod.,
1043 5327 1257 5390 peccata
1280 5325 1567 5374 contraxit.
1601 5318 1851 5375 Continui

439 5673 583 5746 datio
611 5672 817 5746 ἀνατίος
858 5675 998 5739 Dei;
1048 5675 1137 5746 sed
1178 5672 1543 5746 judic_i_um_ad
1584 5672 1869 5746 vindictam
1904 5687 2032 5746 pro-

438 5741 672 5802 cederet:
714 5762 849 5802 mss.
876 5760 1008 5801 vero
1035 5752 1089 5800 et
1116 5742 1414 5802 Rom.edit.
1445 5743 1507 5799 In
1549 5750 1793 5799 nostram
1846 5741 2032 5798 lectio-

2141 4644 2236 4718 qui
2267 4649 2347 4698 est
2384 4642 2669 4710 diabolus;
2717 4640 2824 4698 hoc
2852 4648 2934 4697 est
2970 4648 3155 4696 tamen
3196 4637 3340 4695 mori
3368 4644 3627 4711 peccato,
3663 4636 3742 4692 li-

2139 4732 2322 4790 berari
2352 4748 2383 4789 a
2424 4741 2671 4805 peccato,
2720 4730 2841 4787 ﬁeri
2882 4740 3067 4787 autem
3114 4746 3333 4787 servum
3380 4729 3502 4785 Dei.
3552 4729 3740 4800 Itaque

2142 4822 2345 4879 mortui
2389 4821 2504 4893 jam
2553 4829 2797 4894 peccato,
2844 4837 2957 4877 non
3009 4819 3295 4876 redeamus
3329 4817 3397 4873 ad
3441 4817 3584 4873 mala
3615 4816 3739 4889 pri-

2142 4912 2307 4980 stina,
2332 4926 2399 4966 ne
2429 4910 2629 4967 iterum
2651 4910 2907 4967 vivemus
2935 4915 3179 4982 peccato,
3201 4914 3257 4963 et
3285 4906 3583 4963 morientes
3602 4907 3736 4970 Deo,

2142 5004 2342 5059 amissa
2351 5002 2639 5076 dignitate,
2653 5018 2872 5076 poenam
2886 5019 3047 5077 quam
3062 5000 3733 5070 evasimus,ineurramus.

2141 5184 2267 5225 nem
2296 5167 2657 5236 conveniunt,
2698 5167 2808 5225 nisi
2837 5164 2984 5239 quod
3022 5182 3124 5239 pro
3160 5166 3233 5223 ad
3260 5164 3567 5234 vindictam,
3601 5164 3737 5221 illo-

2141 5257 2264 5297 rum
2295 5240 2553 5297 nonnulli
2583 5239 2813 5308 habent,
2838 5237 2885 5293 et
2908 5237 3161 5294 vindicta.

2214 5312 2333 5439 (44)
2375 5314 2504 5395 Mss.
2545 5312 2767 5394 quidam
2796 5327 2808 5366 :
2836 5312 3029 5392 .Simili
3056 5312 3209 5392 modo
3237 5313 3286 5392 et
3325 5312 3506 5392 gratia
3541 5314 3735 5392 regnet,

2140 5389 2188 5438 et
2213 5401 2302 5438 mo
2336 5386 2559 5440 edientes
2594 5384 2695 5439 sibi
2736 5382 2900 5453 facit;
2943 5381 3068 5436 dum
3104 5399 3145 5436 ιι
3187 5381 3377 5453 quibus
3421 5397 3736 5453 misericor-

2140 5455 2285 5511 diam
2304 5457 2465 5524 dedit,
2496 5461 2629 5511 recte
2653 5451 2955 5526 veneantur,
2986 5451 3211 5526 haeredes
3233 5452 3412 5526 futuri
3434 5470 3536 5526 per
3567 5451 3736 5526 Chri-

2140 5533 2277 5582 stum
2298 5570 2316 5593 ,
2366 5528 2502 5583 sicut
2545 5527 2763 5597 fuerant
2809 5525 3124 5597 perditionis
3159 5524 3376 5581 obnoxii
3409 5524 3510 5598 per
3537 5524 3730 5581 Adam.

2143 5598 2284 5665 Quid
2310 5617 2368 5654 er
2400 5617 2430 5654 ο
2457 5599 2681 5654 dicemus
2703 5600 2731 5654 5’
2760 5605 2863 5655 etc.

2213 5668 2330 5743 (45)
2367 5617 2529 5728 gem.
2562 5670 2694 5727 edit.
2727 5669 2862 5738 sola,

2545 5311 2768 5392 quidam
2796 5327 2808 5366 :
2836 5309 3029 5392 Simili
3056 5310 3209 5392 modo
3237 5313 3299 5392 et
3325 5310 3506 5392 gratia
3541 5314 3735 5392 regnet,

2419 5686 2529 5727 om.
2562 5670 2694 5727 edit.
2727 5669 2862 5738 sola,
2901 5687 2936 5725 a
2968 5667 3177 5726 Christo
3214 5667 3443 5723 dicatur.
