3932 6210
134 302 239 361 105

1247 305 1613 365 COMMENT.
1650 302 1720 364 IN
1759 306 1977 364 EPIST.
2019 310 2115 365 AD
2156 308 2324 367 ROM.

3346 316 3450 377 106

212 429 399 500 (Vers.
432 431 514 501 3.)
558 455 577 476 ι
618 434 705 487 An
746 431 1017 503 ignoratis
1045 431 1176 504 quia
1202 432 1518 505 quicunque
1554 431 1746 504 bapti—
1772 433 1823 494 A
1853 431 2053 490 debere
2082 453 2301 507 peccare
2327 456 2338 492 :
2372 438 2612 495 maxime
2642 456 2711 496 ne
2747 438 2815 496 ad
2845 438 3217 500 idololatriam
3251 458 3446 501 rever-

130 518 242 573 zati
276 537 466 576 sumus
498 522 555 575 in
595 519 817 575 Christo
846 520 996 588 Jesu,
1030 520 1089 575 in
1125 528 1299 576 morte
1329 520 1448 591 ejus
1485 521 1746 592 baptizati

130 611 423 665 sumus?-
506 611 622 666 Hoc
675 610 832 677 dicit,
884 619 949 665 ut
998 612 1237 666 sciamus
1293 611 1595 682 baptizatos
1650 627 1749 665 nos

124 698 248 769 jam
309 715 420 754 non
472 698 670 754 debere
722 715 969 769 peccare,
1021 699 1152 771 quia
1201 716 1324 754 cum
1380 698 1744 770 baptizamur,

131 789 544 843 commorimur
587 787 833 844 Christo.
868 787 986 842 Hoc
1015 794 1097 841 est
1137 787 1193 840 in
1228 795 1401 842 morte
1433 786 1550 857 ejus
1577 787 1751 859 bapti-

132 880 289 948 zari;
325 881 443 935 illic
483 880 635 935 enim
680 878 872 934 omnia
918 887 1145 949 peccata
1180 886 1367 933 nostra
1415 879 1749 949 moriuntur,

132 979 201 1025 ut
236 971 494 1025 innovati
526 969 776 1041 deposita
807 975 999 1034 morte,
1036 984 1314 1045 resurgere
1358 967 1649 1023 videamur
1684 967 1752 1023 ad

132 1059 318 1115 vitam
367 1059 546 1114 renati
577 1077 588 1113 :
620 1066 682 1113 ut
719 1055 993 1130 quomodo
1044 1055 1299 1111 Christus
1332 1066 1585 1112 mortuus
1633 1073 1751 1128 pec-

132 1156 267 1204 cato
321 1147 644 1215 resurrexit,
701 1146 777 1201 ita
823 1153 876 1200 et
919 1161 1019 1200 nos
1072 1161 1169 1216 per
1208 1144 1541 1216 baptismum
1599 1162 1748 1217 spem

133 1237 573 1292 resurrectionis
626 1234 946 1290 habeamus.
1014 1234 1296 1305 Baptisma
1356 1235 1540 1306 itaque
1604 1250 1752 1289 mors

134 1325 358 1395 peccati
404 1332 503 1392 est,
544 1331 605 1378 ut
650 1322 757 1377 alia
785 1329 1043 1393 sequatur
1082 1323 1368 1387 nativitas,
1404 1339 1525 1394 quae
1559 1338 1747 1393 corpo-

134 1413 218 1468 ris
260 1421 517 1469 manente
562 1411 905 1483 compagine,
942 1410 1226 1466 hominem
1274 1418 1457 1466 mente
1497 1410 1748 1477 innovat,

136 1503 358 1574 sepulta
386 1500 636 1556 omnium
665 1500 941 1554 malorum
969 1507 1194 1555 actuum
1227 1507 1515 1554 vetustate.

216 1592 401 1663 (Vers.
434 1590 515 1663 4.)
561 1614 577 1636 ι
611 1589 935 1661 Consepulti
964 1588 1112 1645 enim
1146 1606 1341 1644 sumus
1372 1604 1497 1644 cum
1530 1588 1628 1643 illo
1656 1603 1752 1665 per

139 1680 476 1753 baptismum
511 1679 569 1735 in
611 1688 869 1746 mortem,
911 1686 971 1732 ut
1000 1676 1464 1750 quemadmodum
1498 1676 1751 1735 Christus

141 1770 450 1826 resurrexit
477 1785 507 1823 a
537 1768 775 1824 mortuis
806 1784 901 1839 per
928 1767 1191 1823 virtutem
1226 1767 1423 1834 Patris,
1463 1766 1540 1822 ita
1567 1774 1621 1821 et
1651 1783 1750 1821 nos

142 1860 200 1915 in
233 1860 482 1915 novitate
527 1858 655 1915 vitae
688 1857 1053 1914 ambulemus.
1091 1883 1108 1904 ι
1173 1858 1299 1912 Haec
1329 1856 1541 1924 dicens,
1581 1855 1745 1910 etiam

142 1948 296 2005 istud
336 1947 629 2019 signiﬁcat,
676 1946 823 2020 quod
866 1947 1105 2019 primum
1151 1954 1268 2012 est;
1320 1946 1448 2019 quia
1495 1944 1749 2003 Christus

141 2055 347 2111 corpus
384 2055 545 2093 suum
591 2054 623 2093 a
653 2037 885 2094 mortuis
915 2036 1201 2103 excitavit,
1236 2035 1350 2108 ipse
1389 2036 1536 2092 enim
1571 2035 1749 2091 virtus

144 2137 227 2184 est
254 2128 359 2184 Dei
386 2128 586 2195 Patris,
620 2127 762 2183 sicut
804 2126 941 2182 dicit
967 2144 977 2180 :
1034 2150 1050 2170 ‹
1082 2125 1292 2181 Solvite
1322 2127 1589 2197 templum
1619 2126 1746 2195 hoc,

144 2225 202 2272 et
258 2233 358 2287 ego
415 2214 594 2270 tribus
641 2213 832 2269 diebus
874 2213 1126 2269 excitabo
1177 2214 1336 2270 illud.
1392 2216 1505 2271 Iloc
1541 2223 1744 2284 autem,

145 2305 357 2378 inquit,
384 2304 600 2360 dicebat
630 2302 695 2358 de
725 2303 929 2374 templo
954 2303 1197 2375 corporis
1227 2304 1311 2359 sui
1349 2304 1529 2375 (Joan.
1568 2322 1630 2371 ιι,
1660 2305 1747 2373 19,

142 2396 238 2467 21)
276 2414 289 2463 ;
327 2421 344 2442 ι
401 2403 453 2451 et
486 2395 616 2467 quia
671 2396 970 2450 resurrexit
1024 2395 1082 2449 in
1135 2412 1337 2450 novam
1392 2396 1585 2464 vitam,
1629 2412 1749 2468 quae

138 2483 256 2555 jam
290 2484 431 2539 mori
462 2484 689 2540 nesciat.
720 2485 873 2540 Nova
906 2493 1087 2539 autem
1120 2484 1345 2552 dicitur,
1377 2485 1505 2557 quia
1535 2502 1565 2540 a
1595 2484 1748 2541 Chri-

143 2582 233 2630 sto
261 2574 387 2629 data
411 2583 512 2642 est,
547 2591 666 2647 quae
697 2582 777 2630 est
805 2574 1102 2647 disciplina
1132 2574 1465 2631 Christiana.
1498 2576 1610 2632 Nos
1640 2591 1748 2630 au—

145 2672 258 2719 tem
290 2664 550 2735 baptizati
599 2664 904 2736 consepulti
936 2682 1125 2720 sumus
1157 2664 1379 2722 Christo
1412 2666 1641 2736 (Coloss.
1686 2682 1746 2733 Π,

149 2754 267 2825 12),
317 2763 376 2809 ut
421 2754 486 2810 de
534 2763 730 2811 caetero
779 2755 921 2811 hanc
970 2756 1141 2811 vitam
1189 2774 1502 2829 sequamur,
1555 2757 1611 2812 in
1643 2774 1749 2830 qua

145 2845 406 2903 Christus
434 2844 755 2901 resurrexit.
793 2845 1077 2917 Baptisma
1116 2847 1297 2920 itaque
1329 2847 1750 2903 resurrectionis

142 2937 348 3008 pignus
386 2946 488 3005 est,
539 2944 593 2991 et
637 2937 837 3008 imago,
881 2945 942 2991 ut
982 2934 1097 3006 jam
1139 2936 1195 2990 in
1226 2938 1513 3008 praeceptis
1542 2936 1747 2992 Christi

140 3034 452 3094 manentes,
511 3026 578 3082 ad
632 3025 907 3097 praeterita
965 3025 1147 3080 denuo
1202 3042 1315 3080 non
1374 3026 1745 3082 revolvamur.

138 3114 252 3182 Qui
299 3114 446 3169 enim
499 3116 756 3182 moritur,
800 3114 915 3185 jam
971 3131 1083 3169 non
1132 3123 1350 3185 peccat:
1404 3130 1552 3167 mors
1600 3115 1747 3169 enim
1784 3152 1828 3212 Ο

138 3202 274 3258 ﬁnis
304 3202 508 3274 peccati
546 3212 647 3258 est.
688 3203 826 3257 Nam
872 3200 996 3256 ideo
1044 3218 1138 3271 per
1183 3218 1379 3273 aquam
1424 3202 1746 3269 celebratur,

136 3302 204 3348 ut
249 3293 396 3347 sicut
451 3308 593 3363 aqua
622 3289 811 3345 sordes
867 3288 1112 3359 corporis
1170 3288 1366 3353 abluit,
1423 3290 1498 3344 ita
1544 3297 1596 3344 et
1651 3305 1751 3344 nos

136 3399 238 3455 per
269 3382 611 3454 baptismum
657 3378 725 3433 ab
755 3378 908 3433 omni
955 3386 1179 3449 peccato
1226 3377 1589 3449 spiritualiter
1626 3395 1750 3451 pur-

137 3482 298 3544 gatos
329 3487 432 3525 nos
462 3478 517 3524 et
558 3468 851 3522 innovatos
882 3466 1188 3534 credamus,
1222 3475 1283 3522 ut
1312 3466 1458 3539 quod
1485 3467 1751 3539 incorpo-

138 3562 253 3618 rale
290 3566 398 3627 est,
432 3555 791 3612 invisibiliter
818 3555 1093 3611 abluatur.

215 3649 405 3722 (Vere.
435 3647 519 3718 5.)
566 3670 583 3692 ι
618 3646 675 3701 Si
702 3647 850 3700 enim
881 3645 1240 3717 complantati
1272 3661 1460 3701 sumus
1490 3644 1746 3702 similitu-

141 3738 268 3794 dini
300 3735 499 3791 mortis
546 3734 684 3806 ejus,
735 3734 899 3790 simul
932 3744 985 3791 et
1016 3735 1429 3792 resurrectionis
1457 3734 1681 3791 erimus.
1715 3761 1734 3784 ι

141 3826 306 3883 Tunc
334 3842 436 3882 nos
478 3823 718 3880 feliciter
762 3823 899 3880 dicit
928 3841 1083 3896 posse
1121 3841 1419 3897 resurgere,
1464 3824 1512 3879 si
1551 3824 1746 3880 simili-

145 3916 335 3973 tudini
374 3916 570 3971 mortis
604 3913 721 3987 ejus
752 3914 1030 3973 fuerimus
1071 3917 1451 3988 complantati,
1481 3916 1538 3972 id
1569 3924 1668 3985 est,
1701 3916 1747 3971 si

145 4006 202 4063 in
237 4006 516 4077 baptismo
545 4005 732 4089 omnia
762 4005 900 4061 vitia
940 4005 1293 4079 deponentes,
1329 4007 1385 4062 in
1418 4022 1619 4061 novam
1650 4006 1748 4061 vi-

146 4105 259 4152 tam
306 4094 576 4163 translati,
624 4094 690 4150 de
737 4104 933 4151 czetero
962 4113 1073 4152 non
1120 4114 1443 4169 peccemus:
1478 4113 1573 4169 per
1601 4095 1747 4168 quod

148 4184 318 4240 simul
349 4192 403 4239 et
432 4184 851 4239 resurrectionis
882 4185 1033 4241 illius
1064 4185 1273 4242 similes
1299 4186 1504 4241 erimus
1536 4204 1549 4253 ;
1583 4185 1750 4241 simi-

148 4271 333 4329 litudo
372 4289 519 4327 enim
570 4273 763 4328 mortis
793 4272 1030 4328 similem
1077 4274 1355 4345 praestabit
1402 4274 1747 4330 resurrectio-

148 4376 297 4416 nem.
331 4359 488 4427 Quod
532 4360 590 4414 in
624 4360 854 4432 epistola
902 4354 1017 4416 sua
1048 4361 1284 4418 Joannes
1335 4363 1613 4435 apostolus
1642 4379 1749 4418 me-

151 4458 330 4507 morat
374 4449 599 4506 dicens:
648 4474 666 4494 ‹
703 4449 920 4505 Scimus
970 4449 1101 4522 quia
1147 4468 1269 4507 cum
1311 4452 1642 4524 apparuerit,
1682 4453 1750 4509 si-

152 4539 310 4594 miles
339 4540 389 4594 ei
421 4539 625 4593 erimus
657 4538 714 4611 (Ι
740 4539 900 4595 Joau.
934 4557 1015 4609 nr,
1050 4539 1129 4609 2),
1160 4567 1178 4589 ι
1217 4540 1321 4597 hoc
1340 4551 1441 4610 est,
1473 4543 1747 4598 immorta-

154 4626 255 4683 lem
309 4635 363 4682 et
421 4628 720 4699 gloriosum
776 4643 1075 4701 resurgere.
1131 4629 1241 4685 Nec
1294 4630 1439 4685 enim
1488 4630 1605 4687 haec
1647 4632 1750 4688 erit

154 4715 487 4785 similitudo,
518 4726 582 4773 ut
611 4717 755 4772 nihil
786 4718 973 4786 distet,
1006 4719 1137 4791 quia
1165 4718 1365 4776 similis
1393 4719 1498 4776 erit
1527 4720 1586 4775 in
1618 4737 1750 4776 cor—

154 4806 302 4875 poris
334 4805 530 4876 gloria,
561 4823 673 4862 non
704 4807 762 4862 in
786 4807 1097 4863 divinitatis
1119 4818 1334 4865 natura.

224 4893 411 4967 (Vers.
453 4894 487 4950 6
524 4905 577 4951 et
626 4897 703 4967 7.)
763 4922 781 4943 ‹
813 4896 1057 4953 Scientes
1087 4896 1192 4954 hoc
1230 4898 1358 4970 quia
1398 4908 1556 4955 vetus
1585 4898 1750 4955 homo

156 4992 338 5040 noster
386 4984 553 5039 simul
602 4985 904 5042 cruciﬁxus
942 4993 1045 5053 est,
1093 4994 1154 5041 ut
1196 4988 1509 5043 destruatur
1556 5004 1752 5060 corpus

157 5075 383 5146 peccati,
434 5085 496 5132 ut
542 5078 688 5133 ultra
735 5093 847 5133 non
891 5077 1196 5135 serviamus
1242 5090 1481 5152 peccato.
1516 5106 1533 5128 ›
1583 5081 1754 5137 Multa

158 5162 386 5222 innectit
442 5174 497 5221 et
549 5165 730 5235 iterat,
785 5176 848 5223 ut
899 5167 1204 5241 baptizatos
1260 5168 1452 5225 doceat
1484 5167 1597 5239 jam
1642 5185 1753 5225 non

227 5374 345 5449 (46)
381 5375 625 5449 Quidam
650 5390 822 5449 _mss.,
862 5390 1032 5449 uovus
1075 5378 1225 5432 homo
1252 5393 1348 5448 per
1380 5374 1670 5449 Christum,
1699 5376 1757 5431 id

161 5446 244 5512 est,
295 5447 392 5518 qui
436 5446 547 5516 ejus
588 5447 744 5519 ﬁdem
785 5447 956 5512 habet,
998 5446 1296 5519 puramque
1340 5447 1505 5501 vitam
1539 5453 1756 5517 exercet,

160 5532 319 5573 novus
349 5518 707 5583 dicitur,’etc.
1100 5570 1105 5573 .

227 5590 343 5663 (47)
375 5590 506 5645 Mss.
541 5590 773 5662 aliquot,
805 5606 923 5662 qua:
939 5598 1151 5646 manent
1179 5589 1235 5645 in
1266 5607 1325 5645 ea
1345 5607 1364 5654 ;
1387 5592 1596 5660 peccato
1623 5589 1759 5646 enim

164 5668 427 5731 creantur,
455 5668 560 5718 etc.

332 5760 583 5820 PATROL.
623 5755 806 5821 XVII.

1852 530 2043 578 tantur
2078 542 2093 592 ;
2141 525 2522 597 gravissimum
2573 534 2668 591 60
2712 528 2860 585 enim
2904 532 3140 601 crimen,
3178 541 3233 589 et
3279 542 3445 606 caput

1844 621 2027 689 totius
2073 623 2274 677 erroris
2314 633 2425 690 est;
2462 642 2529 679 ne
2563 625 2793 696 perdant
2836 616 3067 699 gratiam
3106 638 3382 701 acceptam
3413 646 3447 686 a

1855 712 1971 783 Deo
2015 727 2109 782 per
2153 711 2455 768 Christum.
2505 713 2793 770 Hominem
2833 732 2961 788 ergo
3006 727 3247 774 veterem
3292 728 3447 777 actus

1858 800 2162 871 praeteritos
2192 800 2348 869 dicit,
2388 803 2518 875 quia
2554 804 2700 859 sicut
2730 820 2907 860 novus
2946 805 3115 863 homo
3156 825 3253 881 per
3279 809 3448 866 ﬁdem

1860 896 1913 943 et
1936 905 2127 959 puram
2160 891 2334 947 vitam
2374 891 2579 947 dicitur
2607 892 2748 963 (46),
2781 894 2856 949 ita
2887 903 2940 950 et
2970 904 3129 952 vetus
3159 896 3325 955 homo
3354 915 3451 971 per

1859 978 2225 1035 difﬁdentiam
2278 988 2332 1036 et
2378 982 2552 1037 malos
2601 991 2776 1039 actus.
2825 982 2935 1038 Hos
2969 991 3123 1040 actus
3160 986 3453 1043 cruciﬁxos

1859 1066 2016 1134 dicit,
2048 1068 2106 1123 id
2133 1078 2215 1124 est
2248 1079 2514 1136 mortuos,
2546 1077 2610 1125 ut
2651 1087 2849 1143 corpus
2883 1070 3198 1128 destruatur
3224 1075 3450 1145 peccati,

1858 1155 2007 1227 quod
2036 1164 2118 1212 est
2140 1166 2339 1213 cuncta
2363 1158 2617 1214 crimina.
2644 1159 2843 1216 Omnia
2862 1162 3010 1217 enim
3040 1169 3262 1233 peccata
3288 1164 3453 1220 simul

1859 1259 2057 1315 corpus
2094 1246 2352 1316 appellat,
2403 1248 2551 1318 quod
2580 1246 2790 1304 destrui
2835 1247 2972 1305 dicit
3002 1266 3100 1321 per
3126 1249 3350 1326 bonam.
3375 1252 3455 1309 vi-

1857 1340 1991 1400 tam,
2022 1340 2075 1387 et
2102 1332 2267 1388 fidem
2299 1334 2648 1391 catholicam.

1931 1421 2113 1491 (Vers.
2146 1422 2228 1493 8.)
2289 1448 2305 1469 -
2345 1423 2401 1480 Si
2443 1432 2625 1480 autem
2658 1425 2865 1483 mortui
2894 1443 3085 1485 sumus
3126 1445 3255 1486 cum
3283 1429 3457 1489 Chri-

1858 1519 1964 1578 sto,
1997 1511 2275 1568 credimus
2296 1513 2444 1586 quod
2475 1514 2642 1570 etiam
2673 1515 2839 1575 simul
2869 1516 3124 1575 vivemus
3145 1536 3271 1576 cum
3292 1520 3441 1579 illo»

1858 1600 2209 1658 Manifestum
2238 1612 2319 1659 est
2337 1602 2440 1659 hos
2465 1604 2561 1677 qui
2579 1622 2797 1663 carnem
2827 1608 3225 1665 cruciﬁxerunt
3247 1610 3455 1682 (Galat.

1857 1705 1916 1756 v,
1946 1689 2061 1760 24),
2110 1690 2169 1746 id
2196 1701 2296 1760 est,
2330 1692 2599 1749 mundum
2629 1712 2756 1751 cum
2788 1696 2942 1753 vitiis
2968 1704 3023 1753 et
3051 1699 3459 1771 concupiscen-

1784 1795 1829 1855 Β
1858 1778 1951 1834 tiis
1977 1777 2115 1850 ejus,
2157 1780 2299 1835 mori
2331 1780 2561 1850 mundo,
2590 1790 2644 1837 et
2671 1784 2939 1839 commori
2967 1784 3213 1855 Christo,
3237 1797 3456 1846 aeternae

1858 1884 2074 1942 quoque
2127 1868 2256 1923 vitae
2311 1885 2375 1926 ac
2430 1871 2659 1927 salutari
2714 1872 3095 1946 coimaginari,
3150 1883 3215 1933 ut
3268 1878 3455 1950 gloriae

1858 1958 2064 2016 Christi
2111 1958 2335 2029 similes.
2353 1959 2498 2016 efﬁci
2542 1971 2876 2019 mereantur.
2906 1963 3046 2022 Caro
3072 1982 3224 2037 vero,
3263 1966 3323 2023 id
3350 1978 3453 2038 est,

1857 2064 2056 2120 corpus
2085 2049 2165 2104 sic
2196 2048 2562 2122 cruciﬁgitur,
2608 2051 2655 2107 si
2698 2051 2970 2111 desideria
3005 2053 3125 2127 ejus
3150 2056 3454 2127 calcentur,

1858 2152 1977 2209 quae
2009 2146 2262 2194 manente
2292 2139 2352 2194 in
2396 2155 2459 2194 ea
2489 2147 2730 2211 peccato,
2764 2149 3023 2200 creantur
3054 2144 3172 2218 (47)
3212 2162 3283 2201 ex
3306 2162 3457 2219 pra-

1858 2226 2194 2283 varicatione
2240 2227 2407 2300 primi
2456 2226 2702 2285 hominis
2745 2239 2958 2303 coepta:
3007 2233 3066 2288 in
3107 2250 3271 2290 carne
3305 2234 3455 2291 enim

1858 2314 2111 2372 diabolus
2158 2316 2539 2388 cruciﬁgitur;
2572 2318 2688 2390 ipse
2726 2320 2874 2376 enim
2905 2330 3008 2391 est,
3050 2323 3145 2396 qui
3179 2323 3325 2380 fallit
3361 2340 3458 2396 per

1858 2421 2100 2461 carnem.
2155 2405 2292 2462 Caro
2358 2423 2485 2478 ergo
2536 2407 2834 2480 aliquando
2901 2411 3165 2482 mundus,
3226 2412 3286 2469 id
3351 2421 3453 2483 est,

1859 2494 2147 2562 elementa,
2190 2494 2489 2567 aliquando
2519 2511 2651 2551 vero
2678 2513 2875 2570 corpus
2904 2498 3149 2557 hominis
3178 2500 3457 2574 intelligi-

1857 2593 1971 2653 tur,
2002 2586 2090 2640 vel
2117 2586 2234 2657 ipsa
2261 2587 2447 2643 anima
2472 2603 2704 2660 sequens
2728 2606 2988 2662 corporea
3010 2590 3166 2647 vitia.

1932 2675 2114 2746 (Vers.
2147 2676 2181 2731 9
2214 2684 2267 2730 et
2300 2676 2414 2747 10.)
2463 2702 2480 2723 ι
2514 2677 2760 2733 Scientes
2792 2679 2940 2751 quod
2978 2679 3231 2737 Christus
3259 2696 3455 2736 resur-

1859 2780 1989 2836 gens
2018 2780 2088 2819 ex
2119 2765 2378 2832 mortuis,
2402 2762 2519 2836 jam
2553 2782 2664 2822 non
2706 2767 2963 2837 moritur,
2994 2784 3144 2825 mors
3185 2769 3269 2824 illi
3310 2770 3456 2826 ultra

1856 2869 1969 2908 non
2003 2852 2401 2909 dominabitur.
2435 2855 2593 2923 Quod
2630 2856 2779 2912 enim
2814 2864 3067 2914 mortuus
3098 2867 3180 2914 est
3207 2867 3448 2930 peccato,

1858 2954 2108 3001 mortuus
2135 2954 2217 3003 est
2244 2947 2411 3003 semel
2438 2966 2449 3003 :
2486 2948 2632 3020 quod
2662 2956 2846 3004 autem
2875 2949 3037 3019 vivit,
3070 2949 3213 3006 vivit
3251 2951 3385 3006 Deo.
3415 2973 3437 2998 ι

1858 3034 2213 3092 Securitatem
2257 3037 2579 3093 aeternitatis
2619 3038 2679 3093 in
2716 3039 3115 3096 resurrectione
3149 3039 3450 3096 Salvatoris

1858 3124 2139 3181 ostendit:
2191 3126 2260 3181 ad
2307 3144 2471 3199 quam
2514 3127 2705 3182 venire
2756 3128 3047 3199 contingit,
3106 3129 3154 3184 si
3202 3128 3450 3186 melioris

1857 3210 1984 3267 vitae
2014 3213 2183 3268 fuerit
2230 3216 2526 3271 aemulatio.
2571 3216 2677 3281 Qui
2707 3216 2855 3270 enim
2892 3216 3030 3272 bene
3072 3218 3281 3289 agendo
3310 3218 3454 3274 vivit

1859 3300 1995 3366 Deo,
2022 3299 2115 3356 hic
2139 3318 2265 3356 vere
2292 3302 2455 3369 vivit,
2491 3301 2622 3374 quia
2644 3310 2901 3358 aeternam
2932 3302 3097 3359 habet
3124 3305 3318 3360 vitam.

1934 3389 2117 3460 (Vers.
2166 3389 2279 3460 il.)
2346 3415 2362 3435 ι
2392 3389 2474 3444 Ita
2515 3396 2571 3444 et
2612 3405 2710 3446 vos
2738 3388 3051 3447 existimate
3078 3408 3178 3448 vos
3207 3399 3455 3450 mortuos

1859 3476 2081 3550 quidem
2115 3493 2227 3533 esse
2258 3484 2500 3549 peccato,
2531 3477 2782 3536 viventes
2810 3486 2989 3535 autem
3014 3480 3129 3537 Deo
3153 3480 3214 3536 in
3234 3479 3455 3540 Christo

1856 3567 1985 3623 Jesu
2014 3566 2253 3622 Domino
2300 3574 2507 3623 nostro.
2539 3592 2558 3616 ›
2600 3567 2692 3626 Sic
2731 3569 2997 3643 loquitur,
3030 3578 3091 3627 ut
3118 3569 3310 3630 doceat
3341 3587 3453 3629 non

1855 3656 2014 3712 aliter
2056 3656 2196 3711 mori
2248 3673 2403 3728 posse
2458 3658 2810 3729 peccato,'et
2862 3660 2977 3715 Deo
3023 3659 3233 3730 vivere,
3287 3677 3452 3735 quam

1855 3752 1919 3801 ut
1954 3745 2011 3801 in
2044 3743 2262 3802 Christo
2293 3745 2366 3802 sit
2406 3747 2587 3802 omnis
2613 3763 2766 3819 spes:
2810 3764 2972 3821 quem
3012 3750 3312 3806 Dominum
3340 3766 3455 3806 no-

1855 3840 2031 3888 strum
2075 3834 2330 3905 appellat,
2377 3842 2440 3889 ut
2478 3834 2621 3890 nihil
2653 3835 2789 3907 legis
2830 3835 2898 3893 ad
2937 3838 3168 3893 salutem
3202 3837 3454 3910 proﬁciat

1855 3920 2239 3993 capessendam
2270 3920 2327 3976 in
2376 3910 2589 3978 futuro‘
2614 3922 2835 3990 saeculo,
2869 3923 3089 3994 quando
3135 3940 3248 3981 non
3294 3924 3455 3980 aliter

1855 4015 1968 4070 Deo
1993 4012 2225 4083 vivitur,
2256 4030 2420 4086 quam
2450 4029 2547 4085 per
2575 4012 2878 4070 Christum.

1932 4105 2112 4176 (Vers.
2148 4105 2260 4176 i2.)
2307 4131 2323 4151 ι
2354 4106 2475 4160 Non
2505 4120 2633 4175 ergo
2662 4112 2850 4176 regnet
2873 4113 3158 4176 peccatum
3191 4105 3249 4162 in
3270 4114 3453 4163 vestro

1858 4192 2077 4247 mortali
2104 4207 2350 4263 corpore,
2385 4201 2448 4248 ut
2476 4190 2746 4248 obediatis
2774 4192 3236 4265 concupiscentiis
3266 4193 3437 4266 ejus.-

1858 4280 2086 4337 Mortale
2135 4296 2330 4352 corpus
2360 4288 2441 4336 est
2475 4297 2543 4336 ex
2583 4297 2745 4337 causa
2782 4281 3252 4354 przevaricationis
3291 4283 3449 4356 Adw,

1858 4385 1929 4425 ex
1975 4370 2083 4425 ﬁde
2120 4378 2299 4427 autem
2345 4368 2552 4427 Christi
2590 4369 2707 4426 fore
2748 4371 2990 4429 creditur
3019 4372 3349 4430 immortale.
3381 4374 3452 4431 Ut

1860 4468 2042 4515 autem
2093 4460 2159 4515 ad
2212 4459 2631 4532 promissionem
2670 4459 2814 4518 hanc
2863 4462 3135 4533 veniatur,
3183 4479 3296 4520 non
3324 4463 3449 4520 obe-

1860 4549 2121 4607 diendum
2153 4549 2287 4607 dicit
2311 4556 2552 4622 peccato,
2594 4567 2662 4606 ne
2706 4559 2893 4624 regnet
2922 4552 2979 4607 in
3011 4561 3200 4609 nostro
3231 4552 3451 4609 mortali

1856 4656 2119 4712 corpore:
2177 4647 2366 4712 regnat
2428 4648 2611 4695 autem
2660 4639 2795 4695 dum
2848 4640 3100 4713 imperat.
3159 4640 3216 4696 Si
3268 4648 3450 4696 autem

1858 4745 1970 4784 non
2000 4736 2214 4800 regnat,
2240 4746 2352 4785 non
2385 4726 2669 4783 videbitur
2700 4744 2897 4799 corpus
2926 4727 3031 4784 hoc
3054 4743 3171 4782 esse
3200 4728 3451 4796 mortale,

1859 4818 1989 4889 quia
2033 4817 2091 4871 in
2135 4833 2228 4889 spe
2276 4816 2599 4873 aeternitatis
2646 4823 2745 4870 est.
2799 4816 2921 4870 Non
2972 4823 3193 4886 propter
3221 4813 3452 4871 dissolu-

1858 4905 2067 4959 tionem
2123 4904 2270 4959 dixit
2340 4903 2572 4957 mortale
2634 4917 2853 4971 corpus,
2907 4900 3000 4956 sed
3055 4908 3277 4973 propter
3326 4920 3454 4976 pm-

1860 5009 1989 5049 nam
2048 4992 2331 5064 gehennae,
2384 4998 2446 5045 ut
2500 4990 2592 5045 ille
2646 4990 2895 5046 mortalis
2946 4990 3182 5061 dicatur,
3244 4993 3339 5067 qui
3392 4994 3451 5051 in

1862 5081 2165 5153 gehennam
2219 5076 2525 5135 mittendus
2582 5085 2700 5146 est;
2747 5078 2875 5151 quia
2920 5078 3015 5155 qui
3061 5089 3282 5154 peccato
3328 5081 3453 5140 obe-

1862 5170 2045 5241 diunt,
2080 5178 2314 5226 mortem
2342 5166 2638 5224 secundam
2667 5168 2871 5226 inferni
2903 5170 3019 5246 (48)
3055 5188 3166 5228 non
3191 5172 3453 5243 evadunt,

1939 5373 2064 5455 (48)
2108 5372 2251 5455 v39...
2281 5369 2416 5452 edit.
2462 5384 2588 5425 cum
2634 5386 2763 5455 mss.
2813 5372 3181 5455 non‘paucis‘,
3236 5381 3458 5431 mortem

1864 5442 2095 5517 inferni;
2120 5445 2274 5517 ,Gill.
2319 5442 2379 5497 in
2408 5457 2577 5511 marg.
2609 5442 2848 5517 et'Rom.
2900 5442 3033 5501 edit.
3067 5443 3125 5499 in
3150 5460 3299 5517 corp.
3331 5460 3457 5505 cum

1867 5511 1996 5573 mss.
2021 5515 2375 5582 quibusdam,
2404 5518 2619 5582 mortem
2636 5511 2917 5566 secundum
2941 5533 2955 5582 ;
2978 5532 3109 5572 mss.
3138 5511 3273 5573 vero
3297 5517 3456 5576 Gem.

1866 5589 2009 5644 Prat.
2032 5581 2209 5659 ,Mich.
2243 5582 2393 5645 Vall.
2426 5581 2640 5638 Thuan.
2671 5589 2725 5637 et
2752 5581 2990 5659 Remig,
3022 5593 3241 5657 mortem
3269 5606 3464 5647 secun-

1866 5660 1990 5716 dam
2018 5658 2237 5732 inferni.

3250 5755 3285 5815 4
