3932 6210
175 365 283 431 109

1274 368 1635 430 COMMENT.
1678 371 1749 428 IN
1783 369 2002 427 EPIST.
2041 373 2140 428 AD
2179 372 2345 430 BOM.

3387 374 3492 433 110

261 497 444 570 (Vers.
495 500 581 568 17,
616 498 729 569 18.)
777 519 796 544 ι
825 495 1042 554 Gratias
1070 503 1252 551 autem
1306 497 1438 563 Deo,
1468 494 1617 568 quod
1654 511 1780 552 cum
1808 497 1859 558 Α
1895 492 2239 552 addiscentes
2292 496 2407 569 (57)
2456 494 2658 552 bonam
2707 496 2907 564 vitam,
2966 495 3382 569 confundimur,
3427 515 3491 557 eo

114 609 116 611 ’
175 590 424 652 fuissetis
463 588 606 644 servi
657 586 889 660 peccati,
939 585 1206 642 obedistis
1250 601 1319 640 ex
1360 584 1522 641 corde
1561 584 1620 640 in
1667 601 1784 640 eam

174 683 415 738 formam
449 676 741 744 doctrinae,
792 673 850 728 in
900 690 1004 747 qua
1046 672 1237 729 traditi
1291 673 1440 728 estis.
1493 671 1788 727 Credentes

179 781 370 829 autem
412 770 471 825 in
519 766 829 831 Christum,
875 763 1023 818 servi
1058 763 1190 819 facti
1241 778 1429 818 sumus
1469 759 1719 832 justitiaa.
1758 786 1776 808 ι

176 861 320 934 Ejus
351 858 500 914 enim
552 855 798 911 dicimur
843 851 1010 917 servi,
1062 849 1151 906 cui
1190 849 1498 905 obedimus.
1544 851 1616 904 Et
1661 848 1790 920 quia

175 949 394 1024 justum
445 953 530 1002 est
578 941 807 1000 obedire
848 939 1069 996 Christo
1115 941 1192 1009 (et
1222 939 1336 1010 ipse
1383 938 1530 993 enim
1574 936 1792 1009 justitia

185 1046 289 1108 est,
322 1046 377 1093 et
407 1049 529 1108 quae
560 1031 830 1106 praecipit,
871 1027 1023 1100 justa
1059 1028 1238 1099 sunt),
1271 1027 1478 1084 idcirco
1506 1026 1642 1082 dicit
1669 1041 1793 1081 ser—

183 1145 287 1184 vos
328 1140 434 1181 nos
477 1123 653 1178 factos
687 1118 920 1192 justitiae
951 1133 1018 1172 ex
1070 1116 1256 1185 corde,
1285 1132 1398 1172 non
1427 1132 1494 1171 ex
1525 1115 1641 1186 lege
1674 1132 1685 1169 :
1721 1130 1789 1170 ex

185 1216 502 1279 voluntate,
558 1225 671 1265 non
712 1223 780 1263 ex
834 1206 1031 1262 timore
1085 1223 1097 1260 :
1157 1212 1222 1260 ut
1277 1204 1546 1278 professio
1603 1210 1792 1258 nostra

192 1301 372 1361 animi
393 1299 607 1373 judicio
636 1303 936 1369 promatur.
982 1295 1085 1351 Per
1115 1301 1364 1350 naturam
1396 1293 1543 1350 enim
1569 1292 1791 1349 inducti

189 1406 386 1448 sumus
429 1387 500 1444 ad
537 1385 724 1452 ﬁdem,
775 1400 887 1440 non
935 1399 1031 1456 per
1083 1383 1278 1454 legem,
1338 1383 1392 1438 in
1445 1399 1552 1455 qua
1605 1381 1785 1437 forma

185 1478 457 1536 doctrinae
485 1473 585 1532 Dei
616 1473 852 1546 imperio
882 1472 1014 1530 facti
1041 1489 1253 1541 sumus,
1285 1473 1380 1546 qui
1422 1472 1592 1528 ﬁnxit
1620 1478 1792 1527 natu-

184 1584 326 1626 ram.
368 1568 430 1623 In
486 1571 687 1620 natura
715 1563 863 1618 enim
912 1561 1200 1630 habemus,
1232 1569 1296 1617 ut
1340 1577 1733 1634 cognoscamus
1763 1576 1794 1615 a

187 1683 321 1740 quo,
351 1673 404 1721 et
433 1678 529 1735 per
558 1677 745 1736 quem,
796 1666 851 1716 et
881 1659 939 1716 in
969 1676 1078 1733 quo
1119 1676 1311 1715 sumus
1356 1658 1546 1716 creati.
1596 1660 1795 1714 Forma

189 1773 319 1829 ergo
358 1751 622 1810 doctrinae
665 1758 770 1820 est,
830 1751 888 1806 in
935 1766 1098 1824 quam
1156 1749 1387 1806 tradidit
1430 1766 1530 1807 nos
1573 1749 1795 1808 Creator

1899 585 2048 660 quod
2096 585 2306 641 dudum
2352 586 2586 658 turpiter
2639 588 2990 644 vixerimus:
3056 596 3108 644 et
3155 605 3266 645 non
3310 590 3490 646 solum

1902 676 2030 746 hoc,
2063 675 2193 748 quia
2234 683 2288 731 et
2341 675 2611 732 sententia
2642 693 2976 749 paganorum
3032 679 3210 751 turpis
3265 687 3319 735 et
3347 678 3492 735 foeda

1899 775 2001 835 est,
2059 765 2299 821 maxime
2337 782 2456 838 quze
2514 765 2570 820 in
2601 766 2840 840 Phrygia
2895 767 3120 824 inventa
3163 778 3262 837 est,
3299 770 3357 825 in
3386 785 3494 843 qua

1900 856 2008 911 nisi
2068 872 2300 928 spurcus
2350 854 2568 910 intersit
2612 855 2750 927 (58),
2811 867 3214 914 sacramentum
3271 867 3487 916 mutum

1901 961 2001 1021 est,
2036 959 2089 1007 et
2118 951 2381 1023 torpescit
2434 951 2659 1023 religio!
2701 951 2841 1008 Ecce
2870 955 3101 1010 maculis
3133 956 3294 1026 plena
3332 957 3494 1013 liber-

1900 1047 2004 1108 tas,
2063 1047 2116 1094 et
2169 1038 2517 1112 squaloribus
2570 1038 2829 1111 obligata,
2880 1039 3038 1111 cujus
3090 1056 3229 1112 opus
3280 1050 3494 1113 turpem

1903 1127 2211 1184 mercedem
2242 1127 2441 1183 habet:
2507 1151 2525 1173 ι
2560 1127 2734 1200 Cujus
2773 1127 2900 1184 ﬁnis
2945 1145 3092 1184 mors
3120 1140 3235 1187 est:
3270 1156 3288 1179 υ
3329 1131 3497 1189 ﬁnem

1904 1217 2052 1273 dixit
2106 1217 2317 1272 exitum
2368 1216 2496 1271 vitae
2552 1224 2606 1272 et
2646 1223 2888 1286 actuum,
2934 1218 3024 1274 cui
3066 1227 3161 1276 aut
3207 1236 3372 1289 mors,
3406 1229 3503 1278 aut

1902 1306 2017 1362 vita
2043 1307 2310 1362 succedit.
2355 1304 2460 1361 Sed
2503 1305 2610 1363 hoc
2639 1307 2762 1364 loco
2792 1324 2941 1365 mors
2973 1308 3202 1382 duplex,
3251 1327 3283 1366 a
3326 1318 3502 1369 morte

1901 1394 2049 1451 enim
2072 1394 2138 1451 ad
2169 1403 2400 1451 mortem
2431 1396 2724 1454 transitur.

1977 1484 2158 1557 (Vers.
2201 1485 2316 1556 22.)
2357 1485 2515 1541 Nunc
2561 1501 2692 1542 vero
2737 1486 2954 1543 liberati
2993 1504 3025 1544 a
3061 1498 3305 1562 peccato,
3350 1491 3501 1548 servi

1902 1583 2084 1633 autem
2116 1576 2245 1633 facti
2288 1578 2422 1646 Deo,
2469 1576 2684 1634 habetis
2709 1577 2972 1636 'fructum
3003 1589 3248 1638 vestrum
3279 1582 3340 1638 in
3367 1598 3508 1639 san-

1901 1667 2316 1736 ctiﬁcationem,
2363 1667 2531 1724 ﬁnem
2582 1685 2712 1724 vero
2758 1668 2930 1726 vitam
2972 1679 3254 1729 aeternam.
3303 1697 3322 1722 ι
3391 1672 3507 1731 Hoc

1903 1765 2006 1826 est,
2053 1757 2100 1813 si
2155 1765 2374 1829 accepta
2428 1756 2753 1814 remissione
2803 1767 3173 1831 peccatorum,
3228 1761 3504 1820 bonorum

191 1844 539 1908 naturaliter,
588 1841 694 1896 hoc
734 1847 836 1909 θεῖ,
887 1838 1034 1913 (ΙΠοά
1085 1856 1250 1912 supra
1280 1839 1459 1895 dixit:
1498 1843 1593 1901 62
1636 1862 1653 1884 ·
1686 1837 1798 1910 1ρεὶ
1829 1861 1876 1921 Β
1908 1857 2130 1904 actuum
2164 1847 2350 1902 aemuli
2407 1847 2694 1918 fuerimus,
2736 1849 3083 1924 acquiremus
3135 1852 3502 1922 sanctitatem,

167 1939 306 1996 sibi
341 1946 471 1995 sunt
517 1938 608 1993 lex
635 1938 818 2008 (Rom.
850 1952 912 2005 ιι,
949 1935 1074 2008 14);
1108 1962 1127 1984 ›
1193 1935 1325 1992 dum
1358 1934 1551 1992 vident
1584 1943 1792 1991 naturae

197 2046 311 2087 suae
354 2043 489 2097 esse,
547 2025 696 2100 quod
743 2025 1012 2094 credunt;
1067 2033 1127 2081 ut
1167 2025 1314 2099 quod
1360 2026 1562 2084 Iudaeis
1612 2027 1702 2082 lex
1749 2034 1803 2082 et

1910 1936 2079 1993 ﬁnem
2110 1952 2240 1992 vero
2275 1935 2622 2006 habebimus,
2647 1937 2704 1994 id
2751 1947 2854 2010 est,
2899 1939 3134 2010 exitum,
3167 1941 3340 1998 vitam
3371 1958 3508 2016 per-

1912 2035 2131 2098 petuam
2163 2043 2176 2093 ;
2210 2041 2242 2080 a
2293 2032 2467 2081 morte
2520 2025 2670 2082 enim
2729 2025 2854 2096 hac,
2910 2044 3076 2102 quam
3121 2027 3289 2086 ﬁnem
3335 2029 3503 2098 dixit,

196 2117 483 2192 prophetae
513 2115 882 2189 praedicarunt
922 2114 988 2170 de
1035 2113 1279 2185 Christo,
1311 2115 1415 2173 hoc
1461 2115 1695 2188 gentiles
1732 2131 1803 2170 ex
1909 2113 2271 2171 transibimus
2285 2113 2353 2170 ad
2380 2114 2552 2170 vitam
2583 2131 2703 2188 quae
2743 2114 2861 2171 sine
2891 2114 3001 2172 ﬁne
3031 2124 3133 2174 est.

201 2205 370 2264 corde
409 2203 691 2261 conﬁdant
723 2205 861 2276 (56).
905 2205 1046 2260 Hinc
1091 2205 1290 2277 gratias
1335 2207 1503 2261 refert
1539 2205 1798 2272 Domino,

201 2296 337 2370 quia
395 2311 520 2351 cum
574 2309 812 2350 essemus
867 2293 1010 2350 servi
1058 2295 1288 2367 peccati,
1339 2295 1686 2352 obedivimus
1732 2309 1800 2350 ex

197 2385 368 2444 corde
413 2383 697 2441 credentes
739 2383 797 2440 in
828 2383 1108 2442 Christum
1144 2403 1155 2440 :
1208 2392 1272 2440 ut
1300 2387 1634 2441 serviremus
1661 2385 1800 2452 Deo,

204 2492 318 2532 non
350 2490 446 2548 per
475 2475 646 2546 legem
678 2473 875 2546 Moysi,
905 2472 999 2530 sed
1028 2489 1124 2546 per
1153 2474 1326 2545 legem
1358 2481 1590 2529 naturae.

276 2564 457 2636 (Vers.
488 2564 600 2636 19.)
649 2588 666 2610 ι
688 2563 998 2619 Humanum
1035 2562 1159 2619 dico
1188 2572 1409 2637 propter
1426 2562 1803 2620 inﬁrmitatem

204 2655 390 2710 carnis
419 2659 633 2709 vestrae.
659 2678 677 2700 ι
738 2653 882 2708 Dum
928 2650 1310 2709 inﬁrmitatem
1357 2652 1539 2710 carnis
1582 2668 1806 2722 memo-

203 2749 313 2809 rat,
345 2741 529 2797 minus
565 2757 622 2797 se
668 2741 941 2813 signiﬁcat
983 2741 1199 2812 exigere
1242 2743 1310 2799 ab
1357 2742 1601 2811 homine,
1639 2757 1803 2815 quam

201 2831 434 2904 dignum
465 2839 546 2888 est
596 2831 740 2890 circa
774 2830 872 2888 Dei
921 2831 1217 2888 culturam.
1249 2832 1499 2907 Denique
1527 2831 1803 2888 subinfer-

197 2929 332 2978 tur:

289 3032 309 3059 ι
338 3010 491 3066 Sicut
518 3009 665 3066 enim
695 3008 1029 3066 exhibuistis
1075 3010 1323 3066 membra
1353 3019 1535 3068 vestra
1590 3011 1798 3068 servire

206 3098 584 3158 immunditiae
614 3107 666 3155 et
687 3097 994 3171 iniquitati,
1025 3097 1094 3154 ad
1125 3099 1473 3173 iniquitatem
1502 3119 1516 3167 ;
1552 3101 1629 3156 ita
1656 3116 1807 3156 nunc

195 3189 457 3246 exhibete
487 3188 733 3244 membra
790 3197 973 3244 vestra
1014 3189 1220 3243 servire
1267 3187 1519 3259 justitiae,
1568 3188 1628 3243 in
1672 3204 1808 3244 san-

195 3278 615 3336 ctiﬁcationem.
649 3305 667 3328 ι
707 3279 780 3334 Ut
805 3279 1153 3335 occasionem
1181 3278 1342 3334 nobis
1371 3279 1612 3333 auferret
1641 3279 1801 3334 timo-

200 3368 287 3424 ris
334 3367 631 3425 accedendi
679 3365 748 3421 ad
791 3365 978 3436 ﬁdem,
1041 3365 1172 3437 quia
1227 3366 1383 3437 quasi
1442 3365 1809 3437 importabilis

198 3459 369 3518 nobis
424 3466 479 3514 et
534 3472 726 3528 aspera
788 3456 1093 3525 videretur,
1153 3472 1216 3511 ea
1260 3471 1518 3511 mensura
1568 3473 1667 3512 nos
1695 3457 1808 3511 Deo

195 3547 416 3608 servire
445 3545 720 3619 praecepit,
771 3561 879 3619 qua
906 3546 1058 3619 prius
1092 3543 1503 3600 famulabamur
1533 3544 1759 3601 diabolo
1786 3563 1798 3601 :

194 3654 330 3710 cum
370 3636 562 3710 utique
612 3633 934 3708 propensius
982 3633 1202 3691 deberet
1231 3633 1428 3690 serviri
1475 3635 1586 3690 Deo
1642 3650 1806 3706 quam

197 3726 446 3796 diabolo,
511 3724 710 3799 quippe
777 3739 904 3780 cum
970 3723 1064 3782 hic
1119 3723 1284 3792 salus,
1353 3722 1474 3779 illic
1522 3722 1805 3780 damnatio

199 3823 494 3891 operetur;
536 3813 784 3871 medicus
816 3820 1000 3869 tamen
1038 3812 1306 3886 spiritalis
1331 3829 1442 3869 non
1476 3813 1600 3885 plus
1625 3829 1658 3868 a
1691 3829 1803 3870 no-

198 3905 292 3962 bis
345 3903 541 3976 exigit,
591 3919 658 3958 ne
701 3902 834 3959 dum
867 3903 1147 3975 [praecepta
1181 3903 1336 3976 quasi
1373 3903 1561 3975 gravia
1592 3901 1804 3975 fugere-

203 4009 352 4062 mus,
385 3989 783 4066 perpendentes
830 3990 1212 4048 inﬁrmitatem
1248 3999 1513 4061 nostram,
1543 4007 1804 4047 manere-

201 4107 329 4148 mus
357 4089 415 4145 in
446 4096 640 4147 morte.
691 4088 848 4146 Unde
902 4090 1213 4147 Dominus:
1274 4113 1294 4137 ι
1323 4089 1544 4158 Tollite,
1594 4089 1801 4162 inquit,

193 4182 398 4256 jugum
434 4195 618 4236 meum
663 4197 828 4253 super
868 4197 1035 4237 vos...
1083 4179 1211 4253 quia
1257 4195 1424 4237 suave
1457 4188 1557 4250 est,
1582 4189 1636 4237 et
1664 4195 1803 4236 onus

201 4286 391 4328 meum
417 4269 536 4326 leve
567 4268 781 4342 (Matth.
813 4286 896 4338 xi,
926 4270 1016 4340 29,
1047 4269 1163 4340 30).
1199 4296 1218 4319 ι

280 4363 466 4437 (Vera.
498 4362 567 4419 20
593 4371 646 4418 et
675 4363 792 4436 21.)
842 4387 860 4410 ι
888 4361 1028 4420 Cum
1063 4363 1209 4420 enim
1249 4365 1394 4420 servi
1438 4363 1626 4420 essetis
1666 4379 1803 4436 pec-

199 4454 338 4522 cati,
396 4451 556 4508 liberi
619 4451 803 4508 fuistis
848 4450 1100 4524 justitiae.
1145 4451 1316 4519 Quem
1365 4453 1512 4509 enim
1559 4453 1800 4510 fructum

200 4541 481 4600 habuistis
505 4547 640 4598 tunc
669 4542 728 4597 in
756 4540 892 4610 illis,
925 4541 983 4596 in
1017 4541 1221 4615 quibus
1251 4558 1397 4598 nunc
1426 4541 1750 4615 erubescitis
1773 4543 1802 4600 ?

199 4633 340 4692 Nam
368 4629 502 4686 ﬁnis
528 4631 752 4687 illorum
791 4647 940 4687 mors
969 4639 1068 4687 est.
1105 4657 1124 4680 ι
1166 4631 1514 4688 Manifestum
1547 4639 1646 4700 est,
1674 4631 1803 4706 quia

203 4721 302 4796 qui
337 4719 479 4776 liber
520 4728 650 4778 esta
677 4721 812 4786 Deo,
844 4728 924 4776 est
955 4737 1148 4778 servus
1176 4723 1409 4793 peccati;
1441 4722 1576 4778 dum
1616 4729 1802 4795 peccat

200 4810 378 4879 enim,
425 4809 635 4868 recedit
682 4826 715 4867 a
757 4811 894 4878 Deo,
946 4818 999 4866 et
1046 4810 1111 4866 ﬁt
1157 4811 1259 4868 sub
1309 4820 1551 4884 peccato.
1603 4811 1801 4879 Quales

201 4917 333 4975 ergo
384 4908 514 4958 sunt
562 4900 778 4957 fructus
834 4901 1064 4974 peccati,
1116 4899 1175 4956 in
1229 4901 1429 4974 quibus
1486 4901 1800 4960 conversati

278 5025 398 5099 (56)
430 5026 513 5082 Ita
541 5041 731 5082 omnes
757 5043 887 5082 mss.
916 5043 930 5094 ;
957 5033 1149 5099 contra
1178 5042 1308 5099 vero
1328 5042 1518 5083 omnes
1547 5026 1703 5096 edit.,
1735 5045 1801 5084 ex

199 5097 360 5158 corde
379 5097 738 5169 conﬁteantur
767 5115 781 5164 ;
814 5097 1063 5166 Amerb.,
1096 5098 1424 5168 conﬁtentur.

278 5170 398 5241 (57)
433 5168 638 5241 omnes
666 5168 823 5239 edit.,
875 5169 933 5225 in
978 5169 1167 5239 quibus
1196 5169 1551 5241 addiscentes;
1600 5169 1800 5226 melius

202 5240 400 5298 omnes
434 5257 588 5308 mss.,
619 5240 676 5294 in
704 5241 891 5310 quibus
919 5240 1213 5297 conversati
1241 5240 1562 5295 addiscentes
1592 5258 1606 5306 ;
1658 5256 1800 5296 unus

200 5313 524 5379 abdicantes,
556 5310 651 5382 sed
691 5327 859 5382 pravo
880 5328 1061 5368 sensu.

275 5384 397 5457 (58)
432 5383 556 5457 Ve_t.
591 5381 724 5438 edit.
757 5390 812 5457 et
833 5399 965 5438 mss.
1029 5381 1336 5457 nonnulli,_
1359 5381 1481 5438 Nisi
1525 5381 1800 5457 spurcitiis

198 5453 450 5518 intersit;
503 5455 662 5511 Bom.
717 5453 972 5525 edit.,ac
1000 5454 1220 5525 pauculi
1266 5453 1641 5525 etiamimssq
1696 5454 1801 5525 nisi

199 5526 483 5599 spurcities
511 5526 762 5591 intersit;
791 5523 887 5581 sed
905 5523 1019 5580 alii
1037 5542 1168 5581 mss.
1202 5525 1380 5580 multo
1414 5524 1617 5599 plures,
1649 5533 1711 5581 ut
1741 5524 1800 5581 in

197 5596 379 5656 textu.
440 5598 655 5668 Rursus
700 5613 832 5653 vero
865 5611 962 5668 pro
1008 5601 1398 5668 sacramentum
1425 5596 1650 5668 multum
1705 5603 1796 5668 est,

198 5679 262 5748 ut
291 5671 356 5748 in
385 5667 522 5727 edit.
554 5677 609 5726 et
635 5685 766 5748 mss.
797 5666 1126 5748 quibusdam
1151 5667 1413 5748 habetur;
1450 5667 1509 5723 in
1523 5666 1648 5748 aliis
1674 5667 1797 5748 cod.

199 5739 426 5815 legitur,
461 5738 847 5798 sacramentum
872 5746 1070 5797 motum
1089 5745 1181 5806 est,
1212 5738 1272 5796 in
1303 5738 1431 5798 aliis
1459 5739 1678 5798 nothum
1704 5745 1796 5797 est.

1837 3219 1881 3281 C

1827 4585 1876 4644 D

1985 2204 2165 2276 (Vers.
2198 2203 2313 2275 23.)
2359 2228 2377 2251 ι
2398 2205 2534 2262 Nam
2566 2221 2771 2262 merces
2793 2207 3000 2278 peccati
3024 2223 3170 2264 mors
3185 2214 3285 2264 est.
3305 2234 3323 2257 ι
3353 2207 3508 2278 Quie-

1913 2302 2058 2351 stum
2114 2295 2319 2366 peccati
2370 2303 2603 2352 mortem
2666 2295 2824 2366 dicit,
2889 2298 3021 2372 quia
3063 2315 3159 2372 per
3217 2308 3503 2373 peccatum

1912 2399 2060 2438 mors
2081 2383 2231 2456 (59);
2272 2400 2336 2440 ac
2356 2401 2449 2456 per
2484 2385 2590 2442 hoc
2636 2385 2728 2459 qui
2777 2385 2844 2442 de
2892 2397 3090 2445 caetero
3133 2388 3410 2448 abstinent
3451 2407 3509 2447 se

1913 2487 1945 2527 a
1991 2473 2247 2544 peccatis,
2278 2473 2615 2545 stipendium
2666 2475 2946 2547 accipiunt
2997 2479 3168 2534 vitam
3225 2487 3507 2548 aeternam,

1923 2560 2055 2632 quia
2075 2561 2170 2632 qui
2201 2578 2310 2617 non
2338 2571 2582 2634 peccant,
2614 2563 2780 2621 alieni
2812 2575 2940 2623 sunt
2981 2583 3013 2622 a
3042 2576 3218 2625 morte
3247 2569 3506 2626 secunda.

1905 2653 1910 2657 “
1998 2649 2224 2705 «Gratia
2275 2659 2458 2706 autem
2487 2651 2587 2708 Dei
2635 2654 2751 2708 vita
2777 2662 2980 2710 aeterna
3019 2656 3078 2712 in
3121 2656 3342 2714 Christo
3384 2659 3512 2716 Jesu

1912 2739 2152 2796 Domino
2191 2747 2400 2797 nostro.
2432 2766 2450 2790 ι
2507 2741 2661 2798 Sicut
2690 2745 2840 2801 enim
2888 2755 3176 2819 sequentes
3204 2757 3511 2820 peccatum,

1912 2829 2208 2904 acquirunt
2253 2841 2508 2902 mortem,
2556 2832 2633 2889 ita
2683 2844 2738 2891 et
2783 2843 3070 2908 sequentes
3113 2837 3342 2909 gratiam
3388 2838 3512 2909 Dei,

1916 2919 1974 2978 id
2001 2928 2100 2990 est,
2133 2919 2297 2976 ﬁdem
2335 2921 2562 2991 Christi,
2595 2940 2714 2996 qum
2741 2923 2910 2981 donat
2953 2935 3197 2998 peccata,
3231 2926 3514 2986 habebunt

1913 3015 2087 3065 vitam
2118 3018 2376 3066 aeternam
2403 3030 2414 3068 :
2448 3020 2509 3068 ut
2541 3013 2812 3086 gaudeant
2845 3031 2900 3071 se
2921 3014 2989 3070 ad
3011 3024 3226 3088 tempus
3255 3015 3508 3087 dissolvi,

1913 3098 2146 3155 scientes
2174 3117 2229 3156 se
2269 3099 2413 3158 hanc
2460 3102 2630 3159 vitam
2663 3108 3074 3173 consecuturos,
3125 3122 3245 3178 quae
3276 3113 3332 3162 et
3357 3107 3512 3163 omni

1914 3186 2077 3241 taedio
2123 3197 2322 3257 careat,
2371 3197 2425 3246 et
2479 3192 2879 3248 successionem
2922 3209 3032 3249 non
3087 3193 3304 3250 habeat.
3336 3195 3512 3262 Quam

1915 3284 2137 3330 sanctus
2187 3275 2412 3331 Simeon
2458 3286 2745 3349 exoptans,
2788 3280 2948 3351 petiit
2994 3295 3050 3336 se
3099 3279 3232 3337 hinc
3279 3281 3511 3338 dissolvi

1922 3363 2074 3435 (Luc.
2108 3381 2171 3433 ιι,
2193 3365 2310 3436 29),
2333 3372 2395 3421 ut
2425 3366 2528 3421 iret
2545 3368 2601 3422 in
2626 3383 2776 3440 pace,
2801 3367 2859 3426 id
2887 3376 2968 3432 est
2997 3370 3132 3438 vita,
3150 3386 3270 3443 quae
3298 3371 3511 3427 nullam

1915 3453 2123 3525 patitur
2169 3453 2629 3527 inquietudinem.
2680 3458 2753 3514 Et
2798 3456 2904 3514 hoc
2947 3458 3155 3515 donum
3190 3475 3223 3516 a
3263 3461 3378 3516 Deo
3419 3477 3517 3534 per

1916 3540 2197 3599 Christum
2228 3543 2390 3599 nobis
2423 3544 2612 3600 datum
2643 3546 2944 3603 Dominum
2974 3556 3227 3607 nostrum
3256 3557 3510 3621 testatur,

1913 3638 1976 3688 ut
2006 3633 2119 3688 Deo
2170 3633 2316 3689 Patri
2363 3633 2564 3708 gratias
2609 3651 2706 3708 per
2752 3637 2969 3695 nullum
2997 3639 3232 3698 alterum
3262 3639 3371 3697 nisi
3416 3655 3514 3715 per

1913 3721 2120 3780 Filium
2149 3721 2268 3798 ejus
2288 3741 2530 3799 agamus.

2513 3867 2741 3926 CAPUT
2777 3867 2898 3926 VII.

1986 3981 2166 4054 (Vers.
2189 3983 2266 4055 1.)
2293 4006 2311 4028 ι
2350 3984 2435 4038 An
2471 3982 2758 4055 ignoratis,
2777 3981 3011 4039 fratres?
3032 3981 3338 4039 scientibus
3353 3982 3504 4040 enim

1912 4079 2083 4152 legem
2115 4081 2332 4154 loquor.
2364 4106 2381 4126 ι
2427 4079 2498 4136 Ut
2526 4081 2741 4135 animos
2757 4094 2947 4135 eorum
2968 4079 3150 4136 ﬁrmet
3172 4080 3230 4136 in
3259 4079 3511 4137 doctrina

1911 4166 2124 4234 divina,
2164 4167 2418 4240 exemplo
2466 4166 2722 4224 humanae
2768 4167 2903 4241 legis
2949 4167 3158 4237 utitur;
3204 4175 3266 4224 ut
3307 4167 3508 4225 iterum

1910 4282 2006 4338 per
2040 4273 2254 4322 terrena
2283 4264 2506 4322 suadeat
2535 4266 2796 4337 welestia,
2826 4266 2873 4323 si
2902 4274 2956 4323 et
2983 4284 3014 4324 a
3035 4265 3231 4324 mundi
3261 4274 3510 4324 creatura

1908 4355 2056 4411 Deus
2093 4354 2470 4427 cognoscitur;
2500 4355 2630 4429 quia
2658 4355 2805 4412 enim
2837 4355 3005 4412 unius
3034 4363 3116 4413 est
3157 4363 3354 4424 totum,
3380 4355 3509 4412 licet

1910 4443 2140 4501 diversae
2169 4444 2282 4500 sint
2311 4461 2417 4513 res,
2447 4459 2511 4500 ex
2531 4445 2718 4518 aliqua
2736 4453 2923 4501 tamen
2947 4453 3097 4518 parte
3126 4444 3233 4501 sibi
3264 4444 3507 4501 invicem

1907 4533 2119 4590 similes
2147 4543 2294 4590 sunt.
2336 4533 2530 4590 Sciunt
2565 4551 2691 4607 ergo
2721 4536 2894 4608 legem
2941 4534 3358 4610 Romani,qquia
3394 4549 3506 4590 non

1910 4630 2041 4678 sunt
2059 4622 2281 4679 barbari
2315 4641 2326 4679 :
2353 4622 2448 4679 sed
2477 4623 3017 4696 comprehenderunt
3045 4623 3351 4679 naturalem
3375 4621 3508 4693 jus-

1910 4711 2087 4768 titiam
2119 4712 2315 4785 partim
2346 4729 2416 4768 ex
2455 4727 2530 4780 se,
2568 4713 2767 4784 partim
2824 4729 2893 4767 ex
2923 4712 3164 4768 Graecis:
3206 4727 3334 4766 nam
3361 4709 3506 4781 leges

1908 4801 2172 4858 Romanis
2201 4808 2296 4866 63
2326 4818 2395 4857 ex
2423 4801 2658 4859 Athenis
2682 4801 2904 4874 perlatae
2947 4809 3079 4856 sunt
3097 4799 3246 4872 (60),
3278 4798 3424 4854 sicut
3451 4806 3508 4855 et

1909 4898 2113 4956 Graecis
2140 4917 2210 4958 ex
2246 4900 2508 4956 Hebraeis.
2541 4901 2686 4956 Ante
2717 4899 2945 4970 Moysen
2976 4895 3124 4951 enim
3159 4911 3270 4951 non
3302 4894 3504 4953 latebat

1983 5024 2099 5096 (59)
2151 5024 2353 5103 omnes
2382 5022 2516 5103 edit:
2547 5039 2608 5078 ac
2647 5020 2808 5103 pauci
2860 5037 3018 5103 mss.,_
3064 5021 3193 5091 quia
3233 5029 3504 5094 peccatum

1906 5112 2050 5151 mors
2074 5093 2092 5159 ξ
2112 5095 2310 5150 melius
2336 5093 2551 5166 caeteri,
2566 5093 2701 5166 quia
2723 5110 2820 5166 per
2843 5099 3111 5165 peccatum
3139 5093 3302 5150 mors.

1983 5166 2099 5237 (60)
2128 5167 2218 5222 Sic
2255 5181 2447 5238 omnes
2491 5165 2624 5234 edit,
2667 5165 2741 5238 et
2767 5183 2895 5223 mss.
2949 5166 3188 5238 aliquot:
3223 5167 3321 5222 alii
3365 5183 3501 5224 vero

1908 5253 2028 5318 non,
2043 5238 2209 5318 pauci
2233 5237 2375 5318 -haec
2422 5254 2533 5318 prae
2571 5253 2627 5292 se
2655 5237 2840 5318 ferunt
2863 5256 2893 5318 :_
2918 5237 3124 5318 partim
3170 5255 3234 5292 ea:
3277 5239 3500 5318 Graecis,

1901 5309 2105 5380 partim
2132 5327 2196 5363 ea:
2225 5309 2496 5374 Hebraeis;
2532 5311 2772 5380 quamvis
2801 5316 2922 5364 ante
2949 5310 3160 5378 Moysen
3188 5325 3294 5363 non
3326 5309 3502 5364 latue-

1907 5381 1983 5434 rit
2013 5381 2096 5436 lex
2118 5398 2138 5444 ;
2183 5380 2272 5436 sed
2307 5381 2436 5435 ordo
2484 5398 2591 5436 non
2637 5387 2771 5448 erat,
2821 5395 2982 5450 neque
3021 5380 3340 5447 auctoritas;
3372 5397 3501 5436 nam

1911 5451 2034 5521 legis
2087 5452 2216 5507 ordo
2273 5452 2526 5507 Romanis
2578 5469 2643 5507 ea:
2691 5453 2907 5507 Athenis
2942 5452 3184 5522 perlatus
3237 5457 3310 5506 est
3330 5469 3351 5517 ;
3394 5453 3498 5508 alii

1907 5523 2184 5590 nonnulli,
2223 5523 2423 5593 partim
2469 5540 2532 5577 ea:
2567 5522 2784 5589 Graecis,
2816 5523 2951 5579 sicut
2989 5528 3036 5578 et
3068 5522 3238 5579 (ἓνωοὶ
3291 5540 3356 5579 ex
3385 5524 3500 5580 He-

1908 5593 2400 5667 bﬁrwisaquamvis
2456 5594 2771 5667 animante
2825 5595 3130 5666 Moysen....
3187 5612 3315 5653 nam
3372 5597 3501 5667 leges

1906 5663 2245 5724 Romanis”
2272 5665 2490 5724 Athenis
2506 5665 2731 5737 pertatw
2763 5673 2905 5725 sunt.
