3932 6210
434 398 532 459 111

1446 385 1542 441 AD
1580 377 1813 439 OPERA
1850 376 1908 431 s.
1948 366 2281 429 AMBROSII
2318 349 2698 421 APPENDIX.

3648 341 3744 403 112

433 530 548 595 lex,
580 524 677 582 sed
704 523 840 579 ordo
867 537 982 578 non
1006 525 1139 576 erat.
1173 531 1348 589 neque
1376 509 1691 570 auctoritas.
1723 504 1842 560 Non
1874 501 2025 571 igno-

2160 513 2276 567 Iinc
2305 509 2510 566 factum
2543 516 2625 563 est
2659 513 2722 561 ut
2764 518 2955 560 omnes
2997 497 3284 557 credentes
3334 496 3393 551 in
3426 494 3741 562 Christum,

433 617 690 676 rantibus
717 632 845 689 ergo
874 616 1046 685 legem
1076 611 1213 668 dicit
1237 629 1247 664 :
1842 676 1843 679 η

520 732 539 755 ι
569 707 711 777 Quia
751 707 843 761 lex
887 703 1204 759 dominatur
1248 696 1483 765 homini,
1533 700 1738 767 quanto
1783 699 2027 760 tempore

438 798 601 855 vivit.
644 824 662 846 ι
727 797 847 851 Non
893 800 975 848 est
1007 793 1282 848 occultum
1321 800 1542 843 omnem
1581 782 1751 838 vitam
1783 777 2029 835 hominis

437 905 552 945 esse
582 887 685 944 sub
715 888 829 956 lege
874 889 1102 948 naturae,
1160 896 1280 953 quae.
1337 877 1463 933 data
1504 882 1585 929 est
1632 870 1876 927 mundo:
1911 868 2029 923 haec

440 979 528 1033 lex
574 975 839 1049 generalis
887 979 986 1027 est.
1030 971 1187 1026 Nunc
1238 984 1370 1023 vero
1404 964 1567 1021 aliam
1611 959 1871 1034 proponit
1913 974 2028 1029 spe-

435 1066 629 1124 cialem
668 1062 951 1135 (quamvis
980 1070 1033 1116 et
1062 1061 1179 1131 ipsa
1208 1055 1476 1130 generalis
1505 1061 1605 1121 est,
1638 1051 1735 1106 sed
1759 1050 1891 1105 dum
1918 1064 2029 1103 non

435 1153 703 1226 recipitur
729 1152 796 1207 ab
840 1150 1122 1213 omnibus,
1152 1146 1215 1202 ﬁt
1257 1142 1559 1217 specialis),
1590 1157 1686 1212 per
1715 1155 1876 1210 quam
1909 1136 2032 1191 vult

436 1243 667 1316 probare
713 1240 1071 1296 assertionem
1120 1253 1274 1292 suam
1312 1253 1326 1302 ;
1394 1230 1660 1305 gradatim
1716 1228 1865 1284 enim
1910 1228 2032 1282 vult

436 1332 651 1390 tradere
681 1332 991 1386 veritatem.
1019 1327 1167 1384 Dicit
1197 1342 1325 1397 ergo
1352 1344 1363 1381 :

513 1423 696 1495 (Vers.
729 1421 809 1489 2.)
855 1444 873 1466 ι
904 1420 1039 1476 Nam
1069 1434 1190 1491 quae
1216 1413 1318 1472 sub
1345 1414 1467 1469 viro
1497 1419 1577 1468 est
1598 1407 1815 1477 mulier,
1843 1409 2030 1465 viven-

438 1520 495 1571 te
523 1513 665 1581 viro,
692 1512 914 1582 alligata
959 1517 1042 1565 est
1090 1508 1195 1580 legi
1225 1505 1354 1560 viri.
1387 1530 1405 1551 ι
1459 1504 1587 1558 Haec
1618 1503 1707 1557 lex
1755 1500 1821 1556 de
1852 1501 2030 1555 Evan-

438 1603 581 1676 gelio
609 1607 711 1667 est,
741 1614 853 1654 non
883 1614 953 1652 ex
981 1597 1188 1668 Moyse,
1221 1609 1397 1667 neque
1444 1608 1514 1647 ex
1550 1590 1769 1662 justitia
1793 1597 2027 1644 terrena.

438 1689 669 1763 Aliquid
707 1704 857 1760 ergo,
896 1686 1036 1742 duce
1072 1693 1290 1750 natura,
1338 1680 1550 1754 aliquid
1592 1695 1662 1735 ex
1710 1680 1823 1750 lege
1851 1677 2030 1749 Moysi

440 1778 807 1841 addiscentes,
858 1773 1086 1847 perfecti
1150 1772 1281 1830 facti
1350 1777 1478 1826 sunt
1518 1786 1613 1842 per
1664 1768 2029 1840 Evangelium

2133 618 2397 668 eruantur
2426 626 2457 663 a
2485 608 2622 678 lege,
2657 602 2874 660 sublato
2899 607 3141 673 peccato,
3164 596 3294 669 quia
3309 594 3526 650 victum
3558 608 3746 665 pecca-

2136 712 2253 758 tum
2279 696 2419 771 (63),
2450 695 2597 769 quod
2625 701 2708 750 est
2728 690 3007 758 diabolus,
3025 704 3120 760 per
3140 702 3340 758 corpus
3360 682 3602 748 Christi,
3636 698 3745 737 non

2138 791 2303 851 habet
2338 785 2719 843 auctoritatem
2768 782 2827 836 in
2874 796 2966 835 eos
3005 776 3100 849 qui
3154 774 3222 831 ad
3272 774 3429 829 illum
3461 772 3745 844 pertinent

2137 895 2170 933 a
2197 894 2306 950 quo
2336 875 2515 931 victus
2545 879 2645 928 est.
2693 872 2837 926 Dum
2868 867 3017 923 enim
3056 880 3169 922 non
3200 869 3391 935 peccat
3434 868 3490 915 et
3524 858 3745 916 occidi—

2136 948 2230 1022 tur
2286 965 2443 1038 quasi
2496 979 2642 1030 reus,
2692 959 2827 1016 vicit
2884 964 3165 1030 peccatum
3210 952 3277 1008 de
3329 957 3581 1038 peccato,
3644 948 3748 1005 hoc

2139 1064 2238 1123 est,
2269 1037 2550 1110 diabolum
2582 1049 2803 1121 proprio
2832 1052 3076 1119 peccato,
3111 1041 3263 1116 quod
3306 1041 3365 1096 in
3394 1056 3461 1095 eo
3493 1037 3742 1105 admisit,

2140 1142 2426 1200 damnavit
2451 1159 2462 1196 :
2496 1148 2550 1195 et
2570 1135 2998 1208 chirographum
3046 1131 3194 1206 quod
3224 1137 3445 1202 peccato
3478 1127 3619 1183 Adae
3646 1126 3746 1182 de-

2139 1240 2351 1290 cretum
2382 1239 2517 1298 erat,
2536 1228 2743 1285 delevit
2774 1226 3006 1296 (Coloss.
3042 1239 3105 1289 II,
3146 1219 3233 1290 14)
3264 1236 3276 1273 :
3311 1216 3535 1291 quando
3568 1215 3638 1271 ab
3670 1215 3746 1270 in-

2139 1323 2272 1379 feris
2300 1319 2622 1387 resurrexit,
2654 1317 2781 1373 data
2811 1312 3134 1386 hujusmodi
3178 1311 3358 1365 forma
3390 1304 3746 1364 credentibus

2141 1413 2270 1482 sibi,
2314 1419 2376 1468 ut
2422 1429 2453 1467 a
2501 1417 2678 1485 morte
2716 1405 2956 1463 secunda
3001 1401 3176 1459 teneri
3227 1415 3341 1455 non
3386 1405 3639 1472 possent.
3671 1398 3747 1451 Ac

2140 1518 2237 1574 per
2267 1502 2371 1557 hoc
2399 1483 2825 1555 mortui-sumus
2855 1493 2962 1566 legi
2994 1509 3090 1564 per
3121 1505 3328 1561 corpus
3375 1485 3621 1553 Christi;
3657 1483 3748 1558 qui

2140 1590 2287 1647 enim
2320 1589 2424 1661 legi
2450 1595 2700 1643 mortuus
2748 1600 2862 1639 non
2891 1580 3081 1649 fuerit,
3118 1595 3244 1635 reus
3272 1584 3386 1635 est:
3419 1585 3474 1632 et
3500 1575 3601 1649 qui
3625 1591 3748 1632 reus

2140 1687 2242 1748 est,
2272 1677 2568 1734 secundam
2600 1681 2834 1730 mortem
2868 1669 3099 1727 evadere
3128 1684 3241 1723 non
3274 1673 3471 1738 potest.

2224 1791 2243 1813 ι
2275 1769 2343 1823 Ut
2371 1767 2492 1823 sitis
2532 1763 2762 1821 alterius
2790 1759 2887 1835 qui
2928 1775 2998 1815 ex
3046 1754 3280 1812 mortuis
3328 1752 3661 1821 resurrexit,
3691 1759 3747 1807 ut

442 1867 672 1927 Christi.
727 1840 988 1938 Seqiienti
1042 1880 1168 1935 ergo
1224 1864 1476 1935 exemplo
1519 1840 1781 1931 iapertius
1844 1857 2037 1913 suadet
2064 1860 2110 1919 B
2141 1853 2539 1911 fructiﬁcemus
2575 1853 2709 1908 Deo.
2741 1876 2758 1897 ι
2819 1848 2935 1904 Hoc
2980 1845 3139 1913 dicit,
3188 1842 3316 1916 quia
3361 1840 3489 1897 ideo
3535 1847 3749 1910 mortui

443 1956 929 2016 Christianismum
959 1962 1185 2010 exutum
1228 1967 1342 2008 esse
1386 1966 1417 2005 a
1445 1952 1560 2022 lege
1600 1950 1892 2016 factorum,
1924 1963 2035 2002 non

443 2047 514 2104 ab
543 2046 695 2103 omni
722 2047 838 2117 lege
862 2063 876 2111 ;
898 2061 1001 2101 nec
1026 2045 1173 2099 ultra
1196 2041 1311 2114 jam
1341 2040 1601 2113 expedire
1622 2055 1737 2095 esse
1763 2036 1866 2093 sub
1897 2037 2032 2107 lege,

442 2152 513 2193 ne
559 2136 785 2209 gratiam
838 2134 940 2192 Dei
986 2141 1213 2191 evacuet
1264 2148 1515 2189 reversus
1544 2130 1647 2186 sub
1686 2131 1881 2201 legem,
1909 2129 2038 2201 quia

441 2226 542 2282 Dei
573 2226 745 2299 gratia
777 2225 1034 2281 liberavit
1062 2240 1093 2279 a
1122 2225 1238 2295 lege
1267 2220 1576 2288 hominem,
1622 2227 1683 2274 ut
1728 2218 1946 2290 spiritu,
1980 2217 2037 2273 id

442 2323 524 2373 est
568 2325 771 2384 mente,
804 2314 1008 2371 serviat
1036 2315 1170 2370 Deo.
1203 2312 1357 2368 Sicut
1385 2309 1534 2367 enim
1565 2307 1787 2376 mulier,
1818 2315 2037 2363 mortuo

442 2406 587 2474 viro,
638 2405 870 2461 liberata
908 2411 990 2460 est
1033 2420 1064 2459 a
1094 2404 1210 2477 lege
1248 2399 1378 2468 viri,
1416 2416 1529 2455 non
1567 2415 1599 2453 a
1646 2399 1763 2470 lege
1791 2404 2033 2453 naturae:

443 2495 523 2551 ita
551 2504 605 2551 et
652 2495 712 2550 hi
752 2496 846 2567 qui
879 2494 1052 2567 gratia
1096 2493 1197 2549 Dei
1228 2491 1446 2547 liberati
1476 2506 1508 2545 a
1548 2490 1664 2561 lege
1704 2496 1853 2556 sunt,
1884 2503 2041 2559 aqua

443 2584 776 2641 tenebantur
806 2583 906 2652 rei,
938 2590 1000 2639 ut
1028 2589 1246 2638 mortua
1264 2580 1379 2653 (61)
1414 2578 1530 2635 illis
1559 2578 1652 2646 sit,
1684 2585 1745 2632 ut
1776 2575 2039 2635 Christia-

445 2673 628 2729 nismo
663 2672 848 2744 juncti
886 2687 999 2727 non
1038 2672 1151 2727 sint
1197 2668 1457 2727 adulteri.
1503 2667 1561 2723 Si
1594 2667 1741 2722 enim
1774 2667 1866 2721 lex
1892 2664 2043 2736 apud

444 2762 574 2818 illos
606 2762 770 2832 vivit,
801 2761 1038 2818 adulteri
1070 2768 1220 2827 sunt,
1252 2766 1306 2814 et
1331 2758 1478 2814 nihil
1509 2757 1623 2813 illis
1653 2754 1896 2828 proderit
1931 2753 2045 2809 dici

430 2851 816 2919 Christianos,
858 2852 988 2922 quia
1019 2849 1250 2905 obnoxii
1296 2855 1457 2903 erunt
1502 2846 1724 2902 ultioni.
1754 2846 1866 2901 Nec
1896 2844 2043 2899 enim

449 2940 587 3010 legis
619 2941 724 2995 erit
768 2938 1004 3006 adulter,
1052 2939 1146 2994 sed
1193 2936 1503 3007 Evangelii,
1534 2935 1628 3008 qui
1677 2941 1892 2990 mortua
1931 2934 2046 3004 lege

446 3024 678 3097 junctus
729 3025 1053 3096 Evangelio,
1096 3033 1219 3096 post
1262 3023 1408 3081 redit
1447 3022 1515 3078 ad
1558 3023 1770 3095 legem;
1831 3027 2049 3076 mortua

451 3115 601 3172 enim
641 3117 732 3171 lex
760 3114 966 3172 dicitur
997 3115 1139 3188 (62),
1172 3114 1391 3188 quando
1420 3129 1582 3187 quem
1616 3111 1840 3169 tenebat
1867 3126 2044 3178 reum,

452 3207 705 3280 ignotum
726 3213 808 3263 est
827 3206 899 3275 ei,
930 3205 1253 3263 auctoritate
1284 3205 1417 3278 legis
1446 3210 1711 3261 cessante.
1802 3210 1814 3225 '

526 3296 805 3370 (Vers.3.)
844 3296 1035 3365 «Quod
1069 3297 1116 3353 si
1142 3304 1394 3352 mortuus
1410 3294 1581 3351 fuerit
1610 3292 1698 3349 vir
1717 3291 1857 3363 ejus,
1890 3289 2041 3346 libe-

450 3394 570 3442 rata
596 3396 677 3443 est
720 3403 751 3442 a
798 3388 914 3458 lege
959 3386 1090 3454 viri,
1128 3394 1190 3442 ut
1230 3402 1341 3443 non
1373 3384 1446 3441 sit
1474 3384 1746 3451 adultera,
1777 3382 1823 3437 si
1848 3380 2046 3452 juncta

450 3474 622 3531 fuerit
649 3476 809 3531 alteri
856 3474 998 3530 viro.
1031 3500 1049 3522 ι
1110 3474 1325 3531 Sublati
1352 3490 1385 3529 a
1427 3475 1565 3545 lege,
1605 3477 1826 3543 accepta
1854 3469 2045 3524 remis-

453 3562 609 3618 sione
659 3570 1029 3633 peccatorum,
1086 3570 1140 3619 et
1173 3562 1353 3633 juncti
1400 3560 1725 3633 Evangelio,
1757 3574 1871 3614 non
1918 3565 2047 3613 sunt

456 3648 693 3706 adulteri
726 3650 881 3721 legis,
914 3651 1044 3723 quia
1066 3660 1286 3707 mortua
1318 3649 1463 3722 apud
1492 3649 1618 3704 illos
1647 3655 1746 3704 est.
1780 3647 1837 3703 Si
1865 3656 2045 3703 autem

457 3744 739 3794 servantes
768 3739 964 3810 legem,
987 3738 1242 3796 accedere
1265 3755 1321 3796 se
1348 3744 1545 3810 putant
1563 3737 1631 3793 ad
1660 3736 2046 3807 Evangelium,

458 3828 541 3884 rei
579 3835 740 3885 erunt
785 3837 840 3885 et
883 3827 1140 3895 adulteri,
1170 3828 1300 3902 quia
1344 3828 1474 3884 viva
1520 3829 1635 3900 lege
1657 3825 1965 3899 junxerunt
1992 3840 2049 3879 se

460 3919 609 3988 ﬁdei,
641 3929 695 3976 et
726 3927 888 3976 erunt
917 3919 975 3974 in
1004 3927 1235 3993 utraque
1273 3917 1528 3975 adulteri.
1723 3986 1727 3991 θ

535 4010 718 4084 (Vers.
741 4010 822 4081 4.)
867 4034 885 4056 ι
916 4011 1125 4083 Itaque,
1153 4009 1352 4065 fratres
1366 4006 1494 4077 mei,
1519 4015 1572 4064 et
1600 4024 1699 4063 vos
1733 4001 2049 4061 mortiﬁcati

462 4099 594 4156 estis
615 4098 721 4171 legi
771 4114 865 4171 per
893 4115 1093 4170 corpus
1136 4099 1363 4157 Christi.
1402 4124 1420 4147 ι
1479 4096 1746 4166 Quoniam
1799 4095 2052 4151 Salvator

461 4194 650 4241 uoster
693 4201 893 4255 corpus
938 4202 1101 4241 suum
1142 4186 1365 4242 diabolo
1409 4184 1729 4258 cruciﬁgere
1779 4182 2049 4257 permisit,

464 4273 644 4329 sciens
672 4289 771 4345 pro
801 4272 961 4329 nobis
994 4289 1109 4330 esse
1141 4283 1196 4330 et
1238 4282 1427 4332 contra
1467 4275 1626 4331 illum
1665 4294 1679 4342 ;
1720 4272 1928 4330 idcirco
1958 4286 2055 4343 per

462 4375 663 4432 corpus
707 4360 913 4418 Christi
943 4364 1122 4419 salvos
1166 4380 1266 4420 nos
1316 4363 1451 4421 dicit
1487 4364 1677 4421 factos.
1719 4361 1858 4419 Mori
1907 4360 2054 4416 enim

466 4448 575 4520 legi
603 4451 716 4505 Deo
746 4450 932 4508 vivere
962 4459 1061 4521 est,
1102 4453 1229 4526 quia
1272 4455 1360 4510 lex
1388 4454 1708 4510 dominatur
1744 4450 2057 4524 peccatori-

2143 1961 2334 2001 sumus
2358 1942 2486 2014 legi,
2510 1949 2573 1997 ut
2592 1940 2659 1996 de
2687 1947 2884 1995 caetero
2915 1934 3123 1993 Christi
3147 1933 3322 1989 simus
3354 1930 3505 1986 servi
3536 1930 3744 1986 solius:

2145 2043 2200 2091 et
2227 2033 2331 2089 hoc
2359 2031 2465 2087 erit
2501 2028 2838 2086 fructificare
2871 2026 3005 2081 Deo.
3055 2020 3391 2096 Acquiritur
3427 2019 3581 2074 enim
3613 2020 3746 2086 Deo,

2145 2121 2241 2194 qui
2306 2120 2365 2175 in
2428 2118 2602 2193 gratia
2648 2114 2767 2187 ejus
2822 2120 3026 2182 manet,
3092 2111 3300 2185 dignus
3348 2107 3749 2166 resurrectione

2145 2209 2438 2283 promissa.

2221 2299 2405 2370 (Vers.
2436 2298 2519 2369 5.)
2564 2320 2582 2344 ε
2614 2295 2751 2354 Cum
2782 2294 2931 2350 enim
2959 2306 3202 2347 essemus
3234 2289 3293 2345 in
3326 2304 3513 2346 carne.
3547 2315 3567 2337 ι
3613 2286 3747 2346 Cum

2148 2388 2207 2445 in
2237 2405 2399 2445 carne
2442 2386 2535 2455 sit,
2579 2393 2662 2442 est
2688 2386 2837 2442 enim
2869 2383 2929 2438 in
2956 2394 3208 2452 corpore,
3250 2387 3411 2451 negat
3461 2394 3519 2434 se
3547 2393 3668 2433 esse
3696 2376 3750 2431 in

2146 2492 2341 2533 carne:
2384 2475 2514 2549 quia
2563 2474 2655 2530 hic
2683 2473 2890 2529 dicitur
2918 2486 3033 2527 esse
3082 2468 3140 2524 in
3184 2484 3369 2538 carne,
3412 2466 3507 2540 qui
3538 2464 3747 2539 aliquid

2150 2565 2419 2637 sequitur,
2445 2562 2592 2636 quod
2626 2563 2742 2633 lege
2772 2559 3117 2633 prohibetur.
3157 2558 3331 2631 Igitur
3360 2558 3416 2612 in
3445 2572 3614 2613 carne
3641 2571 3750 2612 esse

2152 2653 2455 2711 multifarie
2494 2652 2825 2725 intelligitur
2861 2669 2872 2707 :
2921 2666 3049 2706 nam
3092 2648 3277 2705 omnis
3320 2644 3646 2703 incredulus
3693 2647 3747 2702 in

2152 2760 2314 2802 carne
2343 2750 2445 2811 est,
2477 2741 2534 2797 id
2587 2748 2687 2809 est,
2733 2738 2990 2807 carnalis,
3034 2746 3088 2793 et
3118 2734 3463 2793 Christianus
3504 2732 3612 2789 sub
3643 2734 3751 2804 lege

2154 2830 2349 2886 vivens
2379 2830 2437 2885 in
2468 2845 2629 2886 carne
2659 2835 2739 2883 est
2771 2845 2782 2883 ;
2829 2834 2883 2883 et
2925 2826 3020 2899 qui
3069 2824 3138 2881 de
3185 2820 3509 2878 hominibus
3539 2819 3752 2894 aliquid

2153 2929 2353 2995 sperat,
2379 2921 2439 2977 in
2470 2937 2632 2977 carne
2647 2927 2728 2976 est
2752 2938 2763 2975 :
2789 2929 2843 2976 et
2862 2918 2957 2992 qui
2989 2918 3129 2973 male
3144 2914 3410 2987 intelligit
3440 2912 3750 2980 Christum,

2156 3013 2214 3066 in
2271 3027 2434 3068 carne
2462 3019 2584 3079 est;
2641 3018 2696 3065 et
2748 3009 2795 3065 si
2843 3007 2967 3081 quis
3006 3004 3362 3069 Christianus
3408 3003 3752 3059 luxuriosam

2156 3099 2321 3155 habet
2348 3100 2544 3169 vitam,
2590 3099 2648 3154 in
2677 3113 2838 3155 carne
2883 3102 2984 3152 est.
3018 3099 3116 3157 64
3161 3092 3276 3148 Hoc
3326 3100 3511 3148 tamen
3548 3092 3670 3148 loco
3698 3091 3752 3146 in

2080 3221 2125 3282 ο
2156 3215 2317 3257 carne
2371 3214 2486 3256 esse
2540 3198 2621 3255 sic
2668 3195 3057 3267 intelligemus,
3117 3191 3247 3265 quia
3306 3197 3435 3246 ante
3479 3189 3647 3247 ﬁdem
3693 3189 3748 3243 in

2155 3307 2316 3348 carne
2360 3306 2607 3357 eramus;
2660 3285 2761 3343 sub
2790 3291 3011 3358 peccato
3045 3282 3194 3338 enim
3242 3279 3592 3347 vivebamus,
3645 3278 3745 3334 hoc

2155 3388 2255 3449 est,
2302 3381 2544 3436 carnales
2582 3393 2773 3434 sensus
2834 3380 3140 3447 sequentes,
3191 3369 3344 3425 vitiis
3408 3375 3463 3424 et
3514 3367 3751 3440 peccatis

2152 3469 2586 3542 subjacebamus.
2637 3468 2841 3522 Sensus
2875 3472 3060 3520 autem
3105 3461 3287 3519 carnis
3330 3466 3431 3527 est,
3482 3475 3599 3514 non
3630 3474 3752 3515 cre—

2156 3558 2283 3616 dere
2317 3557 2607 3632 spiritalia,
2652 3553 2709 3609 id
2755 3562 2857 3621 est,
2901 3552 3021 3607 sine
3062 3548 3457 3607 commistione
3497 3548 3613 3604 viri
3644 3547 3751 3603 viro

2156 3648 2337 3720 ginem
2372 3644 2664 3718 peperisse,
2715 3649 2768 3696 et
2795 3657 2865 3696 ex
2922 3654 3065 3711 aqua
3107 3644 3162 3694 et
3193 3636 3408 3709 Spiritu
3435 3644 3630 3692 sancto
3660 3635 3750 3691 ho«

2157 3738 2363 3795 minem
2405 3734 2586 3789 denuo
2627 3730 2797 3799 nasci,
2839 3737 2894 3787 et
2935 3729 3172 3786 solutam
3221 3728 3464 3784 animam
3499 3744 3531 3785 a
3560 3725 3755 3799 copula

2158 3825 2338 3884 carnis
2382 3838 2570 3878 rursus
2610 3822 2668 3877 in
2701 3836 2863 3877 carne
2906 3833 3204 3892 resurgere.
3234 3819 3313 3874 De
3344 3816 3431 3872 his
3473 3814 3753 3881 difﬁdens,

2158 3913 2218 3969 in
2245 3927 2407 3970 carne
2434 3918 2552 3979 est;
2582 3909 2714 3966 hinc
2741 3927 2753 3966 :

2244 4025 2262 4047 ι
2285 3999 2457 4068 Vitia,
2487 3998 2584 4067 ait,
2629 4005 2999 4071 peccatorum,
3049 4011 3170 4069 quat
3217 4010 3312 4067 per
3356 3993 3533 4064 legem
3578 3999 3755 4048 osten-

2161 4089 2391 4157 duntur,
2422 4087 2790 4159 operabantur
2813 4086 2871 4141 in
2913 4084 3176 4141 membris
3205 4082 3428 4150 nostris,
3455 4089 3520 4137 ut
3551 4079 3755 4137 fructi-

2162 4177 2391 4234 ﬁcarent
2412 4176 2598 4233 morti.
2634 4202 2652 4224 ι
2696 4173 3048 4232 Manifestum
3065 4179 3146 4228 est
3175 4170 3304 4245 quia
3324 4169 3418 4243 qui
3447 4184 3565 4225 non
3586 4167 3759 4227 credit

2163 4268 2266 4323 sub
2314 4273 2534 4337 peccato
2593 4263 2725 4335 agit,
2783 4270 2837 4318 et
2894 4262 3147 4334 captivus
3198 4258 3440 4316 trahitur
3494 4257 3566 4313 ad
3621 4258 3758 4314 vitia

2165 4353 2536 4413 admittenda:
2573 4361 2635 4409 ut
2668 4353 2911 4410 fructum
2954 4351 3121 4408 faciat
3150 4349 3315 4405 morti
3344 4347 3631 4404 secundae:
3666 4348 3761 4404 lu-

2165 4460 2319 4501 crum
2368 4443 2515 4499 enim
2553 4450 2687 4499 tunc
2753 4441 2888 4498 facit
2943 4456 3112 4507 mors,
3161 4454 3287 4494 cum
3346 4446 3632 4509 peccatur.
3700 4437 3758 4493 In

464 4538 589 4636 bus.
639 4538 908 4636 Cui‘ergo
948 4524 1305 4601 dimittuntur
1360 4551 1599 4617 peccata,
1648 4540 1883 4596 moritur
1928 4538 2054 4611 legi,
2086 4577 2136 4636 Β
2166 4524 2429 4589 membris
2475 4541 2658 4589 tamen
2709 4530 2847 4587 dicit
2901 4530 3038 4586 vitia
3085 4527 3298 4600 operari
3359 4526 3500 4598 (64),
3559 4543 3678 4582 non
3704 4527 3760 4583 in

465 4627 573 4685 hoc
617 4636 717 4697 est,
759 4628 981 4686 liberari
1024 4648 1055 4688 a
1084 4633 1216 4705 lege.
1249 4635 1436 4707 Itaque
1470 4649 1565 4706 per
1606 4646 1806 4702 corpus
1849 4628 2058 4686 Christi

465 4716 571 4774 hoc
616 4720 1007 4793 consequimur
1061 4722 1387 4780 beneﬁcium
1428 4742 1441 4791 ;
1490 4721 1708 4778 tradens
1748 4717 1897 4775 enim
1939 4734 2054 4774 cor-

464 4822 566 4880 pus
610 4825 771 4866 suum
828 4810 1096 4881 Salvator,
1146 4820 1376 4868 mortem
1448 4811 1603 4877 vicit,
1665 4815 1719 4863 et
1774 4813 2056 4879 peccatum

464 4896 768 4956 damnavit.
833 4902 895 4956 In
945 4902 1066 4973 ipso
1112 4901 1262 4958 enim
1305 4900 1552 4975 peccavit
1605 4897 1880 4964 diabolus,
1929 4912 2056 4953 cum

466 4986 628 5043 illum
671 4989 1020 5046 innocentem
1068 4990 1291 5058 occidit,
1355 4989 1451 5063 qui
1494 4997 1784 5061 peccatum
1829 4984 2058 5040 omnino

465 5075 736 5144 nesciret;
773 5094 899 5134 cum
926 5079 1076 5136 enim
1098 5080 1379 5137 hominem
1400 5078 1507 5134 sibi
1530 5075 1738 5149 peccati
1785 5089 1949 5129 causa
1967 5073 2056 5129 de-

463 5163 732 5235 fenderet,
763 5167 1024 5228 inventus
1047 5176 1129 5227 est
1155 5168 1215 5225 in
1246 5185 1310 5226 eo
1337 5182 1483 5235 reus,
1514 5165 1573 5221 in
1606 5180 1715 5237 quo
1744 5162 2054 5220 accusabat.

546 5364 664 5438 (61)
707 5367 836 5424 Mss.
882 5367 1115 5441 aliquot,
1166 5362 1376 5441 liberati
1421 5380 1467 5441 ag
1502 5364 1603 5432 lege
1646 5377 1755 5441 ηοῃ
1782 5365 1937 5414 erunt
1963 5358 2058 5441 sub

460 5430 583 5504 illa,
613 5430 655 5493 α’
675 5456 782 5509 qua
813 5430 1117 5495 tenebantur
1143 5435 1243 5503 rei,
1274 5450 1364 5488 nec
1390 5435 1538 5489 ultra
1551 5430 1807 5503 expedire
1834 5447 1938 5485 esse
1964 5430 2058 5485 sub

465 5515 589 5585 lege,
603 5516 693 5585 Aut
707 5517 961 5585 mortem,
986 5516 1096 5585 etc.

535 5573 653 5656 (62)
680 5580 849 5659 lidem
903 5573 1053 5659 cod,,
1098 5577 1329 5659 Mqrtua‘
1361 5575 1497 5630 enim
1541 5576 1624 5659 (ea:
1680 5573 1896 5659 dicitur,
1945 5588 2062 5627 cum

460 5647 767 5717 cessat'ejus
795 5650 1107 5703 auctoritas.
1151 5647 1208 5702 Si
1236 5651 1411 5701 autem
1445 5652 1708 5712 mortuus,
1733 5652 1838 5699 etc.

2165 4637 2414 4695 corpore,
2446 4636 2515 4676 ne
2544 4619 2758 4677 occasio
2796 4625 2935 4675 esset
2972 4617 3113 4673 male
3141 4614 3507 4672 tractantibus
3526 4631 3757 4687 corpus;

2165 4711 2296 4785 quia
2350 4711 2408 4766 in
2461 4708 2784 4781 maliloquio
2840 4707 3029 4779 lingua
3084 4704 3353 4777 arguitur,
3401 4713 3455 4761 et
3514 4704 3574 4759 in
3614 4705 3762 4761 furto

2166 4819 2362 4859 manus
2409 4800 2727 4872 corripitur,
2777 4806 2831 4855 et
2874 4798 2929 4853 in
2977 4796 3361 4854 dissimulante
3389 4811 3547 4851 aures
3591 4795 3760 4852 incre-

2165 4899 2387 4965 pantur,
2433 4898 2487 4947 et
2527 4890 2605 4945 ita
2646 4888 2705 4944 in
2748 4888 2978 4956 caeteris,
3022 4903 3141 4960 qua:
3188 4885 3441 4959 quamvis
3482 4883 3551 4940 de
3600 4883 3764 4941 corde

2166 4989 2382 5048 exeant,
2414 4979 2654 5036 Domino
2683 4977 2741 5033 in
2758 4976 3061 5049 Evangelio
3085 4982 3376 5031 attestante
3399 4973 3516 5045 (65)
3544 4974 3759 5045 (Matth.

2164 5088 2262 5142 xv,
2317 5072 2429 5144 18),
2475 5069 2850 5127 membrorum
2905 5076 3091 5124 tamen
3128 5064 3438 5121 ministerio
3466 5064 3766 5137 explentur

2165 5160 2442 5234 operibus.
2476 5158 2788 5232 Disputatio
2817 5157 2935 5215 haec
2964 5157 3140 5230 tangit
3180 5154 3417 5223 Judaaos,
3456 5160 3510 5209 et
3542 5169 3639 5211 eos
3669 5151 3764 5227 qui

2165 5357 2370 5413 vinctus
2389 5361 2481 5411 est.

2241 5426 2553 5510 (ὤχρᾳ-Ι).
2608 5424 2904 5510 cod.,_cum
2939 5429 3189 5495 peccatur
3238 5419 3297 5476 in
3323 5420 3592 5479 membris.
3631 5423 3768 5480 Sane

2165 5498 2299 5555 vitia
2328 5498 2455 5553 dicit
2481 5498 2714 5569 operari,
2732 5504 2836 5552 etc.

2244 5571 2359 5641 (65)
2391 5563 2618 5641 Doniino
2662 5563 2720 5623 ia
2776 5566 3065 5639 Evangelia
3095 5569 3404 5641 attenuate,
3454 5563 3644 5641 aberat
3672 5638 3685 5641 _
3699 5565 3769 5623 ab

2169 5636 2300 5698 edit.
2333 5636 2611 5708 omnibus,
2643 5648 2698 5695 et
2733 5656 2865 5696 mss.
2898 5636 3221 5697 nonnullis:
3253 5636 3351 5694 sed
3381 5652 3452 5695 ex
3481 5637 3610 5695 aliis
3631 5638 3772 5711 plu-

539 5711 818 5791 (63)'Mss.
852 5719 1044 5788 Carn.,
1089 5718 1216 5787 quia
1244 5717 1474 5773 vinctum
1511 5711 1873 5790 peccatum...
1900 5730 1932 5770 a
1962 5729 2064 5784 quo
2169 5712 2324 5771 ribus
2352 5711 2669 5768 restitutum
2699 5718 2802 5769 est.
