3932 6210
222 273 329 332 113
1324 266 1690 326 COMMENT.
1730 266 1801 323 IN

1923 264 2055 322 'IST.
2097 267 2193 322 AD
2230 266 2398 324 ROM.
3427 268 3529 326 114

216 395 521 455 Christiani
566 395 848 464 dicuntur,
893 403 950 452 et
995 394 1098 451 sub
1124 394 1242 467 lege
1268 392 1465 448 volunt
1490 390 1697 464 vigere,
1754 398 1819 447 ut
1843 392 1896 452 A
1924 388 2166 445 ostendit
2227 390 2374 446 enim
2420 399 2474 446 et
2503 406 2622 464 quae
2678 390 2922 448 latebant
2985 398 3229 465 peccata,
3287 399 3342 448 et
3394 392 3529 465 quia

217 484 490 543 discentes
518 486 765 543 carnales
791 502 848 542 se
899 500 1034 552 esse,
1087 482 1341 539 recedant
1397 498 1429 535 a
1474 481 1610 552 lege.
1665 479 1819 537 Vitia
1923 478 2147 549 impune
2187 479 2371 535 futura
2399 497 2511 537 non
2556 490 2737 538 essent
2768 481 2915 554 apud
2959 482 3156 539 Deum.
3200 480 3321 550 Quo
3358 496 3522 537 com-

215 582 403 632 tamen
458 584 810 648 peccatorum
848 590 969 646 quae
1014 571 1288 628 dominari
1318 571 1375 625 in
1405 585 1568 626 carne
1594 569 1816 642 agenti-
1919 575 2095 639 perto,
2146 567 2314 624 homo
2360 570 2534 626 factus
2574 578 2656 625 est
2704 587 2849 638 reus,
2898 581 2953 627 et
2992 571 3116 627 ideo
3157 588 3269 628 non
3299 571 3520 629 videtur

214 666 324 724 bus
378 667 536 736 dicit,
572 683 670 740 per
723 667 902 737 legem
933 663 1170 731 ostendi,
1202 679 1312 718 non
1342 678 1439 733 per
1475 660 1646 733 legem
1695 660 1815 717 ﬁeri
1924 657 2123 730 gratias
2155 674 2312 730 agere
2353 658 2479 731 legi.
2508 659 2641 726 Quis
2685 660 2832 715 enim
2861 660 3098 718 libenter
3146 662 3344 721 habeat
3366 680 3519 733 eum,

214 755 591 823 demonstrat;
627 755 796 811 index
851 753 1002 809 enim
1030 751 1237 825 peccati
1266 750 1354 807 lex
1381 758 1482 819 est,
1507 766 1619 807 non
1654 748 1818 821 geni—
1923 746 2020 818 qui
2050 746 2156 802 sibi
2195 764 2413 820 poenam
2460 748 2749 804 imminere
2778 751 3119 806 annuntiat?
3150 752 3279 823 Legi
3334 758 3516 808 autem

212 843 355 910 trix,
385 861 509 901 reos
536 844 752 901 faciens
781 850 1115 915 peccatores.
1186 848 1189 851 ‘
1922 833 2049 890 ﬁdei
2094 836 2294 907 gratias
2327 838 2459 907 agit,
2503 837 2632 910 quia
2671 838 2766 909 qui
2807 854 2905 908 per
2954 839 3129 911 legem
3185 840 3363 911 Moysi
3392 856 3518 896 reus

291 933 477 1006 (Vers.
521 934 603 1006 6.)
678 958 697 979 ι
730 932 890 988 Nunc
936 938 1117 986 autem
1152 926 1319 985 soluti
1370 943 1565 983 sumus
1610 942 1642 981 a
1701 928 1815 999 lege
1922 924 2099 980 factus
2131 933 2233 994 est,
2284 941 2378 997 per
2430 926 2603 997 legem
2659 924 2788 981 ﬁdei
2816 927 3202 982 reconciliatus
3231 937 3313 984 est
3361 930 3512 985 Deo:

214 1022 438 1089 mortis,
475 1023 535 1078 in
565 1039 674 1095 qua
701 1020 1100 1077 detinebamur.
1133 1044 1152 1066 ι
1195 1018 1372 1075 Soluti
1401 1033 1591 1073 sumus
1618 1033 1649 1071 a
1676 1017 1811 1089 lege,
1919 1015 2172 1087 quamvis
2200 1021 2255 1069 et
2298 1014 2393 1070 illa
2416 1014 2564 1085 justa
2596 1022 2650 1069 et
2678 1014 2825 1069 bona
2850 1016 2959 1082 sit;
2994 1015 3281 1071 ostendere
3308 1017 3515 1072 etenim

214 1109 355 1167 dum
385 1110 763 1167 remissionem
793 1118 1139 1182 peccatorum
1163 1109 1474 1180 accepimus
1504 1123 1647 1174 ;non
1663 1106 1811 1161 enim
1920 1101 2220 1158 imminens
2269 1104 2600 1175 periculum,
2653 1103 2863 1159 bonum
2893 1113 2993 1161 est.
3033 1104 3137 1160 Sed
3168 1104 3300 1160 huic
3346 1104 3518 1177 magis

206 1196 327 1270 jam
385 1198 551 1256 habet
603 1200 660 1254 in
731 1215 830 1254 nos
885 1204 1229 1269 potestatem,
1300 1194 1488 1252 inﬁdis
1554 1196 1702 1251 enim
1759 1203 1814 1251 et
1923 1192 2124 1266 gratias
2153 1193 2286 1264 agit,
2316 1209 2413 1265 per
2438 1209 2600 1265 quem
2630 1202 2849 1265 ereptus
2880 1194 2947 1250 de
2978 1192 3224 1267 periculo
3254 1193 3415 1248 vivit.

214 1288 597 1359 peccatoribus
657 1286 998 1343 dominatur.
1054 1285 1165 1342 Lex
1218 1278 1400 1342 autem
1457 1286 1652 1341 mortis
1684 1285 1809 1342 ideo

212 1375 367 1433 dicta
402 1385 503 1445 est,
535 1376 663 1449 quia
682 1377 846 1450 punit
875 1393 1033 1444 reos;
1066 1375 1362 1431 mortiﬁcat
1395 1384 1577 1431 autem
1606 1391 1808 1447 pecca-

209 1470 391 1520 tores:
422 1481 535 1522 non
564 1481 693 1538 ergo
715 1466 860 1521 mala
886 1472 989 1534 est,
1039 1464 1133 1521 sed
1164 1464 1334 1537 justa.
1368 1464 1632 1532 Quamvis
1660 1465 1809 1522 enim

212 1553 422 1609 malum
477 1553 550 1610 sit
595 1552 957 1627 patientibus,
1016 1553 1163 1626 quod
1207 1553 1444 1609 infertur
1489 1570 1520 1609 a
1547 1553 1684 1626 lege,
1715 1553 1809 1611 sed

211 1640 312 1698 illa
340 1659 452 1698 non
506 1649 589 1699 est
616 1643 783 1709 mala,
838 1642 969 1716 quia
1014 1640 1162 1714 juste
1193 1643 1362 1698 infert
1416 1642 1574 1698 iram.
1623 1645 1810 1716 Itaque

2000 1285 2097 1342 65
2165 1306 2184 1329 ‹
2211 1282 2348 1338 Nam
2398 1289 2452 1337 et
2503 1282 3009 1353 concupiscentiam
3041 1282 3373 1349 nesciebam,
3406 1281 3515 1339 nisi

1918 1378 2010 1433 lex
2040 1377 2247 1433 diceret
2275 1401 2292 1423 ι
2346 1377 2406 1432 in
2434 1377 2663 1434 Exodo:
2722 1402 2740 1425 ι
2768 1378 2891 1434 Non
2921 1378 3275 1450 concupisces
3306 1377 3512 1449 (Exod.

1917 1483 1974 1534 x,
2026 1467 2139 1537 17).
2173 1491 2190 1513 ›
2252 1467 2373 1523 Non
2429 1465 2693 1523 discrevit
2745 1466 3248 1539 concupiscentiam
3294 1464 3438 1522 hanc
3481 1484 3515 1522 a

1916 1562 2161 1627 peccato,
2210 1555 2305 1611 sed
2360 1555 2606 1620 miscuit,
2660 1556 2769 1612 hoc
2816 1554 3154 1627 signiﬁcans,
3210 1554 3341 1627 quia
3382 1571 3511 1611 cum

1918 1661 2019 1701 nec
2070 1644 2311 1715 suspicio
2367 1644 2589 1717 quidem
2620 1652 2760 1700 esset
2791 1645 2940 1701 istud
2991 1661 3103 1700 non
3158 1643 3322 1701 licere
3367 1643 3512 1715 apud
3584 1686 3589 1689 -

211 1747 327 1787 non
371 1732 519 1787 mala
543 1740 625 1789 est
677 1732 1079 1804 peccatoribus,
1123 1731 1218 1788 sed
1241 1730 1412 1804 justa,
1458 1731 1620 1788 bonis
1675 1749 1807 1789 vero
1835 1755 1882 1816 B
1914 1735 2111 1802 Deum,
2139 1733 2393 1806 cognovi,
2454 1733 2657 1805 inquit,
2710 1749 2824 1789 esse
2876 1739 3185 1805 peccatum.
3240 1733 3354 1789 Sub
3410 1748 3510 1788 sua

209 1819 478 1893 spiritalis
505 1828 604 1878 est.
637 1821 772 1889 Quis
803 1821 975 1878 -enim
1005 1822 1222 1887 dubita
1250 1822 1494 1894 spiritale
1523 1840 1638 1880 esse
1666 1839 1808 1895 pro-

211 1907 403 1966 hibere
457 1926 679 1982 peccare
694 1910 743 1975 ?.
786 1910 892 1968 Sed
948 1911 1078 1985 quia
1134 1910 1240 1969 hoc
1305 1929 1417 1968 non
1464 1914 1665 1986 potuit,
1745 1924 1808 1971 ut

207 1999 449 2056 salvaret
507 1999 786 2057 hominem
846 2000 1178 2058 remittendo
1232 2011 1473 2075 peccata,
1528 2004 1619 2060 lex
1675 2003 1807 2060 ﬁdei

206 2086 340 2142 data
383 2095 485 2156 est,
517 2104 637 2161 quae
690 2088 971 2147 credentes
999 2090 1255 2147 liberaret
1300 2108 1333 2146 a
1361 2090 1610 2148 dominio
1648 2094 1804 2166 legis,

208 2182 275 2231 ut
303 2183 527 2247 possent
582 2193 831 2249 reparare
858 2196 913 2235 se
964 2179 1031 2236 ad
1060 2180 1255 2246 vitam,
1304 2196 1440 2253 quos
1467 2182 1559 2238 lex
1588 2183 1808 2242 tenebat

207 2279 334 2320 reos
373 2264 441 2321 ad
493 2274 744 2325 mortem.
777 2267 914 2340 Ipsis
945 2270 1090 2326 enim
1121 2270 1213 2326 lex
1247 2273 1443 2328 mortis
1471 2281 1574 2345 est,
1604 2275 1806 2348 quibus

205 2359 350 2407 iram
389 2362 649 2425 operatur
677 2373 842 2414 causa
867 2359 1093 2431 peccati.

297 2465 316 2489 ι
352 2442 434 2498 Ita
461 2450 523 2499 ut
566 2445 872 2503 serviamus
917 2447 975 2503 in
1003 2448 1254 2505 novitate
1298 2448 1547 2522 spiritus,
1588 2457 1642 2507 et
1695 2467 1807 2509 non

209 2531 272 2587 in
315 2541 585 2591 vetustate
631 2536 850 2594 litterae.
889 2562 908 2585 ι
969 2538 1075 2595 Hic
1103 2540 1277 2613 legem
1309 2547 1530 2613 tangere
1562 2550 1805 2615 putatur,

210 2638 377 2695 quam
405 2623 626 2696 quidem
658 2626 727 2682 ad
747 2628 1213 2700 comparationem
1244 2629 1379 2702 legis
1406 2629 1535 2686 ﬁdei
1568 2630 1807 2688 inferio-

210 2728 329 2767 rem
360 2713 513 2782 facit,
554 2730 668 2772 non
698 2722 886 2773 tamen
919 2718 1211 2775 inimicam
1255 2719 1488 2792 judicat.
1517 2722 1651 2778 Nam
1684 2721 1808 2779 ideo

208 2798 351 2856 dicit
388 2818 488 2859 nos
518 2811 703 2861 erutos
748 2821 781 2861 a
844 2807 960 2880 lege
1007 2808 1227 2877 mortis,
1256 2817 1319 2865 ut
1364 2810 1669 2867 serviamus
1698 2812 1806 2884 legi

208 2887 364 2957 ﬁdei,
394 2907 514 2964 qua:
549 2892 710 2951 nobis
756 2895 1076 2966 praesidium
1102 2897 1342 2954 contulit
1368 2899 1627 2969 salutare,
1659 2900 1806 2974 quod

207 2987 375 3037 vetus
408 2981 500 3038 lex
522 2999 634 3039 non
665 2986 844 3057 potuit
872 3004 883 3042 :
915 3002 985 3041 ne
1014 2987 1201 3059 gratiae
1229 2987 1560 3045 beneﬁcium
1591 2990 1807 3048 inanire

204 3068 521 3140 videamur,
570 3072 675 3146 legi
722 3075 896 3130 veteri
942 3076 1261 3132 servientes.
1318 3078 1435 3133 Lex
1481 3088 1639 3135 vetus
1696 3096 1808 3135 non

206 3158 468 3215 criminis
514 3161 709 3234 utique
749 3178 951 3218 nomen
978 3173 1079 3231 est,
1110 3163 1204 3220 sed
1250 3166 1516 3236 temporis
1542 3166 1630 3220 vel
1670 3176 1811 3223 teta-

201 3245 318 3314 tis;
351 3247 534 3303 senuit
562 3248 738 3314 enim,
768 3248 899 3319 quia
935 3250 1191 3305 cessavit.
1223 3251 1335 3306 Lex
1364 3258 1547 3306 autem
1577 3252 1811 3324 spiritus

202 3333 327 3407 ipsa
371 3343 455 3391 est
502 3337 596 3391 lex
641 3334 793 3402 ﬁdei,
855 3336 985 3408 quia
1031 3335 1167 3392 ﬁdes
1219 3337 1278 3392 in
1334 3338 1521 3395 animo
1577 3350 1678 3409 est,
1712 3358 1813 3399 nec

201 3422 476 3495 operibus
500 3420 832 3491 addiscitur,
884 3423 981 3480 sed
1018 3424 1182 3482 corde
1223 3427 1496 3484 creditur:
1555 3436 1609 3485 et
1658 3447 1812 3487 mens

202 3509 329 3584 ipsa
376 3510 645 3583 intelligit
695 3520 905 3570 naturae
946 3531 1057 3571 suae
1088 3532 1202 3573 esse
1258 3516 1405 3589 quod
1460 3518 1654 3589 credit,
1710 3537 1810 3578 nec

204 3598 388 3656 oculis
412 3599 679 3668 cernitur,
706 3608 802 3657 aut
828 3602 1088 3660 manibus
1115 3605 1371 3677 palpatur
1398 3625 1410 3662 :
1445 3615 1498 3662 et
1527 3622 1646 3679 quae
1675 3626 1809 3683 spe—

205 3698 405 3747 rantur
454 3690 619 3759 dona,
655 3709 766 3750 non
815 3694 1064 3751 visibilia
1114 3704 1263 3765 sunt,
1299 3714 1400 3754 nec
1428 3705 1666 3769 terrena,
1711 3700 1807 3757 sed

205 3781 502 3853 spiritalia.
542 3783 715 3839 Vetus
741 3800 869 3858 ergo
898 3785 990 3841 lex
1014 3786 1073 3842 in
1102 3787 1307 3845 tabulis
1330 3788 1560 3860 lapideis
1588 3789 1807 3847 forma-

205 3880 265 3927 ta
304 3877 422 3926 est:
468 3872 561 3928 lex
588 3882 770 3930 autem
801 3876 1029 3948 spiritus
1053 3877 1111 3933 in
1143 3878 1348 3935 tabulis
1377 3878 1558 3936 cordis
1586 3880 1804 3952 spirita-

205 3958 339 4015 liter
387 3959 673 4030 scribitur,
704 3971 766 4019 ut
795 3964 867 4021 sit
911 3973 1148 4022 aeterna:
1211 3967 1397 4023 littera
1440 3975 1622 4023 autem
1672 3969 1807 4041 legis

207 4048 414 4105 veteris
454 4058 612 4107 aetate
651 4053 1019 4110 consumitur.
1050 4056 1151 4111 Est
1179 4064 1234 4112 et
1281 4057 1391 4113 alia
1424 4056 1805 4129 interpretatio

206 4136 348 4210 legis
400 4139 647 4211 spiritus,
704 4149 769 4198 ut
814 4142 944 4213 quia
989 4142 1141 4215 prior
1192 4144 1284 4200 lex
1329 4144 1398 4200 ab
1445 4162 1605 4218 opere
1662 4148 1806 4203 malo

206 4225 460 4315 inhibuit
496 4228 636 4300 (66),
667 4229 785 4287 haec
808 4238 1014 4300 autem,
1047 4249 1173 4289 cum
1203 4249 1305 4289 nec
1332 4232 1391 4288 in
1422 4234 1585 4290 corde
1612 4251 1803 4315 pecca-

205 4331 267 4371 re
297 4314 495 4372 debere
538 4317 692 4387 dicit,
728 4318 820 4374 lex
848 4319 1076 4391 spiritus
1107 4329 1359 4390 vocatur,
1402 4331 1465 4378 ut
1491 4331 1670 4379 totum
1696 4314 1809 4379 ho-

206 4403 419 4459 minem
449 4405 614 4462 faciat
641 4407 964 4479 spiritalem.

283 4493 469 4565 (Vers.
502 4494 581 4567 7.)
643 4514 663 4544 ι
691 4495 836 4565 Quid
884 4513 1012 4569 ergo
1054 4496 1339 4556 dicemus?
1366 4499 1480 4556 Lex
1526 4510 1808 4573 peccatum

206 4584 338 4640 est?
368 4583 549 4642 Absit.
580 4610 599 4634 ι
644 4586 917 4655 Quoniam
949 4587 1121 4660 legem
1166 4589 1360 4647 mortis
1398 4590 1543 4649 hanc
1569 4591 1728 4662 dicit,
1755 4600 1809 4650 et

208 4680 397 4729 erutos
424 4690 527 4730 nos
568 4674 636 4730 ab
662 4690 725 4730 ea
775 4677 1096 4748 gratulatur,
1129 4687 1183 4736 et
1228 4679 1287 4735 in
1332 4679 1427 4736 illa
1456 4681 1571 4738 Deo
1601 4682 1808 4737 servire

205 4772 390 4837 negat,
436 4781 507 4821 ne
549 4765 798 4843 iniquam
845 4765 987 4824 hanc
1044 4783 1283 4826 asserere
1343 4777 1647 4842 putaretur,
1703 4769 1809 4827 hoc

204 4860 425 4926 purgat,
455 4870 583 4910 cum
605 4854 742 4912 dicit
767 4872 779 4910 :
818 4856 991 4911 Absit.

297 4966 317 4989 ι
356 4941 463 4998 Sed
507 4952 791 5015 peccatum
820 4959 932 4999 non
970 4944 1227 5016 cognovi,
1259 4944 1366 5001 nisi
1394 4961 1490 5018 per
1536 4947 1733 5018 legem.
1775 4971 1794 4993 ι

204 5031 332 5088 Non
380 5047 512 5104 ergo
554 5040 841 5105 peccatum
888 5038 971 5089 est
1018 5032 1129 5101 lex,
1187 5032 1283 5088 sed
1335 5034 1504 5090 index
1550 5034 1806 5106 peccati;

282 5233 404 5306 (66)
434 5235 564 5292 Mss.
607 5234 841 5307 aliquot,
887 5235 1100 5291 Littera:
1125 5240 1392 5292 autem...
1438 5250 1813 5291 consumman»

208 5311 367 5362 tur...
402 5307 470 5362 ab
499 5323 685 5362 more
718 5307 863 5361 malo
890 5307 1135 5363 inhibuit.

282 5376 405 5450 (67)
440 5378 595 5451 Edit.
627 5376 881 5451 quadam
916 5377 1114 5443 Paris.,
1143 5377 1282 5433 nihil
1311 5382 1483 5431 tamen
1491 5376 1809 5445 jucundum.

205 5448 499 5527 Non‘satjs
526 5448 670 5522 apte'.
736 5519 775 5527 __
980 5518 1011 5527 η
1132 5518 1146 5527 _
1334 5518 1345 5527 ι
1593 5516 1603 5527 σ

279 5520 401 5593 (68)
435 5522 517 5578 Ita
545 5518 673 5593 vet.
688 5518 1100 5593 _edit.a_guibus
1120 5518 1239 5593 hoc
1267 5518 1385 5593 solo
1410 5518 1633 5573 recessit
1652 5519 1809 5575 Rom.

208 5589 387 5664 quOd'
416 5606 584 5651 voces
628 5590 740 5651 alio
794 5589 989 5649 ordine
1051 5590 1382 5648 collocavit:
1443 5605 1575 5647 mss.
1632 5597 1814 5650 autem

1838 4453 1888 4512 D

1914 1839 2144 1896 persona
2190 1823 2345 1895 quasi
2372 1822 2679 1895 generalem
2726 1821 2838 1895 agit
2883 1837 3125 1877 causam.
3158 1821 3275 1876 Lex
3324 1820 3510 1894 itaque

1916 1910 2419 1983 concupiscentiam
2484 1911 2762 1983 prohibet,
2824 1926 2945 1982 quae
3020 1917 3308 1983 propterea
3359 1909 3511 1982 quod

1916 2000 2316 2056 oblectamento
2369 2008 2471 2069 est,
2516 2016 2626 2055 non
2682 1999 2977 2071 putabatur
3025 2014 3141 2054 esse
3197 2006 3506 2070 peccatum.

1916 2090 2163 2164 Simplex
2212 2091 2359 2146 enim
2401 2091 2693 2148 videbatur
2730 2106 2912 2159 causa,
2958 2089 3348 2162 concupiscere
3392 2089 3507 2145 ali-

1916 2181 2049 2254 quid
2078 2180 2340 2254 proximi,
2373 2181 2478 2238 hoc
2524 2189 2707 2238 autem
2738 2182 2828 2237 lex
2874 2178 3120 2252 prodidit
3150 2196 3264 2236 esse
3306 2195 3509 2252 pecca—

1916 2279 2071 2327 tum:
2128 2271 2483 2329 saecularibus
2534 2288 2771 2344 namque
2831 2268 3154 2327 hominibus
3204 2268 3348 2325 nihil
3398 2278 3511 2327 tam

1915 2361 2157 2418 inultum
2185 2361 2308 2433 (67)
2345 2361 2566 2417 videtur
2609 2369 2662 2417 et
2690 2360 2988 2432 placidum,
3020 2375 3185 2433 quam
3235 2359 3510 2430 voluptas.

1991 2453 2173 2526 (Vers.
2219 2453 2301 2524 8.)
2372 2477 2390 2500 ι
2424 2452 2722 2508 Occasione
2765 2464 2894 2524 ergo
2936 2458 3175 2522 accepta,
3226 2456 3510 2523 peccatum
3568 2516 3571 2519 λ

1918 2556 2016 2612 per
2061 2540 2380 2596 mandatum
2411 2547 2694 2611 operatum
2723 2548 2803 2595 est
2840 2539 2899 2593 in
2929 2554 3017 2593 me
3039 2553 3259 2593 omnem
3298 2552 3513 2593 concu-

1918 2629 2263 2703 piscentiam.
2296 2655 2315 2676 ι
2360 2630 2593 2686 Omnem
2622 2629 2810 2685 dicens
2830 2626 3354 2699 concupiscentiam,
3381 2643 3512 2683 cun-

1916 2728 2004 2777 cta
2031 2726 2252 2792 peccata
2279 2717 2571 2792 signiﬁcat.
2604 2717 2778 2789 Supra
2806 2716 2957 2771 enim
3001 2715 3508 2786 concupiscentiam

1909 2807 2072 2881 juxta
2100 2809 2273 2881 legem
2304 2817 2591 2876 memorat,
2621 2805 2712 2863 cui
2742 2822 2893 2861 nunc
2920 2813 3115 2863 caetera
3130 2803 3335 2859 addens
3352 2803 3510 2874 vitia,

1915 2916 2134 2956 omnem
2165 2899 2311 2956 dixit
2350 2896 2853 2971 concupiscentiam
2883 2904 3163 2968 operatam
3196 2895 3253 2950 in
3285 2894 3513 2951 homine

1915 2987 2162 3061 impulsu
2191 2989 2420 3056 diaboli,
2451 3005 2614 3062 quem
2658 2989 2715 3044 in
2746 2994 2970 3061 peccato
2997 2984 3270 3057 signiﬁcat
3294 3003 3308 3053 ;
3361 2992 3424 3040 ut
3452 2983 3512 3040 in

1840 3099 1885 3160 α
1918 3079 2257 3138 contrarium
2314 3080 2469 3135 ﬁeret
2520 3077 2735 3134 homini
2784 3078 2896 3143 lex,
2941 3091 3062 3146 quae
3117 3073 3244 3129 data
3274 3080 3410 3140 erat,
3450 3079 3515 3129 ut

1922 3168 2222 3240 prodesset.
2249 3167 2459 3223 Videns
2479 3166 2627 3221 enim
2653 3164 2906 3219 diabolus
2926 3162 3197 3217 auxilium
3215 3178 3310 3232 per
3337 3161 3511 3232 legem

1922 3256 2208 3327 provisum
2242 3255 2481 3322 homini,
2512 3269 2674 3325 quem
2704 3252 2763 3306 in
2804 3249 3121 3307 conditione
3147 3264 3205 3303 se
3234 3257 3344 3303 tam
3375 3263 3513 3319 pro—

1923 3352 2046 3416 pter
2092 3351 2375 3415 peccatum
2423 3340 2577 3408 Adae,
2627 3356 2790 3413 quam
2822 3343 3045 3411 propter
3092 3335 3265 3407 ipsius
3315 3334 3515 3392 habere

1923 3432 2299 3505 gratulabatur
2329 3430 2470 3502 (68),
2510 3428 2787 3485 intellexit
2831 3428 3039 3483 factum
3085 3424 3377 3481 adversum
3433 3440 3511 3480 se.

1919 3517 2093 3584 Quem
2122 3516 2270 3570 enim
2298 3514 2440 3571 vidit
2464 3514 2670 3571 factum
2710 3512 2813 3569 sub
2843 3513 2981 3586 lege,
3011 3529 3111 3585 pro
3140 3520 3291 3569 certo
3318 3511 3515 3570 habuit

1920 3605 1987 3661 de
2016 3622 2117 3661 suo
2158 3604 2434 3661 sublatum
2491 3601 2776 3670 dominio;
2833 3609 3131 3675 agnoverat
3158 3602 3308 3658 enim
3335 3601 3504 3659 homo

1919 3691 2196 3767 quomodo
2250 3709 2465 3765 poenam
2522 3691 2726 3748 inferni
2778 3690 3052 3747 evaderet.
3113 3691 3255 3747 Hinc
3306 3688 3513 3746 exarsit

1918 3781 2205 3838 iracundia
2231 3781 2495 3839 adversus
2520 3780 2825 3848 hominem,
2864 3787 2927 3836 ut
2955 3779 3038 3835 illi
3071 3781 3241 3850 legem
3278 3779 3511 3834 inverte-

1917 3880 2031 3938 ret;
2073 3879 2137 3927 ut
2182 3871 2489 3944 prohibitas
2522 3869 2886 3936 admittendo,
2922 3870 3096 3923 Deum
3126 3882 3316 3921 rursus
3344 3865 3510 3921 oﬁ‘en-

1916 3959 2088 4029 deret,
2106 3968 2160 4016 et
2189 3960 2368 4017 denuo
2392 3961 2448 4016 in
2470 3966 2794 4033 potestatem
2824 3954 3032 4011 diaboli
3060 3953 3296 4011 caderet.
3328 3953 3509 4025 Coepit

1917 4065 2029 4105 non
2074 4049 2361 4121 imperare,
2410 4047 2505 4104 sed
2559 4045 2841 4102 subtiliter
2884 4043 3111 4109 fallere;
3160 4041 3424 4114 quoniam
3454 4041 3513 4097 in

1917 4138 2033 4209 lege
2059 4137 2185 4193 data
2212 4138 2399 4192 amisit
2444 4136 2755 4191 dominium
2793 4132 3065 4199 diabolus,
3099 4129 3514 4204 sciensjhomi-

1918 4242 2043 4281 nem
2075 4226 2143 4283 ad
2172 4225 2271 4282 Dei
2295 4224 2570 4297 judicium
2598 4224 2665 4280 de
2689 4230 2885 4280 caetero
2906 4222 3200 4295 pertinere.

2005 4341 2022 4362 ‹
2054 4315 2182 4372 Sine
2209 4316 2326 4387 lege
2354 4315 2499 4370 enim
2539 4321 2822 4387 peccatum
2868 4321 3147 4369 mortuum
3173 4320 3308 4369 erat.
3334 4336 3353 4360 ι
3396 4312 3514 4370 Hoc

1918 4403 2126 4477 duplici
2157 4421 2348 4478 genere
2378 4404 2796 4477 intelligendum
2827 4411 2927 4472 est,
2955 4410 3019 4459 ut
3057 4410 3112 4458 et
3139 4401 3421 4473 diabolum
3452 4400 3512 4457 in

1920 4510 2140 4575 peccato
2174 4503 2315 4560 scias
2347 4501 2741 4576 signiﬁcatum,
2782 4509 2836 4557 et
2880 4500 2986 4557 hoc
3014 4500 3194 4573 ipsum
3225 4505 3509 4571 peccatum

1917 4592 2062 4664 quod
2083 4599 2312 4649 vocatur
2331 4601 2634 4663 peccatum.
2661 4592 2910 4647 Mortuus
2934 4587 3083 4643 enim
3117 4587 3323 4642 dicitur
3342 4586 3514 4641 fuisse

1915 4678 2166 4736 diabolus
2214 4679 2331 4751 (69)
2359 4698 2372 4747 ;
2426 4681 2555 4752 quia
2587 4678 2832 4736 cessabat
2859 4675 2927 4730 ab
2980 4673 3239 4730 illusione
3269 4671 3513 4727 hominis

1916 4775 2041 4823 ante
2066 4769 2261 4839 legem,
2311 4766 2405 4822 sed
2452 4775 2567 4823 erat
2596 4766 2751 4838 quasi
2792 4761 3044 4834 quietus;
3095 4774 3319 4814 securus
3360 4757 3511 4813 enim

1916 4862 2033 4911 erat
2059 4856 2126 4911 de
2155 4855 2496 4927 possessione
2525 4852 2661 4923 ejus.
2690 4853 2981 4906 Peccatum
3006 4853 3189 4902 autem
3222 4851 3504 4901 mortuum

1914 4959 2030 4998 esse
2068 4942 2234 5008 dixit,
2267 4940 2395 5011 quia
2449 4940 2745 5010 putabatur
2798 4934 2946 5008 quod
2990 4950 3101 4990 non
3133 4933 3512 5005 imputaretur

1919 5031 2063 5105 apud
2109 5033 2321 5095 Deum;
2368 5027 2490 5082 ideo
2525 5025 2667 5099 apud
2708 5023 2992 5081 hominem
3041 5031 3323 5081 mortuum
3372 5032 3508 5094 erat,

1920 5235 2117 5308 majori
2142 5247 2392 5299 numero,
2421 5249 2571 5309 quem
2601 5232 2655 5286 in
2676 5230 2973 5309 conditione
3000 5247 3052 5309 se
3075 5227 3358 5309 (nonnulli

1917 5299 2137 5380 propter
2175 5299 2445 5376 peccatuni
2484 5305 2616 5380 ᾼιιω
2669 5304 2856 5380 habere
2906 5299 3357 5380 gratulabuntur;
3416 5299 3511 5379 alii

1922 5368 2073 5446 vero,
2102 5368 2233 5432 licet
2258 5375 2524 5454 corrupti,
2561 5375 2734 5446 magis
2762 5375 2829 5430 ad
2857 5368 2990 5429 edit.
3027 5368 3297 5429 accedunt
3324 5370 3508 5428 lectio-

1923 5466 2072 5516 nem,
2107 5462 2271 5519 quam
2294 5452 2613 5502 retinemus.

1996 5518 2300 5597 (69)_Rom.
2332 5515 2487 5596 edit,
2513 5524 2562 5597 et
2587 5517 2881 5597 hocipsum
2899 5517 3048 5597 _qu_od
3070 5519 3288 5571 vocatur
3311 5529 3509 5586 pecca-

1924 5586 2051 5646 tum.
2069 5586 2315 5646 Mortuus
2342 5587 2479 5642 enim
2505 5586 2774 5643 dicebatur
2801 5586 3063 5646 diabolus.
