3932 6210
429 354 530 413 115

1429 357 1526 410 ΑΙ)
1567 353 1800 411 OPERA
1841 353 1894 408 S.
1937 351 2274 408 AMBROSII
2313 349 2695 407 APPENDIX.

3654 347 3757 402 116

424 479 584 554 quasi
612 480 839 552 impune
869 487 1209 550 peccaretur.
1252 479 1389 536 Nam
1444 497 1553 535 non
1593 478 1792 535 latebat
1820 493 2018 549 pecca-
2052 479 2104 538 A
2133 477 2297 534 visad
2313 477 2482 533 vitam
2501 475 2892 543 venire,serva
2917 472 3177 530 mandata
3192 467 3408 546 (Matth.
3435 487 3562 540 xix,
3588 457 3703 542 17).
3722 495 3741 518 ι

427 577 566 637 tum,
607 567 753 625 sicut
781 581 946 640 supra
974 566 1093 622 dixi
1123 586 1136 624 :
1195 569 1290 624 sed
1337 569 1693 642 ignorabatur
1736 567 1862 635 hoc,
1895 569 2026 641 quia

426 660 573 716 Deus
609 656 964 730 judicaturus
1005 664 1106 712 est.
1159 657 1316 724 Quod
1362 675 1487 713 cum
1518 657 1643 713 data
1672 657 1786 727 lege
1836 657 2024 712 mani—

429 751 630 808 festum
661 758 742 806 est
789 748 1059 806 revixisse
1109 757 1413 822 peccatum.
1447 752 1623 819 Quare
1659 752 1882 820 revixit,
1915 752 2024 808 nisi

431 840 562 914 quia
588 848 714 896 ante
743 839 977 907 vixerat,
1009 845 1062 894 et
1090 847 1276 911 postea
1306 838 1519 896 desidia
1543 841 1832 897 hominum
1865 858 2025 897 mor-

432 937 590 986 tuum
620 928 947 986 aestimatum
969 938 1072 996 est,
1103 945 1229 985 cum
1261 927 1520 986 viveret?
1549 924 1848 988 Putabatur
1873 932 2022 986 enim

431 1034 544 1074 non
593 1017 852 1090 imputari
885 1023 1186 1090 peccatum,
1238 1033 1364 1074 cum
1395 1018 1780 1091 imputaretur.
1813 1020 2024 1076 Vivens

434 1123 558 1180 ergo
577 1123 678 1180 pro
701 1117 922 1164 mortuo
952 1106 1276 1163 habebatur.

504 1196 686 1268 (Vers.
717 1196 803 1267 9.)
876 1219 893 1243 ι
922 1196 1038 1268 Ego
1071 1203 1254 1251 autem
1303 1195 1562 1252 vivebam
1592 1197 1710 1253 sine
1740 1197 1854 1270 lege
1909 1198 2025 1254 ali-

430 1286 669 1360 quando.
703 1311 721 1333 ι
756 1284 904 1354 Quid
932 1292 1015 1341 est
1039 1284 1158 1341 sine
1188 1287 1324 1356 lege,
1355 1302 1482 1342 cum
1505 1287 1594 1341 lex
1615 1302 1830 1358 semper
1860 1287 2028 1343 fuerit

430 1373 574 1432 sicut
624 1391 791 1449 supra
827 1374 1171 1431 memoravi?
1201 1374 1307 1430 nisi
1353 1374 1484 1447 quia
1527 1375 1645 1430 sine
1693 1375 1889 1431 timore
1927 1376 2027 1432 Dei

430 1463 602 1522 homo
656 1464 900 1534 vivebat,
933 1481 1156 1522 securus
1186 1463 1333 1538 quod
1363 1481 1476 1521 non
1511 1474 1652 1522 esset
1694 1469 1838 1524 Deus
1873 1467 2026 1540 judi-

432 1564 657 1612 caturus
684 1563 839 1613 actus
868 1555 1158 1612 humanos.

517 1670 536 1693 α
564 1644 670 1702 Sed
698 1660 826 1702 cum
868 1644 1111 1701 venisset
1160 1643 1509 1714 mandatum,
1560 1654 1842 1718 peccatum
1885 1646 2027 1704 revi-

431 1736 536 1794 xit.
567 1761 585 1784 ι
629 1735 757 1792 Ideo
794 1734 941 1791 dixit
974 1733 1244 1790 revixisse
1274 1743 1580 1807 peccatum,
1609 1745 1670 1792 ut
1695 1736 2030 1809 significaret

2211 567 2392 639 (Vers.
2429 565 2540 637 13.)
2587 590 2605 613 ε
2643 564 2801 631 Quod
2830 581 2959 636 ergo
3003 563 3210 620 bonum
3261 569 3365 631 est,
3423 561 3568 618 mihi
3603 577 3754 618 mors

2135 666 2218 713 est
2241 657 2270 713 ?
2326 656 2509 712 Absit.
2543 681 2560 702 ι
2632 655 2774 712 Vere
2807 653 2984 720 absit;
3021 652 3171 709 unde
3199 652 3347 708 enim
3377 651 3502 708 fieri
3547 655 3752 724 potest,

2135 763 2199 810 ut
2231 753 2377 828 quod
2427 753 2654 817 bonum,
2685 768 2800 809 esse
2830 750 3116 824 probatur,
3173 767 3321 806 mors
3354 749 3755 822 intelligatur?

2221 871 2238 891 ι
2268 842 2371 900 Sed
2403 851 2709 915 peccatum,
2745 851 2806 898 ut
2842 851 3099 914 appareat
3158 847 3467 914 peccatum,
3507 857 3608 912 per
3658 839 3752 895 bo-

2139 951 2273 990 num
2324 932 2462 987 mihi
2496 939 2780 1004 operatum
2812 940 2892 988 est
2923 939 3184 987 mortem.
3219 955 3236 977 ι
3286 929 3584 986 Diabolum
3615 927 3754 986 dicit

2137 1039 2232 1096 per
2282 1023 2486 1078 bonum
2544 1020 2884 1078 occasionem
2922 1019 3213 1091 accepisse,
3244 1026 3305 1075 ut
3353 1019 3564 1074 malum
3626 1033 3750 1091 ope-

2136 1121 2346 1168 raretur
2393 1110 2628 1177 homini,
2679 1111 2810 1165 dum
2856 1109 3014 1164 illum
3082 1107 3298 1165 seducit
3351 1106 3417 1162 ad
3475 1115 3748 1163 mortem:

2137 1201 2265 1273 quia
2294 1208 2354 1255 ut
2409 1215 2469 1254 ea
2524 1215 2644 1272 quas
2683 1208 2809 1254 ante
2842 1199 3013 1271 legem
3072 1198 3217 1254 male
3263 1203 3410 1268 gesta
3460 1205 3616 1266 sunt,
3660 1214 3754 1270 per

2137 1288 2449 1344 illecebram
2496 1287 2774 1359 cupidinis
2809 1286 3175 1358 probarentur
3215 1301 3332 1342 esse
3384 1293 3633 1358 peccata,
3702 1293 3753 1341 et

2135 1377 2202 1434 de
2256 1385 2452 1434 caetero
2515 1377 2844 1444 vitarentur,
2904 1375 3029 1431 data
3081 1384 3162 1432 est
3219 1375 3332 1444 lex,
3390 1375 3751 1430 manifestata

2138 1471 2195 1527 in
2241 1471 2441 1527 litteris
2486 1471 2629 1543 (73).
2682 1470 2837 1526 Tunc
2892 1469 3150 1526 incensus
3205 1475 3286 1525 est
3342 1469 3598 1539 Satanas,
3663 1483 3755 1540 per

2136 1559 2342 1615 bonum
2383 1559 2610 1632 utique;
2664 1557 2808 1613 vidit
2863 1557 3012 1614 enim
3071 1556 3366 1630 provideri
3424 1556 3674 1625 homini,
3706 1563 3754 1612 et

2137 1649 2333 1706 illicita
2395 1650 2479 1705 illi
2537 1649 2730 1716 suasit,
2767 1656 2829 1704 ut
2884 1664 2983 1720 pro
3035 1647 3151 1702 vita
3214 1661 3284 1701 ex
3333 1646 3448 1718 lege
3502 1643 3556 1701 ei
3607 1660 3752 1700 mors

2140 1741 2474 1812 proveniret.
2561 1737 2721 1805 Quod
2786 1737 3008 1811 quidem
3087 1735 3430 1809 negligentiae
3495 1733 3751 1790 humanae

435 1825 566 1900 quia
613 1834 738 1882 ante
767 1823 1016 1881 vixerat:
1050 1830 1240 1896 postea
1268 1831 1449 1880 autem
1481 1823 1692 1881 desidia
1728 1825 2018 1883 hominum
2057 1838 2104 1899 Β
2138 1828 2523 1886 ascribendum
2552 1837 2655 1897 est,
2687 1843 2807 1902 quae
2839 1827 2918 1883 sic
2942 1827 3186 1900 vigorem
3217 1834 3426 1881 naturae
3452 1839 3567 1880 suae
3598 1822 3750 1880 inﬁro

435 1923 719 1971 mortuum
767 1912 1099 1969 aestimatum
1142 1918 1242 1980 est,
1274 1927 1400 1968 cum
1430 1913 1662 1982 viveret,
1694 1914 1837 1972 sicut
1870 1932 2030 1972 asso-

437 2003 515 2059 let
553 2003 690 2059 falsa
716 2001 864 2058 fama
909 2001 1029 2058 ﬁeri
1059 2000 1359 2074 peregrinis
1407 2001 1546 2072 (70).
1600 2003 1714 2059 Hoc
1753 2019 1881 2076 ergo
1911 2005 2030 2077 sig-

437 2091 629 2150 niﬁcat
663 2091 810 2166 quod
838 2091 897 2146 in
927 2090 1104 2148 initiis
1125 2106 1243 2146 non
1287 2092 1511 2148 latuerit
1536 2100 1820 2164 peccatum
1851 2093 2030 2166 impu-

437 2181 544 2238 tari
573 2179 715 2254 apud
744 2182 940 2249 Deum,
989 2179 1095 2237 hoc
1120 2189 1201 2237 est
1226 2180 1470 2238 vixisse:
1511 2182 1606 2238 sed
1640 2199 1762 2240 cum
1791 2197 2033 2239 consue-

437 2270 571 2328 tudo
587 2269 849 2345 peccandi
867 2269 974 2328 hoc
988 2269 1375 2340 oblitterasset,
1400 2281 1680 2329 mortuum
1697 2274 2031 2330 aestimatum

437 2368 540 2431 est,
600 2370 662 2418 ut
714 2361 924 2418 crimen
963 2375 1090 2416 cum
1152 2375 1384 2432 persona
1430 2362 1662 2418 deﬁcere
1721 2371 2028 2436 putaretur.

439 2450 578 2510 Cum
607 2459 788 2509 autem
821 2451 948 2508 data
975 2459 1114 2509 esset
1153 2453 1243 2510 lex
1271 2471 1284 2521 ;
1319 2456 1408 2510 vel
1461 2455 1776 2523 reformata,
1832 2455 2037 2511 revixit

441 2540 587 2614 apud
637 2557 749 2610 eos,
806 2541 950 2616 apud
1006 2559 1143 2616 quos
1201 2553 1484 2600 mortuum
1535 2545 1865 2601 aestimatum
1923 2551 2037 2600 erat

443 2638 728 2707 creperum
755 2633 901 2690 enim
933 2633 1072 2690 scire
1100 2634 1358 2708 imputari
1392 2643 1693 2706 peccatum.

518 2720 699 2791 (Vers.
735 2722 848 2794 10.)
904 2748 920 2769 α
949 2722 1066 2796 Ego
1087 2731 1269 2779 autem
1285 2730 1536 2780 mortuus
1558 2740 1699 2778 sum.
1733 2747 1751 2769 ι
1790 2723 2040 2779 Mortuus

442 2816 524 2867 est
539 2808 724 2880 homo,
745 2812 874 2884 quia
897 2811 1048 2868 videt
1064 2829 1119 2868 se
1136 2829 1290 2868 reum
1313 2828 1427 2868 esse
1447 2811 1595 2884 apud
1612 2813 1785 2866 Deum
1805 2811 1898 2884 qui
1915 2819 2042 2868 ante

442 2915 501 2956 se
511 2899 736 2972 putabat
747 2916 856 2956 non
874 2901 1126 2956 futurum
1146 2899 1451 2956 obnoxium
1465 2916 1532 2955 ex
1550 2899 1618 2955 iis
1629 2916 1748 2972 quae
1765 2900 2040 2974 peccabat.

529 2988 645 3044 «Et
693 2989 984 3047 inventum
1041 2997 1124 3044 est
1170 2987 1309 3043 mihi
1357 2989 1702 3057 mandatum,
1755 2989 1901 3062 quod
1931 3000 2046 3048 erat

444 3076 514 3134 ad
565 3077 737 3134 vitam
783 3079 996 3146 datum,
1054 3076 1161 3134 hoc
1204 3093 1320 3133 esse
1351 3077 1421 3134 ad
1476 3085 1727 3135 mortem.
1761 3103 1778 3126 ι
1839 3080 2044 3137 Verum

448 3177 551 3239 est,
584 3170 713 3244 quia
742 3168 930 3260 lexiad
959 3167 1134 3224 vitam
1151 3167 1291 3260 data
1318 3175 1433 3260 est:
1487 3169 1581 3225 sed
1610 3187 1735 3227 cum
1764 3169 2046 3229 hominem
2081 3199 2125 3260 ο

453 3275 566 3316 non
599 3260 777 3316 solum
825 3259 892 3314 de
947 3257 1248 3332 praeterito,
1279 3259 1373 3316 sed
1419 3268 1473 3316 et
1500 3260 1567 3317 de
1611 3261 1800 3318 futuro
1828 3279 2056 3335 peccan-

453 3359 564 3407 tem
600 3365 753 3406 reum
811 3346 964 3418 fecit,
1003 3348 1147 3406 facta
1200 3358 1284 3406 est
1314 3351 1405 3407 lex
1435 3350 1560 3408 data
1590 3352 1706 3423 (71)
1753 3353 1820 3409 ad
1860 3353 2054 3420 vitam,

448 3455 566 3502 esse
590 3437 660 3494 ad
690 3444 920 3493 mortem
949 3455 961 3494 :
1022 3437 1117 3494 sed
1167 3447 1228 3494 ut
1257 3437 1422 3508 dixit,
1455 3441 1723 3512 peccanti,
1757 3440 1886 3517 quia
1931 3442 2055 3499 obe-

453 3525 737 3584 dientibus
769 3525 986 3598 proﬁcit
1014 3526 1082 3582 ad
1104 3528 1296 3584 vitam.

529 3613 716 3685 (Vers.
751 3615 866 3686 11.)
942 3640 959 3662 ε
985 3615 1121 3672 Nam
1152 3624 1457 3688 peccatum,
1511 3618 1793 3676 occasione
1833 3629 2054 3695 accepta

451 3719 550 3778 per
578 3703 918 3772 mandatum,
981 3705 1202 3762 seduxit
1247 3722 1356 3774 me,
1386 3713 1438 3762 et
1467 3724 1562 3780 per
1591 3708 1729 3764 illud
1756 3709 1977 3766 occidit.
2018 3734 2036 3760 ι

455 3794 754 3851 Peccatum
784 3793 892 3850 hoc
927 3793 1050 3852 loco
1090 3794 1372 3851 diabolum
1403 3795 1667 3868 intellige,
1720 3797 1814 3870 qui
1861 3807 2052 3857 auctor

457 3883 668 3957 peccati
695 3891 796 3941 est.
827 3883 930 3940 Hic
958 3884 1302 3942 occasionem
1337 3900 1433 3957 per
1461 3885 1631 3957 legem
1659 3884 1894 3956 invenit,
1918 3904 2048 3960 quo-

452 3973 617 4032 modo
653 3973 1036 4032 crudelitatem
1068 3990 1222 4029 suam
1261 3971 1329 4029 de
1373 3989 1502 4031 nece
1531 3973 1774 4031 hominis
1803 3977 2044 4047 satiaret,

452 4072 515 4121 ut
544 4064 676 4137 quia
700 4064 791 4122 lex
816 4062 1152 4120 comminata
1174 4071 1256 4120 est
1299 4062 1415 4136 (72)
1449 4064 1849 4135 peccatoribus,
1879 4065 2046 4123 homo

449 4159 546 4219 66
594 4153 866 4211 instinctu
900 4153 1018 4226 ejus
1046 4151 1325 4224 prohibita
1370 4167 1584 4223 semper
1612 4151 1929 4222 admittens,
1961 4154 2044 4210 of-

448 4253 602 4309 fenso
630 4253 764 4318 Deo,
802 4249 1071 4305 ultionem
1103 4247 1237 4321 legis
1284 4248 1622 4304 incurreret:
1655 4256 1719 4305 ut
1746 4250 1814 4307 ab
1842 4266 1905 4306 ea
1923 4267 2043 4324 quae

448 4339 535 4396 illi
589 4338 879 4410 profutura
917 4335 1044 4392 data
1095 4343 1231 4404 erat,
1289 4335 1661 4393 damnaretur.
1710 4337 1850 4405 Quia
1892 4341 2040 4396 enim

450 4427 634 4486 invito
678 4427 775 4483 illo
816 4425 942 4482 data
987 4431 1068 4481 est
1113 4425 1226 4494 lex,
1259 4423 1467 4480 exarsit
1516 4425 1730 4482 invidia
1780 4428 2040 4486 adversus

447 4516 756 4584 hominem,
806 4523 869 4572 ut
912 4530 1038 4571 eum
1093 4513 1331 4587 amplius
1385 4513 1600 4573 vitiosis
1665 4517 2040 4591 voluptatibus

447 4609 768 4675 macularet,
801 4622 872 4662 ne
899 4621 1096 4662 manus
1115 4604 1233 4676 ejus
1261 4603 1536 4662 evaderet.

522 4697 706 4770 (Vers.
738 4696 852 4767 l2.)
881 4720 899 4743 σ
927 4697 1116 4768 Itaque
1137 4694 1227 4751 lex
1253 4694 1479 4770 quidem
1502 4705 1710 4767 sancta,
1739 4707 1794 4754 et
1820 4699 2049 4755 manda-

449 4796 567 4845 tum
633 4776 912 4854 sanctum,
957 4793 1010 4842 et
1052 4785 1286 4858 justum,
1321 4792 1374 4842 et
1420 4784 1649 4843 bonum.
1688 4811 1707 4835 ι
1791 4787 1862 4844 Ut
1907 4789 2048 4844 nihil

449 4877 692 4935 adversas
749 4874 1086 4950 suspicionis
1133 4883 1438 4932 remaneret
1474 4876 1530 4932 in
1579 4877 1716 4950 lege,
1761 4877 1840 4932 sic
1897 4877 2048 4933 illam

448 4965 815 5034 commendat,
848 4972 910 5022 ut
938 4981 1051 5022 non
1107 4965 1289 5022 solum
1337 4963 1542 5038 justam
1575 4965 1738 5033 hanc,
1789 4965 1882 5022 sed
1930 4983 2049 5022 san-

449 5063 594 5111 ctam
625 5062 680 5112 et
709 5055 908 5112 bonam
956 5055 1297 5129 pronuntiet.
1335 5057 1473 5114 Nam
1523 5054 1842 5110 mandatum
1876 5054 2048 5128 legem

453 5143 695 5216 intelligi
721 5145 1069 5219 evangelicus
1098 5164 1279 5205 sermo
1298 5154 1553 5204 testatur.
1585 5145 1681 5202 Ait
1711 5145 1858 5200 enim
1887 5163 1900 5201 :
1952 5170 1970 5193 ι
1992 5146 2050 5202 Si

526 5361 645 5433 (70)
707 5360 846 5420 Voci
863 5362 1171 5442 peregrinis
1200 5359 1537 5442 subuectant
1565 5375 1676 5415 non
1726 5358 1885 5432 pauci
1917 5375 2046 5416 mss.

452 5449 561 5488 non
588 5450 752 5501 vera;
787 5439 883 5490 sed
913 5450 1108 5501 parum
1139 5439 1294 5488 scite.

551 5505 612 5560 71
666 5505 824 5562 Rom.
855 5501 987 5560 edit.
1016 5504 1154 5569 sola,
1193 5502 1406 5556 inventa
1432 5507 1508 5556 est
1537 5501 1624 5556 lea:
1652 5502 1800 5569 data,
1835 5511 1938 5559 etc.

519 5504 642 5644 (72;
716 5574 842 5631 Vet.
901 5574 1035 5629 edit.
1095 5589 1222 5644 cum
1292 5587 1423 5627 mss.
1451 5588 1593 5644 υῃοη
1653 5573 1864 5644 paucis.

547 5573 636 5651 72)
716 5574 842 5631 Vet.
901 5574 1035 5651 edit.
1095 5589 1222 5651 cum
1292 5587 1593 5651 mss._.non
1653 5573 1864 5651 paucis.
1938 5575 2050 5630 Lex

448 5641 728 5701 dominata
753 5651 829 5700 est
857 5661 872 5712 ;
901 5645 1063 5702 Rom.
1095 5642 1230 5700 edit.
1260 5657 1387 5700 cum
1415 5641 1539 5700 aliis
1569 5641 1722 5713 mss.,
1749 5647 1860 5701 Lex
1897 5661 2048 5702 com-

447 5716 652 5774 minata
681 5721 776 5772 est.

2140 1919 2314 1976 mavit
2351 1918 2650 1990 cupiditate
2697 1916 2978 1990 peccandi,
3033 1925 3096 1973 ut
3139 1916 3516 1990 suggestiones
3544 1914 3753 1971 adver-

2141 2008 2269 2065 sarii
2302 2007 2599 2080 reprimere
2630 2023 2740 2062 non
2793 2013 2990 2078 posset.
3037 2005 3304 2062 Inimicus
3350 2011 3557 2071 tamen,
3591 2017 3751 2075 quem

2143 2099 2200 2155 in
2233 2104 2459 2170 peccato
2497 2095 2789 2169 significat,
2823 2105 2884 2152 ut
2913 2103 3174 2168 appareat
3204 2110 3320 2152 esse
3347 2092 3632 2161 inimicus,
3664 2107 3755 2165 per

2144 2191 2318 2260 legem
2359 2187 2571 2260 accepit
2613 2185 2955 2244 occasionem
2988 2185 3217 2258 operari
3247 2183 3461 2242 homini
3493 2190 3752 2240 mortem.

2143 2279 2287 2334 Dum
2309 2276 2454 2333 enim
2485 2276 2554 2333 ad
2585 2276 2781 2333 illicita
2819 2275 2976 2331 illum
3008 2275 3214 2344 suasit,
3252 2281 3477 2348 apparet
3497 2290 3617 2330 esse
3647 2271 3754 2328 ini-

2146 2368 2342 2424 micus.
2391 2367 2714 2438 Quanquam
2773 2374 2826 2421 et
2874 2373 3008 2422 ante
3044 2367 3218 2437 legem
3265 2372 3499 2420 mortem
3536 2361 3754 2419 homini

2146 2456 2542 2530 procuraverit,
2567 2463 2795 2528 excepta
2822 2455 2999 2526 prima
3047 2471 3213 2512 causa
3246 2453 3400 2523 Adae,
3432 2460 3555 2526 post
3583 2453 3755 2524 legem

2149 2554 2331 2603 tamen
2382 2547 2618 2618 majores
2667 2545 2716 2601 ei
2763 2561 2950 2617 poenas
2991 2543 3139 2616 apud
3187 2544 3413 2610 inferos,
3461 2541 3561 2598 ubi
3613 2557 3755 2596 mors

2147 2636 2386 2693 secunda
2447 2644 2546 2702 est,
2601 2633 2906 2691 adinvenit.
2957 2633 3139 2690 Minus
3188 2632 3335 2688 enim
3379 2628 3639 2687 criminis
3678 2635 3756 2684 est

2149 2733 2277 2782 ante
2306 2725 2477 2796 legem
2497 2722 2899 2779 manifestatam
2919 2737 3189 2794 peccasse,
3223 2737 3383 2794 quam
3409 2725 3531 2791 post
3552 2717 3750 2791 legem.

2237 2840 2255 2863 ι
2290 2815 2361 2872 Ut
2403 2814 2497 2871 fiat
2527 2831 2691 2886 supra
2721 2813 2945 2870 modum
2997 2812 3177 2886 ipsum
3210 2819 3492 2884 peccatum
3524 2823 3756 2881 peccans

2154 2921 2250 2978 per
2278 2903 2618 2960 mandatum.
2652 2926 2670 2950 ι
2701 2902 2846 2970 Quid
2873 2910 2973 2968 est,
3013 2927 3030 2947 ι
3059 2917 3223 2973 supra
3239 2898 3463 2955 modum
3489 2914 3502 2964 ;
3538 2922 3555 2944 ι
3602 2896 3756 2970 quasi

2153 2993 2315 3049 datus
2346 2994 2418 3050 sit
2466 2992 2662 3049 modus
2692 2990 3164 3064 delinquentibus,
3224 3005 3350 3044 cum
3382 3002 3610 3060 peccare
3651 3001 3757 3041 non

2155 3081 2359 3139 liceat?
2397 3081 2497 3139 Sed
2555 3081 2654 3138 Dei
2697 3080 2863 3136 verba
2904 3085 3034 3134 sunt
3074 3075 3347 3132 dicentis:
3418 3099 3436 3121 ι
3465 3074 3587 3131 Νοη
3633 3080 3758 3130 sunt

2159 3173 2431 3244 completa
2474 3177 2693 3244 peccata
2736 3165 3183 3224 Amorrhaaorum
3229 3163 3387 3234 (Gen.
3433 3178 3534 3231 xv,
3581 3162 3694 3231 16).
3729 3186 3744 3206 ι

2166 3263 2268 3318 Per
2297 3261 2444 3336 quod
2489 3259 2732 3318 ostendit
2778 3271 3091 3313 mensuram
3123 3251 3418 3329 quamdam
3469 3269 3587 3309 esse
3632 3251 3761 3308 deli.

2165 3357 2402 3418 ctorum,
2464 3366 2626 3423 quam
2675 3364 2801 3404 cum
2857 3343 3211 3417 impleverint
3268 3347 3605 3414 peccatores,
3652 3340 3763 3395 vita

2165 3438 2317 3513 digni
2363 3440 2592 3496 minime
2637 3438 2988 3510 judicentur;
3047 3434 3191 3491 sicut
3241 3439 3296 3488 et
3335 3431 3568 3500 Pharao,
3637 3431 3762 3506 quia

2165 3529 2330 3586 istum
2354 3529 2582 3584 modum
2615 3527 2756 3599 (74),
2789 3526 3117 3598 impleverat
3141 3523 3241 3580 Dei
3271 3523 3504 3580 virtutes
3525 3530 3580 3580 et
3608 3521 3763 3596 signa

2161 3620 2220 3675 in
2262 3619 2420 3674 illum
2479 3623 2696 3672 ostensa
2730 3621 2888 3681 sunt,
2934 3629 3029 3685 per
3070 3629 3191 3686 quae
3239 3611 3422 3668 caeteri
3464 3611 3648 3668 territi
3695 3609 3762 3666 ad

2159 3708 2528 3764 emolumenta
2556 3704 2684 3760 vita:
2715 3719 2772 3759 se
2813 3710 3161 3770 exercerent,
3217 3709 3280 3758 ut
3312 3701 3367 3758 in
3401 3708 3624 3758 mortuo
3651 3701 3764 3757 vita

2159 3797 2422 3853 discatur.
2473 3793 2577 3867 Sed
2617 3793 2763 3850 alius
2799 3800 2881 3848 est
2915 3790 3136 3860 modus,
3169 3807 3329 3864 quem
3370 3796 3572 3846 tractat
3604 3791 3762 3862 Apo—

2158 3887 2358 3952 stolus;
2409 3895 2471 3942 ut
2509 3883 2760 3942 ostendat
2791 3883 2940 3940 enim
2989 3881 3113 3954 plus
3159 3887 3440 3952 peccatum
3503 3893 3620 3935 esse
3665 3879 3764 3936 sub

2157 3978 2271 4051 lege
2303 3994 2464 4050 quam
2499 3976 2695 4032 fuerat
2724 3981 2850 4030 ante
2897 3973 3094 4045 legem,
3142 3987 3305 4043 supra
3334 3969 3482 4026 hunc
3512 3967 3761 4037 modum,

2155 4075 2501 4141 peccatorum
2581 4064 2908 4137 ampliorem
2943 4060 3167 4118 modum
3203 4057 3476 4131 significat
3525 4058 3762 4114 crevisse

2154 4165 2278 4230 post
2319 4157 2497 4227 legem
2525 4153 2740 4210 invidia
2769 4159 2823 4206 et
2849 4151 3050 4207 astutia
3069 4150 3279 4206 Satanas
3303 4165 3316 4214 ;
3338 4155 3399 4202 ut
3414 4146 3765 4220 providentia

2153 4247 2248 4304 Dei
2269 4245 2555 4302 contraria
2577 4240 2983 4308 ﬁerethomini,
3006 4256 3129 4296 cum
3151 4239 3347 4294 timore
3369 4237 3502 4310 legis
3532 4237 3761 4294 minime

2152 4351 2377 4412 peccare
2390 4332 2663 4390 debuerit.
2687 4330 2815 4387 ldeo
2835 4331 2980 4386 Deus
2998 4335 3059 4384 ut
3072 4327 3338 4384 invidiam
3351 4325 3560 4383 diaboli
3579 4327 3761 4382 vince‘

2165 4436 2267 4495 ret,
2291 4433 2344 4482 et
2360 4420 2767 4497 providentiam
2787 4435 2943 4475 suam
2965 4417 3179 4474 homini
3200 4424 3370 4473 ratam
3394 4415 3620 4483 faceret,
3643 4429 3760 4470 mu-

2157 4516 2298 4572 tavit
2325 4512 2600 4578 ordinem,
2656 4509 2880 4564 mittens
2912 4508 3247 4563 Salvatorem
3269 4503 3551 4562 Christum
3583 4503 3680 4577 qui
3711 4517 3762 4566 et

2163 4604 2453 4662 diabolum
2486 4599 2753 4667 vinceret,
2776 4605 2831 4654 et
2863 4604 3067 4654 statuta
3085 4595 3185 4653 Dei
3209 4611 3335 4668 erga
3361 4593 3649 4652 hominem
3672 4593 3760 4648 ﬁr-

2160 4701 2331 4750 maret
2364 4690 2503 4763 (75).

2233 4783 2416 4855 (Vers.
2481 4776 2594 4849 14.)
2669 4801 2686 4824 ι
2717 4776 2929 4834 Scimus
2973 4773 3120 4831 enim
3169 4772 3316 4847 quod
3362 4771 3453 4830 lex
3493 4769 3761 4844 spiritalis

2162 4885 2263 4934 est.
2301 4901 2317 4923 ι
2361 4874 2633 4942 Quoniam
2656 4869 2963 4929 scientibus
2987 4869 3160 4941 legem
3191 4866 3456 4940 loquitur,
3489 4864 3615 4921 ideo
3647 4865 3757 4945 ait:

2175 4993 2193 5015 σ
2232 4967 2450 5024 Scimus
2499 4964 2631 5038 quia
2678 4963 2768 5018 lex
2823 4959 3088 5034 spiritalis
3118 4965 3234 5025 est;
3271 4983 3290 5003 ι
3357 4961 3458 5012 nec
3508 4956 3659 5012 enim
3704 4971 3762 5012 se

2159 5056 2262 5113 sub
2292 5056 2408 5128 lege
2458 5054 2669 5121 darent,
2729 5050 2838 5108 nisi
2877 5055 3233 5122 agnoscerent
3272 5046 3432 5103 istam
3481 5061 3599 5103 esse
3653 5045 3761 5119 spi-

2158 5146 2393 5204 ritalem.
2433 5145 2631 5216 Legem
2677 5140 2885 5213 Moysis
2936 5137 3240 5210 spiritalem
3293 5141 3476 5205 vocat,
3526 5152 3652 5209 quae
3679 5143 3762 5193 est

2379 5361 2538 5418 Rom.
2597 5357 2756 5425 edit.,
2809 5356 2939 5412 data
2966 5361 3040 5412 est
3083 5355 3168 5412 lea:
3197 5353 3390 5412 litteris
3420 5352 3664 5423 formata
3702 5352 3762 5408 in

2522 5500 2758 5576 aliquot,
2787 5499 2915 5572 quia
2946 5498 3155 5571 justum
3184 5501 3344 5553 istum
3374 5495 3609 5552 modum.
3636 5496 3757 5553 Non

2156 5581 2288 5632 satis
2338 5583 2503 5631 recte.

2229 5646 2346 5718 (75)
2399 5644 2663 5718 Nonnulli
2695 5662 2851 5716 mss.,
2893 5643 2987 5718 qui
3029 5649 3078 5700 et
3110 5641 3382 5700 diabolum
3419 5645 3690 5713 premeret
3710 5645 3759 5694 et

2156 5717 2416 5775 hominem
2447 5717 2712 5776 liberaret.
