3932 6210
160 226 276 286 117

1269 225 1634 286 COMMENT.
1677 227 1748 284 IN
1785 227 2004 306 EPIST.
2043 231 2140 288 AD
2180 230 2350 292 non.

3383 241 3490 302 118

156 352 298 411 data
322 351 381 409 in
409 349 612 409 tabulis
645 366 658 407 :
691 367 814 424 quae
841 351 977 426 quia
1004 366 1230 424 peccare
1248 350 1525 424 prohibet,
1555 351 1775 425 spirita-
1806 355 1858 415 A
1881 353 2062 410 sentio
2100 354 2224 428 legi.
2257 380 2277 405 ι
2319 357 2518 416 Probat
2546 359 2721 434 legem
2747 369 2895 420 recte
2919 361 3235 436 prohibere,
3259 369 3484 439 quando

157 441 236 498 lis
266 448 374 511 est,
404 441 604 516 quippe
653 456 778 498 cum
811 440 1060 497 visibilia
1087 451 1142 499 et
1168 441 1411 499 carnalia
1437 439 1546 497 coli
1575 441 1776 512 prohi-

153 529 314 588 beat.
349 531 475 587 Haec
523 529 593 587 ad
620 529 1162 587 commendationem
1194 529 1328 601 legis
1367 529 1666 601 pertinent,
1705 547 1775 588 ne

153 620 333 693 culpa
357 620 497 676 forte
529 619 697 692 digna
726 625 1016 691 putaretur
1043 617 1112 674 ab
1131 617 1339 691 aliquo,
1361 618 1491 690 quia
1517 618 1773 675 severita-

152 715 275 766 tem
306 707 556 766 exercuit
585 708 645 764 iu
675 715 1013 780 peccatores.

247 821 268 846 ι
302 799 423 874 Ego
453 806 638 854 autem
670 796 908 852 carnalis
943 811 1088 864 sum,
1120 793 1468 852 venundatus
1503 796 1607 854 sub
1637 814 1772 870 pec-

148 893 309 945 cato.
363 912 383 937 ι
455 885 755 942 Hominem
811 893 994 942 autem
1020 884 1294 940 carnalem
1325 885 1588 956 appellat,
1636 886 1772 944 dum

149 983 376 1049 peccat.
416 1000 434 1023 ι
467 975 747 1034 Venditus
773 975 877 1032 sub
906 981 1145 1046 peccato.
1179 999 1198 1023 ι
1227 974 1342 1030 Hoc
1368 984 1450 1031 est
1479 975 1772 1034 venditum

148 1081 280 1122 esse
302 1065 409 1122 sub
441 1074 665 1138 peccato
691 1080 759 1120 ex
787 1063 963 1119 Adam
992 1063 1084 1135 qui
1116 1062 1268 1134 prior
1298 1063 1566 1135 peccavit,
1607 1066 1771 1140 origi-

146 1170 290 1212 nem
350 1154 588 1223 trahere,
651 1161 703 1211 et
765 1151 990 1226 proprio
1043 1151 1245 1208 delicto
1286 1151 1594 1225 subjectum
1647 1154 1769 1212 ﬁeri

146 1252 416 1317 peccato,
472 1245 616 1302 sicut
641 1243 778 1302 dicit
796 1243 962 1300 Isaias
980 1243 1276 1317 propheta:
1316 1266 1334 1290 ι
1366 1244 1592 1302 Venditi
1615 1245 1764 1314 estis,

145 1332 368 1408 inquit,
413 1333 648 1407 peccatis
674 1331 866 1390 vestris
905 1335 1051 1402 (lsa.
1099 1351 1154 1403 L,
1207 1333 1283 1406 1).
1329 1359 1348 1382 ι
1409 1333 1587 1392 Adam
1617 1336 1766 1394 enim

146 1421 417 1479 vendidit
445 1439 502 1480 se
530 1422 700 1495 prior,
734 1438 797 1479 ac
820 1438 915 1495 per
943 1421 1051 1479 hoc
1074 1438 1238 1480 omne
1263 1438 1450 1480 semen
1481 1423 1599 1496 ejus
1624 1424 1765 1481 sub—

142 1510 364 1584 jectum
398 1521 480 1570 est
507 1519 753 1586 peccato.
798 1511 1166 1580 Quamobrem
1194 1511 1480 1570 inﬁrmum
1508 1529 1623 1570 esse
1652 1513 1767 1571 ho-

149 1602 369 1660 minem
395 1602 466 1660 ad
484 1609 753 1677 praecepta
779 1601 915 1675 legis
942 1601 1233 1672 servanda,
1257 1602 1367 1659 nisi
1383 1602 1591 1660 divinis
1607 1603 1762 1660 auxi-

1883 444 2123 504 invitum
2155 464 2211 504 se
2240 447 2346 504 hoc
2371 449 2569 521 facere,
2618 451 2765 525 quod
2814 453 2904 510 lex
2944 461 3113 524 vetat,
3145 455 3436 528 proﬁtetur
3467 476 3480 514 :

1884 539 1938 588 et
1982 543 2191 591 naturae
2243 552 2355 592 suae
2389 536 2526 594 dicit
2567 555 2704 608 esse,
2744 541 2893 616 quod
2921 541 3144 600 mandat
3173 544 3264 602 lex
3296 563 3311 614 ;
3353 546 3484 621 quia

1883 622 2033 694 quod.
2059 631 2215 680 extra
2244 623 2395 694 facit,
2428 626 2682 684 odiosum
2711 629 2817 686 sibi
2843 629 2997 688 dicit.

1958 711 2141 783 (Vers.
2187 713 2302 784 17.)
2371 738 2388 761 ι
2415 715 2577 772 Nunc
2612 726 2792 774 autem
2823 717 2938 790 jam
2975 735 3088 776 non
3134 737 3232 795 ego
3285 741 3482 798 operor

1881 800 2044 870 illud,
2072 801 2169 857 sed
2198 801 2345 875 quod
2374 801 2650 860 inhabitat
2679 805 2737 862 in
2767 823 2852 862 me
2883 817 3184 879 peccatum.
3237 837 3255 859 ›
3322 813 3480 882 Quo-

1882 889 2032 945 niam
2081 891 2196 962 lege
2226 891 2379 947 videt
2425 892 2710 964 prohiberi
2757 894 2904 966 quod
2950 896 3081 968 agit,
3126 906 3180 954 et
3209 903 3483 961 consentit

1881 995 1993 1034 non
2022 978 2219 1035 debere
2248 980 2367 1036 fieri
2385 998 2448 1038 ac
2468 998 2564 1053 per
2583 982 2690 1039 hoc
2714 983 2866 1039 aliud
2888 1000 3024 1052 esse,
3054 985 3214 1058 cujus
3241 989 3484 1061 impulsu

1880 1067 2000 1126 haec
2027 1069 2111 1142 agi
2140 1069 2400 1139 declarat,
2435 1071 2493 1128 id
2519 1079 2620 1140 est,
2650 1079 2954 1144 peccatum.
2979 1075 3269 1134 Peccatum
3298 1087 3482 1138 autem

1878 1155 2002 1214 ideo
2033 1174 2248 1231 semper
2270 1160 2539 1229 nominat,
2571 1177 2697 1216 cum
2729 1161 2936 1218 sciatur
2954 1162 3208 1222 diabolus
3227 1167 3343 1240 (78)
3367 1183 3483 1226 esse

1877 1263 2003 1304 cum
2034 1250 2242 1322 angelis
2272 1251 2406 1319 suis,
2444 1251 2573 1324 quia
2594 1251 2704 1308 nisi
2741 1262 3014 1325 peccasset
3043 1255 3256 1328 primus
3285 1257 3476 1329 homo,

1876 1335 1993 1394 haec
2031 1354 2142 1394 nou
2196 1340 2552 1412 provenirent
2604 1359 2616 1397 :
2673 1357 2736 1399 ac
2785 1358 2882 1415 per
2920 1343 3026 1402 hoc
3055 1354 3342 1418 peccatum
3371 1357 3477 1418 est,

1875 1426 2020 1501 quod
2050 1443 2112 1483 ea
2139 1429 2329 1486 omnia
2354 1430 2505 1487 facit.

1949 1519 2131 1590 (Vers.
2155 1519 2269 1592 18.)
2307 1545 2325 1568 ι
2346 1521 2470 1578 Scio
2495 1520 2644 1576 enim
2676 1520 2823 1595 quod
2854 1538 2965 1579 non
2994 1521 3271 1582 inhabitat
3291 1525 3349 1583 in
3365 1543 3478 1597 me,

1874 1609 1982 1668 hoc
2013 1620 2116 1678 est,
2165 1611 2224 1667 in
2271 1626 2436 1668 carne
2488 1625 2630 1678 mea,
2661 1610 2929 1667 bonum»
2972 1612 3094 1669 Non
3124 1613 3281 1684 dicit,
3331 1615 3479 1675 sicut

150 1692 250 1750 liis
271 1691 576 1762 muniatur,
595 1690 729 1748 hinc
753 1700 834 1749 est
861 1691 1008 1748 unde
1032 1692 1146 1748 ait:
1179 1716 1198 1739 ι
1219 1693 1336 1750 Lex
1373 1692 1639 1766 spiritalis
1657 1702 1756 1762 est;
1786 1717 1834 1780 Β
1873 1697 2202 1772 quibusdam
2233 1698 2476 1767 videtur,
2509 1715 2730 1754 carnem
2762 1701 2963 1758 malam
3000 1719 3012 1756 :
3067 1703 3164 1759 sed
3191 1703 3339 1777 quod
3368 1703 3480 1760 ha-

150 1797 256 1856 ego
285 1789 471 1840 autem
497 1781 733 1840 carnalis
762 1797 907 1849 sum,
937 1780 1289 1839 venundatus
1328 1782 1430 1838 sub
1460 1790 1701 1855 peccato,
1726 1809 1745 1833 ι

152 1871 266 1930 hoc
314 1879 415 1941 est,
473 1872 564 1929 lex
609 1869 772 1934 ﬁrma
817 1879 900 1928 est
946 1878 1001 1928 et
1040 1869 1213 1943 justa,
1253 1879 1308 1928 et
1353 1880 1502 1929 caret
1547 1872 1753 1946 culpa:

156 1960 333 2018 homo
361 1969 546 2019 autem
578 1959 789 2034 fragilis
818 1967 920 2030 est,
947 1968 1002 2017 et
1021 1969 1270 2034 paterno,
1292 1962 1380 2019 vel
1401 1963 1624 2036 proprio
1664 1968 1759 2026 67

153 2056 486 2130 subjugatus
500 2056 702 2115 delicto
719 2056 868 2130 (76);
891 2065 954 2114 ut
974 2065 1239 2130 potestate
1249 2059 1336 2116 sui
1349 2059 1430 2116 uti
1451 2076 1565 2117 non
1585 2060 1760 2133 possit

152 2146 308 2206 circa
354 2144 728 2202 obedientiam
755 2145 908 2218 legis.
939 2145 1066 2204 Ideo
1098 2156 1179 2204 est
1207 2147 1276 2204 ad
1303 2148 1403 2205 Dei
1437 2149 1760 2205 misericor-

152 2225 310 2294 diam
352 2235 808 2309 confugiendum,
854 2245 916 2294 ut
962 2237 1308 2296 severitatem
1348 2238 1482 2311 legis
1510 2239 1757 2313 effugiat,

155 2333 210 2383 et
239 2333 575 2384 exoneratus
612 2323 852 2396 delictis,
885 2323 953 2382 de
979 2334 1176 2382 caetero
1221 2328 1335 2384 Deo
1366 2326 1606 2393 favente,
1638 2327 1759 2384 iui-

153 2415 302 2473 mico
332 2416 569 2473 resistat.
593 2413 738 2484 Quid
766 2421 847 2472 est
862 2413 1011 2470 enim
1033 2414 1344 2488 subjectum
1371 2431 1488 2472 esse
1509 2425 1753 2488 peccato,

154 2505 267 2561 nisi
295 2521 496 2578 corpus
532 2502 731 2561 habere
783 2501 924 2560 vitio
971 2503 1170 2560 animae
1213 2511 1558 2578 corruptum,
1578 2504 1670 2562 cui
1701 2521 1759 2562 se

156 2594 364 2652 inserat
391 2601 697 2667 peccatum,
741 2599 794 2649 et
837 2591 1086 2665 impellat
1115 2592 1400 2650 hominem
1431 2594 1585 2667 quasi
1615 2611 1756 2667 cap-

152 2682 338 2740 tivum
384 2681 618 2750 delictis,
680 2688 743 2739 ut
787 2679 955 2739 faciat
1003 2681 1346 2739 voluntatem
1391 2681 1509 2756 ejus
1536 2684 1564 2740 ‘P
1615 2684 1758 2742 Hinc

153 2770 427 2828 Dominus
487 2771 634 2829 inter
691 2779 888 2831 caetera
940 2769 1020 2828 ait
1069 2788 1081 2826 :
1172 2795 1192 2820 ι
1262 2770 1432 2829 Venit
1480 2771 1754 2842 diabolus,

153 2869 210 2918 et
238 2862 386 2920 tollit
434 2863 582 2936 quod
611 2863 944 2920 semiustum
1001 2869 1083 2920 est
1135 2861 1194 2918 in
1243 2878 1339 2919 cor
1386 2862 1632 2932 illorum,
1687 2878 1755 2918 ne

151 2950 296 3007 salvi
347 2949 483 3009 ﬁant
519 2952 680 3023 (Luc.
712 2969 837 3022 νιιι,
879 2952 994 3024 12).
1039 2977 1059 3001 ι
1102 2950 1258 3008 Unde
1284 2949 1432 3008 idem
1461 2952 1758 3024 Apostolus

152 3037 213 3094 in
269 3038 381 3096 alia
435 3038 667 3112 epistola
710 3040 829 3097 ait:
879 3063 899 3088 ‹
927 3041 1050 3098 Νοιι
1095 3048 1178 3096 est
1225 3039 1386 3096 nobis
1436 3039 1757 3096 colluctatio

149 3126 415 3191 adversus
434 3145 657 3186 carnem
684 3137 740 3186 et
767 3129 1116 3202 sanguinem,
1163 3127 1261 3184 sed
1303 3128 1564 3183 adversus
1594 3127 1759 3199 priu-

92 3251 98 3256 -
146 3216 300 3290 cipes
357 3225 412 3283 et
464 3225 786 3291 potestates,
843 3224 1038 3274 contra
1089 3214 1364 3288 spiritalia
1412 3215 1671 3288 nequitia)
1700 3217 1760 3271 in

145 3307 470 3366 caelestibus
501 3309 734 3380 (Ephes.
767 3321 848 3374 vr,
881 3305 997 3376 12),
1030 3329 1049 3353 ι
1091 3319 1229 3377 quos
1259 3303 1521 3361 satellites
1549 3311 1763 3362 constat

147 3412 264 3453 esse
298 3397 538 3453 Satanae.
589 3395 726 3452 Nam
776 3403 904 3450 ante
953 3391 1463 3466 praevaricationem
1516 3392 1763 3452 hominis

147 3487 478 3559 priusquam
521 3500 579 3552 se
616 3483 954 3556 manciparet
993 3482 1184 3552 morti,
1227 3498 1338 3538 non
1369 3489 1485 3538 erat
1523 3481 1611 3539 bis
1661 3499 1760 3555 po-

148 3582 318 3632 testas
345 3573 418 3630 ad
445 3573 714 3631 interiora
770 3571 1017 3630 hominis
1063 3570 1341 3640 accedere,
1368 3577 1423 3628 et
1459 3571 1759 3645 cogitatio-

149 3678 249 3719 nes
281 3661 537 3718 adversas
565 3660 827 3718 inserere.
877 3661 1030 3718 Unde
1077 3667 1132 3716 et
1168 3657 1371 3715 astutia
1397 3657 1517 3731 ejus
1547 3658 1757 3716 factum

150 3760 254 3820 est,
316 3761 378 3810 ut
433 3749 880 3809 confabulatione
939 3765 1036 3822 per
1096 3756 1405 3821 serpentem
1470 3747 1755 3804 hominem

151 3841 576 3900 circumveniret
606 3841 726 3912 (77)
761 3841 916 3913 (Gen.
946 3857 1029 3909 ιιι,
1064 3837 1201 3911 1-6).
1245 3838 1541 3910 Postquam
1571 3847 1755 3895 autem

153 3931 520 3990 circumvenit
557 3947 685 3988 eum
733 3937 788 3987 et
815 3928 1151 4002 subjugavit,
1180 3934 1503 4001 potestatem
1537 3929 1594 3984 in
1626 3944 1753 3985 eum

154 4021 383 4095 accepit,
431 4029 494 4078 ut
529 4019 850 4077 interiorem
882 4018 1168 4075 hominem
1195 4018 1456 4090 pulsaret,
1489 4019 1756 4091 copulaus

155 4129 210 4170 se
265 4111 437 4169 menti
481 4110 632 4185 ejus;
692 4111 776 4166 ita
830 4117 892 4166 ut
930 4125 1042 4166 non
1088 4107 1261 4182 possit
1299 4123 1590 4180 agnoscere
1621 4107 1756 4180 quid

157 4219 316 4263 suum
345 4202 417 4259 sit
445 4201 507 4258 in
549 4200 903 4275 cogitatione,
955 4197 1092 4273 quid
1133 4198 1309 4267 illius,
1349 4198 1460 4254 nisi
1495 4197 1758 4271 respiciat

160 4292 351 4366 legem.

229 4381 412 4454 (Vers.
447 4380 560 4452 15.)
610 4403 628 4428 ι
655 4377 815 4447 Quod
847 4377 995 4435 enim
1023 4392 1243 4451 operor,
1271 4393 1383 4434 nou
1412 4376 1684 4451 intelligo.
1723 4403 1742 4427 ι

160 4473 277 4531 Νοιι
306 4470 567 4545 intelligit
594 4471 742 4545 quod
772 4477 1049 4544 operatur,
1071 4467 1201 4543 quia
1221 4467 1374 4525 videt
1402 4469 1554 4526 aliud
1579 4486 1636 4527 se
1656 4487 1752 4544 per

162 4563 329 4634 legem
367 4560 531 4631 scire,
563 4569 616 4617 et
641 4558 794 4616 aliud
820 4575 998 4632 agere.
1043 4581 1062 4605 ι
1089 4559 1212 4616 Νοιι
1239 4559 1388 4616 enim
1417 4559 1567 4633 quod
1595 4561 1746 4631 volo,

163 4651 262 4710 hoc
284 4669 386 4726 ago
418 4669 432 4709 :
464 4652 560 4709 sed
588 4651 734 4725 quod
750 4649 864 4719 odi,
896 4649 1037 4708 illud
1060 4649 1222 4708 facio.
1257 4677 1275 4701 ι
1315 4649 1609 4724 Subjectus
1629 4669 1748 4725 pec-

163 4749 277 4798 cato
306 4741 439 4798 facit
467 4741 659 4814 utique
683 4739 830 4812 quod
858 4755 971 4796 non
1002 4740 1143 4796 vult.

221 4830 413 4904 .(Vers.
444 4829 560 4903 16.)
629 4853 648 4878 ι
675 4829 733 4887 Si
753 4836 935 4886 autem
957 4827 1104 4902 quod
1127 4828 1218 4884 odi
1246 4826 1384 4902 illud
1414 4828 1576 4900 facio,
1608 4845 1753 4888 con-

228 5000 346 5073 (76)
377 5001 619 5074 Itaumss.
652 4999 883 5074 aliquot,
915 4996 1144 5074 ac_(_}ill.
1168 4995 1540 5074 edit.;_caeteri
1568 5005 1752 5054 autem

165 5069 285 5131 mss.
315 5069 380 5129 ac
409 5072 567 5140 edit.,
600 5079 649 5144 et
670 5069 894 5144 paterno
924 5069 1235 5142 subjugatus
1263 5069 1466 5144 delicto.

228 5145 346 5218 (77)
377 5138 731 5218 Rom,iedit._,
773 5138 1024 5218 Primum
1058 5138 1231 5197 autem
1273 5141 1475 5196 astutia
1514 5138 1629 5208 ejus
1657 5138 1756 5209 fa-

163 5213 291 5272 ctum
317 5213 459 5272 est...
492 5216 643 5272 homo
671 5213 1154 5271 circumveniretur.

228 5287 344 5358 (78)
375 5287 538 5344 Rom.
572 5287 706 5344 edit.
734 5288 871 5355 sola,
902 5292 961 5340 ut
986 5281 1620 5358 sciatur_dia_bo(us,‘etc.

253 5353 344 5428 79)
377 5358 587 5415 Eadem
616 5358 751 5415 edit.
786 5353 971 5430 Rom”
1008 5358 1095 5412 sed
1117 5353 1353 5430 privatio
1383 5353 1521 5430 lieni.

247 5423 343 5503 80)
376 5431 585 5487 Omnes
613 5429 772 5499 edit.,
826 5429 1033 5508 signum
1231 5424 1500 5481 diaboli...
1525 5423 1759 5497 peccavit

170 5502 375 5575 Adam;
406 5517 600 5558 omues
628 5518 760 5575 mss.
791 5507 856 5557 ut
884 5502 941 5554 in
970 5505 1262 5575 contextu;
1367 5565 1384 5575 _
1659 5564 1669 5575 _

234 5565 362 5649 (81)
381 5575 546 5632 Rom.
601 5571 736 5633 edit.
795 5587 923 5631 cum
978 5586 1110 5628 mss.
1149 5565 1502 5645 quibusdam,
1556 5565 1760 5640 cogitur

1870 1787 2011 1844 bitat
2040 1787 2100 1844 iu
2120 1803 2302 1854 carne,
2335 1804 2447 1843 non
2477 1803 2592 1843 esse
2618 1786 2849 1857 bonum,
2880 1788 2974 1845 sed
3004 1798 3312 1862 peccatum.
3334 1791 3477 1860 Quo-

1871 1875 2038 1934 modo
2089 1875 2365 1933 inhabitat
2421 1877 2481 1933 in
2536 1891 2699 1934 carne
2747 1886 3054 1950 peccatum,
3104 1895 3230 1936 cum
3262 1895 3374 1936 non
3402 1879 3477 1938 sit

1871 1966 2198 2035 substantia,
2249 1965 2344 2023 sed
2392 1966 2772 2039 praevaricatio
2815 1966 2947 2024 boni
2997 1969 3163 2041 (79)?
3199 1969 3474 2038 Quoniam

1871 2057 2035 2128 primi
2057 2056 2301 2113 hominis
2321 2073 2521 2129 corpus
2541 2064 2868 2128 corruptum
2892 2064 2974 2114 est
2993 2073 3091 2130 per
3105 2069 3390 2132 peccatum
3411 2067 3474 2117 ut

1871 2146 2042 2218 possit
2059 2145 2310 2214 dissolvi,
2323 2145 2441 2218 ipsa
2458 2144 2664 2216 peccati
2687 2145 2969 2218 corruptio
2985 2163 3081 2218 per
3092 2147 3469 2206 conditionem

1872 2234 2188 2291 offensionis
2235 2241 2421 2290 manet
2464 2234 2524 2290 in
2566 2251 2816 2308 corpore,
2849 2235 3019 2292 robur
3047 2245 3238 2294 tenens
3265 2236 3474 2296 divinae

1871 2323 2154 2380 sententiae
2185 2322 2322 2380 datae
2360 2324 2419 2380 in
2452 2323 2648 2393 Adam,
2699 2323 2846 2398 quod
2873 2332 2954 2382 est
2990 2326 3209 2399 signum
3241 2326 3468 2396 diaboli,

1869 2411 2027 2485 cujus
2054 2412 2322 2470 instinctu
2353 2413 2598 2486 peccavit
2627 2414 2770 2487 (80).
2800 2415 2902 2472 Per
2931 2415 2989 2472 id
3018 2432 3144 2490 ergo
3171 2417 3319 2490 quod
3339 2418 3471 2475 facti

1870 2518 2031 2558 causa
2061 2510 2262 2570 manet,
2298 2502 2610 2560 inhabitare
2651 2503 2857 2560 dicitur
2886 2513 3168 2578 peccatum
3199 2505 3258 2562 in
3286 2523 3469 2576 carne,

1869 2591 1938 2647 ad
1967 2608 2132 2665 quam
2163 2591 2418 2648 diabolus
2441 2591 2671 2661 accedit,
2717 2594 2873 2666 quasi
2903 2593 2974 2650 ad
2999 2610 3153 2651 suam
3184 2596 3378 2667 legem,
3420 2602 3474 2652 et

1869 2688 2054 2737 manet
2100 2680 2254 2754 quasi
2304 2680 2363 2736 in
2407 2689 2630 2753 peccato
2675 2667 2958 2755 peccatum
2993 2699 3005 2738 :
3054 2683 3184 2756 quia
3211 2699 3336 2739 caro
3359 2683 3476 2755 jam

1868 2771 2074 2843 peccati
2106 2779 2208 2841 est,
2239 2779 2301 2828 nt
2330 2769 2569 2843 decipiat
2588 2770 2872 2829 hominem
2900 2773 3342 2847 suggestiouibus
3362 2789 3473 2830 ma-

1869 2859 1956 2928 lis,
1987 2875 2056 2915 ne
2082 2859 2250 2916 homo
2280 2859 2446 2916 faciat
2476 2859 2624 2934 quod
2649 2859 2903 2933 praecipit
2931 2861 3042 2919 lex.

1953 2972 1972 2995 ι
1998 2949 2136 3007 Nam
2170 2949 2313 3004 velle
2361 2947 2572 3021 adjacet
2624 2949 2786 3006 mihi.
2828 2973 2846 2998 ι
2907 2949 3040 3007 Tam
3077 2949 3225 3009 bona
3255 2953 3471 3022 asserit,

1869 3052 1989 3110 quae
2021 3035 2181 3108 jubet
2212 3039 2322 3107 lex,
2352 3045 2416 3094 ut
2452 3038 2778 3095 naturaliter
2803 3037 2910 3095 sibi
2950 3041 3165 3112 placere
3197 3039 3364 3110 dicat,
3417 3050 3474 3100 et

1869 3124 2005 3180 velit
2024 3124 2224 3181 facere.
2262 3151 2280 3172 ι
2309 3125 2574 3181 Perficere
2598 3136 2781 3183 autem
2797 3126 3006 3183 bonum
3038 3144 3150 3184 non
3180 3129 3459 3187 invenio.-

1868 3213 1941 3267 Et
1971 3213 2147 3283 placet
2172 3229 2300 3285 ergo
2344 3213 2493 3285 quod
2520 3230 2552 3268 a
2591 3215 2706 3285 lege
2731 3214 2980 3286 jubetur,
3028 3224 3082 3272 et
3107 3217 3364 3275 voluntas
3392 3227 3476 3276 est

1871 3299 2112 3356 faciendi
2142 3317 2154 3355 :
2190 3299 2284 3356 sed
2312 3309 2374 3356 ut
2395 3301 2710 3373 impleatur,
2747 3309 2986 3375 potestas
3014 3312 3069 3361 et
3096 3304 3276 3361 virtus
3300 3306 3472 3375 deest,

1870 3389 2000 3462 quia
2038 3390 2119 3446 sic
2145 3406 2361 3464 pressus
2391 3399 2472 3447 est
2500 3399 2768 3464 potestate
2797 3393 3028 3466 peccati,
3075 3403 3136 3452 ut
3163 3411 3274 3452 non
3301 3395 3475 3469 possit

1868 3479 1948 3536 ire
1977 3496 2086 3554 quo
2116 3481 2258 3550 vult,
2289 3496 2468 3553 neque
2498 3481 2677 3538 valeat
2705 3481 3098 3552 contradicere,
3131 3484 3262 3556 quia
3291 3491 3471 3557 potes-

1866 3569 1998 3628 tatis
2026 3569 2144 3642 ejus
2174 3571 2312 3628 alter
2336 3578 2417 3627 est
2446 3569 2724 3629 dominus.
2772 3571 2950 3630 Homo
2992 3573 3140 3631 enim
3163 3573 3280 3647 jam
3325 3593 3472 3633 cou-

1865 3659 2157 3717 suetudine
2198 3659 2460 3734 peccandi
2502 3668 2780 3734 gravatur,
2822 3668 2876 3719 et
2905 3662 3126 3722 facilius
3159 3664 3471 3722 succumbit

1865 3758 2086 3824 peccato
2132 3765 2295 3824 quam
2344 3751 2473 3824 legi,
2523 3768 2688 3824 quam
2731 3752 2837 3810 scit
2862 3752 3009 3810 bona
3037 3754 3273 3822 docere;
3329 3772 3392 3812 ac
3421 3761 3468 3818 si

1863 3839 2000 3895 velit
2031 3837 2178 3895 bona
2217 3838 2418 3908 facere,
2470 3840 2670 3914 premit
2717 3841 2882 3898 illum
2912 3841 3272 3910 consuetudo,
3303 3841 3472 3914 adju-

1863 3936 1981 3986 tore
2021 3930 2272 3989 inimico.

1940 4019 2122 4091 (Vers.
2151 4019 2266 4091 19.)
2312 4043 2331 4067 ι
2358 4019 2479 4075 Νοιι
2520 4019 2669 4076 enim
2692 4016 2843 4092 quod
2866 4018 3014 4087 volo,
3044 4019 3189 4076 facio
3218 4019 3466 4078 bonum:

1864 4108 1960 4166 sed
1989 4110 2138 4183 quod
2172 4110 2302 4166 nolo
2337 4111 2570 4176 malum,
2603 4108 2710 4168 hoc
2751 4125 2870 4183 ago.
2913 4132 2932 4156 ι
2981 4111 3134 4184 Saepe
3163 4111 3378 4185 repetit,
3409 4121 3472 4171 ut
3525 4127 3528 4130 '

1864 4197 2153 4255 dilucidet.
2178 4199 2293 4255 Hoc
2317 4213 2444 4270 ergo
2473 4205 2573 4267 est,
2596 4198 2744 4273 quod
2772 4215 2938 4274 supra
2967 4197 3177 4258 dictum
3205 4209 3308 4270 est,
3329 4201 3465 4275 quia

1863 4294 1925 4344 ut
1953 4288 2207 4361 captivus
2236 4305 2333 4362 per
2365 4289 2709 4362 supradictas
2737 4305 2927 4348 causas
2964 4287 3108 4347 illud
3136 4290 3352 4364 cogitur
3374 4291 3466 4349 fa-

1863 4393 2006 4446 cere,
2035 4375 2183 4450 quod
2213 4377 2336 4434 vult
2366 4386 2651 4452 peccatum
2684 4379 2824 4454 (81).

1935 4467 2115 4539 (Vers.
2176 4467 2294 4540 20.)
2369 4493 2388 4516 ι
2435 4469 2491 4525 Si
2542 4480 2722 4528 autem
2777 4469 2926 4544 quod
2955 4469 3106 4541 nolo,
3157 4469 3263 4528 hoc
3290 4470 3454 4542 facio,

1854 4554 1970 4628 jam
1997 4573 2109 4612 non
2148 4572 2247 4631 ego
2289 4574 2485 4631 operor
2514 4559 2675 4628 illud,
2713 4558 2808 4617 sed
2836 4559 2985 4633 quod
3010 4559 3226 4616 habitat
3273 4559 3332 4615 in
3370 4577 3460 4617 me

1860 4653 2166 4718 peccatum.
2211 4671 2230 4695 ι
2292 4648 2409 4705 Hoc
2439 4657 2522 4706 est
2563 4648 2711 4722 quod
2757 4647 2872 4720 jam
2927 4664 3093 4719 supra
3135 4648 3466 4702 memoravit

1863 4733 2006 4804 (82),
2035 4735 2164 4807 quia
2183 4752 2402 4810 pressus
2439 4743 2494 4791 et
2513 4736 2836 4808 subjugatus
2865 4743 3109 4806 peccato,
3139 4751 3252 4790 non
3285 4751 3466 4805 suam,

1861 4825 1957 4880 sed
1984 4824 2136 4881 illius
2162 4826 2380 4899 perﬁcit
2405 4827 2768 4882 voluntatem.
2817 4822 3102 4896 Numquid
3147 4824 3276 4897 quia
3322 4824 3464 4882 iuvi-

1863 4998 2036 5070 facere
2074 4995 2538 5077 peccatum,_quod
2564 5011 2670 5077 uon
2712 4995 2845 5077 vult.
2877 4994 3106 5077 Minime
3135 4998 3275 5054 male
3309 5017 3326 5077 :_
3368 4999 3464 5058 sed

1862 5065 2046 5127 tamen
2074 5065 2308 5125 aliarum
2341 5065 2472 5123 edit.
2527 5075 2581 5124 et
2627 5083 2756 5122 mss.
2800 5067 2962 5125 lectio
3008 5085 3122 5126 non
3168 5077 3249 5126 est
3295 5071 3462 5130 dese-

1864 5140 2064 5198 renda:
2113 5145 2389 5212 peccatum
2421 5139 2568 5212 enim
2600 5137 2693 5196 hic
2721 5146 2803 5195 est
2833 5140 2890 5196 in
2922 5149 3072 5198 recto
3091 5159 3244 5210 casu,
3277 5143 3464 5199 idem-

1865 5209 2158 5286 quesonat
2195 5227 2258 5286 ac
2282 5209 2556 5286 diabolus.

1939 5283 2055 5356 (82)
2088 5281 2255 5356 (ἶφι-1)ἐ
2302 5280 2448 5350 cod.,
2491 5284 2599 5339 Hoc
2654 5287 2728 5336 est
2781 5282 3044 5348 diabolus,
3102 5300 3254 5356 quem
3296 5301 3463 5355 supra

1864 5353 2193 5436 memoravit.
2225 5353 2642 5436 .R'ursus‘autem
2691 5359 2814 5436 post
2855 5370 3044 5436 versus
3083 5353 3314 5436 aliquot,
3335 5353 3462 5436 __pro

1865 5369 2193 5436 memoravit.
2225 5369 2433 5434 pursue
2461 5369 2642 5410 autem
2675 5369 2814 5478 ίξιοδι
2855 5370 3044 5434 versus
3083 5369 3314 5436 allglIOl,
3364 5373 3461 5428 pro

1865 5431 2013 5554 3;th
2038 5432 2086 5481 et
2127 5424 2352 5491 desidia,
2410 5424 2554 5481 idem
2609 5440 2674 5480 co
2721 5465 2732 5478 .
2790 5423 3040 5494 exhibet,
3082 5431 3210 5483 υιιιο
3240 5433 3289 5484 et
3315 5427 3461 5485 desi-

1931 5513 2034 5553 rw.
