3932 6210
454 292 557 350 119

1477 292 1569 346 ΑΙ)
1610 290 1844 346 ΟΡΕΒΑ
1888 289 1941 345 S.
1985 289 2321 345 AMBROSII
2360 289 2745 344 AI’PENIHX.

3701 275 3808 341 1720

451 425 573 475 tum
600 415 885 474 hominem
914 416 1051 473 dicit
1098 432 1342 489 peccare,
1377 417 1642 473 immunis
1681 416 1841 473 debet
1874 415 2052 471 videri
2086 420 2136 478 Α
2167 416 2309 482 duae,
2359 414 2415 468 id
2462 422 2561 481 est,
2608 414 2753 469 bona
2804 422 2857 470 et
2904 415 3065 470 mala.
3102 415 3215 469 Lex
3245 414 3398 470 enim
3431 417 3653 471 mentis
3684 415 3805 488 ipsa

452 526 486 566 a
507 506 761 575 crimine,
794 506 924 581 quia
964 506 1070 563 hoc
1098 506 1230 579 agit,
1263 506 1410 580 quod
1440 523 1550 562 non
1578 507 1720 574 vult,
1752 522 1969 577 pressus
1998 505 2055 560 vi

454 596 738 671 potestatis
757 597 786 653 ?
814 597 936 653 Non
959 596 1188 669 utique;
1223 596 1395 669 ipsius
1416 596 1561 652 enim
1592 595 1734 650 vitio
1764 604 1817 651 et
1846 595 2057 650 desidia

455 690 578 748 haec
616 698 792 764 empta
837 697 985 746 sunt.
1028 694 1123 752 68
1163 688 1303 756 Quia
1331 689 1475 745 enim
1508 687 1849 761 mancipavit
1877 705 1931 743 se
1962 705 2058 760 per

457 802 739 845 assensum
774 796 1015 858 peccato,
1050 786 1175 859 jure
1212 786 1365 841 illius
1412 785 1766 853 dominatur;
1816 786 2055 858 primum

459 875 609 933 enim
633 876 843 944 suadet,
864 883 926 931 ut
951 877 1099 932 victo
1122 874 1238 947 jam
1260 875 1580 931 dominetur
1603 874 1742 947 (83).
1762 875 2059 946 Apostolus

458 973 639 1023 autem
700 972 762 1020 ut
806 964 1035 1037 gratiam
1087 964 1187 1021 Dei
1235 964 1508 1035 praeferat,
1557 964 1674 1019 haec
1720 963 1947 1035 exponit
1992 963 2060 1018 de

457 1054 677 1128 quantis
705 1053 866 1109 malis
912 1054 1195 1111 hominem
1240 1053 1580 1120 liberaverit,
1614 1061 1707 1108 aut
1738 1069 1856 1124 quae
1889 1052 2060 1107 exitia

456 1161 526 1201 ex
557 1144 733 1201 Adam
762 1142 955 1210 trahit,
1010 1159 1133 1215 quae
1176 1157 1309 1197 vero
1356 1140 1626 1197 beneﬁcia
1654 1158 1749 1213 per
1778 1140 2054 1198 Christum

456 1239 784 1289 consecutus
829 1239 911 1287 est
952 1248 963 1286 :
1015 1238 1078 1286 ut
1107 1229 1197 1286 cui
1230 1246 1333 1287 nec
1379 1230 1467 1285 lex
1501 1230 1720 1302 quidem
1768 1229 2059 1285 subvenire

456 1321 658 1394 potuit,
685 1320 1105 1376 demonstraret.

533 1409 718 1480 (Vere.
750 1407 868 1479 21.)
923 1430 942 1453 ‹
986 1405 1215 1462 Invenio
1248 1405 1419 1479 igitur
1468 1406 1639 1477 legem
1683 1408 1891 1463 volenti
1921 1408 2060 1463 mihi

458 1501 638 1557 facere
690 1498 921 1568 bonum,
971 1499 1101 1572 quia
1147 1499 1292 1554 inest
1334 1498 1473 1555 mihi
1524 1501 1749 1556 malum.
1797 1527 1815 1548 ›
1864 1502 2058 1573 Legem

458 1588 637 1661 Moysi
672 1588 864 1644 asserit
896 1588 1171 1644 voluntati
1211 1604 1323 1643 suae
1353 1587 1481 1643 dare
1511 1605 1836 1645 consensum
1869 1600 2061 1647 contra

460 1686 743 1751 peccatum
786 1676 934 1749 quod
968 1678 1026 1732 in
1067 1693 1229 1732 carne
1276 1677 1511 1746 habitat,
1557 1679 1703 1751 quod
1734 1679 1883 1735 aliud
1912 1682 2059 1753 cogit

460 1767 659 1834 facere,
690 1781 853 1838 quam
884 1764 1032 1839 quod
1067 1765 1191 1822 vult
1217 1764 1388 1820 homo
1428 1774 1482 1822 et
1520 1768 1627 1822 lex.

537 1854 719 1925 (Vers.
743 1853 861 1927 22.)
900 1878 917 1901 ι
947 1853 1307 1911 Condelector
1330 1855 1477 1910 enim
1502 1855 1605 1928 legi
1630 1856 1731 1912 Dei
1752 1857 2055 1914 secundum

464 1944 779 2001 interiorem
811 1943 1115 2001 hominem.
1139 1968 1157 1991 ι
1195 1944 1461 2001 Animum
1492 1945 1580 2001 his
1609 1946 1873 2003 oblectari
1898 1947 2054 2017 dicit,

463 2050 637 2108 quaaa
675 2034 789 2105 lege
827 2033 1158 2090 traduntur:
1206 2032 1300 2091 hic
1328 2041 1408 2089 est
1441 2034 1676 2090 interior
1703 2034 1893 2104 homo,
1931 2036 2059 2109 quia

462 2137 573 2179 non
601 2120 661 2178 in
690 2121 877 2178 animo
905 2120 1118 2179 habitat
1144 2129 1452 2195 peccatum,
1502 2122 1596 2178 sed
1626 2124 1684 2178 in
1716 2139 1901 2191 carne,
1938 2142 2058 2197 quae

461 2220 543 2269 est
596 2229 667 2270 ex
718 2213 931 2288 origine
972 2214 1155 2271 carnis
1184 2213 1415 2286 peccati,
1469 2222 1522 2269 et
1554 2229 1650 2285 per
1689 2214 1969 2270 traducem
1997 2214 2059 2271 ﬁt

461 2300 645 2358 omnis
671 2318 798 2359 caro
829 2302 1059 2375 peccati.
1084 2302 1138 2359 Si
1171 2301 1318 2358 enim
1351 2302 1536 2359 anima
1569 2303 1636 2358 de
1667 2302 1890 2359 traduce
1921 2311 2061 2360 esset

461 2398 517 2448 et
543 2390 683 2463 ipsa,
713 2398 767 2447 et
794 2390 855 2445 in
881 2390 999 2463 ipsa
1043 2390 1318 2448 habitaret
1366 2398 1672 2465 peccatum,
1719 2392 1848 2465 quia
1877 2394 2061 2448 anima

462 2479 598 2536 Adae
637 2478 810 2551 magis
850 2479 1121 2551 peccavit,
1165 2496 1328 2552 quam
1372 2496 1606 2552 corpus:
1640 2481 1735 2538 sed
1776 2490 2059 2554 peccatum

463 2567 662 2625 animae
705 2569 953 2640 corrupit
996 2584 1213 2642 corpus.
1262 2571 1325 2625 In
1355 2586 1519 2627 carne
1548 2587 1676 2641 ergo
1705 2572 1821 2642 (84)
1852 2560 2063 2627 habitat

463 2664 746 2732 peccatum
769 2658 924 2730 quasi
954 2657 1023 2714 ad
1047 2656 1245 2730 januas
1275 2660 1493 2729 animae,
1516 2667 1577 2715 ut
1605 2677 1717 2715 non
1748 2661 1899 2715 illam
1928 2676 2061 2731 per-

462 2747 649 2803 mittat
692 2746 772 2803 ire
804 2763 912 2820 quo
946 2749 1087 2804 vult.
1134 2750 1197 2805 In
1242 2750 1428 2804 anima
1481 2757 1663 2804 autem
1694 2750 1741 2803 si
1769 2748 2059 2816 habitaret,

463 2851 746 2908 nunquam
776 2852 833 2892 se
862 2843 1213 2908 cognosceret
1263 2837 1380 2908 (85)
1431 2836 1599 2891 homo
1642 2853 1654 2889 :
1702 2853 1852 2893 nunc
1878 2845 2061 2893 autem

463 2924 744 2995 cognoscit
767 2939 844 2991 se,
873 2932 929 2979 et
952 2922 1361 2982 condelectatur
1388 2924 1493 2995 legi
1521 2925 1640 2980 Dei.

540 3013 724 3083 (Vere.
754 3011 871 3085 23.)
926 3036 945 3060 ι
973 3012 1149 3069 Video
1178 3021 1362 3069 autem
1392 3014 1557 3068 aliam
1586 3014 1760 3086 legem
1790 3014 1847 3070 in
1878 3032 2061 3071 mem—

464 3100 580 3158 bris
608 3100 747 3156 meis
766 3108 1157 3175 repugnantem
1180 3103 1286 3174 legi
1308 3102 1507 3159 mentis
1525 3120 1676 3172 meae,
1700 3112 1753 3160 et
1782 3105 2060 3176 captivum

466 3207 554 3248 me
609 3191 860 3249 ducetem
911 3192 969 3248 in
998 3192 1170 3266 legem
1204 3194 1411 3267 peccati
1442 3211 1561 3268 quas
1591 3202 1672 3251 est
1695 3196 1755 3251 in
1803 3195 2064 3253 membris

464 3280 621 3337 meis.
672 3305 690 3328 ι
740 3283 888 3339 Duas
936 3281 1080 3355 leges
1128 3291 1395 3339 memorat
1440 3301 1510 3339 ex
1563 3284 1765 3357 quibus
1810 3302 1976 3341 unam
2007 3285 2066 3341 in

464 3370 728 3429 membris
766 3372 882 3428 suis
913 3371 1102 3428 videre
1132 3390 1187 3429 se
1226 3373 1453 3447 ﬂagitat,
1488 3374 1545 3430 id
1568 3384 1667 3442 est,
1702 3375 1761 3431 in
1792 3376 2065 3431 exteriore

462 3459 710 3529 homine,
762 3461 861 3533 qui
889 3467 972 3516 est
1020 3477 1147 3516 caro
1176 3463 1265 3516 vel
1308 3478 1527 3533 corpus.
1580 3463 1707 3519 Haec
1734 3472 1816 3519 est
1841 3464 1930 3519 lex
1960 3463 2067 3517 ad-

466 3565 649 3617 versa,
703 3548 825 3604 haec
864 3564 1174 3620 repugnans
1203 3549 1410 3617 animo,
1442 3550 1665 3607 trahens
1693 3552 1852 3607 illum
1882 3552 2066 3624 capti-

466 3653 601 3692 vum
644 3637 704 3692 in
757 3635 1133 3693 conditionem
1185 3638 1415 3709 peccati,
1450 3655 1517 3694 ne
1567 3640 1713 3696 ultra
1753 3642 2066 3714 ingrediens

468 3723 717 3781 inveniat
746 3734 1089 3782 assertorem.
1132 3726 1259 3783 Alia
1297 3734 1378 3782 est
1409 3728 1499 3784 lex
1542 3729 1762 3799 mentis,
1817 3747 1938 3804 quae
1987 3739 2068 3788 est

469 3816 560 3871 lex
614 3815 813 3890 Moysi,
845 3816 932 3872 vel
964 3817 1231 3873 naturalis
1254 3862 1268 3887 ,
1301 3834 1422 3891 quae
1453 3828 1533 3876 est
1577 3822 1639 3875 in
1668 3821 1875 3877 animo.
1939 3822 2067 3877 Haec

465 3921 652 3979 pressa
701 3913 782 3963 est
844 3905 1111 3964 violentia
1165 3910 1397 3982 peccati,
1454 3911 1787 3983 negligentia
1843 3912 2064 3984 quidem

465 4010 583 4064 sua,
636 3994 766 4069 quia
802 3995 935 4053 dum
974 3997 1345 4071 diligitwitia,
1386 3999 1611 4071 subjicit
1639 4017 1695 4056 se
1732 4009 1971 4074 peccato,
2005 4009 2067 4056 ut

467 4092 586 4166 ipsa
637 4092 1035 4150 consuetudine
1090 4102 1369 4151 teneretur
1415 4094 1669 4167 captiva;
1746 4094 2067 4151 dominatur

467 4181 618 4236 enim
673 4178 891 4235 homini
942 4182 1303 4239 consuetudo.
1353 4184 1599 4251 Quatuor
1651 4184 1874 4256 quidem
1922 4185 2067 4256 leges

468 4267 723 4324 nominat
763 4285 775 4322 :
822 4268 1055 4339 primam
1087 4272 1261 4342 legem
1291 4272 1619 4345 spiritalem,
1641 4289 1761 4345 quae
1790 4283 1871 4330 est
1899 4275 2064 4330 etiam

469 4356 760 4424 naturalis,
802 4371 922 4428 quae
951 4358 1248 4416 reformata
1275 4368 1357 4415 est
1392 4377 1487 4433 per
1525 4363 1777 4434 Moysen,
1809 4373 1862 4419 et
1889 4364 2068 4436 posita

470 4445 531 4502 in
578 4445 923 4514 auctoritate,
982 4447 1101 4519 ipsa
1150 4457 1230 4504 est
1286 4448 1384 4505 Dei
1442 4450 1533 4505 lex
1577 4467 1589 4505 :
1639 4450 1836 4507 deinde
1891 4444 2073 4525 legem

472 4534 673 4592 mentis
719 4535 1150 4593 consentientem
1197 4537 1304 4610 legi
1335 4538 1467 4606 Dei;
1497 4540 1713 4596 tertiam
1743 4542 1913 4614 legem
1948 4560 2068 4615 pec-

469 4627 599 4698 cati,
657 4645 821 4702 quam
878 4645 948 4686 ex
1005 4630 1454 4703 praevaricatione
1502 4632 1668 4704 primi
1722 4632 1964 4692 hominis
2008 4636 2066 4691 in

469 4718 735 4775 membris
776 4718 916 4776 dicit
968 4718 1216 4776 habitare
1274 4739 1286 4777 :
1350 4733 1599 4795 quartam
1652 4738 1781 4779 vero
1828 4738 1948 4796 quae
2009 4726 2065 4779 in

468 4808 732 4866 membris
777 4808 1017 4880 videtur,
1062 4809 1194 4866 dum
1238 4811 1383 4869 mala
1421 4812 1680 4885 suggerit,
1735 4822 1788 4871 et
1838 4815 2062 4871 recedit.

467 4896 573 4955 Sed
621 4898 705 4955 has
747 4899 892 4973 leges
927 4899 1136 4957 iteratae
1179 4908 1413 4975 quatuor
1454 4902 1733 4972 videntur,
1788 4921 1915 4962 cum
1954 4904 2066 4960 sint

544 5065 879 5147 (83)_.Codex
921 5068 1109 5147 C_o_rh.,
1144 5075 1203 5147 ut
1231 5071 1428 5147 invicto
1459 5071 1645 5147 vitium
1679 5072 1801 5141 jam
1819 5072 2066 5128 domine-

471 5143 563 5212 tur
574 5137 739 5212 ,'_ali_i_
752 5140 1029 5212 nonnulli,
1061 5137 1119 5194 ut
1146 5142 1331 5197 vitium
1350 5143 1472 5212 jam
1498 5137 1815 5198 dominetur.

690 5207 957 5297 Nonnulli
1009 5207 1163 5280 mss.,
1211 5207 1479 5297 eth-ipsum
1516 5216 1592 5297 in“
1626 5215 1742 5284 ipsa
1781 5214 2062 5297 habitaret.

469 5282 536 5355 In
562 5282 942 5355 animouautem
970 5300 1075 5338 non
1098 5282 1426 5355 permittitur
1450 5282 1690 5338 habitare
1714 5290 1936 5354 propter
1960 5302 2066 5338 ar-

466 5351 932 5426 bitriumititierum
961 5351 1265 5426 uoluntatis.
1300 5356 1475 5426 Igitur
1501 5355 1559 5407 in
1588 5351 1763 5426 carne,
1791 5351 1896 5410 etc.

540 5423 656 5495 (85)
689 5423 861 5481 Iidem
900 5425 1049 5493 cod.,
1090 5426 1137 5480 si
1163 5423 1442 5490 habitaret,
1469 5425 1808 5493 perturbaret
1834 5442 1969 5492 eum,
2005 5442 2067 5480 ne

466 5509 518 5547 se
544 5495 755 5567 omnino
792 5502 1130 5567 cognosceret.

539 5563 656 5636 (86)
687 5563 890 5622 Omnes
916 5566 1076 5631 edit.,
1119 5566 1375 5636 hospitem
1402 5582 1575 5621 secum
1605 5567 1801 5623 habens
1821 5585 1843 5632 ;
1871 5582 2063 5623 omnes

465 5649 596 5693 mss.
605 5677 623 5706 ,
651 5636 848 5694 hostem
870 5652 1043 5693 secum
1069 5636 1282 5693 habens.

2091 4495 2141 4553 D

2165 514 2247 562 est
2273 507 2361 560 lex
2395 505 2678 577 spiritalis,
2717 506 2837 560 sive
2868 505 3067 577 Moysi,
3097 522 3217 577 qua:
3254 514 3495 561 vocatur
3527 507 3623 561 lex
3652 507 3747 562 Dei
3783 524 3798 561 :

2166 596 2375 668 peccati
2425 610 2555 649 vero
2604 595 2691 648 lex
2742 593 2931 648 eadem
2976 599 3055 648 est
3106 610 3225 666 qua:
3271 603 3323 649 et
3371 595 3498 664 illa,
3533 612 3706 668 quam
3734 595 3797 650 in

2167 685 2428 741 membris
2475 684 2611 741 dicit
2656 684 2856 753 videri,
2910 701 3029 757 quae
3070 684 3403 741 contradicit
3442 686 3556 758 legi
3592 685 3798 741 mentis

2167 783 2388 831 nostra}.

2242 866 2421 935 (Vers.
2455 863 2541 931 24,
2575 864 2691 934 25.)
2738 888 2754 909 ‹
2784 863 2985 918 Infelix
3016 881 3112 935 ego
3144 862 3333 931 homo,
3356 863 3487 937 quis
3520 881 3614 919 me
3645 864 3791 919 libe-

2168 955 2311 1010 rabit
2354 955 2419 1009 de
2461 970 2686 1025 corpore
2719 954 2913 1008 mortis
2953 952 3119 1023 hujus
3141 954 3168 1008 εἰ
3217 952 3406 1009 Gratia
3438 954 3545 1009 Dei
3581 970 3683 1025 per
3710 953 3789 1007 1e.

2169 1060 2289 1099 sum
2329 1043 2612 1099 Christum
2652 1041 2950 1098 Dominum
2982 1050 3257 1097 nostrum.
3288 1067 3305 1089 ι
3351 1043 3652 1099 Infelicem
3685 1042 3789 1097 ho—

2170 1142 2373 1196 minem
2405 1139 2560 1207 dicit,
2613 1139 2742 1211 quia
2781 1140 3033 1194 nascitur
3074 1139 3175 1195 sub
3209 1148 3454 1211 peccato.
3499 1139 3781 1212 Numquid

2169 1247 2280 1285 non
2309 1246 2433 1285 vere
2465 1230 2660 1284 infelix
2690 1238 2771 1284 est
2802 1229 2988 1297 homo,
3009 1230 3103 1301 qui
3140 1229 3196 1284 in
3228 1228 3371 1285 hanc
3402 1228 3781 1285 haereditatem

2168 1318 2636 1390 praevaricationis
2691 1318 2973 1385 successit,
3048 1318 3262 1374 hostem
3330 1335 3519 1373 secum
3580 1318 3783 1373 habens

2169 1414 2449 1479 peccatum
2487 1408 2579 1479 (86
2586 1416 2627 1477 ),
2661 1422 2755 1479 per
2786 1408 2944 1480 quod
2966 1407 3033 1462 ad
3061 1408 3219 1463 illum
3250 1406 3462 1463 aditum
3493 1407 3675 1465 habet
3704 1408 3779 1464 Sa-

2168 1498 2361 1552 tanas?
2421 1497 2633 1552 Gradus
2680 1496 2826 1552 enim
2880 1496 3177 1553 fabricavit
3206 1497 3402 1564 Adam,
3427 1512 3529 1568 per
3560 1514 3707 1570 quos
3723 1496 3779 1550 ad

2170 1587 2312 1641 ﬁlios
2343 1584 2458 1657 ejus
2488 1584 2830 1656 exspoliator
2862 1584 3129 1654 ascendit,
3177 1584 3286 1639 nisi
3315 1584 3780 1640 clementissimus

2168 1676 2437 1730 Dominus
2492 1684 2675 1729 motus
2742 1674 3122 1730 misericordia
3177 1674 3405 1745 gratiam
3471 1690 3635 1729 suam
3698 1690 3780 1745 per

2088 1780 2135 1840 Β
2169 1768 2448 1825 Christum
2482 1765 2757 1821 dedisset:
2784 1774 2845 1820 ut
2880 1775 2933 1821 et
2964 1767 3269 1820 relevatum
3306 1764 3426 1837 (87)
3463 1781 3645 1836 genus
3677 1764 3782 1818 hu-

2169 1874 2390 1914 manum
2438 1857 2759 1911 remissione
2802 1865 3149 1928 peccatorum
3184 1863 3433 1926 accepta,
3485 1854 3556 1909 de
3589 1862 3777 1909 caetero

2168 1945 2337 2019 possit
2389 1946 2727 2016 resipiscere,
2787 1960 3042 2015 represso
3101 1951 3154 1998 et
3209 1943 3472 1998 damnato
3540 1950 3775 2013 peccata

2166 2041 2349 2096 Potest
2379 2038 2525 2093 enim
2566 2044 2897 2093 exoneratus
2952 2036 3112 2092 malis
3146 2043 3199 2091 et
3226 2042 3489 2107 purgatus
3529 2036 3779 2090 resistere

2167 2126 2501 2194 adversario,
2559 2134 2826 2198 potestate
2863 2134 3084 2197 recepta
3134 2133 3327 2181 contra
3389 2122 3578 2187 illum,
3653 2122 3775 2177 dum

2169 2216 2460 2289 adjuvatur
2494 2231 2525 2270 a
2560 2218 2695 2271 Deo.
2739 2215 2842 2269 Hic
2870 2214 3026 2286 quasi
3057 2213 3233 2285 legem
3270 2210 3397 2267 ﬁdei
3428 2209 3662 2266 tertiam
3692 2212 3781 2265 in-

2168 2305 2323 2362 ducit
2362 2304 2658 2377 potiorem,
2709 2318 2871 2375 quam
2930 2310 2983 2357 et
3038 2301 3265 2373 gratiam
3301 2306 3509 2356 vocat:
3561 2317 3690 2373 qua:
3719 2317 3777 2355 ex

2170 2397 2284 2467 lege
2337 2402 2520 2449 tamen
2577 2391 2856 2463 spirituali
2916 2390 3188 2462 originem
3260 2389 3446 2457 habet,
3508 2390 3646 2461 quia
3695 2408 3779 2463 per

2169 2484 2312 2540 hanc
2342 2483 2603 2539 liberatus
2641 2492 2720 2551 est
2759 2481 2947 2549 homo,
2991 2489 3053 2535 ut
3085 2479 3216 2553 quia
3241 2480 3461 2551 Moyses
3510 2479 3673 2536 dedit
3702 2482 3779 2536 le-

2171 2590 2313 2644 gem,
2344 2570 2605 2642 deditque
2636 2578 2689 2625 et
2724 2570 3016 2635 Dominus,
3052 2567 3175 2623 duae
3201 2568 3463 2623 dicantur
3497 2584 3511 2622 :
3554 2585 3671 2624 una
3694 2578 3779 2624 ta—

2172 2677 2298 2715 men
2328 2660 2689 2729 intelligatur,
2731 2666 2998 2732 quantum
3032 2657 3099 2712 ad
3132 2673 3362 2712 sensum
3395 2663 3448 2711 et
3477 2657 3779 2728 providen-

2171 2751 2304 2807 tiam
2342 2750 2597 2822 pertinet.
2641 2751 2741 2804 Illa
2770 2749 2918 2804 enim
2968 2748 3250 2803 initiatrix
3280 2754 3362 2803 est
3402 2747 3627 2815 salutis,
3668 2748 3778 2803 hac

2170 2858 2301 2896 vero
2351 2840 2807 2896 consummatrix.
2858 2839 2961 2895 Sed
3019 2856 3133 2894 non
3179 2838 3323 2894 hanc
3376 2846 3597 2910 partem
3653 2840 3779 2910 legis

2170 2930 2315 2996 dico,
2365 2946 2483 3001 qum
2514 2930 2570 2984 in
2619 2927 2935 2984 neomeniis
2977 2934 3057 2982 est
3086 2934 3141 2981 et
3186 2927 3243 2981 in
3274 2926 3706 2983 circumcisione
3732 2934 3781 2981 et

2170 3016 2227 3073 in
2258 3017 2415 3086 escis,
2456 3017 2550 3073 sed
2578 3034 2698 3090 quae
2730 3016 2797 3071 ad
2831 3022 3239 3071 sacramentum
3293 3013 3393 3068 Dei
3442 3015 3687 3086 pertinet
3733 3024 3781 3070 et

2171 3107 2541 3179 disciplinam.
2590 3106 2776 3161 Gratia
2813 3121 2942 3176 ergo
3000 3103 3096 3158 Dei
3140 3118 3235 3173 per
3264 3100 3555 3159 Christum
3590 3104 3778 3159 libera~

2177 3206 2265 3253 tus
2294 3204 2375 3252 est
2401 3196 2572 3251 homo
2622 3195 2687 3251 de
2736 3209 2963 3265 corpore
2993 3190 3191 3246 mortis
3233 3189 3421 3261 hujus.
3470 3193 3629 3248 Hanc
3657 3193 3783 3249 dicit

2176 3294 2429 3355 mortem,
2483 3302 2645 3358 quam
2697 3300 2859 3355 supra
2902 3282 3145 3338 ostendit
3188 3281 3247 3336 in
3292 3298 3487 3337 necem
3546 3283 3784 3339 hominis

2176 3393 2271 3448 per
2291 3384 2578 3448 peccatum
2613 3375 2892 3429 inventam
2922 3371 3065 3445 apud
3090 3372 3300 3426 inferos
3329 3388 3449 3444 quae
3479 3374 3785 3445 appellatur

2176 3466 2415 3523 secunda
2451 3483 2461 3519 :
2515 3481 2712 3534 corpus
2742 3471 2922 3517 autem
2963 3463 3154 3517 mortis
3182 3470 3266 3518 est
3294 3471 3495 3520 cuncta
3526 3473 3779 3536 peccata;

2176 3559 2350 3613 multa
2414 3558 2563 3611 enirn
2630 3572 2802 3610 unum
2871 3571 3073 3627 corpus
3138 3564 3287 3624 sunt,
3356 3558 3575 3629 singula
3634 3558 3781 3631 quasi

2176 3651 2270 3709 69
2303 3645 2547 3699 membra
2589 3658 2700 3697 uno
2732 3650 2956 3698 auctore
2984 3642 3233 3711 inventa,
3284 3661 3352 3700 ex
3383 3645 3592 3717 quibus
3625 3647 3785 3701 homo

2175 3750 2392 3816 ereptus
2413 3742 2585 3814 gratia
2612 3742 2712 3797 Dei
2744 3758 2841 3814 per
2866 3740 3227 3814 baptismum,
3250 3744 3624 3817 supradictam
3648 3762 3784 3800 mor-

2174 3842 2282 3890 tem
2329 3832 2521 3888 evasit.
2576 3833 2763 3904 Neque
2792 3832 2941 3887 enim
2979 3832 3037 3887 in
3069 3850 3264 3890 carneo
3294 3851 3523 3906 corpore
3553 3836 3785 3908 positus.

2175 3923 2241 3979 de
2294 3939 2358 3978 eo
2401 3922 2518 3994 ipso
2567 3931 2815 3993 ereptum
2872 3938 2929 3977 se
2974 3921 3182 3978 diceret
3225 3941 3236 3978 :
3292 3922 3387 3979 sed
3432 3923 3544 3980 hoc
3591 3940 3788 3996 corpus

2175 4011 2341 4080 dixit,
2380 4010 2527 4084 quod
2557 4010 2808 4082 superius
2857 4027 2957 4083 per
3000 4011 3335 4083 baptismum
3374 4019 3429 4067 et
3475 4011 3785 4068 observan-

2175 4101 2307 4155 tiam
2330 4099 2464 4171 legis
2492 4098 2700 4154 destrui
2723 4098 3021 4170 signiﬁcat.
3042 4101 3178 4155 Nam
3199 4108 3253 4156 et
3281 4116 3409 4156 cum
3442 4098 3587 4157 dicit
3612 4118 3623 4156 :
3667 4126 3684 4147 ε
3713 4103 3788 4158 De

2175 4206 2401 4261 corpore
2448 4189 2661 4257 mortis,
2713 4214 2729 4235 -
2779 4189 3023 4245 ostendit
3062 4190 3216 4246 aliud
3260 4206 3459 4263 corpus
3508 4207 3629 4249 esse
3678 4208 3786 4247 non

2176 4277 2390 4331 mortis.

2262 4390 2280 4412 ι
2309 4366 2483 4438 Igitur
2512 4382 2610 4439 ego
2648 4367 2762 4438 ipse
2794 4374 2978 4421 mente
3006 4365 3197 4421 servio
3228 4364 3337 4437 legi
3364 4365 3483 4421 Dei.
3525 4391 3544 4413 ι
3591 4367 3785 4440 Legem

2176 4456 2274 4511 Dei
2304 4474 2429 4512 cum
2460 4457 2616 4525 dicit,
2659 4466 2711 4513 et
2741 4457 2920 4530 Moysi
2958 4455 3237 4528 signiﬁcat
3282 4456 3479 4527 legem,
3521 4464 3577 4513 et
3618 4458 3789 4515 Chri-

2175 4544 2267 4600 sti.
2309 4570 2327 4592 ι
2370 4545 2542 4603 Carne
2574 4553 2755 4602 autem
2784 4546 2892 4617 legi
2923 4546 3153 4618 peccati.
3194 4546 3311 4617 Ego
3339 4546 3453 4616 ipse
3490 4545 3635 4617 (88),
3671 4573 3688 4593 -
3732 4546 3787 4602 id

2176 4642 2275 4700 est,
2306 4636 2400 4707 qui
2431 4634 2692 4691 liberatus
2738 4652 2861 4690 sum
2909 4634 2975 4689 de
3024 4649 3251 4707 corpore
3291 4634 3510 4689 mortis.
3562 4636 3630 4690 In
3658 4653 3786 4692 cor-

2176 4739 2305 4794 pore
2351 4731 2467 4791 est;
2524 4723 2801 4797 quomodo
2842 4723 3110 4779 liberatus
3157 4730 3239 4778 est
3269 4721 3336 4778 de
3384 4738 3616 4794 corpore
3648 4741 3788 4781 mor-

2175 4812 2267 4879 tis,
2299 4812 2407 4867 nisi
2442 4812 2574 4885 quia
2602 4812 2864 4869 liberatus
2890 4822 2971 4873 est
3013 4829 3045 4867 a
3080 4812 3296 4868 cunctis
3321 4811 3482 4865 malis
3505 4810 3534 4867 ?
3579 4813 3787 4869 Remis‘

2177 4902 2258 4959 sio
2286 4902 2433 4959 enim
2474 4913 2820 4975 peccatorum
2855 4903 3041 4960 omnia
3087 4903 3238 4959 tollit
3292 4911 3536 4975 peccata.
3570 4903 3790 4960 Libera-

2251 5071 2367 5142 (87)
2401 5072 2482 5126 Ita
2506 5088 2634 5127 mss.
2662 5072 2850 5142 plures
2876 5069 3257 5142 potioresque:
3284 5068 3377 5124 alii
3395 5085 3528 5125 vero
3556 5078 3612 5125 et
3632 5070 3789 5136 edit,

2176 5144 2256 5197 uti
2284 5145 2592 5211 revelatum,
2624 5141 2727 5198 etc.
2761 5141 2888 5199 Non
2909 5141 3041 5195 satis
3070 5141 3235 5196 reete.

2250 5214 2366 5283 (88)
2400 5215 2555 5269 Rom.
2609 5213 2740 5285 edit.
2785 5213 2920 5279 sola,
2982 5218 3029 5265 et
3063 5213 3284 5268 Christi.
3336 5213 3511 5285 Igitur
3541 5231 3631 5283 ego
3663 5216 3788 5285 ipse.

2176 5284 2307 5350 Quae
2338 5294 2519 5340 autem
2564 5284 2833 5340 continuo
2866 5291 3195 5353 sequuntur,
3244 5283 3420 5339 multo
3451 5283 3792 5341 contractius

2176 5356 2450 5427 colligunt
2505 5356 2627 5411 cod.
2672 5354 2860 5427 Corh.,
2905 5353 3122 5410 Thuan.
3166 5363 3219 5409 et
3265 5354 3475 5427 Remig.
3525 5355 3584 5410 in
3645 5356 3794 5412 hunc

2177 5426 2404 5481 modum
2438 5444 2448 5481 :
2506 5428 2606 5494 Qui
2652 5426 2907 5480 liberatus
2948 5443 3063 5480 sum
3106 5427 3169 5481 de
3209 5442 3367 5480 carne
3412 5426 3603 5481 mortis
3627 5428 3795 5496 juxta

2174 5504 2518 5569 memoratum
2546 5514 2774 5569 sensum,
2814 5504 2978 5552 mente
3015 5499 3096 5553 vel
3126 5496 3307 5552 animo
3337 5498 3510 5552 servio
3543 5499 3645 5569 tegi
3672 5500 3790 5555 Dei.

2174 5568 2297 5622 ΙΙιιτη
2323 5568 2460 5623 enim
2491 5569 2621 5624 liber
2648 5568 2880 5641 animus,
2910 5574 3003 5624 etc.
