3932 6210
209 318 310 376 121

1313 312 1673 373 COMMENT.
1714 312 1784 370 ΙΝ
1822 311 2039 369 EPIST.
2080 311 2176 369 AD
2214 313 2382 370 BOM.
2466 262 2475 267 ἰ

3404 307 3504 367 122

207 451 299 499 tus
326 459 453 516 ergo
475 434 543 499 de
572 457 799 515 corpore
829 440 1024 496 mortis
1054 440 1228 513 gratia
1254 439 1352 496 Dei
1373 456 1467 511 per
1487 438 1789 507 Christum,
1826 444 1878 503 Α
1912 438 2010 495 Dei
2039 437 2273 494 sollicite
2300 438 2615 495 servientes.
2654 462 2673 485 ι
2695 439 2808 494 Lex
2831 435 2977 493 enim
3008 434 3237 507 spiritus
3266 434 3395 490 vita;
3443 433 3502 489 in

220 554 239 579 σι
270 540 454 588 mente
476 557 494 580 ι
537 532 626 587 vel
657 530 846 586 animo
881 552 899 574 ι
930 530 1115 585 servio
1147 530 1255 601 legi
1282 528 1405 594 Dei,
1432 544 1595 584 carne
1625 535 1807 582 autem

205 620 316 694 legi
346 621 574 693 peccati,
610 646 628 668 ›
672 619 729 674 id
759 617 1099 686 est,diaboli,
1131 618 1225 690 qui
1257 634 1353 689 per
1372 615 1672 687 subjectam
1702 615 1809 671 sibi

204 726 429 766 carnem
486 708 866 781 suggestiones
921 707 1095 761 malas
1142 706 1349 777 ingerit
1390 705 1607 760 animae.
1671 703 1811 772 Quia

205 815 336 871 ergo
390 798 598 871 duplex
654 803 739 851 est
775 794 963 863 homo,
1021 810 1183 850 carne
1237 809 1531 851 conversus
1572 800 1626 848 et
1680 793 1810 847 ani—

208 906 304 945 mo
365 888 511 961 (89),
568 885 672 957 legi
727 883 830 940 Dei
885 893 1069 939 mente
1118 883 1324 939 servire
1353 899 1409 938 se
1464 882 1628 950 dixit,
1683 882 1812 954 quia

206 974 433 1033 animus
463 976 698 1033 devotus
729 982 811 1029 est
834 975 967 1040 Deo,
999 980 1054 1028 et
1083 980 1405 1044 recuperata
1433 971 1520 1028 sui
1572 979 1809 1043 potesta-

204 1076 287 1135 te,
346 1079 651 1137 repugnare
707 1069 885 1135 potest
935 1068 1180 1133 peccato,
1239 1059 1384 1134 quod
1438 1076 1533 1132 per
1591 1077 1808 1117 carnem

208 1164 492 1229 operatur.
542 1153 684 1221 Quia
730 1151 874 1207 enim
926 1166 1052 1206 caro
1107 1160 1367 1222 corrupta
1412 1157 1513 1217 est,
1566 1159 1619 1206 et
1644 1150 1810 1206 morti

207 1244 478 1317 subjecta,
536 1259 655 1315 quae
714 1240 786 1295 sit
843 1239 987 1294 facta
1013 1246 1149 1306 erat,
1182 1246 1245 1294 ut
1297 1240 1557 1296 societate
1583 1247 1637 1294 et
1667 1256 1811 1296 con—

202 1333 494 1406 junctione
523 1329 719 1384 animae
748 1344 862 1383 non
884 1334 1213 1395 moreretur,
1244 1328 1453 1399 recepit
1508 1328 1805 1396 desideria,

206 1437 445 1494 quorum
475 1420 630 1492 quasi
668 1435 808 1474 onus
838 1417 1113 1490 quoddam
1146 1417 1405 1474 transfert
1435 1416 1504 1472 ad
1536 1416 1807 1485 animum,

204 1518 269 1566 ut
297 1515 351 1564 et
376 1508 492 1580 ipse
550 1514 807 1579 gravetur
853 1505 993 1578 (90).
1025 1505 1130 1562 Sed
1164 1504 1298 1578 quid
1331 1504 1541 1577 respuit
1601 1504 1755 1560 illam
1781 1505 1810 1562 Τ

205 1600 354 1656 Mors
383 1596 570 1669 gratim
597 1596 719 1653 Dei.

291 1712 309 1733 ι
340 1687 521 1744 Mente
572 1685 757 1742 servio
804 1684 913 1757 legi
943 1684 1067 1753 Dei,
1098 1701 1262 1741 carne
1309 1692 1495 1740 autem
1537 1684 1643 1757 legi
1673 1700 1810 1756 pec-

207 1777 340 1845 cati,
370 1803 389 1823 ι

209 1877 263 1924 et
310 1868 371 1923 in
435 1865 890 1922 consuetudinem
956 1865 1158 1920 bonam
1217 1873 1524 1931 revocatus,
1599 1862 1809 1935 Spiritu

209 1964 399 2013 sancto
428 1955 744 2025 adjuvante,
786 1955 955 2010 malas
994 1955 1368 2026 suggestiones
1417 1960 1595 2026 potest
1647 1970 1810 2025 sper-

209 2063 340 2104 nere
370 2064 384 2114 ;
416 2045 633 2101 reddita
661 2051 744 2099 est
785 2044 933 2099 enim
978 2044 1064 2099 illi
1093 2045 1412 2112 auctoritas,
1467 2059 1573 2116 qua
1613 2043 1810 2099 audeat

212 2135 467 2191 resistere
491 2133 740 2189 inimico.
768 2133 872 2201 Qui
897 2134 1046 2188 enim
1072 2132 1187 2205 jam
1243 2150 1353 2188 non
1394 2139 1476 2188 est
1504 2132 1804 2199 obnoxius,

212 2223 446 2280 minime
486 2223 685 2294 poterit
717 2223 956 2294 indagari
1014 2223 1224 2278 invitus
1256 2222 1396 2294 (91).
1433 2221 1572 2278 Caro
1595 2236 1601 2241 ’
1623 2228 1806 2277 autem

214 2312 348 2385 quia
373 2310 648 2383 judicium
678 2327 790 2367 non
820 2311 1003 2379 habet,
1033 2327 1209 2384 neque
1239 2328 1413 2382 capax
1458 2317 1540 2366 est
1591 2309 1808 2365 discer—

210 2399 380 2456 nendi
413 2400 520 2471 (est
555 2399 700 2454 enim
730 2399 891 2455 bruta
918 2404 1162 2471 natura),
1211 2415 1322 2455 non
1356 2407 1535 2471 potest
1578 2398 1808 2454 inimico

215 2490 429 2547 aditum
461 2488 736 2556 claudere,
768 2505 835 2545 ne
862 2491 1090 2546 veniens
1136 2489 1394 2556 introeat,
1428 2495 1588 2561 atque
1624 2489 1809 2544 animo

214 2580 491 2638 contraria
552 2579 794 2647 suadeat,
852 2596 916 2636 ac
965 2595 1061 2652 per
1116 2579 1256 2636 hoc:
1339 2603 1356 2625 ι
1405 2579 1600 2646 Carne,
1646 2604 1664 2625 ι
1707 2576 1805 2647 ait,

228 2693 246 2715 ε
285 2669 464 2725 servio
491 2669 612 2740 {legi
670 2668 897 2740 peccati.
958 2694 978 2716 ι
1055 2667 1192 2724 Cum
1258 2667 1405 2723 enim
1445 2684 1589 2723 unus
1640 2665 1809 2722 homo

218 2774 379 2813 carne
419 2765 631 2815 constet
689 2764 743 2812 et
795 2758 999 2824 anima,
1043 2773 1113 2812 ex
1151 2757 1249 2813 illa
1287 2765 1441 2830 parte
1476 2773 1584 2829 qua
1636 2756 1805 2827 sapit,

215 2848 330 2904 Deo
358 2847 526 2902 servit
560 2864 572 2903 :
607 2863 676 2902 ex
706 2847 877 2902 altera
918 2854 1100 2901 autem
1150 2862 1255 2918 qua
1293 2846 1529 2901 stolidus
1570 2851 1670 2912 est,
1702 2843 1807 2915 legi

215 2936 443 3008 peccati.
475 2935 531 2993 Si
561 2944 741 2992 autem
770 2935 937 2991 homo
967 2937 1025 2991 in
1056 2950 1125 2991 eo
1151 2935 1299 3008 quod
1330 2936 1507 2991 factus
1539 2943 1639 3003 est,
1674 2951 1807 3006 per—

215 3023 484 3093 durasset,
516 3042 627 3081 nou
654 3032 795 3081 esset
820 3031 1063 3097 potestas
1092 3025 1318 3079 inimico
1346 3024 1415 3079 ad
1443 3041 1662 3079 carnem
1692 3013 1808 3096 ejus

212 3113 492 3183 accedere,
520 3104 573 3171 et
602 3115 799 3170 animae
850 3115 1128 3172 contraria
1169 3131 1471 3169 susurrare.
1508 3114 1579 3169 Ut
1624 3120 1807 3168 autem

214 3211 369 3259 totus
396 3203 565 3259 homo
594 3202 827 3258 minime
855 3210 1139 3274 reparatus
1160 3202 1355 3256 fuisset
1383 3200 1590 3256 Christi
1640 3200 1812 3270 gratia

214 3294 287 3350 ad
343 3303 547 3351 statum
603 3293 925 3366 pristinum,
980 3291 1253 3347 sententia
1312 3289 1530 3345 obstitit
1592 3288 1716 3343 data
1759 3289 1816 3343 in

210 3383 396 3440 Adam
431 3384 589 3455 (Gen.
641 3397 727 3446 III,
780 3379 909 3449 l7);
955 3379 1211 3449 iniquum
1255 3377 1403 3433 enim
1439 3383 1553 3433 erat
1608 3376 1819 3432 solvere

208 3470 557 3529 sententiam
622 3467 747 3540 jure
820 3466 1217 3539 deproniptam.
1281 3465 1492 3522 Idcirco
1567 3471 1819 3521 manente

207 3560 515 3626 sententia,
545 3556 894 3629 providentia
922 3556 1022 3612 Dei
1046 3554 1349 3611 remedium
1381 3555 1668 3610 inventum
1714 3561 1815 3621 est,

212 3657 279 3705 ut
328 3646 715 3703 redhiberetur
753 3644 971 3700 homini
1026 3645 1191 3711 salus,
1228 3660 1392 3716 quam
1434 3643 1657 3715 proprio
1676 3642 1817 3698 vitio

211 3738 498 3804 amiserat,
531 3743 592 3791 ut
618 3735 711 3791 hic
744 3741 970 3791 sanatus
1002 3732 1248 3789 crederet
1280 3732 1398 3805 (92)
1448 3732 1578 3805 quia
1616 3732 1808 3788 adver-

211 3826 395 3884 sarius
419 3824 538 3897 ejus
574 3824 826 3880 devictus
852 3823 1099 3896 potentia
1145 3822 1375 3889 Christi,
1425 3838 1532 3877 non
1565 3821 1813 3889 auderet,

211 3921 575 3988 transpuncta
593 3914 866 3970 sententia
899 3913 1091 3986 prima!
1125 3912 1319 3968 mortis
1340 3955 1355 3980 ,
1405 3911 1685 3968 hominem
1709 3911 1816 3968 sibi

215 4003 534 4072 defendere,
582 4002 823 4059 adunato
864 4018 1059 4074 genere
1092 4001 1245 4069 Adae,
1276 4017 1344 4056 ne
1374 4000 1441 4056 ad
1469 4001 1660 4074 prima:
1708 4000 1815 4056 ori-

220 4094 367 4168 ginis
398 4092 720 4150 redderetur
748 4092 1016 4149 facturam
1034 4090 1147 4163 jam
1179 4098 1329 4147 totus
1356 4106 1683 4164 permanens
1717 4088 1818 4144 im-

218 4184 493 4242 mortalis.

802 4274 1033 4332 CAPUT
1068 4273 1215 4330 VIII.

295 4394 484 4466 (Vers.
513 4394 562 4461 1,
586 4392 638 4449 2.
672 4392 691 4463 )
738 4415 756 4438 ι
785 4390 939 4447 Nihil
989 4406 1117 4461 ergo
1146 4404 1295 4446 nunc
1322 4388 1694 4445 damnationis
1740 4396 1823 4446 est

221 4483 294 4539 iis
322 4482 419 4556 qui
450 4489 581 4537 sunt
634 4482 693 4537 in
737 4480 960 4538 Christo
1008 4479 1153 4547 Jesu,
1205 4478 1300 4552 qui
1359 4496 1468 4535 non
1515 4479 1820 4535 secundum
1849 4515 1898 4575 Β

222 4587 443 4629 carnem
475 4570 780 4626 ambulant.
807 4596 824 4618 ι
866 4569 1071 4626 Verum
1101 4575 1201 4636 est,
1228 4568 1356 4641 quia
1415 4568 1570 4623 nulla
1599 4567 1818 4624 damna-

222 4661 301 4717 tio
330 4668 414 4716 est
460 4659 661 4715 horum
697 4660 792 4732 qui
820 4667 949 4715 sunt
998 4658 1055 4713 in
1085 4657 1307 4715 Christo
1358 4658 1485 4714 Iesu
1517 4657 1657 4731 (93),
1710 4657 1817 4731 legi

286 4869 413 4945 (89)
441 4869 600 4945 item.
632 4866 793 4945 edit.,
823 4883 982 4922 carne
1013 4872 1281 4945 concretas
1304 4873 1351 4921 et
1379 4866 1580 4922 animo.

295 4934 415 5010 (90)
448 4941 573 4996 Vet.
632 4939 778 4995 edit.-
822 4954 885 4994 ac
939 4950 1070 4992 mss.
1103 4937 1347 5010 quidam,
1381 4954 1610 5007 quorum
1663 4934 1820 5005 quasi

222 5008 475 5066 honorem
501 5011 778 5081 quemdam
803 5008 1267 5082 (mssrnonnulli,
1305 5010 1596 5078 quondam)
1629 5014 1818 5082 transf

220 5083 326 5152 fert
384 5083 457 5137 ad
509 5076 768 5152 animam,
810 5076 869 5135 at
914 5080 1070 5152 etiam
1104 5079 1210 5149 ipse
1257 5076 1531 5152 generetur
1565 5076 1819 5152 :_c_aeteri

224 5148 375 5218 vero,
416 5161 472 5209 et
499 5151 635 5208 edit.
674 5154 832 5207 Itom.
854 5160 916 5206 ut
948 5151 1006 5206 in
1036 5148 1439 5210 contextu,uisi
1472 5148 1623 5219 quod
1654 5150 1816 5204 Rom.

220 5225 353 5280 edit.
381 5225 624 5297 praifert,
651 5223 890 5297 utetiam
924 5228 1229 5297 mereretur:
1264 5221 1337 5274 At
1370 5219 1647 5297 continuo
1697 5225 1820 5289 post

223 5290 542 5375 Romiedit.
568 5294 873 5375 leposuit:
934 5293 1034 5349 Sed
1062 5292 1204 5375 quia.
1227 5290 1631 5375 repulitpillar‘n
1668 5306 1820 5375 imor-

223 5373 319 5422 tem
341 5367 525 5437 gratia
559 5360 678 5431 Dei,
700 5364 827 5437 ait;
858 5380 957 5435 pro
977 5380 1040 5418 eo
1062 5360 1213 5437 quod
1238 5369 1347 5437 vet.
1399 5360 1563 5437 edit;
1594 5360 1818 5437 habent,

221 5440 319 5494 Sed
342 5431 480 5509 quid
514 5436 731 5509 respuit
760 5431 912 5489 illam
953 5431 1249 5509 moriem_?_
1281 5431 1473 5488 Gratia
1518 5431 1618 5509 Dei
1643 5449 1660 5509 _;
1684 5448 1817 5509 tnss.

221 5501 372 5576 vero;
414 5516 480 5564 ut
508 5508 566 5563 in
595 5501 885 5571 contextu,
914 5504 1021 5558 nisi
1055 5505 1201 5576 quod
1236 5504 1426 5573 legunt
1456 5503 1570 5573 qui,
1604 5501 1697 5557 ubi
1721 5518 1823 5557 nos

220 5596 287 5637 ex
315 5587 437 5655 ant.
476 5579 611 5636 edit.
644 5576 1153 5655 retinu’imusquid.
1185 5576 1287 5631 Est
1312 5580 1497 5631 autem
1525 5591 1669 5631 mors
1696 5591 1819 5648 gra-

222 5654 307 5709 tia:
335 5652 438 5709 Dei
469 5666 620 5706 mors
649 5649 769 5723 ipsa
808 5646 1043 5705 Christi.

1916 528 2138 586 Christo
2159 529 2285 584 Iesu
2315 528 2569 584 liberavit
2597 546 2684 584 me
2714 545 2745 583 a
2772 529 2887 599 lege
2918 525 3123 599 peccati
3153 532 3208 581 et
3236 524 3448 580 mortis.
3469 549 3487 571 ι

1916 619 2276 675 Securitatem
2314 620 2519 691 ﬂagitat
2545 619 2762 675 homini
2798 635 2893 691 per
2925 618 3154 690 gratiam
3190 616 3312 684 Dei,
3344 624 3405 672 ut
3433 615 3503 671 de

1917 708 2362 780 suggestionibus
2388 708 2591 764 diaboli
2621 724 2734 764 non
2764 708 2838 763 sit
2869 708 3163 773 sollicitus,
3194 704 3502 762 dummodo

1918 804 2137 870 spernat
2166 798 2308 864 illas,
2335 796 2478 853 nihil
2509 797 2655 852 enim
2686 797 2917 853 oberunt
2946 797 3162 853 homini
3199 796 3343 869 apud
3362 811 3502 851 mor-

1918 893 2029 941 tem
2060 885 2378 953 secuudam,
2400 886 2529 957 quia
2549 885 2639 940 lex
2659 884 2809 952 ﬁdei,
2832 884 2888 939 id
2903 892 2984 938 est
2997 881 3504 955 spiritus,liberavit

1918 976 2203 1034 hominem
2230 994 2261 1034 a
2288 986 2463 1034 morte
2509 976 2772 1044 secunda,
2819 975 3079 1031 damnato
3107 984 3328 1047 peccato
3361 993 3372 1029 :
3406 990 3506 1030 nec

1918 1065 2072 1122 obest
2095 1066 2209 1138 jam
2242 1065 2477 1133 homini,
2536 1064 2665 1137 quia
2701 1064 2883 1120 carnis
2920 1063 3063 1120 inest
3104 1072 3411 1136 peccatum,
3459 1062 3505 1117 si

1920 1154 2084 1209 modo
2138 1161 2400 1226 repugnet
2455 1154 2558 1221 illi,
2618 1169 2833 1208 memor
2881 1151 3079 1207 auxilii
3124 1150 3261 1207 Dei:
3312 1149 3405 1205 sed
3452 1156 3508 1204 et

1920 1243 2267 1299 coronandus
2294 1251 2397 1310 est,
2430 1242 2525 1315 qui
2581 1242 2788 1314 peccati
2820 1242 2878 1297 in
2917 1257 3080 1297 carne
3108 1237 3382 1295 manentis
3394 1253 3508 1309 pre-

1918 1337 2021 1390 mit
2075 1333 2350 1399 consilia;
2397 1349 2590 1404 magna
2633 1332 2784 1387 enim
2824 1332 3049 1387 solertia
3097 1337 3178 1385 est
3222 1327 3509 1384 domestici

1918 1426 2093 1482 hostis
2112 1423 2345 1480 insidias
2374 1424 2599 1479 evitare.
2636 1424 2749 1478 Lex
2781 1439 2910 1495 ergo
2939 1421 3167 1494 spiritus
3198 1420 3345 1487 vitae,
3395 1419 3511 1490 ipsa

1917 1522 2001 1570 est
2034 1515 2123 1569 lex
2152 1512 2280 1568 ﬁdei
2318 1531 2329 1567 :
2355 1528 2480 1567 nam
2510 1520 2564 1567 et
2590 1510 2798 1583 Moysis
2820 1511 2909 1565 lex
2951 1509 3219 1581 spiritalis
3247 1516 3348 1576 est,
3380 1505 3511 1578 quia

1919 1601 2177 1675 prohibet
2206 1616 2429 1674 peccare
2461 1619 2474 1667 ;
2508 1616 2620 1655 non
2652 1606 2837 1655 tamen
2871 1596 3023 1663 vitae,
3053 1597 3181 1668 quia
3210 1596 3317 1651 reis
3353 1611 3511 1649 mor-

1918 1690 1991 1746 tis
2016 1698 2236 1761 peccata
2262 1690 2537 1743 remittere
2595 1704 2706 1742 non
2737 1693 2935 1757 potest,
2991 1692 3053 1739 ut
3107 1684 3355 1740 viviﬁcet
3396 1699 3508 1739 mo-

433 1776 576 1832 sicut
603 1776 813 1831 dictum
862 1783 962 1831 est.
1021 1776 1139 1831 ἔδω
1192 1775 1341 1831 enim
1379 1775 1520 1830 liber
1567 1775 1804 1842 animuS,
1836 1804 1883 1863 B
1918 1780 2123 1837 rituros
2152 1778 2291 1849 (94).
2317 1779 2443 1833 Haec
2470 1793 2602 1832 vero
2633 1777 2764 1849 quia
2810 1783 2863 1830 et
2893 1789 3119 1847 peccare
3148 1789 3259 1828 non
3287 1773 3428 1839 vult,
3455 1780 3510 1827 et

1918 1886 1950 1925 a
1975 1874 2151 1923 morte
2178 1874 2417 1933 revocat,
2466 1865 2557 1920 lex
2601 1864 2828 1936 spiritus
2864 1863 2994 1919 vitae
3038 1862 3365 1934 appellatur,
3397 1876 3508 1914 non

1918 1974 2014 2030 per
2067 1957 2305 2011 litteram
2364 1963 2637 2022 constans,
2696 1954 2791 2010 sed
2847 1953 3123 2025 spiritum,
3168 1949 3300 2023 quia
3346 1948 3510 2005 corde

1917 2044 2181 2112 creditur,
2212 2053 2265 2099 et
2293 2043 2522 2116 spiritus
2550 2052 2652 2117 est,
2680 2044 2827 2117 quod
2859 2042 3122 2100 creditur.
3165 2042 3293 2097 Haec
3324 2040 3509 2111 itaque

1918 2135 2008 2191 lex
2034 2134 2092 2190 in
2123 2139 2216 2196 70
2248 2133 2470 2190 Christo
2499 2134 2645 2202 Jesu,
2697 2133 2804 2190 hoc
2827 2142 2928 2200 est,
2959 2148 3055 2205 per
3081 2131 3246 2187 ﬁdem
3279 2127 3506 2186 Christi.

1918 2232 2115 2288 liberat
2161 2230 2473 2287 credentem
2531 2248 2562 2287 a
2621 2232 2741 2304 lege
2771 2231 2981 2304 peccati
3026 2238 3081 2286 et
3128 2228 3342 2283 mortis.
3395 2225 3509 2280 Lex

1916 2320 2124 2392 peccati
2156 2328 2257 2387 est,
2290 2336 2456 2393 quam
2494 2320 2553 2375 in
2596 2321 2858 2376 membris
2886 2320 3025 2376 dicit
3068 2317 3343 2383 habitare,
3379 2330 3503 2387 quas

1916 2409 2143 2465 suadere
2200 2410 2399 2465 nititur
2453 2409 2725 2465 adversa:
2783 2409 2875 2464 lex
2921 2424 3051 2465 vero
3092 2405 3288 2463 mortis
3327 2400 3507 2474 Moysi

1917 2498 2008 2554 lex
2028 2504 2129 2565 est,
2160 2498 2291 2570 quia
2332 2497 2629 2553 mortiﬁcat
2674 2505 3005 2569 peccatores.
3035 2496 3174 2551 Nam
3217 2500 3271 2549 et
3324 2491 3381 2546 in
3402 2491 3512 2546 alia

1917 2587 2151 2660 epistola
2187 2585 2332 2641 inter
2388 2593 2584 2641 caetera
2641 2585 2778 2642 dicit
2833 2586 2901 2643 de
2949 2583 3277 2640 auctoritate
3327 2579 3506 2650 legis:

1932 2700 1949 2724 ‹
1977 2675 2033 2732 Si
2062 2674 2395 2730 ministratio
2436 2675 2630 2729 mortis
2658 2674 2895 2730 formata
2924 2675 2982 2729 in
3014 2671 3290 2745 lapidibus
3324 2667 3432 2724 fuit
3453 2666 3510 2722 in

1916 2764 2089 2839 gloria
2120 2764 2209 2837 (II
2238 2763 2362 2819 Cor.
2395 2779 2480 2832 III,
2512 2763 2588 2835 7).
2622 2788 2640 2810 ι

1986 2884 2107 2940 Non
2138 2898 2266 2953 ergo
2308 2881 2624 2937 mirandum
2651 2880 2696 2938 si
2755 2881 2846 2936 lex
2875 2878 3140 2953 spiritalis
3176 2878 3415 2943 dicatur,
3460 2880 3515 2930 et

1918 2972 2010 3027 lex
2078 2971 2294 3039 mortis,
2359 2988 2485 3027 cum
2551 2978 2605 3026 et
2667 2970 3035 3043 Evangelium
3091 2967 3282 3025 eodem
3349 2962 3513 3020 modo

1918 3060 2010 3115 sit.
2043 3060 2193 3117 Dicit
2223 3059 2370 3115 enim
2402 3059 2512 3115 alio
2536 3060 2656 3116 loco
2703 3059 2848 3115 inter
2875 3067 3071 3115 caetera
3102 3076 3113 3114 :
3163 3082 3180 3105 ι
3206 3055 3350 3112 Aliis
3375 3052 3514 3108 odor

1844 3160 1888 3219 ο
1923 3148 2053 3203 vitae
2108 3148 2176 3202 ad
2230 3148 2422 3215 vitam,
2457 3147 2581 3202 aliis
2629 3147 2764 3202 odor
2799 3149 2992 3203 mortis
3039 3146 3107 3203 ad
3167 3141 3521 3213 mortem(ll

1934 3236 2058 3291 Cor.
2118 3253 2177 3302 η,
2238 3235 2349 3305 16).
2382 3259 2400 3280 ι
2469 3234 2618 3299 Quos
2674 3234 2819 3288 enim
2872 3232 3060 3303 opinio
3098 3233 3393 3297 virtutum,
3425 3236 3520 3284 aut

1930 3338 2111 3378 rerum
2167 3329 2436 3393 gestarum
2486 3321 2639 3375 visus
2692 3327 2787 3375 aut
2833 3319 3053 3375 auditus
3103 3317 3410 3375 attrahebat
3454 3316 3521 3373 ad

1931 3410 2116 3478 ﬁdem,
2163 3410 2249 3465 his
2279 3409 2415 3465 odor
2462 3408 2589 3464 vitae
2628 3417 2744 3464 erat
2781 3408 3144 3480 Evangelium
3181 3426 3192 3462 :
3245 3407 3357 3462 illis
3415 3422 3522 3461 au-

1929 3506 2041 3554 tem
2096 3514 2332 3571 quorum
2372 3514 2592 3554 sensum
2639 3496 3018 3553 inﬂammabat
3046 3498 3189 3554 facta
3234 3496 3413 3551 virtus
3451 3493 3518 3550 ad

1928 3589 2437 3658 contradicendum,
2485 3590 2681 3647 mortis
2725 3596 2841 3645 erat
2869 3588 3005 3644 odor
3049 3588 3365 3661 praedicatio
3393 3586 3520 3642 ﬁdei

1932 3680 2071 3750 (95).
2113 3680 2231 3735 Una
2250 3695 2376 3750 ergo
2401 3694 2529 3734 cum
2582 3677 2654 3733 sit
2682 3677 2838 3746 ﬁdes,
2888 3678 3265 3734 diversitatem
3302 3683 3524 3749 praastat

1929 3767 2271 3836 hominibus,
2300 3767 2445 3823 sicut
2472 3775 2525 3822 et
2553 3768 2634 3823 sol
2661 3784 2787 3823 cum
2818 3767 2891 3823 sit
2919 3784 3083 3835 unus,
3115 3784 3296 3823 ceram
3321 3766 3517 3832 solvit,

1928 3858 2108 3912 lutum
2140 3874 2270 3914 vero
2294 3857 2534 3930 stringit.
2565 3858 2683 3924 Qua
2714 3874 2844 3929 ergo
2899 3858 3024 3930 quis
3053 3867 3235 3912 mente
3264 3856 3525 3911 odoratus

1930 3947 2097 4003 fuerit
2129 3946 2318 4015 ﬁdem,
2353 3947 2433 4002 sic
2453 3956 2507 4002 et
2533 3946 2785 4017 proﬁciet
2816 3944 2920 4000 illi.
2954 3944 3060 4000 Sed
3089 3944 3296 4000 dicitur
3332 3943 3474 3999 forte
3508 3961 3519 3998 :

1929 4037 1987 4094 Si
2034 4036 2221 4093 eadem
2252 4043 2467 4109 praestat
2524 4034 2660 4090 ﬁdes
2712 4050 2833 4105 quae
2864 4042 2917 4088 et
2946 4034 3056 4101 lex,
3089 4049 3188 4089 cur
3222 4048 3332 4088 non
3357 4033 3522 4088 etiam

1930 4127 2049 4199 ipsa
2074 4144 2144 4183 ex
2166 4134 2317 4199 parte
2369 4125 2460 4179 lex
2512 4123 2707 4179 mortis
2731 4123 2949 4179 dicatur
2977 4123 3005 4178 ?
3050 4122 3347 4179 mortiﬁcat
3375 4122 3522 4178 enim

1930 4231 2044 4270 non
2072 4214 2374 4271 credentes.
2423 4213 2528 4270 Sed
2584 4218 2697 4269 Iron
2739 4212 2816 4268 ita
2845 4219 2944 4271 est.
2999 4211 3159 4268 Fides
3217 4211 3363 4268 enim
3398 4211 3526 4269 data

1931 4312 2012 4360 est
2037 4319 2157 4376 qua)
2208 4301 2477 4374 justiﬁcat
2516 4301 2896 4375 confugientes
2925 4301 2994 4357 ad
3051 4318 3127 4370 se,
3175 4310 3237 4358 ut
3273 4302 3524 4358 remittat

1932 4391 2029 4461 eis,
2057 4409 2192 4465 quos
2222 4393 2311 4447 lex
2340 4398 2488 4449 tenet
2519 4408 2639 4448 reos
2664 4410 2678 4459 ;
2712 4399 2774 4447 ut
2801 4399 3023 4463 agentes
3063 4390 3166 4447 sub
3195 4390 3325 4460 ﬁde,
3359 4390 3520 4447 liberi

1931 4483 2092 4539 sinta
2119 4489 2340 4553 peccato
2369 4500 2380 4537 :
2421 4498 2546 4537 nam
2576 4481 2679 4537 sub
2710 4481 2826 4554 lege
2864 4488 3082 4553 agentes
3109 4479 3339 4536 obnoxii
3372 4488 3521 4536 sunt.

1931 4571 2037 4639 Qui
2064 4588 2190 4645 ergo
2211 4587 2322 4627 non
2352 4570 2621 4627 obediunt
2648 4569 2798 4638 ﬁdei,
2831 4586 2942 4625 non
2974 4568 3299 4625 occidentur
3326 4585 3357 4624 a
3389 4567 3520 4635 ﬁde,

1926 4662 2020 4719 sed
2048 4662 2236 4736 alege,
2268 4661 2398 4734 quia
2440 4677 2552 4717 non
2582 4659 2901 4717 accedentes
2943 4658 3013 4715 ad
3043 4658 3232 4733 ﬁdem,
3285 4657 3365 4712 rei
3426 4663 3520 4710 te-

2065 4866 2117 4935 1)
2152 4864 2356 4920 Omnes
2384 4862 2542 4930 edit.,
2570 4860 2822 4931 indagari
2851 4859 2907 4913 in
2926 4856 3089 4923 vitiis,
3124 4869 3317 4911 omnes
3365 4870 3520 4922 mss.,

2059 4936 2181 5060 gari
2208 4935 2424 5014 invitus.

2106 5009 2119 5060 l
2151 5004 2417 5060 Nonnulli

1927 4865 2057 4989 ίηιὶἓί

2026 4996 2119 5075 9Ξ)
2151 5004 2417 5060 Nonnulli
2450 5019 2603 5068 mss.,
2630 5006 2688 5054 ut
2714 5000 2796 5054 hic
2824 5005 3040 5075 renatus
3066 4996 3316 5075 crederet.
3371 4997 3526 5075 Infra

2002 5008 2119 5075 (92)
2151 5008 2417 5060 Nonnulli
2450 5019 2603 5068 mss.,
2630 5008 2688 5054 ut
2714 5008 2796 5054 hic
2824 5008 3040 5053 renatus
3066 5008 3316 5053 crederet.
3372 5008 3517 5052 Intra

1929 5092 2060 5131 vero
2089 5075 2186 5131 ubi
2216 5090 2404 5129 omnes
2434 5089 2563 5127 mss.
2593 5087 2655 5127 ac
2683 5077 2791 5126 vet.
2842 5068 2999 5139 edit.,
3042 5088 3105 5125 ne
3151 5070 3349 5141 prima:
3407 5068 3517 5124 ori-

1927 5147 2092 5224 ginis,
2104 5148 2274 5224 Brom.
2309 5144 2443 5224 edit.
2477 5149 2813 5224 reposuerat,
2835 5143 3129 5224 tit-primae,
3152 5151 3262 5198 etc.

2003 5213 2120 5288 (93)
2149 5216 2285 5273 Cod.
2311 5214 2477 5288 Corb:
2505 5213 2802 5288 etquidam
2838 5213 2954 5281 alii,
2979 5216 3159 5288 nulla
3205 5214 3309 5268 erit
3361 5214 3526 5288 dam-7

1928 5285 2075 5343 natio
2100 5285 2287 5342 eorum
2316 5286 2409 5356 qui
2438 5285 2730 5341 Christiani
2785 5293 2925 5340 sunt.
2958 5285 3031 5339 At
3063 5300 3224 5340 versu
3274 5286 3525 5357 sequenti

1932 5362 2088 5440 Rom.
2130 5358 2264 5413 edit.
2298 5355 2423 5414 cum
2448 5374 2573 5413 mss.
2602 5357 2906 5424 nonnullis,
2938 5356 3209 5412 devotione
3234 5355 3523 5412 animiser-

1935 5437 2143 5485 utentes.

2003 5500 2119 5569 (94)
2158 5499 2361 5555 Omnes
2419 5499 2575 5567 edit.,
2616 5504 2674 5553 ut
2725 5497 2952 5569 viviﬁcet
2999 5505 3287 5564 mortuos;
3335 5515 3525 5557 omnes

1935 5587 2097 5624 prone
2123 5569 2310 5624 scripti
2341 5569 2511 5624 cod...
2540 5569 2855 5624 morituros.

1931 5587 2097 5698 prose
2123 5578 2310 5642 scripti
2341 5578 2511 5625 cod...
2540 5578 2855 5624 morituros.

2001 5643 2020 5714 (
2059 5640 2119 5713 5)
2146 5641 2275 5698 Mss.
2307 5640 2455 5697 haud
2474 5640 2654 5712 pauci,
2676 5641 3064 5711 praevaricatio
3088 5641 3230 5717 ﬁdei.
