3932 6210
410 301 513 360 123

1415 299 1511 352 AD
1551 295 1786 354 OPERA
1822 294 1879 350 S.
1924 288 2265 348 AMBROSII
2304 284 2686 344 APPENDIX.

3625 285 3732 346 124

406 437 607 488 nentur
630 445 663 486 a
689 429 806 501 lege
834 445 845 483 :
876 426 1106 500 ideoque
1126 441 1317 484 omnes
1335 424 1430 499 qui
1465 423 1608 479 malo
1635 420 1822 477 animo
1850 418 1985 476 odo-
2019 419 2071 478 A
2096 416 2343 484 Satanas,
2375 413 2562 471 amisit
2602 412 2915 470 dominium
2971 419 3310 470 retentarum
3368 411 3690 471 animarum
3709 456 3728 482 ,

407 527 602 577 rantur
630 517 798 574 verba
824 516 976 585 ﬁdei,
1006 525 1292 573 remanent
1319 515 1378 570 in
1400 521 1593 568 morte.

479 607 780 664 Videamus
809 623 962 662 nunc
993 605 1127 678 quid
1147 604 1364 661 intersit
1391 619 1516 660 cum
1548 599 1754 656 dicitur
1785 598 1875 654 lex
1896 596 2002 668 spi.

409 695 587 752 ritalis
616 703 669 751 et
697 695 787 751 lex
818 693 1064 766 spiritus.
1103 694 1219 750 Hoc
1248 693 1496 758 interest,
1528 689 1655 762 quia
1685 685 1897 744 idcirco
1923 684 2004 740 di-

408 785 552 842 citur
599 786 692 842 lex
747 784 1030 857 spiritalis,
1065 783 1195 856 quia
1231 789 1499 855 praecepta
1563 780 1678 848 dat,
1738 794 1833 850 per
1884 793 2004 849 quae

410 891 520 932 non
549 881 827 949 peccetur,
860 873 991 946 quia
1015 872 1107 945 qui
1154 888 1264 927 non
1301 879 1510 944 peccat,
1543 869 1810 941 spiritalis
1847 883 2004 924 vocao

409 974 542 1021 tur:
578 964 810 1020 aemulus
854 961 1226 1034 superiorum,
1267 960 1324 1016 id
1373 967 1474 1026 est,
1520 957 1828 1014 ccelestium
1862 957 2002 1028 (96).

406 1055 518 1109 Lex
572 1059 755 1108 autem
835 1051 1066 1123 spiritus
1163 1057 1452 1123 propterea
1537 1057 1785 1114 vocatur,
1873 1045 2004 1119 quia

403 1144 568 1211 Deus,
626 1140 787 1214 cujus
841 1141 980 1198 ﬁdes
1037 1147 1140 1208 est,
1188 1140 1417 1213 spiritus
1508 1147 1609 1194 est.
1677 1136 1802 1193 Illic
1880 1152 2007 1208 ergo

407 1232 574 1288 verba
606 1240 757 1300 sunt,
809 1230 903 1288 hic
933 1247 1018 1287 res
1050 1248 1064 1298 ;
1100 1230 1218 1287 illic
1259 1245 1380 1303 quae
1408 1227 1507 1285 Dei
1537 1235 1690 1296 sunt,
1721 1226 1814 1282 hic
1859 1227 2007 1282 Deus

408 1320 545 1394 ipse.

479 1410 664 1482 (Vers.
689 1407 772 1479 3.)
819 1432 837 1455 ι
863 1407 1137 1474 Quoniam
1165 1405 1313 1480 quod
1342 1405 1687 1478 impossibile
1703 1412 1818 1461 erat
1847 1403 2006 1476 legis,

407 1498 465 1555 in
495 1514 606 1571 quo
639 1495 1026 1553 inﬁrmabatur
1055 1513 1148 1568 pes
1172 1511 1412 1563 carnem,
1440 1497 1584 1551 Deus
1613 1493 1818 1550 Filium
1847 1509 2007 1548 suum

405 1588 629 1644 mittens
648 1586 706 1642 in
727 1585 1150 1642 similitudinem
1206 1585 1387 1641 carnis
1430 1584 1657 1656 peccati,
1692 1583 1759 1640 de
1789 1589 2008 1655 peccato

405 1677 690 1736 damnavit
717 1683 1000 1749 peccatum
1025 1675 1084 1730 in
1113 1690 1330 1731 carne.»
1359 1675 1487 1730 Haec
1515 1673 1673 1742 dicit,
1696 1681 1756 1729 ut
1769 1673 2007 1744 baptiza-

2113 517 2174 564 ut
2198 507 2312 578 jam
2345 505 2586 577 signatos
2615 505 2773 575 signo
2803 503 3008 574 crucis,
3061 501 3119 558 in
3149 519 3257 576 qua
3305 501 3490 560 victus
3524 511 3631 572 est,
3663 502 3727 560 in

2113 595 2353 651 secunda
2383 603 2558 650 morte
2595 600 2780 648 tenere
2820 608 2929 648 non
2973 589 3189 647 audeat.
3223 589 3600 658 Quamobrem
3653 589 3731 646 ad

2112 686 2470 741 securitatem
2505 691 2750 738 nostram
2781 680 2898 738 hac
2929 687 3128 736 tractat
3167 679 3485 751 Apostolus.

2187 774 2370 846 (Vers.
2402 771 2453 827 4.
2490 771 2510 843 )
2582 795 2600 818 ι
2629 771 2700 827 Ut
2748 767 3076 841 justiﬁcatio
3112 767 3244 839 legis
3274 767 3606 840 impleretur
3665 767 3723 824 in

2112 860 2292 928 nobis,
2323 861 2416 933 qui
2459 876 2571 915 non
2616 858 2919 916 secundum
2949 872 3169 913 carnem
3222 855 3590 926 ambulamus,
3625 857 3724 914 sed

2113 949 2415 1008 secundum
2437 949 2713 1022 spiritum.
2746 973 2764 996 ι
2824 947 2951 1005 Ideo
2997 946 3319 1002 damnatum
3348 945 3487 1002 dicit
3512 962 3722 1020 pecca-

2114 1050 2254 1109 tum,
2287 1048 2348 1096 ut
2377 1040 2702 1111 impleretur
2761 1039 2819 1094 in
2865 1036 3024 1093 nobis
3073 1034 3402 1107 justiﬁcatio
3455 1035 3591 1107 legis
3625 1042 3717 1100 71

2115 1140 2256 1197 datae
2283 1158 2314 1196 a
2352 1142 2579 1213 Moyse;
2629 1139 2834 1196 sublati
2887 1137 3034 1194 enim
3067 1137 3135 1193 de
3191 1135 3512 1193 conditione
3557 1135 3721 1210 legis,

2116 1231 2248 1287 facti
2277 1247 2470 1286 sumus
2495 1229 2656 1286 amici
2687 1228 2931 1301 ejusdem
2962 1246 2976 1294 ;
3015 1226 3316 1300 justiﬁcati
3349 1225 3499 1283 enim
3548 1227 3720 1284 amici

2115 1322 2249 1393 legis
2274 1327 2421 1376 sunt.
2456 1318 2745 1386 Quomodo
2797 1325 2982 1374 autem
3037 1317 3308 1389 impletur
3339 1316 3398 1373 in
3427 1316 3592 1374 nobis
3628 1317 3717 1390 juo

2116 1408 2396 1477 stiﬁcatio,
2424 1407 2532 1464 nisi
2561 1424 2688 1464 cum
2718 1407 2881 1463 datur
2914 1405 3166 1462 remissio
3187 1405 3437 1461 omnium
3470 1413 3718 1477 peccato.

2116 1517 2263 1568 rum,
2320 1506 2384 1555 ut
2433 1497 2666 1554 sublatis
2720 1496 2975 1570 peccatis,
3021 1494 3367 1568 justiﬁcatus
3429 1505 3714 1568 appareat,

2117 1598 2301 1646 mente
2331 1588 2586 1645 serviens
2643 1587 2748 1660 legi
2780 1587 2878 1643 Dei
2910 1587 2937 1643 ?
2984 1587 3101 1642 Hoc
3125 1594 3206 1642 est
3243 1602 3355 1642 non
3409 1584 3716 1643 secundum

2115 1694 2332 1736 carnem
2378 1678 2678 1744 ambulare,
2728 1675 2823 1732 sed
2897 1675 3210 1732 secundum
3287 1674 3594 1747 spiritum;
3655 1683 3716 1732 ut

405 1775 490 1824 tos
518 1782 740 1823 securos
793 1763 1018 1829 reddat,
1070 1762 1200 1834 quia
1252 1762 1471 1818 liberati
1506 1769 1637 1818 sunt
1678 1779 1710 1818 a
1759 1769 2001 1834 peccato.
2039 1782 2085 1842 Β
2117 1767 2340 1824 devotio
2390 1766 2585 1832 animi,
2636 1766 2732 1838 qui
2787 1774 2869 1822 est
2922 1764 3173 1836 spiritus,
3239 1780 3351 1820 non
3402 1765 3718 1823 consentiat

421 1880 439 1904 ε
465 1854 737 1923 Quoniam
766 1852 915 1926 quod
934 1851 1276 1924 impossibile
1310 1860 1448 1920 erat,
1470 1851 1674 1923 inquit,
1704 1850 1881 1922 legis»
1901 1848 2007 1906 Cui

409 1944 754 2018 impossibile
773 1943 898 1999 est?
917 1942 1087 1999 Nobis
1109 1941 1321 1998 scilicet
1350 1940 1693 2014 impossibile
1723 1947 1838 1996 erat
1853 1955 2004 1995 man-

407 2033 598 2090 datum
629 2031 785 2104 Legis
826 2032 1056 2104 implere
1087 2048 1101 2098 ;
1156 2029 1285 2102 quia
1311 2029 1547 2102 subjecti
1568 2045 1786 2085 eramus
1807 2045 2007 2100 pecca-

408 2122 574 2180 ιο.οὴ
595 2121 700 2178 hoc
719 2123 864 2178 Deus
901 2120 1106 2178 Filium
1125 2136 1286 2176 suum
1310 2119 1463 2174 misit
1485 2120 1542 2174 in
1574 2118 2003 2174 similitudinem

405 2211 587 2270 carnis
604 2210 967 2284 peccati.Ha:c
987 2217 1068 2266 est
1088 2209 1398 2267 similitudo
1414 2207 1596 2265 carnis
1617 2226 1628 2274 ;
1661 2207 1789 2281 quia
1817 2225 2006 2281 quam-

411 2302 498 2358 vis
525 2300 712 2358 eadem
737 2316 864 2356 caro
884 2300 976 2368 sit,
1009 2316 1129 2374 quas
1145 2308 1200 2356 et
1228 2306 1416 2354 nostra
1439 2317 1452 2365 ;
1477 2314 1588 2352 non
1604 2304 1786 2352 tamen
1804 2297 1880 2352 ita
1895 2297 2003 2353 fac-

408 2397 463 2446 ta
492 2389 550 2446 in
571 2397 726 2447 utero
743 2397 824 2446 est
839 2398 892 2446 et
922 2389 1305 2457 nata,sicut.et
1329 2403 1456 2444 caro
1486 2395 1692 2442 nostra.
1726 2387 1825 2442 Est
1854 2387 2002 2442 enim

405 2479 746 2537 sanctificata
770 2479 826 2534 in
857 2486 1036 2546 utero,
1068 2486 1122 2534 et
1151 2485 1282 2534 nata
1311 2477 1430 2533 sine
1453 2483 1697 2548 peccato,
1726 2483 1779 2531 et
1826 2491 2002 2548 neque

407 2569 524 2642 ipse
551 2569 609 2626 in
639 2569 736 2624 illa
752 2567 1020 2640 peccavit.
1053 2565 1181 2623 Ideo
1209 2564 1356 2621 enim
1377 2563 1665 2636 virginalis
1685 2571 1874 2620 uterus
1895 2564 2001 2618 ele-

407 2666 527 2715 ctus
555 2665 637 2715 est
655 2657 724 2714 ad
745 2664 964 2730 partum
980 2653 1425 2722 Dominicum,ut
1441 2653 1497 2708 in
1509 2652 1799 2710 sanctitate
1820 2653 2004 2708 differ-

406 2754 490 2804 ret
517 2764 644 2804 caro
665 2747 890 2803 Domini
915 2761 1119 2802 acarne
1130 2753 1358 2810 nostra;
1379 2742 1435 2798 in
1457 2759 1619 2799 causa
1635 2742 1782 2798 enim
1805 2741 2006 2796 similis

405 2843 510 2905 est,
540 2853 652 2892 non
685 2837 750 2892 in
789 2835 1054 2907 qualitate
1099 2833 1309 2905 peccati
1339 2831 1682 2888 substantiae.
1713 2830 2006 2902 Propterea

406 2943 535 2998 ergo
564 2925 802 2982 similem
832 2923 1138 2995 dixit,quia
1165 2922 1232 2977 de
1259 2921 1445 2976 eadem
1469 2919 1774 2977 substantia
1801 2920 2003 2989 carnis,

407 3030 520 3071 non
587 3011 836 3068 eamdem
903 3009 1100 3066 habuit
1164 3008 1534 3076 nativitatem,
1607 3009 1738 3082 quia
1783 3016 2005 3080 peccato

2115 1855 2390 1913 desiderio
2420 1856 2652 1928 peccati,
2693 1856 2824 1928 quia
2875 1870 2971 1927 per
3018 1869 3243 1911 carnem
3285 1853 3522 1911 seminat
3570 1870 3717 1911 con-

2114 1946 2480 2018 cupiscentiae
2507 1947 2727 2013 animae,
2760 1945 2907 2017 quod
2956 1944 3098 2000 inest
3142 1951 3444 2018 peccatum.
3478 1943 3535 2000 Si
3563 1945 3715 2002 enim

2115 2034 2435 2090 damnatum
2458 2042 2539 2091 est
2567 2042 2845 2106 peccatum
2877 2050 2908 2090 a
2932 2032 3520 2106 Salvatore,quomodo
3534 2032 3712 2090 inest?

2115 2125 2444 2178 Damnatum
2476 2131 2558 2179 est
2585 2140 2616 2179 a
2638 2123 2939 2191 Salvatore,
2994 2131 3048 2179 et
3093 2121 3300 2194 triplici
3335 2121 3452 2192 (99)
3512 2137 3712 2194 genere

2113 2210 2646 2269 damnatum.Primo
2672 2211 2819 2268 enim
2847 2211 2906 2267 in
2937 2211 3058 2268 loco
3083 2209 3368 2267 damnavit
3399 2219 3710 2282 peccatum,

2112 2301 2242 2357 dum
2278 2319 2387 2358 non
2436 2301 2701 2373 peccavit,
2758 2299 3091 2358 dissentiens
3140 2316 3173 2356 a
3214 2307 3456 2372 peccato.
3495 2299 3711 2356 Deinde

2113 2392 2170 2447 in
2190 2408 2350 2449 cruce
2381 2399 2691 2465 peccatum,
2724 2390 2854 2463 quia
2893 2390 3162 2462 peccavit,
3207 2387 3534 2445 damnatum
3571 2387 3708 2444 dici-

2113 2489 2221 2536 tur.
2257 2480 2410 2537 Unde
2459 2480 2675 2536 sublata
2706 2487 2789 2536 est
2831 2478 2916 2534 illi
2962 2477 3262 2534 auctoritas
3293 2477 3452 2551 quasi
3479 2475 3712 2548 peccati,

2118 2587 2226 2644 qua
2253 2570 2534 2627 detinebat
2563 2569 2818 2625 homines
2849 2568 2907 2623 in
2928 2567 3148 2624 inferno
3179 2574 3408 2640 propter
3438 2564 3711 2623 delictum

2118 2659 2288 2716 Adae:
2327 2666 2389 2714 ut
2417 2658 2484 2713 de
2536 2665 2732 2714 caetero
2762 2657 2819 2712 in
2867 2655 3076 2730 quibus
3124 2656 3344 2728 signum
3387 2654 3571 2712 crucis
3611 2664 3711 2723 est,

2115 2747 2360 2804 detinere
2391 2765 2501 2803 non
2546 2745 2762 2802 audeat.
2821 2746 3008 2802 Tertio
3065 2744 3352 2802 damnavit
3401 2752 3710 2816 peccatum,

2113 2837 2247 2893 dum
2301 2837 2460 2894 irrita
2507 2836 2638 2893 fecit
2689 2835 2912 2904 delicta,
2984 2834 3309 2891 remissione
3358 2842 3711 2908 peccatorum

2113 2943 2388 2982 concessa.
2413 2925 2550 2983 Cum
2586 2925 2734 2982 enim
2766 2932 3017 2998 peccator
3039 2941 3198 2981 causa
3221 2923 3448 2979 admissi
3501 2922 3714 2994 peccati

2113 3015 2456 3071 damnandus
2484 3022 2644 3082 esset,
2675 3014 2962 3087 ignoscens
2989 3020 3170 3068 autem
3221 3011 3270 3067 ei
3301 3011 3593 3068 damnavit
3653 3011 3711 3067 in

407 3101 718 3174 subjectum
749 3116 860 3155 non
883 3100 990 3156 fuit
1008 3115 1208 3172 corpus
1222 3097 1464 3155 Domini.
1492 3098 1728 3171 Expiata
1754 3106 1836 3154 est
1855 3098 2003 3154 enim
2039 3138 2083 3198 Ο
2115 3120 2180 3160 eo
2207 3111 2516 3176 peccatum.
2566 3105 2756 3176 Itaque
2785 3101 2832 3158 si
2871 3110 2925 3158 et
2957 3116 3057 3156 nos
3107 3098 3415 3154 Salvatoris
3453 3100 3709 3174 exemplo

411 3191 530 3263 (97)
561 3207 593 3246 a
612 3189 822 3264 Spiritu
852 3197 1044 3247 sancto
1065 3205 1192 3247 caro
1206 3188 1456 3258 Domini,
1486 3199 1546 3246 ut
1577 3190 1633 3246 in
1655 3190 1751 3246 tali
1775 3205 2002 3262 corpore

408 3287 748 3349 nasceretur,
779 3279 940 3353 quale
969 3279 1078 3336 fuit
1095 3279 1229 3337 Adae
1249 3287 1376 3336 ante
1407 3289 1690 3352 peccatum
1719 3299 1733 3348 ;
1765 3279 1882 3336 sola
1909 3289 2004 3337 ta-

405 3385 530 3426 men
569 3370 840 3426 sententia
859 3368 987 3426 data
1011 3370 1069 3425 in
1098 3369 1275 3426 Adam
1310 3368 1450 3442 (98).

473 3458 641 3517 Misso
679 3475 808 3533 ergo
829 3461 974 3516 Deus
1004 3459 1250 3527 Christo,
1297 3483 1314 3506 ι
1359 3460 1438 3515 De
1468 3467 1690 3531 peccato
1718 3456 2004 3515 damnavit

405 3556 712 3621 peccatum,
742 3573 761 3594 ι
825 3547 934 3604 hoc
999 3555 1103 3616 est,
1140 3557 1436 3618 'peccatum
1492 3555 1713 3619 peccato
1779 3549 2003 3621 proprio

405 3638 714 3695 damnavit.
735 3637 988 3696 Christus
1015 3638 1164 3694 enim
1195 3655 1320 3696 cum
1339 3655 1369 3694 a
1397 3645 1618 3710 peccato
1639 3640 1999 3712 crucifigitur,

412 3728 510 3800 qui
533 3735 616 3783 est
649 3727 896 3796 Satanas,
927 3729 1178 3801 peccavit
1204 3736 1488 3800 peccatum
1536 3728 1593 3784 in
1623 3745 1787 3785 carne
1813 3747 2002 3802 corpo-

409 3817 486 3871 ris
519 3816 855 3874 Salvatoris:
889 3833 997 3890 quo
1041 3817 1187 3873 facto
1212 3817 1497 3874 damnavit
1525 3819 1673 3874 Deus
1717 3826 2002 3891 peccatum

405 3904 466 3960 in
498 3921 682 3974 carne,
727 3904 805 3961 ibi
852 3906 1044 3979 utique
1073 3904 1169 3961 ubi
1205 3906 1470 3978 peccavit,
1503 3905 1649 3964 sicut
1682 3913 1737 3962 et
1795 3907 1852 3961 in
1895 3907 2002 3962 alia

407 3993 638 4066 epistola
664 3994 775 4052 ait:
825 4021 843 4044 ι
866 3995 1300 4068 Detriumphans
1351 3995 1476 4052 illos
1507 3996 1565 4051 in
1618 3997 1737 4068 ipso
1771 3996 1998 4066 (Coloss.

407 4101 468 4152 η,
501 4085 614 4157 15),
646 4110 665 4133 ι
727 4084 787 4141 id
832 4093 935 4154 est,
983 4086 1044 4142 in
1103 4085 1346 4143 Christo.
1378 4085 1516 4141 Nam
1576 4086 1718 4142 solet
1768 4084 1878 4140 dici
1933 4084 2002 4142 de

403 4188 730 4248 quocunque
759 4174 1020 4232 damnato
1045 4193 1058 4230 :
1118 4177 1182 4232 In
1211 4192 1318 4248 qua
1355 4192 1518 4232 causa
1538 4175 1827 4232 damnatus
1856 4181 1937 4230 est
1973 4175 2002 4231 ?

403 4265 801 4337 Respondetur,
819 4271 882 4321 ut
904 4274 1058 4337 puta,
1084 4263 1144 4319 in
1172 4264 1497 4321 homicidio.
1524 4266 1604 4321 Ita
1630 4273 1686 4322 et
1717 4273 2000 4336 peccatum

403 4354 460 4411 in
507 4372 670 4413 carne
713 4354 1036 4411 damnatum
1074 4361 1174 4422 est,
1206 4354 1312 4411 hoc
1349 4363 1451 4422 est,
1483 4354 1542 4410 in
1601 4363 1825 4426 peccato
1853 4353 1998 4426 quod

403 4443 633 4500 admisit
662 4443 722 4498 in
768 4457 952 4500 carne.
1003 4443 1120 4499 Hoc
1149 4442 1332 4516 itaque
1367 4449 1590 4514 peccato
1644 4458 1772 4498 reus
1825 4441 2002 4499 factus

477 4628 596 4703 (96)
627 4627 754 4703 Vet.
807 4627 958 4703 editL
982 4643 1046 4684 ac
1070 4644 1210 4703 mss_._
1232 4628 1462 4703 aliquot,
1493 4627 1712 4703 cernulus
1767 4628 1998 4703 superio-

402 4699 526 4758 rum
553 4699 835 4758 antestium
857 4719 876 4756 .·
933 4701 1090 4758 Rom.
1127 4699 1259 4756 edit.
1290 4699 1512 4756 aimulus
1541 4699 1831 4772 spirituum
1858 4699 2000 4756 διέζε-

407 4774 568 4830 stium
597 4792 620 4840 ;
647 4773 829 4830 caeteri
863 4789 993 4829 mss.
1026 4781 1089 4828 ut
1118 4788 1216 4828 nos
1239 4772 1295 4827 in
1321 4779 1498 4828 textu.

476 4847 592 4928 (97)
623 4844 758 4928 Cod.
781 4845 1012 4928 aliquot,
1038 4861 1144 4900 non
1170 4844 1402 4901 eamdem
1429 4843 1612 4900 habuit
1650 4842 1996 4913 nativitatem,

401 4917 617 4989 expiata
645 4917 891 4984 estmim,
907 4926 1012 4974 etc.

477 4989 596 5060 (98)
626 4990 709 5045 Ita
737 4998 848 5046 vet.
894 4989 1028 5045 edit.
1077 5004 1160 5060 ac,
1185 4988 1528 5060 pluresmss.
1565 4988 1760 5046 :Rom.
1813 4997 1997 5046 autem

402 5059 537 5134 edit.
569 5062 721 5116 salva
745 5068 918 5115 tamen
946 5059 1213 5134 sententh
1233 5061 1342 5116 lata
1369 5059 1427 5114 in
1445 5061 1618 5118 Adam
1651 5079 1662 5117 :
1699 5078 1822 5134 quae
1878 5077 1996 5116 ver-

401 5131 473 5186 ba
503 5131 562 5186 in
593 5147 722 5203 mss.
755 5147 866 5203 non
895 5132 1083 5203 paucis
1106 5131 1459 5188 omittuntur.

477 5202 594 5284 (99)
627 5201 751 5258 Vet.
783 5201 914 5284 edit.
951 5219 1077 5284 cum
1118 5219 1247 5284 mss.
1283 5204 1516 5284 aliquot,
1547 5204 1998 5284 concupiscentia

402 5275 616 5344 animle,
664 5275 804 5346 quod
838 5275 993 5348 inest
1039 5282 1330 5348 peccatum.
1365 5275 1423 5331 Si
1451 5275 1760 5332 damnatum
1788 5281 1862 5348 est
1883 5292 1997 5345 pec-

401 5353 598 5414 catum,
622 5347 881 5418 quomodo
909 5347 1047 5403 inest
1069 5349 1097 5402 ἵ
1125 5347 1450 5402 Damnatum
1479 5352 1552 5400 est
1579 5353 1627 5401 et
1651 5366 1686 5401 a
1743 5347 2001 5418 Salvato-

403 5435 482 5483 re,
515 5424 564 5472 et
610 5417 831 5489 triplici,
864 5425 969 5474 etc.
997 5437 1012 5486 ;
1043 5418 1177 5474 edit.
1211 5419 1395 5482 Rom.,
1431 5433 1571 5470 conc.
1605 5418 1819 5483 animle,
1869 5417 2000 5472 dum

402 5489 552 5544 inest.
595 5490 653 5545 Si
680 5490 991 5545 damnatum
1018 5495 1157 5544 est...
1201 5489 1525 5543 Damnatum
1553 5495 1627 5543 est
1683 5496 1731 5544 et
1776 5506 1811 5543 a
1867 5490 1999 5545 Sal-

403 5566 584 5632 uatore
605 5561 827 5632 triplici,
857 5568 964 5616 etc.
1000 5579 1014 5626 ;
1074 5559 1258 5632 plures
1314 5573 1447 5632 verp
1475 5566 1531 5615 et
1577 5560 1818 5631 potiores
1864 5576 1996 5615 mss.

405 5626 695 5692 nobiscum
723 5626 961 5700 faciunt,
986 5645 1017 5688 e
1063 5626 1266 5704 quibus
1307 5626 1472 5689 Corb.
1532 5626 1631 5704 pro
1674 5633 1998 5693 Damnatum

2034 4494 2083 4554 D

2111 3214 2223 3253 non
2255 3213 2560 3270 peccemus,
2593 3196 2918 3251 damnamus
2944 3198 3250 3264 peccatum.

2187 3286 2473 3358 (γωδ.)
2526 3285 2678 3354 ιριιὶ
2715 3284 2865 3340 enim
2919 3279 3228 3339 secundum
3286 3295 3510 3336 carnem
3559 3289 3706 3348 sunt,

2112 3393 2233 3449 qua
2281 3376 2462 3433 carnis
2487 3381 2618 3430 sunt
2663 3373 2904 3446 sapiunt.
2953 3397 2972 3420 ι
3043 3372 3160 3427 Hoc
3217 3369 3378 3438 dicit,
3425 3370 3559 3444 quia
3615 3369 3710 3444 qui

2115 3467 2475 3539 suggestioni,
2505 3481 2628 3538 quae
2655 3464 2898 3520 efﬁcitur
2940 3478 3036 3535 per
3069 3477 3312 3529 carnem,
3346 3460 3712 3532 obtemperat,

2115 3575 2236 3633 quae
2285 3557 2468 3614 carnis
2518 3561 2668 3621 sunt,
2703 3552 2870 3624 sapit.
2903 3553 3019 3608 Hoc
3058 3551 3209 3607 enim
3235 3551 3322 3608 illi
3352 3568 3523 3608 suave
3544 3551 3712 3610 vide-

2115 3657 2205 3705 tur
2227 3647 2310 3717 (1)
2343 3643 2490 3718 quod
2518 3641 2791 3714 sequitur,
2821 3647 3016 3697 contra
3041 3640 3123 3696 fas
3147 3648 3409 3713 appetens
3435 3657 3600 3698 usum
3657 3649 3713 3699 et

2113 3735 2441 3791 sententiam
2471 3731 2675 3788 erroris
2707 3729 2896 3787 carnis
2925 3749 2938 3798 ;
2985 3729 3043 3786 in
3072 3746 3236 3786 carne
3266 3731 3418 3786 enim
3475 3730 3709 3788 munda.

2111 3839 2216 3878 nus
2243 3838 2395 3878 error
2423 3821 2671 3894 signatur
2694 3835 3027 3893 quacunque
3055 3835 3126 3875 ex
3146 3827 3317 3892 parte.

2197 3938 2215 3961 ι
2244 3912 2350 3980 Qui
2377 3927 2507 3968 vero
2536 3909 2836 3967 secundum
2870 3907 3148 3981 spiritum,
3199 3924 3263 3964 ea
3289 3923 3410 3981 quae
3441 3913 3576 3964 sunt
3603 3906 3712 3980 spi-

2111 4001 2271 4070 ritus,
2301 4000 2607 4058 sentiunt.»
2663 3997 3018 4055 Manifestum
3067 4004 3173 4065 est,
3205 3996 3336 4071 quia
3360 3995 3443 4068 (2)
3467 3997 3566 4070 qui
3595 4013 3653 4054 se
3681 4012 3714 4054 ι

2109 4091 2292 4148 carnis
2318 4089 2612 4148 desideriis
2639 4089 2910 4156 continet,
2927 4087 3093 4160 juxta
3131 4087 3304 4159 legem
3340 4085 3543 4143 mentis
3572 4085 3712 4143 vicit

2110 4179 2216 4236 hoc
2244 4179 2392 4236 enim
2422 4178 2506 4234 illi
2537 4178 2674 4234 utile
2703 4176 2926 4234 videtur
2952 4192 3168 4248 sapere,
3203 4173 3352 4248 quod
3385 4173 3708 4242 conveniat;

2112 4269 2238 4340 legi.

2185 4358 2367 4428 (Vers.
2399 4355 2451 4412 6.
2486 4356 2506 4428 )
2554 4380 2573 4402 ι
2597 4355 2735 4411 Nam
2771 4352 3070 4428 prudentia
3113 4350 3297 4408 carnis
3347 4367 3494 4406 mors
3542 4358 3644 4407 est.
3677 4374 3697 4398 ι

2113 4445 2412 4503 Prudentia
2439 4444 2624 4502 carnis
2647 4452 2935 4518 peccatum
2981 4450 3084 4512 est,
3113 4440 3261 4515 quod
3291 4448 3516 4514 generat
3551 4455 3710 4497 mor-

2106 4641 2180 4690 est
2207 4641 2253 4690 et
2279 4654 2313 4690 a
2345 4635 2641 4698 Saluatore,
2671 4641 2803 4701 etc.,
2835 4629 3132 4705 legundum
3159 4628 3384 4703 praebet,
3410 4628 3712 4700 praesertim

2107 4708 2248 4777 quod
2279 4706 2501 4776 triplici,
2534 4714 2642 4777 etc.

2183 4779 2264 4849 (1)
2301 4773 2383 4832 Ita
2412 4785 2531 4849 vet.
2565 4775 2702 4849 edit.
2746 4791 2814 4831 ac
2856 4774 3040 4846 plures
3069 4789 3251 4849 mssa:
3305 4773 3499 4849 Bom_.__
3525 4780 3708 4828 autem

2107 4843 2253 4904 editﬁ
2273 4865 2398 4903 cum
2425 4848 2558 4904 Gill.
2587 4847 2646 4902 in
2676 4843 2873 4918 margf
2891 4852 2945 4900 et
2975 4861 3104 4918 mss.
3146 4843 3380 4918 aliquot,
3411 4843 3499 4899 illi
3527 4859 3711 4916 sapere

2108 4920 2315 4974 videtur
2337 4937 2358 4983 ;
2381 4918 2605 4990 quidam
2633 4915 2988 4990 etiam'mssq
3012 4916 3096 4971 illi
3112 4915 3493 4990 vane'videtur.

2185 4991 2266 5063 (2)
2297 4983 2425 5063 Mss.
2477 4990 2623 5063 Flor.
2675 4989 2922 5063 et_Corb.
2956 4983 2981 5055 ,⁷
3028 4987 3277 5063 sentiunt.
3336 4986 3408 5042 Hi
3450 4992 3592 5063 ⁸ειιγιί
3619 4983 3712 5057 qui

2107 5059 2548 5132 concupiscentias
2601 5060 2801 5126 carnis,
2855 5059 3288 5132 errqre_devicto
3313 5101 3327 5126 ,
3379 5059 3662 5132 calcarunt
3688 5073 3708 5110 :

2106 5133 2200 5203 qui
2245 5128 2499 5208 mundum
2540 5133 2887 5208 praepositum
2922 5128 3536 5208 (Corb.,_po_stpositum,
3571 5129 3711 5184 forte

2108 5202 2316 5260 mundo
2345 5202 2679 5276 postposito)
2709 5210 2755 5276 et
2782 5203 2838 5257 in
2866 5218 3025 5256 carne
3052 5202 3407 5276 ambulantes,
3457 5217 3569 5255 non
3621 5217 3712 5255 se-

2106 5271 2575 5331 cundum-carnem
2605 5273 2856 5340 militant,
2906 5278 2953 5326 et
3012 5288 3242 5344 quorum
3268 5271 3447 5344 gloria
3485 5289 3593 5326 non
3647 5288 3713 5344 ea:

2106 5347 2424 5425 hominibus,
2458 5347 2546 5401 sed
2576 5363 2641 5400 ex
2667 5346 2776 5425 Deo
2806 5345 2996 5425 suum.
3023 5341 3107 5425 liis
3135 5341 3546 5425 ergo'operibus
3594 5341 3713 5425 spi—

2107 5361 2424 5428 aommtous,
2458 5361 2546 5401 sea
2576 5363 2641 5400 ex
2667 5361 2776 5401 ueo
2806 5361 2896 5398 est.
2931 5361 2996 5425 ut
3023 5361 3107 5425 ais
3135 5361 3256 5471 equo
3300 5361 3546 5414 operious
3594 5361 3710 5425 spi—

2107 5419 2354 5473 rttalibus
2377 5423 2882 5490 permanentesgmc
2901 5416 3135 5490 Spiritus
3191 5415 3260 5490 ei
3288 5420 3431 5477 sunt,
3450 5415 3509 5469 in
3537 5429 3710 5490 cujus,

2104 5485 2707 5559 prwceptis'ambulant,
2763 5485 2998 5559 sapiunt.
3049 5485 3393 5559 Manifestum
3438 5491 3514 5540 est
3563 5485 3712 5559 quia,

2107 5555 2210 5615 etc.
2245 5555 2349 5615 Sed
2379 5560 2543 5617 Corb.
2577 5559 2786 5615 omisso
2808 5555 2989 5630 etiam
3021 5556 3270 5630 sequenti
3301 5563 3482 5630 textu,
3516 5555 3708 5630 verbo

2106 5630 2322 5706 sapiunt
2349 5631 2532 5689 statim
2557 5629 2865 5701 connectit,
2898 5633 3038 5690 Nam
3059 5627 3350 5705 prudentia
3371 5627 3574 5698 carnis,
3606 5634 3710 5685 etc.
