3932 6210
157 239 277 298 125

1273 241 1638 302 COMMENT.
1680 242 1753 300 IN
1790 243 2009 302 EPIST.
2049 247 2146 304 AD
2184 247 2354 307 ROM.

155 375 306 424 tem.
340 365 642 424 Prudentia
669 366 818 424 enim
853 368 935 440 (3)
962 367 1088 424 ideo
1111 366 1339 435 dicitur,
1371 382 1594 423 cumres
1611 367 1783 424 stulta
1805 376 1856 436 Α
1890 373 1997 446 legi
2041 383 2364 447 repugnent.
2413 375 2697 452 Quidquid
2747 377 2895 434 enim
2941 384 3134 435 contra
3162 376 3336 449 legem
3365 376 3472 435 Dei

153 455 261 524 sit,
295 455 428 530 quia
473 456 831 514 saecularibus
873 456 1198 514 hominibus
1243 472 1456 512 errores
1483 472 1552 512 ex
1580 454 1772 511 visibi-

157 544 324 602 libus
354 547 606 620 concepti
627 547 746 603 sive
761 546 820 603 in
843 563 1007 602 sensu
1027 546 1145 602 sive
1161 546 1218 601 in
1247 555 1374 602 actu
1388 552 1578 602 contra
1601 545 1774 616 legem

152 633 596 708 Dei,prudentia
607 636 890 691 videntur:
909 635 1151 691 maxime
1165 633 1295 706 quia
1308 634 1488 690 omnis
1504 632 1775 689 industria

158 731 224 780 et
272 725 480 782 astutia
535 725 767 781 illorum
814 724 874 779 in
913 741 978 780 eo
1015 729 1119 793 est,
1171 730 1233 779 ut
1283 730 1529 794 peccent.
1577 722 1774 795 Sapere

153 814 322 872 enim
352 815 460 872 sibi
477 815 762 882 videntur,
795 815 844 871 si
868 814 1017 871 istud
1043 813 1364 886 diligentius
1389 821 1618 881 curent;
1645 829 1771 870 cum

153 903 317 960 nihil
348 904 576 962 stultius
605 903 701 972 sit,
727 919 891 977 quam
917 918 1156 976 peccare.
1187 903 1286 958 Est
1315 909 1371 958 et
1399 902 1507 958 alia
1537 902 1773 974 pruden-

153 992 244 1048 tia
271 993 480 1060 carnis,
512 1010 634 1066 quae
684 992 978 1049 mundanis
1007 991 1320 1048 rationibus
1369 990 1582 1058 inﬂata,
1609 999 1773 1064 negat

151 1080 387 1154 aliquid
412 1081 555 1150 ﬁeri,
585 1088 648 1137 ut
675 1080 866 1137 mundi
904 1087 1084 1137 careat
1114 1079 1344 1136 ratione.
1373 1078 1526 1135 Unde
1556 1078 1772 1135 deridet

161 1169 425 1242 Virginis
456 1179 694 1244 partum,
724 1169 906 1227 carnis
936 1169 1412 1226 resurrectionem.

254 1282 275 1306 ιι
306 1259 605 1316 Prudentia
659 1267 847 1315 autem
897 1258 1128 1332 spiritus
1175 1257 1288 1314 vita
1319 1265 1374 1315 et
1403 1273 1530 1330 pax.
1564 1282 1582 1304 ι
1627 1257 1771 1314 Vere

152 1347 287 1406 haec
332 1356 415 1406 est
461 1350 747 1422 sapientia,
807 1367 928 1423 quae
957 1350 1128 1405 vitam
1183 1349 1421 1422 acquirit
1449 1358 1504 1405 et
1531 1363 1719 1421 pacem
1751 1365 1765 1416 ;

153 1454 404 1512 sequens
431 1438 580 1495 enim
639 1439 937 1512 spiritalia,
967 1440 1300 1512 contemptis
1331 1437 1608 1496 illecebris
1635 1438 1769 1493 vitai

157 1527 476 1597 praesentis,
507 1534 770 1583 aeternam
801 1526 1030 1584 habebit
1049 1527 1222 1583 vitam
1244 1543 1370 1584 cum
1401 1542 1552 1600 pace,
1583 1526 1641 1583 id
1667 1533 1768 1595 est,

153 1619 284 1677 sine
337 1619 748 1694 inquietudine,
807 1621 906 1678 ubi
955 1620 1304 1692 perturbatio
1347 1629 1404 1678 et
1466 1635 1629 1695 poena
1657 1635 1770 1678 non

157 1716 248 1766 est
277 1709 385 1782 (4).

1882 471 1984 531 est,
2040 464 2257 520 carnale
2285 472 2384 534 est,
2433 467 2561 540 quia
2590 483 2660 524 ex
2699 467 2910 524 mundo
2955 474 3071 535 est;
3128 474 3279 523 totus
3316 465 3465 523 enim

1883 551 2123 608 mundus
2173 569 2299 610 caro
2345 562 2424 610 est
2476 557 2599 627 (8):
2638 571 2800 613 omne
2845 557 2990 614 enim
3035 555 3257 613 visibile
3313 555 3469 612 carni

1883 641 2212 712 deputatur;
2271 651 2501 715 cognata
2556 645 2704 700 enim
2757 653 2888 702 sunt
2945 645 3144 714 carnis,
3201 645 3316 701 imo
3348 645 3470 700 ele-

1883 738 2067 787 menta
2094 733 2295 789 carnis.
2338 732 2577 806 Ideoque
2606 734 2702 806 qui
2740 734 3032 792 mundanis
3066 733 3226 791 rebus
3257 734 3468 790 obtem-

1883 829 2054 891 perat,
2084 821 2140 877 in
2165 837 2328 878 carne
2355 830 2457 880 est.

1968 933 1987 957 ε
2015 910 2128 966 Vos
2155 918 2337 966 autem
2368 927 2480 967 non
2509 910 2641 968 estis
2670 911 2729 966 in
2773 925 2954 978 carne,
2985 910 3080 966 sed
3109 910 3167 966 in
3196 910 3416 984 spiritu.
3435 936 3455 958 ι

1880 997 1943 1052 In
1971 1011 2132 1053 carne
2163 999 2325 1069 positi
2349 998 2611 1056 dicuntur
2633 1015 2746 1056 non
2761 1015 2878 1055 esse
2905 1000 2964 1055 in
2993 1014 3178 1066 carne,
3209 999 3256 1054 si
3285 1015 3472 1055 assen-

1881 1086 2079 1143 tientes
2132 1088 2330 1142 Joanni
2386 1088 2654 1159 apostolo,
2706 1087 2989 1144 mundana
3043 1102 3156 1143 non
3199 1085 3470 1158 diligant;

1880 1174 2150 1231 sententia
2178 1175 2326 1231 enim
2357 1175 2601 1232 hominis
2629 1193 2784 1233 suam
2815 1176 2969 1250 quasi
3006 1174 3168 1247 ﬁngit
3197 1183 3470 1243 naturam,

1879 1269 1942 1316 ut
1980 1262 2085 1319 hoc
2113 1265 2417 1336 appelletur
2445 1266 2592 1337 quod
2621 1266 2807 1322 sentit.

1965 1375 1982 1398 ‹
2012 1350 2070 1407 Si
2117 1361 2300 1409 tamen
2345 1353 2585 1426 Spiritus
2611 1355 2711 1412 Dei
2741 1353 2954 1410 habitat
2990 1353 3051 1410 in
3088 1351 3266 1408 vobis.
3294 1377 3312 1400 ι
3359 1353 3474 1411 Hoc

1879 1437 2005 1496 ideo
2058 1441 2312 1514 ambigue
2368 1443 2526 1512 dicit,
2557 1445 2688 1518 quia
2751 1443 2811 1499 in
2842 1442 3016 1516 legem
3076 1439 3314 1509 inducti,
3361 1457 3472 1498 non

1878 1526 2062 1584 adhuc
2089 1529 2343 1600 perfectae
2373 1539 2530 1587 erant
2563 1531 2690 1587 ﬁdei
2714 1549 2726 1587 :
2760 1530 2854 1587 sed
2884 1546 3037 1602 spem
3067 1529 3126 1584 in
3155 1530 3234 1586 eis
3253 1527 3475 1584 videbat

1877 1619 2250 1691 perfectionis.
2283 1620 2435 1677 Unde
2473 1621 2772 1694 aliquando
2801 1619 2956 1694 quasi
2996 1617 3252 1690 perfectis
3282 1616 3474 1689 loqui~

1797 1734 1843 1796 Β
1878 1717 1990 1778 tur,
2006 1711 2303 1783 aliquando
2333 1711 2486 1783 quasi
2509 1710 2870 1783 perfecturis;
2905 1709 3010 1766 hoc
3037 1717 3139 1776 est,
3166 1706 3472 1796 aliquando

239 1799 428 1871 (Vers.
489 1799 568 1872 7.)
615 1823 633 1848 ε
678 1798 953 1868 Quoniam
1006 1799 1278 1873 sapientia
1318 1799 1501 1858 carnis
1540 1799 1770 1858 inimica
1798 1795 1828 1796 ί
1877 1798 2082 1867 laudat,
2115 1798 2410 1872 aliquando
2435 1807 2769 1867 commonet,
2792 1806 2854 1854 ut
2871 1797 2918 1854 si
2975 1795 3278 1854 secundum
3309 1811 3474 1868 supra

158 1895 248 1944 est
268 1890 386 1946 Deo
411 1907 424 1956 ;
473 1889 578 1961 legi
611 1889 759 1945 enim
807 1888 908 1946 Dei
937 1905 1051 1946 non
1080 1898 1162 1946 est
1191 1889 1456 1963 subjecta,
1491 1906 1591 1946 nec
1619 1889 1768 1947 enim

161 1982 369 2048 potest.
393 2001 411 2024 ι
480 1978 600 2034 Non
629 1994 849 2035 carnem
903 1977 1050 2035 dixit
1079 1978 1388 2047 inimicam,
1433 1979 1529 2036 sed
1555 1979 1766 2052 sapien-

162 2065 306 2122 tiam
368 2065 590 2132 carnis;
645 2065 702 2122 id
758 2075 861 2132 est,
922 2083 1034 2123 non
1079 2067 1466 2136 substantiam,
1526 2067 1623 2124 sed
1675 2075 1770 2124 aut

162 2153 350 2209 malos
379 2159 554 2222 actus,
586 2161 682 2210 aut
700 2154 1106 2226 cogitationem,
1139 2156 1256 2211 sive
1285 2155 1765 2225 asseverationem,

161 2256 296 2314 quae
353 2241 598 2298 nascitur
626 2242 694 2299 de
749 2259 952 2300 errore.
984 2245 1262 2317 Sapientia
1288 2261 1416 2316 ergo
1447 2246 1628 2303 carnis
1677 2253 1762 2303 est

164 2331 358 2402 primo
385 2330 446 2386 in
472 2331 594 2388 loco
607 2338 878 2388 astrorum
900 2332 968 2388 ab
991 2332 1313 2390 hominibus
1340 2335 1566 2392 inventa
1581 2336 1767 2410 dispu-

163 2419 311 2476 tatio
344 2421 427 2493 (ὅ)
457 2419 658 2478 deinde
680 2421 988 2478 visibilium
1035 2422 1350 2480 oblectatio.
1386 2425 1514 2482 Haec
1544 2426 1772 2484 inimica

168 2510 291 2565 Deo
320 2516 486 2575 sunt;
520 2510 649 2584 quia
668 2512 1065 2568 elementorum
1090 2511 1412 2581 Dominum,
1439 2521 1495 2570 et
1515 2515 1768 2586 opiﬁcem

166 2598 375 2655 mundi
420 2598 510 2656 his
540 2607 845 2674 coaequant,
879 2617 999 2674 quae
1054 2601 1204 2670 fecit,
1261 2610 1566 2660 astruentes
1623 2604 1768 2661 nihil

167 2702 331 2759 posse
358 2688 699 2763 ﬁeri,przeter
717 2707 882 2765 quam
908 2690 1102 2747 mundi
1119 2693 1367 2749 continet
1388 2693 1548 2750 ratio.
1571 2694 1772 2762 Quam-

166 2776 363 2834 obrem
419 2787 620 2852 negant
680 2781 856 2838 Deum
892 2781 1106 2849 fecisse,
1171 2788 1235 2837 ut
1300 2782 1469 2855 Virgo
1535 2791 1766 2856 pareret,

176 2875 277 2923 aut
304 2877 648 2925 mortuorum
705 2884 936 2942 corpora
960 2877 1324 2941 resurgerent,
1372 2870 1502 2944 quia
1532 2871 1766 2929 stultum

171 2965 279 3025 est,
337 2955 617 3031 inquiunt,
677 2964 739 3014 ut
782 2959 930 3014 Deus
977 2957 1169 3015 fecerit
1216 2958 1362 3014 ultra
1414 2975 1578 3032 quam
1628 2962 1771 3033 sapit

169 3045 346 3102 homo
377 3046 480 3119 (6).
503 3047 548 3104 Ο
569 3047 866 3120 prudentes
887 3047 1106 3113 mundi,
1131 3047 1228 3119 qui
1244 3055 1442 3120 putant
1461 3052 1638 3106 Deum
1659 3066 1770 3106 non

170 3133 375 3191 debere
440 3137 602 3193 aliter
666 3137 845 3193 facere
910 3151 1074 3207 quam
1127 3135 1262 3191 facit
1322 3136 1390 3191 ab
1421 3152 1485 3192 eo
1549 3138 1772 3194 condita

166 3236 470 3285 creatura:
511 3237 576 3286 ut
627 3229 746 3302 ipse
794 3228 995 3284 similis
1039 3229 1308 3285 creaturis
1358 3234 1630 3301 putetur!
1681 3232 1771 3289 Sic

167 3317 360 3393 caecati
399 3327 551 3385 sunt,
583 3334 655 3372 ne
709 3316 935 3372 videant
960 3316 1180 3389 qualem
1235 3317 1628 3374 contumeliam
1658 3322 1771 3376 Deo

165 3405 408 3462 faciunt.
437 3405 589 3477 Opus
618 3404 764 3461 enim
788 3403 934 3478 quod
961 3405 1020 3460 in
1045 3403 1264 3460 laudem
1285 3421 1441 3461 suam
1472 3407 1769 3478 praedican-

166 3493 295 3550 dam
365 3494 544 3552 facere
604 3493 860 3566 dignatus
921 3499 1024 3561 est,
1089 3492 1182 3549 isti
1245 3494 1638 3567 vituperantes,
1675 3501 1767 3559 72

167 3594 544 3655 incredultum
599 3599 654 3649 et
695 3590 927 3648 stultum
956 3587 1237 3659 asserunt;
1269 3608 1335 3649 ac
1362 3608 1458 3664 per
1495 3592 1600 3650 hoc
1666 3593 1765 3651 Dei

170 3685 275 3758 legi
307 3681 551 3756 subjecta
578 3697 692 3740 esse
721 3697 833 3737 non
863 3687 1041 3754 potest
1068 3679 1198 3736 istat
1227 3679 1409 3737 carnis
1437 3680 1760 3754 prudentia;

171 3773 239 3830 ad
267 3773 374 3830 hoc
400 3771 549 3828 enim
578 3769 823 3827 studium
853 3785 1011 3826 suum
1041 3778 1345 3839 exacuunt,
1375 3777 1438 3826 ut
1470 3771 1570 3827 Dei
1598 3773 1764 3845 gestis

169 3868 475 3936 repugnent
508 3861 613 3934 (7).

242 3951 425 4024 (Vers.
455 3949 512 4019 8,
542 3948 624 4021 9.)
708 3947 860 4016 «Qui
921 3946 1069 4004 enim
1132 3947 1190 4005 in
1243 3964 1408 4006 carne
1467 3958 1617 4021 sunt,
1649 3953 1764 4010 Deo

171 4040 384 4114 placere
447 4055 558 4094 non
608 4045 909 4116 possunt.)
952 4036 1235 4109 Sapientes
1282 4038 1475 4094 mundi
1519 4038 1576 4094 in
1600 4056 1764 4097 carne

171 4137 318 4199 sunt,
347 4129 477 4204 quia
533 4128 727 4185 mundi
755 4128 1038 4201 sapientiai
1064 4128 1312 4198 student,
1343 4145 1440 4201 per
1469 4145 1633 4204 quam
1663 4131 1764 4187 Dei

244 4252 324 4335 (3)
367 4251 497 4334 Gill.
530 4252 589 4308 in
619 4251 804 4335 variis.
819 4251 942 4333 lect.
967 4259 1021 4306 et
1048 4249 1172 4335 cod.
1204 4250 1434 4331 aliquot,
1468 4251 1765 4335 Prudentia

172 4321 311 4379 enim
338 4324 519 4379 carnis
549 4340 694 4380 mors
748 4323 944 4378 ideirco
997 4329 1088 4389 est,
1144 4321 1271 4392 quia
1297 4321 1457 4392 grave
1501 4331 1766 4389 peceatum

172 4401 273 4477 est;
304 4413 402 4466 per
424 4401 695 4468 peccatum
734 4395 872 4450 enim
921 4392 1230 4464 hujusmodi
1255 4409 1423 4449 mors.
1465 4395 1761 4452 Prudentia

171 4483 325 4522 enim.

241 4537 321 4610 (4)
403 4538 485 4594 Ita
537 4535 728 4609 scripti
771 4535 896 4610 _c_od.
931 4551 1131 4610 magno
1174 4550 1438 4610 numero;
1495 4539 1754 4595 nonnulli

171 4606 371 4678 tamen,
424 4617 477 4665 et
505 4606 696 4664 omnes
725 4607 882 4676 edit.,
931 4606 1185 4663 ubi—enim
1217 4608 1553 4679 perturbatio
1583 4617 1677 4681 est,
1708 4617 1757 4666 et

203 4698 317 4735 lena
355 4687 448 4736 est.

169 4697 321 4823 mi?)
355 4697 516 4809 iiiis).
565 4752 700 4809 edit.
739 4768 809 4808 ex
841 4767 1012 4824 marg.
1053 4751 1184 4808 Gill.
1221 4767 1348 4808 cum
1379 4752 1567 4824 paucis
1596 4769 1751 4822 mss.,

165 4830 488 4896 presumpta
521 4825 832 4896 disputatio.

238 4894 332 4976 (6).
354 4893 492 4976 Yoci
538 4893 689 4952 ho'mo
743 4894 1031 4968 subjungit
1081 4910 1184 4949 ms.
1218 4893 1402 4964 Corb.,
1434 4914 1497 4952 ac
1519 4913 1619 4968 per
1660 4898 1754 4952 hoc

174 4983 274 5021 non
300 4973 442 5021 fecit.

238 5036 316 5109 (7)
346 5037 511 5112 vet,
532 5037 674 5112 edit.
698 5054 761 5112 _ac
789 5038 972 5110 plures
1002 5053 1158 5106 mss.,
1187 5054 1249 5093 ac
1273 5055 1372 5109 per
1408 5040 1500 5112 hoc
1531 5040 1630 5112 legi
1655 5039 1755 5095 Dei

168 5108 254 5164 hoc
307 5109 538 5164 studium
593 5108 880 5181 subjectum
925 5125 1030 5165 esse
1082 5125 1189 5164 non
1239 5108 1406 5181 potest
1445 5110 1503 5164 in
1531 5108 1592 5166 eo
1614 5112 1754 5181 quod

169 5181 520 5252 eaercitat‘ur;
581 5196 712 5236 mss.
749 5180 978 5252 aliquot,
1010 5181 1067 5235 in
1096 5198 1153 5235 eo
1181 5179 1557 5252 erercitatum:
1591 5179 1749 5252 Rom.

168 5258 340 5323 autem
359 5250 495 5308 edit.
526 5268 655 5308 cum
675 5247 1138 5323 variis—lecttGill.
1163 5260 1219 5308 et
1248 5267 1380 5323 mss.
1400 5247 1750 5323 quibusdam,

169 5330 225 5394 ut
263 5322 332 5394 in,
368 5330 658 5394 contextu,
706 5321 818 5378 nisi
865 5322 1012 5394 quod
1069 5322 1126 5378 in
1177 5323 1286 5378 ﬁne
1325 5321 1485 5378 Rom.
1533 5321 1667 5379 edit.
1699 5332 1753 5379 et

169 5392 289 5450 Gill.
322 5393 549 5463 habent,
581 5401 639 5449 ut
658 5393 768 5451 Deo
796 5392 964 5465 gentes
988 5399 1294 5465 repugnent.

231 5465 308 5546 (8)
339 5465 423 5522 Ita
477 5462 638 5546 Item.
697 5462 825 5546 cum
882 5462 1224 5546 variis—“lect.
1273 5462 1442 5546 Gill.,
1479 5462 1644 5521 Corh.
1697 5473 1752 5546 et

169 5533 596 5593 aliis'nonnullis
620 5554 632 5591 :
668 5544 780 5594 vet.
807 5543 991 5592 autem
1015 5534 1149 5592 edit.
1171 5552 1235 5592 ac
1264 5533 1445 5590 czeteri
1469 5551 1599 5591 mss.
1623 5536 1752 5605 quia

169 5607 483 5682 respicientes
530 5607 808 5677 mundum,
862 5605 1100 5680 spiritali
1149 5605 1422 5681 sapientia
1473 5605 1750 5676 resistunt,

1802 3097 1846 3156 C

1877 1897 2179 1945 memorata
2207 1897 2496 1946 versentur
2527 1888 2689 1962 juxta
2718 1889 2890 1960 legem
2919 1894 3149 1953 natura),
3181 1885 3239 1941 in
3272 1885 3473 1958 spiritu

1879 1980 1960 2052 (9)
1991 1997 2107 2037 esse
2133 1981 2390 2038 dicantur
2415 2000 2426 2036 :
2463 1981 2592 2054 quia
2621 1980 2860 2053 Spiritus
2892 1978 2990 2036 Dei
3029 1977 3091 2034 in
3120 1994 3185 2034 eo
3213 1977 3467 2034 habitare

1877 2085 1988 2126 non
2017 2079 2196 2143 potest
2223 2072 2317 2144 qui
2345 2071 2587 2128 carnalia
2613 2070 2885 2143 sequitur.

1962 2183 1982 2208 α
2013 2159 2071 2216 Si
2101 2162 2225 2233 quis
2239 2168 2420 2216 autem
2452 2160 2719 2233 Spiritum
2750 2157 2959 2217 Christi
2990 2174 3101 2214 non
3145 2156 3330 2226 habet,
3379 2156 3471 2215 hic

1876 2262 1988 2303 non
2018 2255 2100 2304 est
2129 2247 2264 2320 ejus.
2307 2273 2324 2295 ι
2367 2248 2540 2316 Quem
2572 2248 2825 2322 superius
2867 2246 3137 2320 Spiritum
3164 2247 3264 2303 Dei
3293 2245 3464 2314 dixit,

1877 2351 2025 2392 nunc
2079 2337 2344 2409 Spiritum
2403 2337 2542 2394 dicit
2568 2336 2798 2404 Christi,
2855 2345 3148 2410 propterea
3174 2335 3308 2409 quia
3347 2335 3466 2406 (10)

1877 2424 2065 2481 omnia
2108 2426 2302 2494 Patris,
2337 2426 2467 2483 Filii
2521 2436 2674 2484 sunt.
2715 2428 2831 2483 Hoc
2859 2442 2986 2499 ergo
3014 2425 3172 2493 dicit,
3213 2424 3344 2498 quia
3374 2423 3469 2496 qui

1877 2514 2210 2585 supradictis
2265 2516 2546 2572 erroribus
2598 2515 2880 2588 subjectus
2933 2523 3034 2582 est,
3067 2513 3136 2570 ad
3183 2513 3468 2571 Christum

1877 2618 1990 2658 non
2019 2603 2292 2674 pertinet;
2332 2603 2599 2676 Spiritum
2629 2604 2775 2660 enim
2805 2604 2922 2676 ejus
2951 2620 3064 2660 non
3090 2602 3276 2672 habet,
3305 2617 3467 2676 quem

1877 2697 1940 2746 ut
1967 2690 2118 2748 ﬁlius
2143 2693 2243 2748 Dei
2270 2700 2429 2758 esset,
2460 2701 2760 2764 acceperat.
2816 2691 3042 2748 Duabus
3071 2691 3218 2747 enim
3248 2706 3318 2745 ex
3345 2705 3469 2746 cau-

1877 2780 1952 2837 sis
2008 2780 2212 2837 deserit
2268 2780 2549 2838 hominem
2605 2781 2846 2854 Spiritus
2899 2789 3159 2846 sanctus;
3221 2794 3346 2835 cum
3376 2785 3471 2835 aut

1878 2886 2097 2927 sensum
2123 2871 2302 2928 carnis
2337 2869 2522 2940 habet,
2554 2881 2649 2929 aut
2677 2881 2843 2944 gesta.
2863 2871 3052 2944 Itaque
3082 2885 3177 2942 per
3201 2868 3321 2925 haec
3341 2884 3466 2942 quae

1878 2969 2066 3016 monet
2115 2961 2255 3032 (11),
2304 2960 2373 3017 ad
2412 2961 2614 3018 bonam
2643 2960 3120 3018 conversationem
3170 2958 3460 3015 hortatur:

1879 3048 2130 3120 quamvis
2159 3049 2308 3104 enim
2338 3050 2584 3106 bonitate
2610 3049 2711 3106 Dei
2738 3048 3019 3120 erigantur
3043 3046 3316 3114 homines,
3337 3061 3463 3102 one-

1878 3143 2070 3192 rantur
2123 3146 2308 3193 tamen
2337 3137 2437 3205 ﬁlii
2469 3139 2568 3193 Dei
2615 3138 2820 3204 vocati,
2852 3136 2960 3192 nisi
2999 3135 3078 3192 sic
3105 3134 3371 3203 vixerint,
3397 3149 3465 3190 ne

1881 3222 2094 3295 indigni
2126 3240 2386 3280 concesso
2421 3226 2647 3280 nomine
2676 3224 2991 3280 videantur.

1956 3312 2138 3382 (Vers.
2162 3314 2275 3384 10.)
2324 3338 2342 3360 ι
2371 3314 2582 3385 Corpus
2601 3312 2823 3385 quidem
2841 3319 3118 3367 mortuum
3140 3317 3222 3368 est
3247 3317 3466 3382 propter

1878 3404 2441 3476 peccatum,~spiritus
2487 3421 2616 3462 vera
2645 3406 2760 3462 vita
2791 3406 2909 3478 (12)
2941 3413 3163 3478 propter
3183 3401 3466 3476 justiﬁca-

1877 3490 2106 3548 tionem.
2138 3517 2156 3540 ι
2225 3493 2438 3554 Peccati
2489 3510 2650 3551 causa
2678 3511 2877 3567 corpus
2931 3499 3212 3550 mortuum
3272 3491 3466 3549 asserit

1875 3596 2086 3651 eorum,
2119 3599 2254 3656 quos
2274 3582 2474 3641 deserit
2493 3583 2732 3658 Spiritus
2765 3591 3010 3653 sanctus,
3043 3599 3144 3640 nec
3180 3581 3249 3639 ad
3269 3581 3461 3650 istum,

1875 3669 1934 3727 id
1961 3678 2062 3741 est,
2111 3672 2397 3745 Spiritum,
2452 3674 2604 3731 necis
2646 3689 2838 3731 eorum
2892 3672 3205 3746 passionem
3257 3686 3464 3744 perve-

1873 3762 1992 3818 nire
2025 3762 2163 3833 (13).
2221 3762 2459 3835 Spiritus
2513 3764 2663 3820 enim
2715 3763 2816 3820 Dei
2870 3763 3046 3820 nescit
3073 3777 3334 3835 peccare;
3393 3758 3461 3815 ad

1865 3848 2319 3923 justiﬁcationem
2349 3855 2498 3910 enim
2529 3853 2710 3922 datur,
2739 3863 2800 3910 ut
2824 3851 3105 3924 adjutorio
3134 3867 3236 3906 suo
3259 3847 3460 3920 justiﬁ-

1872 3949 1977 3997 cet.
2006 3943 2152 4015 Ergo
2182 3943 2312 4016 quia
2340 3958 2563 4015 peccare
2594 3941 2788 4008 nescit,
2822 3939 2938 3994 vita
2989 3946 3106 4006 est;
3139 3938 3283 3994 mori
3311 3936 3460 3993 enim

1872 4047 1984 4087 non
2014 4039 2211 4104 potest,
2267 4030 2399 4104 quia
2424 4046 2521 4102 per
2575 4037 2855 4101 peccatum
2887 4043 3065 4085 mors:
3117 4043 3180 4083 ac
3209 4042 3304 4098 per
3357 4023 3463 4081 hoc

1872 4120 1980 4176 sibi
2013 4128 2263 4192 peccator
2294 4118 2474 4175 oberit
2524 4134 2636 4174 non
2691 4116 2946 4190 Spiritui,
3008 4131 3171 4189 quem
3227 4113 3457 4186 accepit.

1873 4249 2001 4322 quia
2035 4256 2172 4306 totus
2199 4249 2427 4322 mundus
2453 4265 2580 4322 caro
2607 4253 2698 4305 est.

1947 4323 2028 4394 (9)
2065 4324 2220 4379 Rom.
2274 4321 2407 4377 edit.
2438 4320 2575 4390 sola,
2629 4325 2906 4377 versentur
2947 4317 3115 4390 juxta
3144 4319 3319 4391 legem,
3352 4337 3460 4377 non

1870 4394 1930 4448 in
1959 4395 2175 4466 spiritu,
2207 4402 2312 4452 etc.

1944 4462 2060 4547 (I9)
2085 4467 2288 4547 Omnes
2301 4465 2446 4547 edit.-
2463 4481 2526 4547 ac
2555 4463 2714 4547 pauci
2742 4481 2872 4547 mss.
2883 4462 3180 4547 ,Spiritum
3193 4463 3292 4520 Dei
3309 4481 3459 4547 ‘nunc

1871 4534 2132 4608 Spiritum
2158 4539 2286 4594 dicit
2317 4538 2536 4603 Christi,
2555 4534 2712 4607 quia,
2744 4545 2848 4594 etc.
2882 4534 2992 4593 N03
3022 4534 3250 4592 locume
3272 4535 3458 4608 pluri-

1863 4608 1968 4683 bus
1987 4610 2405 4683 potioribusque
2419 4625 2563 4683 Amss.
2596 4609 2960 4683 restituimus.

1937 4675 2052 4752 (Π)
2113 4684 2195 4738 Ita
2220 4675 2348 4736 mss.
2381 4680 2627 4751 plerique
2651 4679 2817 4752 :_alii
2852 4694 3006 4746 vero,
3035 4684 3090 4752 et
3113 4676 3246 4733 edit.
3281 4675 3456 4752 omit-

1862 4746 2008 4818 tulit,
2177 4759 2350 4807 monet
2371 4746 2461 4822 {et
2481 4746 2735 4822 noiinulli
2760 4765 2824 4805 ac
2853 4757 2961 4803 vet.
2995 4747 3126 4802 edit.
3162 4763 3263 4822 pro
3278 4746 3456 4822 horta-

1865 4827 1974 4888 tur,
1996 4813 2183 4895 legunt
2205 4813 2489 4895 rco‘mpettit.
2535 4819 2812 4895 Continuo
2857 4834 2997 4895 vero
3019 4823 3141 4895 post
3163 4813 3450 4895 ubi__echt.

1862 4909 1924 4948 ac
1956 4885 2084 4964 mss.
2141 4885 2373 4964 aliquot,
2404 4889 2656 4964 homines,
2688 4905 2794 4942 non
2844 4893 3000 4964 erunt
3020 4885 3201 4964 tamen
3228 4885 3333 4957 ﬁlii
3356 4885 3456 4941 Dei

1862 4963 2049 5038 vocati,
2235 4956 2324 5016 ’δίο
2358 4956 2639 5038 'vixe_rint,
2687 4959 2921 5038 ne__satis
2971 4956 3198 5038 indigni_
3221 4956 3453 5038 Concessa

1861 5027 2069 5089 nomine
2108 5034 2426 5094 videantur;
2493 5033 2652 5088 Rom.
2709 5027 2936 5095 edit.,...
2987 5035 3047 5084 ut
3081 5027 3291 5100 indigni
3318 5046 3453 5084 con-

1861 5122 1998 5160 cesso
2062 5105 2270 5159 nomine
2317 5101 2529 5156 minime
2573 5102 2888 5173 videantur;
2952 5117 3081 5156 mss.
3141 5100 3452 5173 frequentes

1862 5176 2151 5232 nobiscum
2216 5173 2450 5241 faciunt,
2510 5173 2618 5230 nisi
2665 5172 2811 5245 quod
2840 5189 2938 5245 pro
2995 5172 3310 5241 onerantur,
3341 5188 3451 5228 non

1861 5247 2022 5320 pauci
2053 5245 2288 5320 egerunt
2315 5243 2954 5320 honoranturfrtbsurdo
2983 5257 3166 5320 sensu.

1935 5315 2051 5388 (12)
2083 5318 2210 5373 Mss.
2237 5333 2347 5372 non
2372 5316 2559 5388 pauci,
2589 5314 2818 5388 spiritus
2839 5332 2960 5388 vero
2983 5314 3128 5369 vivit.

1935 5332 2051 5388 (12)
2084 5332 2210 5373 Mss.
2237 5333 2347 5372 non
2355 5332 2559 5440 (pauor,
2589 5332 2812 5388 spiritus
2839 5332 2960 5370 vero
2983 5332 3128 5369 vivit.
3211 5381 3220 5393 _

1933 5389 2048 5459 (l3)
2083 5389 2284 5444 Omnes
2324 5403 2352 5442 e
2395 5385 2456 5441 it.
2487 5387 2542 5442 id
2573 5397 2681 5459 est,
2727 5385 3008 5455 Spiritum,
3037 5403 3100 5440 ne
3128 5399 3247 5455 quis
3269 5397 3452 5439 eorum

1858 5458 2104 5531 passiam
2125 5465 2294 5540 potest
2315 5459 2608 5540 pervenire:
2641 5458 2796 5540 Eras.
2829 5463 2883 5510 et
2912 5473 3025 5540 seq.
3056 5463 3450 5540 expunxerunt

1860 5527 1944 5600 ne,
1974 5542 2106 5586 mss.
2126 5527 2268 5586 vero
2316 5527 2487 5604 prepe
2543 5530 2612 5586 ad
2639 5539 2817 5584 unum
2868 5527 3158 5589 nobiscum
3212 5527 3445 5587 faciunt.
