3932 6210
487 271 587 329 127

480 404 593 462 Nec
619 403 766 460 enim
798 404 1037 476 Spiritus
1063 403 1169 461 erit
1186 404 1244 460 in
1272 420 1457 470 causa,
1477 404 1571 476 qui
1592 404 1713 459 vult
1748 402 2070 475 justiﬁcare.
2101 404 2152 464 A

481 492 710 565 Signum
772 492 921 548 enim
971 491 1387 565 justiﬁcationis
1439 494 1544 549 hoc
1585 501 1665 548 est
1713 492 1771 548 in
1820 491 2065 560 homine,

480 588 544 636 ut
568 596 665 653 per
701 580 759 635 id
789 580 936 654 quod
965 581 1242 638 inhabitat
1265 581 1324 638 in
1347 599 1430 650 eo,
1456 581 1791 654 justiﬁcatus
1820 588 2075 654 appareat

481 687 597 726 esse
625 669 802 725 Filius
828 670 963 736 Dei;
998 686 1110 725 non
1152 672 1297 726 enim
1329 672 1388 726 in
1418 670 1546 727 ﬁcto
1594 670 1839 738 homine,
1898 685 2074 742 neque

483 760 547 816 in
576 775 801 831 corpore
828 758 1052 815 subdito
1085 759 1324 831 peccatis
1356 767 1534 831 potest
1560 759 1807 815 habitare
1836 758 2073 830 Spiritus

482 857 722 918 sanctus,
760 850 901 905 sicut
951 848 1087 905 dicit
1142 849 1399 905 Salomon
1455 851 1610 921 (Sap.
1644 866 1684 917 ι,
1714 849 1811 919 li):
1863 849 1919 904 Si
1951 848 2074 920 quis

480 945 662 994 autem
700 936 879 993 denuo
924 939 1218 995 carnaliter
1273 938 1446 1007 vivat,
1477 938 1722 995 desertus
1749 938 1817 994 ab
1864 938 2073 1011 Spiritu

481 1014 689 1094 sancto,
722 1026 779 1081 in
837 1026 1115 1099 injustitia
1141 1043 1240 1083 sua
1283 1028 1571 1083 morietur.
1632 1028 1838 1099 Corpus
1888 1036 2069 1083 autem

480 1113 689 1183 dicens,
735 1122 913 1172 totum
940 1116 1221 1173 hominem
1242 1116 1515 1189 signiﬁcat
1550 1125 1831 1173 mortuum
1860 1117 2071 1189 peccati

479 1219 659 1270 causa,
692 1205 837 1262 sicut
865 1213 920 1261 et
957 1222 989 1260 a
1018 1206 1285 1277 propheta
1314 1206 1418 1262 sub
1448 1206 1718 1262 vocabulo
1748 1206 1946 1262 animae
1974 1215 2073 1263 to-

479 1300 570 1349 tus
609 1292 779 1349 homo
834 1294 1196 1365 signiﬁcatur,
1256 1296 1408 1368 quasi
1440 1312 1472 1350 a
1529 1305 1679 1367 parte
1734 1304 1942 1363 totum;
1998 1296 2074 1352 ait

479 1382 666 1437 enim:
726 1382 933 1438 Anima
959 1399 1079 1456 quas
1130 1391 1339 1457 peccat,
1398 1385 1514 1455 ipsa
1552 1384 1819 1441 morietur
1854 1387 2068 1455 (Ezech.

480 1485 646 1538 xvm,
677 1470 758 1541 4).
783 1496 801 1518 ι
868 1472 1149 1544 Numquid
1173 1472 1292 1527 sine
1316 1473 1588 1545 corpore?
1618 1472 1719 1529 Hic
1747 1490 1946 1545 corpus
1974 1491 2073 1546 pro

480 1565 597 1614 toto
629 1559 854 1616 homine
882 1561 1085 1633 posuit,
1116 1561 1211 1617 ille
1234 1561 1493 1618 animam.
1525 1563 1597 1618 Et
1619 1563 1761 1619 alius
1808 1564 2074 1636 propheta

479 1665 697 1705 carnem
754 1650 990 1707 dicendo
1020 1658 1197 1707 totum
1245 1650 1527 1707 hominem
1571 1651 1943 1724 signiﬁcavit;
1995 1652 2074 1709 ait

481 1737 666 1794 enim:
739 1762 759 1785 ι
792 1738 1016 1795 Videbit
1071 1738 1251 1795 omnis
1303 1756 1429 1796 caro
1482 1740 1720 1796 salutare
1771 1741 1871 1797 Dei
1933 1743 2068 1811 (Isa.
2106 1754 2151 1814 Β

482 1843 576 1895 XL,
604 1826 685 1899 5).
717 1851 737 1875 ι
781 1828 853 1884 Et
882 1827 1140 1899 quoniam
1195 1829 1470 1901 baptizato
1498 1829 1660 1886 datur
1687 1830 1927 1903 Spiritus
1952 1848 2072 1887 san-

481 1924 624 1986 ctus,
665 1916 827 1972 etiam
861 1918 1032 1990 ipsius
1060 1935 1175 1976 esse
1198 1919 1426 1991 spiritus
1457 1919 1681 1976 dicitur.
1734 1920 1944 1977 Idcirco
1974 1938 2071 1977 cae-

484 2015 597 2063 tera
624 2005 867 2063 hominis
895 2007 963 2063 ad
990 2008 1462 2080 comparationem
1502 2007 1620 2080 ejus
1648 2025 1846 2081 corpus
1875 2012 2072 2082 appel-

482 2095 639 2164 lavit,
667 2104 951 2168 propterea
980 2097 1126 2168 quod
1160 2097 1346 2153 anima
1375 2098 1518 2170 (14),
1545 2097 1679 2154 dum
1708 2108 1916 2171 peccat,
1947 2116 2073 2155 caro

479 2183 727 2252 dicatur;
785 2185 890 2241 hoc
935 2186 1083 2241 enim
1114 2194 1365 2256 vocatur,
1422 2187 1569 2260 quod
1611 2188 1879 2260 sequitur,
1930 2188 2075 2244 sicut

477 2290 618 2346 sape
644 2273 759 2347 jam
792 2273 930 2329 dixi.
981 2274 1163 2331 Simili
1203 2274 1368 2331 modo
1415 2283 1472 2331 et
1525 2276 1798 2333 Dominus
1838 2294 1964 2333 cum
2012 2277 2071 2334 in

477 2363 730 2436 passione
775 2380 875 2419 sua
919 2362 1267 2421 divinitatem
1289 2381 1446 2421 suam
1502 2365 1732 2421 minime
1775 2366 2072 2421 formidare

478 2452 646 2507 vellet
686 2450 945 2525 intelligi,
994 2453 1090 2509 sed
1132 2454 1376 2511 hominis
1408 2472 1525 2511 esse
1568 2457 1910 2524 mmstitiam,
1958 2455 2065 2512 ait:

494 2564 513 2588 ι
534 2539 771 2613 Spiritus
798 2542 1021 2614 quidem
1053 2551 1338 2616 promptus
1384 2553 1486 2613 est,
1516 2561 1644 2601 caro
1674 2562 1804 2601 vero
1851 2545 2071 2601 inﬁrma

483 2630 697 2700 (Matth.
751 2645 889 2686 xxv:
921 2630 1036 2704 ,41)
1064 2649 1119 2687 ;›
1179 2640 1243 2688 ut
1279 2632 1337 2689 in
1365 2633 1564 2706 spiritu
1591 2636 1788 2702 Deum,
1821 2633 1881 2689 in
1909 2650 2072 2690 carne

484 2734 615 2774 vero
645 2717 929 2776 hominem
958 2720 1311 2793 signiﬁcaret.

560 2811 656 2868 73
689 2809 873 2880 (Vers.
907 2810 1022 2881 11.)
1076 2835 1093 2856 ι
1119 2810 1279 2876 Quod
1307 2812 1354 2867 si
1383 2811 1623 2883 Spiritus
1665 2811 1786 2883 ejus
1817 2812 1912 2885 qui
1940 2828 2072 2868 sus-

481 2904 678 2961 citavit
703 2904 888 2957 Jesum
906 2918 938 2955 a
960 2900 1214 2968 mortuis,
1246 2900 1458 2956 habitat
1478 2901 1536 2956 in
1552 2901 1711 2958 vobis
1736 2921 1749 2969 ;
1782 2903 1877 2975 qui
1900 2904 2069 2960 susci-

487 2992 625 3049 tavit
677 2992 860 3047 Jesum
889 3006 922 3044 a
944 2988 1198 3057 mortuis,
1228 2988 1538 3046 viviﬁcabit
1568 2997 1623 3046 et
1658 2993 1912 3052 mortalia
1938 3010 2071 3049 cor-

487 3097 621 3153 pora
646 3085 829 3135 vestra
874 3084 1094 3151 propter
1122 3076 1522 3134 inhabitantem
1555 3079 1823 3151 Spiritum
1865 3080 1981 3152 ejus
2011 3081 2069 3136 in
2102 3109 2146 3169 ο

480 3170 659 3227 vobis.
692 3194 711 3246 ξ
752 3170 935 3242 Ipsum
966 3185 1187 3225 sensum
1231 3168 1417 3226 eadem
1449 3177 1647 3227 tractat
1676 3171 1924 3239 ratione;
1949 3189 2068 3227 cor-

478 3277 615 3332 pora
654 3258 802 3315 enim
827 3258 991 3326 dixit,
1016 3275 1112 3331 per
1130 3274 1250 3331 qua
1278 3258 1531 3316 homines
1546 3259 1840 3333 signiﬁcat.
1856 3261 1927 3316 Et
1943 3261 2075 3333 quia

478 3367 641 3425 supra
700 3349 847 3406 dixit
904 3358 1127 3422 propter
1183 3358 1465 3422 peccatum
1494 3367 1692 3423 corpus
1721 3351 1861 3407 mori
1897 3358 2073 3408 morte

477 3439 753 3506 secunda,
771 3438 864 3494 hic
892 3439 1093 3494 iterum
1138 3447 1361 3510 propter
1387 3438 1587 3496 bonam
1617 3439 1790 3497 vitam
1820 3440 2075 3496 mortalia

477 3544 711 3600 corpora
737 3526 1013 3581 viviﬁcari
1037 3527 1311 3596 promisit,
1340 3526 1397 3581 id
1416 3536 1519 3596 est,
1548 3536 1724 3584 totum
1768 3529 2070 3586 hominem.

555 3616 739 3686 (Vers.
791 3614 905 3685 l2.)
983 3638 1000 3660 ι
1031 3614 1223 3685 Igitur,
1281 3614 1499 3682 fratres,
1554 3616 1826 3674 debitores
1884 3604 2074 3675 sumus

482 3719 594 3759 non
631 3702 804 3771 carni,
849 3709 912 3757 ut
948 3701 1251 3759 secundum
1304 3719 1525 3759 carnem
1556 3705 1828 3762 vivamus.
1864 3732 1882 3754 ι
1959 3710 2075 3764 Re-

479 3798 630 3847 ctum
651 3798 706 3847 et
721 3790 1077 3848 manifestum
1106 3798 1207 3860 est,
1240 3808 1352 3847 non
1382 3808 1483 3848 nos
1501 3793 1884 3851 adinventioni
1916 3796 2071 3865 Adae,

479 3882 574 3957 qui
623 3884 920 3941 carnaliter
945 3884 1075 3957 egit,
1137 3883 1510 3942 obsecundare
1536 3886 1753 3956 debere,
1796 3890 1891 3961 qui
1922 3892 2074 3963 prior

478 3990 707 4047 peccans
763 3983 995 4032 mortem
1038 3975 1201 4032 nobis
1258 3975 1597 4033 hereditatis
1643 3979 1808 4034 titulo
1863 3979 2073 4037 dereli-

476 4064 629 4136 quit:
661 4064 756 4122 sed
795 4064 900 4137 legi
938 4064 1144 4122 Christi
1186 4066 1395 4123 servire
1441 4084 1542 4123 nos
1582 4067 1799 4137 debere,
1832 4070 1928 4141 qui
1973 4087 2074 4127 nos

477 4153 712 4223 spiritali
748 4153 964 4210 ratione
1000 4171 1034 4210 a
1079 4163 1256 4212 morte
1286 4156 1604 4229 supradicta
1634 4157 1907 4226 redemit;
1941 4158 2074 4216 huic

478 4242 627 4298 enim
672 4242 951 4298 debitores
999 4260 1211 4313 sumus,
1263 4245 1358 4318 qui
1404 4264 1505 4303 nos
1553 4249 1870 4305 carnalibus
1917 4251 2073 4305 vitiis

477 4331 790 4389 sordidatos
809 4348 906 4404 per
920 4332 1201 4390 lavacrum
1223 4334 1459 4407 Spiritus
1477 4337 1696 4394 ablutos
1719 4339 2070 4410 justiﬁcavit,

477 4429 533 4477 et
560 4420 706 4477 ﬁlios
735 4420 834 4476 Dei
860 4419 1006 4478 fecit.
1038 4421 1199 4478 Prius
1225 4424 1371 4480 enim
1401 4424 1458 4480 in
1489 4441 1652 4482 carne
1672 4427 1857 4498 positi,
1888 4444 2073 4484 exem-
2099 4465 2149 4525 D

479 4508 571 4581 plo
615 4507 750 4565 Adaa
792 4507 1121 4566 vivebamus
1166 4510 1398 4583 subjecti
1447 4513 1719 4585 peccatis:
1754 4532 1904 4573 nunc
1937 4534 2069 4574 vero

478 4596 725 4665 liberati,
756 4596 984 4655 reddere
1008 4598 1276 4655 debemus
1322 4599 1644 4674 obsequium
1691 4603 2065 4677 Redemptori.

478 4687 639 4757 Quod
659 4687 885 4763 quidem
903 4687 1227 4762 obsequium
1251 4702 1362 4745 non
1378 4688 1461 4744 illi
1491 4688 1681 4763 utique
1709 4691 1945 4763 proﬁcit,
1973 4695 2067 4767 qui

476 4777 688 4835 nullius
732 4784 889 4851 eget:
940 4777 1035 4833 sed
1076 4776 1236 4835 nobis
1271 4778 1444 4834 vitam
1488 4779 1727 4853 acquirit
1767 4788 2063 4840 aeternam:

475 4868 557 4925 sic
579 4868 729 4924 enim
788 4866 973 4940 diligit
996 4883 1120 4937 nos,
1151 4875 1215 4924 ut
1252 4867 1359 4924 sibi
1388 4868 1643 4940 imputet,
1674 4869 1822 4943 quod
1850 4871 2069 4943 proﬁcit

475 4956 636 5013 nobis
665 4957 804 5029 (15).

550 5045 731 5116 (Vers.
757 5045 872 5118 13.)
912 5071 930 5094 ι
949 5045 1007 5103 Si
1036 5046 1185 5104 enim
1213 5047 1518 5107 secundum
1535 5064 1755 5106 carnem
1789 5048 2068 5120 vixeritis,

548 5237 664 5310 (14)
708 5237 830 5312 vet.
881 5237 1017 5312 edit.
1051 5245 1265 5312 et_mss.
1310 5239 1534 5312 aliquod
1557 5239 1873 5312 appellavit.
1904 5240 2073 5295 Prm-

474 5309 614 5367 terea
642 5309 783 5381 quod
827 5310 1048 5365 anima:
1097 5309 1253 5365 Rom.
1286 5309 1423 5364 edit:
1453 5309 1799 5367 oblitteravit
1824 5319 1883 5372 τὸ
1908 5312 2066 5382 quod.

475 5390 633 5446 Haud
671 5388 1062 5457 incommode;
1112 5388 1311 5445 melius
1356 5396 1540 5444 tamen
1587 5391 1685 5446 alii
1732 5407 1863 5448 mss.
1909 5398 1972 5447 ut
2012 5391 2071 5446 in

388 5534 403 5545 .
473 5466 761 5545 θοπέξὲξίιὲῖ

549 5529 688 5603 (ψ)⁸
712 5531 796 5586 Ita
822 5532 982 5603 Bom.
1013 5529 1146 5587 edit.
1178 5545 1305 5603 cum
1336 5545 1468 5585 mss.
1512 5529 1745 5603 aliquot,
1776 5540 1831 5589 et
1861 5532 1973 5590 Gil.
2009 5531 2069 5586 in

475 5598 653 5656 variis
674 5599 801 5657 lect.
828 5601 955 5659 Vet.
976 5608 1160 5659 autem
1178 5600 1313 5658 edit.
1337 5617 1466 5658 cum
1483 5598 1695 5660 caneris
1724 5598 1878 5672 inss.,
1927 5602 2070 5675 quod

1488 275 1585 329 AD
1625 273 1857 329 OPERA
1895 274 1950 327 ὃ.
1993 269 2328 327 AMBROSII
2365 267 2746 326 APPENDIX.

3720 264 3826 325 1%

2180 400 2512 457 moriemini.
2537 426 2554 448 ι
2598 400 2749 456 Nihil
2781 399 3004 469 verius,
3035 398 3166 473 quia
3191 400 3237 456 si
3266 399 3594 458 secundum
3628 399 3818 457 Adam

2185 491 2510 559 vixerimus,
2568 490 2906 556 moriemur;
2968 488 3144 545 Adam
3205 489 3357 545 enim
3418 491 3820 563 prevaricans

2183 579 2435 635 vendidit
2480 596 2535 636 se
2585 587 2805 651 peccato
2849 578 3003 635 carni
3049 578 3362 651 deputatus.
3425 579 3621 636 Omne
3656 580 3815 636 enim

2183 677 2490 739 peccatum,
2522 684 2648 724 caro
2681 675 2798 735 est;
2829 675 3053 739 prOpter
3082 666 3229 740 quod
3268 667 3419 723 enim
3447 667 3677 725 deforis
3715 669 3817 723 vi-

2184 757 2261 812 tia
2299 765 2353 813 et
2398 758 2600 815 delicta
2655 767 2958 815 nascuntur
3027 774 3096 813 ex
3141 758 3419 827 sensibus,
3466 759 3531 815 id
3590 769 3705 827 est,
3746 759 3813 813 de

2183 847 2396 916 auditu,
2448 848 2595 915 visu,
2646 855 2818 917 tactu,
2873 846 3125 915 odoratu,
3158 848 3244 902 vel
3273 856 3461 919 gustu,
3499 848 3670 905 carni
3703 848 3810 904 de-

2182 943 2466 1008 putantur.
2508 936 2701 993 Omnis
2756 937 2904 992 enim
2946 936 3207 1009 cogitatio
3256 937 3404 993 foras
3461 938 3801 1011 respiciens,

2182 1026 2417 1082 incurrit
2462 1026 2762 1094 delictum;
2803 1043 2931 1081 nam
2980 1035 3033 1083 et
3078 1026 3243 1098 primi
3297 1026 3550 1085 hominis
3584 1028 3801 1085 deforis

2182 1123 2461 1187 peccatum
2493 1123 2682 1171 natum
2700 1124 2803 1171 est.
2836 1115 3149 1172 Secundum
3170 1131 3390 1171 carnem
3414 1132 3551 1189 ergo
3573 1119 3791 1184 vivere,

2181 1220 2330 1259 mors
2358 1213 2441 1259 est
2470 1223 2483 1271 ;
2510 1204 2693 1260 omnis
2723 1204 2871 1259 enim
2892 1211 3047 1260 actus
3074 1203 3255 1260 carnis
3283 1212 3443 1260 extra
3472 1206 3664 1277 legem
3693 1216 3791 1263 est.

2266 1318 2284 1340 ι
2311 1293 2367 1347 Si
2421 1301 2600 1358 autem
2651 1293 2853 1365 spiritu
2893 1292 3036 1348 facta
3064 1291 3244 1349 carnis
3290 1294 3791 1360 mortiﬁcaveritis,

2184 1382 2403 1438 vivetis.
2426 1408 2444 1429 ι
2504 1384 2717 1455 Corpus
2750 1383 2873 1437 vult
2901 1383 3015 1454 lege
3047 1382 3246 1436 anima:
3268 1382 3613 1454 gubernari:
3651 1382 3792 1439 unde

2182 1472 2423 1527 ostendit
2450 1472 2579 1545 quia
2635 1472 2680 1527 si
2712 1471 2851 1527 duce
2879 1478 3066 1527 sancto
3096 1471 3329 1542 Spiritu,
3356 1479 3516 1535 actus
3555 1481 3616 1528 et
3653 1489 3792 1529 oon-

2181 1560 2306 1616 silia
2360 1563 2562 1631 carnis,
2629 1578 2749 1635 quae
2789 1560 2957 1633 hujus
2987 1560 3182 1617 mundi
3224 1560 3635 1633 instigantibus
3683 1578 3788 1633 po-

2180 1654 2471 1711 testatibus
2496 1653 2922 1720 concinnantur,
2945 1652 3157 1708 fuerint
3189 1668 3455 1724 repressa,
3477 1669 3553 1708 ne
3590 1653 3786 1725 agendi

2180 1743 2456 1814 accipiant
2501 1748 2849 1813 potestatem,
2911 1739 3084 1793 vitam
3132 1739 3398 1810 prazstari.
3451 1739 3784 1796 Mortiﬁcari

2182 1832 2330 1887 enim
2359 1831 2646 1899 dicuntur,
2680 1829 2724 1885 si
2772 1836 3021 1884 cessent:
3053 1843 3165 1883 non
3205 1836 3334 1884 sunt
3379 1827 3561 1897 enim,
3588 1829 3641 1885 si
3673 1845 3786 1885 ces-

2182 1929 2323 1989 sant,
2356 1922 2487 1995 quia
2515 1928 2797 1993 peccatum
2831 1934 2942 1973 non
2971 1928 3073 1987 est,
3103 1917 3152 1974 si
3180 1934 3292 1973 non
3340 1917 3456 1973 ﬁat.

2256 2012 2438 2083 (Vers.
2474 2009 2586 2081 14.)
2626 2035 2644 2056 ι
2686 2008 3012 2080 Quicunque
3058 2007 3205 2063 enim
3236 2006 3447 2078 Spiritu
3476 2006 3585 2063 Dei
3622 2024 3787 2082 agun-

2182 2109 2293 2168 tur,
2326 2100 2385 2155 hi
2415 2100 2519 2155 ﬁlii
2572 2105 2704 2153 sunt
2728 2097 2848 2154 Dei.
2873 2122 2891 2143 ι
2964 2097 3075 2152 Hos
3103 2096 3242 2153 dicit
3271 2096 3484 2169 Spiritu
3540 2096 3648 2153 Dei
3678 2098 3783 2169 agi,

2182 2189 2241 2245 in
2293 2205 2530 2261 quorum
2561 2186 2775 2243 actibus
2837 2185 3071 2242 consilia
3111 2185 3424 2257 principum
3454 2194 3512 2240 et
3544 2192 3780 2256 potestao

2179 2285 2298 2333 tum
2327 2277 2494 2349 hujus
2536 2275 2731 2331 mundi
2758 2291 2869 2330 non
2907 2274 3203 2331 videntur:
3254 2274 3312 2329 in
3340 2289 3584 2346 quorum
3634 2274 3779 2329 enim

2180 2366 2460 2434 videntur,
2511 2382 2622 2420 non
2650 2373 2783 2421 sunt
2811 2364 2916 2419 ﬁlii
2951 2363 3070 2431 Dei,
3102 2361 3196 2419 sed
3227 2361 3437 2418 diaboli
3472 2380 3487 2429 ;
3530 2362 3670 2434 quia
3694 2361 3780 2435 qui

2180 2456 2249 2513 de
2281 2459 2395 2513 Deo
2436 2464 2599 2512 natus
2643 2461 2744 2522 est,
2799 2470 2911 2509 non
2946 2460 3154 2525 peccat,
3199 2450 3337 2507 dicit
3378 2450 3626 2507 Joannes
3662 2468 3783 2524 apo-

2180 2545 2353 2602 stolus
2408 2546 2465 2616 (Ι
2489 2546 2647 2600 Joan.
2679 2560 2763 2611 III,
2792 2542 2874 2613 9).
2936 2543 3051 2598 Hoc
3095 2548 3177 2597 est
3204 2540 3353 2596 enim
3389 2538 3539 2612 quod
3592 2540 3781 2611 prohat

2180 2634 2279 2691 Dei
2308 2633 2457 2689 ﬁlios
2485 2642 2538 2689 et
2567 2632 2795 2689 diaboli.
2829 2630 2985 2688 Unde
3013 2628 3363 2687 Dominusad
3391 2627 3619 2685 Judaaos
3638 2628 3779 2703 quod

2179 2724 2322 2779 male
2353 2730 2595 2795 agerent,
2626 2729 2680 2777 et
2705 2720 3065 2794 parricidium
3111 2717 3437 2791 cogitarent,
3465 2717 3582 2773 ait:
3626 2744 3645 2765 ι
3675 2719 3779 2775 Vos

2180 2813 2247 2870 de
2265 2823 2418 2886 patre
2447 2813 2668 2870 diabolo
2694 2811 2828 2868 estis
2864 2810 3047 2883 (Joan.
3074 2826 3200 2877 vm,
3237 2806 3353 2877 44).
3384 2830 3403 2855 ι

2251 2903 2434 2974 (Vers.
2468 2904 2581 2975 15.)
2648 2902 2805 2958 «Non
2837 2900 2986 2957 enim
3032 2898 3322 2971 accepistis
3367 2896 3637 2969 spiritum
3676 2914 3777 2954 ser-

2178 2992 2375 3047 vitutis
2403 2992 2605 3048 iterum
2634 2990 2693 3046 in
2748 2990 2966 3045 timore.
2991 3013 3009 3036 ι
3056 2988 3170 3044 Hoc
3198 2986 3358 3054 dicit,
3396 2985 3531 3058 quia
3556 2994 3777 3059 accepto

2178 3081 2390 3154 Spiritu
2440 3089 2651 3148 sancto,
2702 3096 2735 3135 a
2778 3078 2978 3135 timore
3022 3077 3291 3133 malorum
3338 3083 3568 3131 actuum
3620 3074 3772 3131 exuti

2181 3186 2406 3225 sumus:
2442 3176 2504 3224 ut
2561 3169 2628 3224 de
2658 3174 2855 3224 caetero
2882 3166 3026 3222 nihil
3056 3166 3165 3222 tale
3212 3179 3458 3235 agamus,
3505 3164 3659 3220 unde
3682 3164 3774 3220 ite-

2182 3276 2305 3315 rum
2339 3261 2652 3315 timeamus.
2686 3257 2830 3313 Ante
2848 3256 2998 3312 enim
3026 3253 3128 3310 sub
3156 3253 3355 3308 timore
3384 3268 3610 3309 eramus
3641 3255 3773 3325 (16),

2182 3349 2313 3423 quia
2349 3350 2464 3420 lege
2497 3348 2643 3417 data,
2673 3362 2864 3402 omnes
2891 3346 2973 3401 rei
3002 3351 3133 3400 sunt
3158 3342 3467 3399 constituti.
3512 3343 3773 3416 Spiritum

2182 3456 2311 3511 ergo
2364 3439 2583 3494 timoris
2650 3437 2821 3507 legem
2872 3434 3040 3501 dixit,
3091 3431 3222 3504 quia
3267 3431 3527 3488 homines
3571 3433 3773 3505 peccati

2181 3544 2346 3585 causa
2373 3528 2433 3583 in
2473 3526 2672 3581 timore
2714 3523 3025 3580 constituit.
3077 3523 3191 3578 Lex
3236 3531 3423 3579 autem
3472 3523 3631 3593 ﬁdei,
3664 3541 3773 3598 qua;

2181 3616 2241 3673 in
2282 3616 2483 3689 spiritu
2543 3612 2861 3684 adoptionis
2906 3610 3269 3683 signiﬁcatur,
3327 3612 3420 3667 lex
3467 3612 3779 3670 securitatis

2182 3712 2284 3774 est,
2315 3703 2445 3775 quia
2472 3720 2503 3758 a
2529 3701 2728 3757 timore
2763 3717 2863 3756 nos
2888 3700 3031 3755 eruit
3064 3700 3197 3756 dum
3252 3699 3421 3757 donat
3448 3711 3694 3771 peccata,
3720 3718 3777 3756 ac

2181 3811 2277 3868 per
2304 3794 2407 3850 hos
2455 3808 2676 3849 securos
2730 3807 2832 3847 nos
2855 3790 3026 3848 fecit:
3060 3808 3124 3846 ac
3152 3789 3359 3846 dicitur
3387 3789 3625 3862 spiritus
3672 3804 3777 3846 non

2180 3884 2398 3943 timoris
2431 3882 2735 3941 secundum
2766 3881 2919 3937 hunc
2948 3880 3175 3937 modum
3208 3882 3349 3953 (17).

2267 4007 2284 4030 ι
2305 3980 2411 4038 Sed
2466 3979 2752 4053 accepistis
2780 3978 3050 4051 Spiritum
3081 3977 3393 4051 adoptionis
3418 3977 3696 4047 ﬁliorum,
3722 3977 3779 4033 in

2181 4090 2290 4146 quo
2350 4074 2651 4129 clamamus
2681 4090 2692 4127 :
2733 4070 2912 4137 Abba,
2942 4079 3115 4142 pater.
3138 4093 3156 4117 ι
3198 4068 3386 4125 Gratia
3411 4067 3560 4123 Deia
3587 4068 3781 4124 timore

2182 4161 2421 4228 liberati,
2480 4160 2793 4233 accepimus
2846 4158 3108 4231 spiritum
3173 4155 3489 4229 adoptionis
3513 4156 3778 4223 ﬁliorum,

2181 4258 2243 4306 ut
2298 4249 2709 4307 considerantes
2759 4248 2895 4322 quid
2927 4264 3175 4315 eramus,
3233 4254 3287 4301 et
3319 4244 3454 4318 quid
3505 4245 3658 4302 dono
3686 4242 3780 4301 Dei

2179 4356 2369 4395 sumus
2431 4338 2635 4411 adepti,
2695 4353 2891 4409 magna
2936 4353 3064 4393 cum
3123 4333 3410 4407 diligentia
3451 4334 3628 4390 vitam
3674 4350 3782 4389 no—

2180 4436 2349 4484 stram
2402 4428 2762 4495 ordinemus;
2799 4443 2867 4483 ne
2919 4442 3124 4482 nomen
3164 4423 3265 4481 Dei
3294 4422 3472 4479 Patris
3501 4423 3562 4479 in
3621 4421 3781 4479 nobis

2177 4518 2439 4589 injuriam
2487 4517 2747 4589 patiatur,
2780 4525 2834 4573 et
2862 4532 2923 4572 ea
2964 4514 3152 4570 omnia
3192 4530 3312 4587 quae
3346 4513 3649 4582 evasimus,
3693 4528 3781 4568 ve-

2175 4608 2280 4664 luti
2311 4608 2514 4680 ingrati
2562 4607 2928 4662 incurramus.
2979 4604 3163 4660 Talem
3210 4602 3357 4658 enim
3388 4603 3623 4673 gratiam
3655 4618 3777 4659 con-

2174 4697 2347 4755 secuti
2394 4714 2605 4764 sumus,
2657 4705 2720 4753 ut
2749 4694 3049 4751 audeamus
3074 4694 3257 4749 dicere
3301 4695 3452 4749 Deo:
3503 4692 3679 4761 Abba,
3725 4692 3779 4749 id

2176 4794 2279 4856 est,
2338 4788 2526 4859 pater!
2589 4785 2824 4857 ideoque
2851 4791 3188 4848 commonet,
3218 4798 3287 4837 ne
3325 4791 3550 4854 accepta
3576 4782 3781 4839 ﬁducia

2177 4876 2236 4931 in
2290 4876 2655 4931 temeritatem
2695 4882 2980 4940 vertatur;
3035 4872 3082 4928 si
3125 4871 3273 4927 enim
3322 4871 3455 4927 huic
3482 4872 3631 4940 voci,
3677 4887 3781 4945 qua

2177 4965 2448 5021 dicimus:
2512 4965 2683 5035 Abba,
2708 4972 2890 5039 pater,
2922 4963 3252 5020 dissimilem
3276 4964 3473 5020 'vitam
3504 4964 3778 5020 exhibea-

2178 5072 2322 5123 mus,
2351 5052 2617 5126 injuriam
2641 5056 2757 5111 Deo
2793 5053 3051 5122 facimus,
3091 5059 3349 5111 vocantes
3385 5068 3514 5109 eum
3546 5060 3779 5125 patrem.

2172 5249 2423 5321 promisit
2448 5249 2615 5304 nobis.

2253 5320 2368 5393 (16)
2401 5321 2537 5376 Ante
2573 5320 2712 5375 enint
2740 5317 2834 5393 sub
2870 5317 3056 5393 timore
3082 5334 3318 5393 emptus,
3341 5333 3454 5393 non
3503 5319 3783 5391 reperitur

2180 5390 2238 5447 in
2263 5388 2427 5457 'ms's.,
2454 5401 2510 5449 at
2535 5399 2731 5448 contra
2762 5390 2820 5445 in
2850 5389 3114 5446 omnibus
3137 5390 3272 5447 edit.
3304 5388 3560 5445 habetur.

2252 5464 2369 5589 (ﬁ)
2402 5463 2527 5520 Vet.
2556 5462 2689 5520 edit.
2719 5478 2782 5519 ac
2806 5478 2936 5518 mss.
2970 5477 3084 5518 non
3114 5460 3299 5535 pauci,
3330 5460 3622 5517 secundum
3644 5463 3782 5519 hunc

2252 5551 2269 5588 ι
2346 5551 2453 5589 um.

2179 5549 2433 5589 mundum
2442 5578 2453 5590 .
