3932 6210
179 370 283 435 129

1270 351 1631 423 COMMENT.
1673 350 1746 416 IN
1783 346 1999 414 EPIST.
2040 348 2137 410 ΑΙ)
2182 342 2350 412 ROM.

3376 340 3477 405 130

180 503 394 560 Idcirco
420 500 572 557 enim
623 498 871 555 bonitate
899 510 1000 552 sua
1025 493 1133 549 hoc
1160 490 1322 549 nobis
1350 487 1602 555 indulsit,
1634 482 1782 557 quod
1812 486 1863 545 A
1884 496 2009 535 nem
2057 478 2259 535 decreti
2308 478 2547 534 muneris
2571 479 2629 534 in
2683 477 2872 534 futuro
2912 475 3134 533 saeculo.
3180 473 3477 546 Propterea

179 610 346 666 super
368 600 621 648 naturam
661 595 907 645 nostram
936 591 1039 652 est,
1070 591 1133 639 ut
1160 580 1309 656 quod
1343 576 1649 649 substantia
1680 575 1782 630 in-

180 685 336 757 digni
364 699 577 750 sumus,
607 679 869 754 operibus
898 690 1231 731 mereamur.

258 773 439 846 (Vers.
491 770 607 841 16.)
677 792 697 816 ε
730 768 849 838 Ipse
897 764 1138 836 Spiritus
1181 760 1362 817 reddit
1404 757 1782 815 testimonium

180 862 408 936 spiritui
438 868 650 925 nostro,
681 853 832 927 quod
859 868 1052 909 sumus
1087 850 1193 905 ﬁlii
1226 850 1346 905 Dei.
1380 875 1399 896 ›
1440 848 1584 903 Bene
1611 862 1787 919 agen—

179 934 337 1006 tibus
381 947 567 1016 nobis,
617 952 674 1000 et
720 959 817 1016 per
859 942 967 997 hoc
1012 941 1193 1011 ipsum
1237 944 1491 992 manente
1536 935 1596 990 in
1625 934 1786 989 nobis

180 1037 401 1110 Spiritu
428 1042 642 1100 sancto,
677 1031 812 1088 huic
844 1029 972 1086 voci
1004 1035 1059 1083 et
1086 1028 1272 1083 animo
1300 1034 1507 1103 nostro,
1541 1029 1638 1084 ’74
1674 1036 1786 1095 qua

180 1135 494 1192 clamamus
518 1134 576 1187 in
623 1130 869 1186 oratione
900 1144 912 1180 :
947 1125 1119 1193 Abba,
1172 1122 1229 1178 id
1266 1132 1370 1191 est,
1401 1129 1572 1194 pater,
1600 1118 1786 1192 Spiri-

178 1232 279 1280 tus
333 1221 436 1278 Dei
485 1218 862 1276 testimonium
905 1215 1020 1282 dat,
1074 1213 1208 1269 dum
1264 1219 1451 1266 manet
1506 1211 1562 1264 in
1592 1208 1779 1276 nobis,

183 1314 455 1388 quoniam
484 1327 593 1367 non
622 1317 824 1365 temere
852 1307 1109 1373 dicimus,
1143 1304 1312 1373 Abba,
1340 1309 1512 1375 pater,
1552 1300 1783 1372 Dignam

181 1403 340 1461 enim
372 1402 541 1456 vitam
593 1399 725 1455 huic
767 1399 892 1455 voci
919 1395 1316 1462 exhibeamus;
1368 1392 1558 1450 et‘hoc
1584 1397 1667 1447 est
1693 1398 1787 1445 te—

184 1491 514 1550 stimonium
543 1489 811 1556 ﬁliorum,
842 1487 890 1544 si
920 1487 981 1543 in
1002 1502 1095 1542 eos
1116 1500 1212 1558 per
1240 1482 1505 1556 Spiritum
1535 1479 1789 1537 videatur

126 1652 131 1657 _
186 1582 407 1656 signum
432 1587 744 1653 paternum.

266 1700 446 1772 (Vers.
482 1697 594 1769 17.)
640 1719 659 1742 ι
686 1695 744 1752 Si
780 1702 963 1751 autem
995 1693 1122 1763 ﬁlii,
1154 1701 1208 1749 et
1237 1689 1484 1747 hmredes
1509 1706 1519 1743 :
1546 1685 1791 1743 haeredes

189 1789 420 1864 quidem
448 1787 569 1855 Dei,
601 1782 913 1842 cohaeredes
942 1790 1124 1838 autem
1156 1780 1383 1839 Christi.
1409 1805 1427 1827 ι
1473 1778 1612 1837 Cum
1646 1779 1791 1833 Deus

190 1885 349 1952 pater
394 1876 550 1932 nullo
593 1873 757 1930 modo
821 1880 1073 1929 mortuus
1118 1870 1291 1943 possit
1347 1868 1481 1938 dici,

193 1975 377 2025 autem
425 1963 544 2037 ejus
586 1963 736 2020 ﬁlius
782 1971 1038 2019 mortuus
1075 1960 1291 2017 dicatur
1338 1973 1502 2015 causa
1530 1958 1791 2012 incarna-

194 2055 386 2121 tionis,
425 2052 561 2126 quid
602 2060 683 2109 est
711 2060 774 2107 ut
810 2050 857 2106 is
886 2049 986 2123 qui
1032 2058 1286 2105 mortuus
1316 2054 1418 2117 est,
1452 2060 1668 2117 semper
1695 2043 1795 2098 vi-

197 2144 381 2201 ventis
418 2143 593 2197 haeres
640 2156 757 2197 esse
817 2138 1051 2208 dicatur,
1121 2154 1246 2194 cum
1306 2134 1550 2192 haeredes
1602 2133 1795 2205 utique

198 2252 317 2292 non
340 2234 451 2290 nisi
489 2240 833 2288 mortuorum
871 2230 981 2286 sint
999 2230 1028 2286 ‘l
1056 2229 1162 2285 Sed
1187 2229 1304 2284 haec
1336 2242 1499 2284 causa
1526 2222 1797 2280 humani-

200 2325 353 2391 tatis,
404 2338 515 2379 non
569 2318 880 2376 divinitatis
945 2327 1045 2375 est.
1094 2319 1231 2374 Nam
1270 2314 1417 2389 apud
1460 2316 1635 2371 Deum
1675 2328 1795 2385 quae

200 2413 346 2487 apud
376 2429 477 2469 nos
531 2408 821 2467 haereditas
866 2407 1092 2475 dicitur,
1139 2406 1347 2462 donum
1399 2413 1483 2460 est
1529 2402 1698 2475 patris
1739 2399 1797 2455 in

202 2503 349 2560 ﬁlios
385 2501 700 2559 obedientes
729 2498 1102 2557 transfusum:
1136 2504 1198 2552 ut
1226 2497 1392 2551 vivus
1420 2491 1662 2549 viventis
1689 2489 1796 2544 hai-

204 2612 292 2651 res
344 2594 414 2652 sit
459 2594 655 2650 merito
709 2591 956 2666 proprio,
1015 2606 1125 2645 non
1170 2587 1495 2643 necessitate
1526 2580 1795 2639 defuncti.

205 2686 363 2743 Unde
392 2696 445 2743 et
471 2686 741 2743 Dominus
788 2684 847 2740 in
873 2681 1178 2754 Evangelio
1208 2696 1321 2734 non
1353 2676 1528 2748 magis
1557 2674 1800 2730 humana

206 2792 373 2850 quam
402 2775 591 2831 divina
618 2774 830 2831 ratione
859 2772 1046 2827 vivam
1086 2767 1406 2825 viventibus
1434 2762 1799 2821 substantiam

205 2882 363 2923 suam
408 2867 671 2939 partitum
701 2881 839 2934 esse,
886 2863 1017 2919 licet
1060 2862 1117 2917 in
1162 2860 1421 2932 parabola
1463 2853 1802 2930 signiﬁcavit

203 2956 368 3029 (Luc.
398 2973 498 3022 xv,
532 2956 620 3027 12)
646 2974 661 3023 ;
706 2971 807 3011 nec
835 2953 984 3009 enim
1033 2950 1295 3024 parabola
1324 2948 1562 3004 absurda
1590 2945 1801 3003 ratione

206 3045 579 3118 componitur.
616 3044 683 3100 Ut
710 3059 837 3115 ergo
876 3048 1159 3114 promptos
1206 3054 1308 3094 nos
1337 3036 1405 3092 ad
1434 3033 1801 3091 obediendum

203 3137 326 3193 Deo
368 3135 515 3191 Patri
558 3134 783 3201 faceret,
824 3131 928 3188 hac
978 3146 1071 3202 spe
1106 3128 1433 3184 exhortatur
1480 3123 1667 3179 dicens
1703 3120 1803 3176 Dei

201 3242 312 3283 nos
361 3225 579 3281 futuros
606 3222 874 3288 haeredes,
908 3217 1220 3275 cohaeredes
1248 3223 1431 3270 autem
1472 3211 1711 3277 Christi;
1745 3217 1808 3265 ut
1836 3202 1879 3263 C

198 3317 337 3391 quia
381 3330 504 3387 spes
548 3327 744 3383 magna
782 3308 998 3381 praemii
1040 3315 1140 3374 est,
1187 3312 1345 3362 tanto
1401 3302 1572 3372 magis
1618 3301 1674 3355 in
1703 3300 1804 3355 Dei

198 3404 370 3461 rebus
418 3399 804 3475 propensiores
870 3411 1133 3463 essemus,
1184 3398 1572 3465 postponentes
1617 3404 1804 3446 curam

197 3492 642 3550 mundanorum.
675 3485 818 3554 Quid
848 3485 922 3541 sit
947 3491 1129 3539 autem
1158 3479 1500 3539 cohaeredem
1530 3494 1643 3534 esse
1676 3476 1806 3532 Filii

197 3584 325 3652 Dei,
370 3581 443 3637 ab
508 3578 754 3651 apostolo
790 3575 999 3631 Joanne
1060 3573 1356 3639 docemur;
1404 3570 1548 3625 inter
1609 3575 1806 3626 caetera

200 3673 358 3729 enim
387 3668 502 3725 ait:
560 3691 579 3714 ‹
618 3665 831 3722 Scimus
861 3662 1122 3736 quoniam
1143 3678 1272 3719 cum
1301 3658 1632 3733 apparuerit,
1653 3657 1803 3714 simi-

202 3761 289 3817 les
320 3760 372 3816 ei
403 3758 609 3815 erimus
635 3757 701 3828 (Ι
725 3755 883 3811 Joan.
917 3769 1002 3823 III,
1035 3752 1115 3825 2).
1145 3777 1163 3800 ι

296 3900 314 3923 ι
356 3874 413 3932 Si
455 3881 638 3930 tamen
685 3868 1110 3942 compatiamur,
1147 3873 1210 3922 ut
1248 3873 1303 3921 et
1328 3865 1493 3921 simul
1524 3863 1805 3939 gloriﬁce-

207 3980 358 4022 mur.
390 3988 409 4011 ι
441 3961 560 4030 Quo
590 3957 753 4016 modo
772 3956 1082 4015 coheredes
1124 3954 1330 4013 Christi
1353 3953 1472 4009 ﬁeri
1516 3968 1807 4026 possumus

211 4054 474 4119 declarat,
511 4050 701 4106 dicens
734 4065 745 4103 :
811 4071 830 4094 ‹
870 4046 925 4103 Si
975 4053 1158 4101 tamen
1197 4043 1614 4115 compatiamur,
1662 4049 1725 4097 ut
1753 4047 1806 4097 et

212 4143 382 4200 simul
421 4139 809 4213 gloriﬁcemur.
843 4163 861 4186 ι
905 4134 1205 4195 Videamus
1225 4151 1352 4206 ergo
1389 4132 1525 4206 quid
1544 4133 1617 4190 sit
1644 4149 1808 4188 com—

212 4232 348 4305 pati.
404 4227 654 4300 Compati
706 4235 788 4282 est
842 4225 1246 4299 persecutiones
1298 4224 1528 4279 tolerare
1586 4228 1809 4294 propter

213 4336 365 4393 spem
392 4318 725 4383 futurorum,
771 4329 1100 4385 carnemque
1143 4310 1466 4383 cruciﬁgere
1496 4327 1623 4366 cum
1654 4308 1809 4364 vitiis

216 4418 269 4466 et
317 4403 801 4479 concupiscentiis,
857 4402 963 4459 hoc
1007 4410 1108 4471 est,
1153 4402 1463 4474 voluptates
1503 4409 1557 4456 et
1585 4415 1811 4471 pompas

219 4500 408 4558 saeculi
454 4513 725 4570 spernere.
785 4494 923 4553 Cum
981 4494 1130 4549 enim
1181 4492 1300 4549 haec
1361 4490 1548 4546 omnia
1594 4497 1812 4545 mortua

220 4589 428 4645 fuerint
461 4563 607 4658 apud
644 4584 948 4653 hominem,
988 4581 1265 4655 cruciﬁgit
1308 4579 1600 4644 mundum,
1636 4576 1809 4633 futuri
1842 4563 1890 4622 D

220 4680 406 4738 saeculi
433 4679 610 4733 vitam
640 4677 885 4745 credens,
935 4675 995 4732 in
1036 4690 1145 4749 qua
1176 4690 1234 4731 se
1262 4681 1443 4746 sperat
1470 4667 1812 4730 cohaeredem

224 4769 428 4829 Christi
455 4768 728 4825 futurum.

293 4888 481 4962 (Vers.
514 4888 629 4958 18.)
674 4910 693 4933 ε
730 4885 1008 4942 Existimo
1036 4899 1164 4956 ergo
1194 4882 1342 4955 quod
1371 4898 1481 4938 non
1513 4881 1626 4937 sint
1673 4893 1815 4935 con-

222 4976 402 5052 digna
424 4978 707 5051 passiones
730 4975 897 5047 hujus
923 4972 1189 5045 temporis
1208 4970 1277 5027 ad
1312 4971 1553 5025 futuram
1586 4965 1816 5039 gloriam

224 5084 342 5142 qua
376 5064 715 5122 revelabitur
743 5063 802 5119 in
831 5062 1012 5119 nobis.
1046 5086 1065 5110 ι
1107 5057 1438 5116 Exhortatio
1467 5057 1587 5112 haec
1617 5055 1688 5110 ad
1717 5070 1819 5109 su-

224 5157 442 5230 periora
488 5155 746 5228 pertinet,
813 5169 909 5226 per
957 5167 1122 5225 quam
1182 5146 1425 5204 ostendit
1480 5160 1650 5217 parva
1708 5159 1821 5199 esse

226 5263 344 5321 quae
374 5247 472 5304 hic
500 5251 730 5319 possunt
757 5260 789 5300 a
817 5242 1040 5316 perﬁdis
1070 5237 1325 5312 irrogari,
1357 5235 1424 5291 ad
1454 5231 1821 5305 comparatio-

297 5419 417 5492 (18)
460 5418 573 5476 Nos
592 5416 743 5492 jubet
769 5414 955 5492 deerat
984 5411 1057 5492 in.
1083 5408 1303 5492 cunctis
1317 5405 1456 5492 edit.
1489 5410 1543 5459 et
1575 5401 1827 5457 nonnul-

229 5477 484 5558 lis‘mss.,
517 5477 615 5546 sed
645 5504 715 5543 ex
741 5486 867 5542 aliis
895 5482 1146 5558 pluribus
1177 5477 1510 5557 restituitur.

304 5544 578 5635 (Erige
623 5559 848 5635 terrenis
887 5544 1116 5635 calcatur
1153 5567 1309 5635 nunc
1346 5548 1587 5620 primum
1630 5558 1661 5598 e
1704 5544 1823 5601 cod.

230 5624 376 5691 Flor.
400 5624 465 5690 ἐι
500 5630 672 5691 Vind.
705 5628 1075 5686 admittuntur
1103 5624 1163 5679 in
1194 5629 1435 5679 textum.

304 5688 459 5780 (ἰὼ-⁷
490 5688 571 5763 lta
613 5717 806 5761 omnes
835 5698 969 5756 edit.
1018 5712 1084 5755 ac
1110 5710 1242 5753 mss.
1275 5692 1489 5765 aliquot
1520 5705 1533 5747 :
1567 5688 1830 5747 nonnulli

1888 588 1990 627 nos
2008 569 2166 641 jubet
2198 570 2317 640 (18)
2350 569 2417 624 ad
2456 569 2643 624 omnia
2668 570 2840 625 exitia
2864 575 3084 641 paratos
3105 580 3221 622 esse
3255 563 3473 631 debere,

1891 659 2020 734 quia
2048 675 2244 730 magna
2272 675 2369 729 pro
2401 658 2488 713 his
2516 658 2844 730 repromissa
2868 664 2997 713 sunt
3024 654 3251 729 praemia
3272 672 3292 719 ;
3326 660 3388 708 ut
3419 651 3479 707 in

1892 748 2250 805 tribulatione
2291 747 2604 802 consoletur
2653 764 2709 803 se
2758 748 2994 815 animus,
3049 755 3103 802 et
3130 760 3223 817 spe
3250 749 3476 800 crescat.

1892 838 2027 894 Nam
2092 845 2145 891 et
2190 836 2476 909 quosdam,
2514 835 2639 904 ,imo
2687 837 2891 891 multos
2938 835 3142 891 scimus
3187 851 3285 906 pro
3332 847 3482 904 prae-

1894 925 2143 982 sentibus
2200 925 2390 993 lucris,
2446 924 2516 980 ad
2572 923 2851 979 modicum
2910 923 3104 994 utique
3153 920 3478 993 profuturis,

1895 1031 2060 1087 quam
2109 1030 2328 1086 asperos
2379 1022 2433 1069 et
2486 1013 2655 1069 duros
2701 1011 2886 1069 subire
2913 1010 3147 1078 labores,
3178 1017 3232 1064 et
3265 1008 3333 1064 ad
3364 1023 3483 1079 quin

1892 1107 2128 1163 tendunt
2155 1107 2473 1179 aliquando,
2507 1106 2639 1179 quia
2667 1106 2785 1178 ipsa
2811 1104 2928 1160 vita
2959 1103 3171 1175 fragilis
3200 1108 3283 1157 est
3306 1107 3360 1155 et
3391 1099 3487 1154 in-

1891 1212 2059 1270 certa,
2103 1203 2389 1275 pervenire
2431 1217 2543 1256 non
2602 1208 2852 1272 possunt.
2907 1201 3097 1256 Nautae
3145 1215 3244 1271 pro
3286 1196 3489 1270 quibus

1893 1292 2199 1349 commodis
2232 1292 2399 1346 tantis
2446 1308 2503 1347 se
2548 1291 2806 1362 procellis
2842 1299 2897 1346 et
2924 1287 3349 1361 tempestatibus
3376 1300 3488 1341 cre-

1895 1380 2054 1449 dunt,
2086 1396 2214 1437 cum
2252 1380 2429 1436 sciant
2459 1379 2518 1435 in
2550 1380 2637 1435 his
2674 1378 2846 1452 magis
2876 1385 3112 1433 mortem
3141 1384 3269 1433 ante
3300 1376 3489 1432 oculos

1897 1487 2012 1528 esse
2041 1487 2204 1543 quam
2235 1470 2441 1526 vitam?
2486 1470 2557 1525 Et
2587 1469 2793 1525 milites
2819 1484 2914 1541 spe
2941 1466 3226 1540 praesentis
3254 1463 3489 1538 praemii,

1897 1575 2025 1616 cum
2072 1560 2282 1617 incerta
2318 1558 2553 1616 victoria
2594 1559 2690 1626 sit,
2723 1559 2782 1613 in
2829 1556 3040 1630 gladios
3070 1556 3353 1628 insurgere
3380 1569 3492 1609 non

1899 1650 2176 1707 dubitant.
2209 1648 2427 1716 Quanto
2454 1664 2582 1720 ergo
2611 1648 2787 1720 magis
2817 1663 2916 1719 pro
2936 1645 3158 1704 Christo
3173 1642 3492 1717 patiendum

1899 1747 2001 1807 est,
2039 1738 2199 1810 cujus
2225 1737 2390 1793 etiam
2420 1738 2689 1809 protelata
2709 1743 2839 1791 sunt
2866 1736 3029 1791 nobis
3058 1732 3363 1789 beneﬁcia:
3397 1730 3495 1804 qui

1534 1820 1791 1923 ὲῖτξξξξξ
1825 1841 1872 1901 Β
1902 1844 2002 1901 pro
2053 1825 2238 1899 parvis
2265 1824 2575 1923 magniﬁca,
2608 1839 2708 1895 pro
2736 1822 2971 1879 terrenis
2999 1820 3243 1879 calestia
3271 1820 3412 1892 (19),
3438 1827 3495 1874 et

1900 1933 2000 1992 pro
2027 1915 2421 1987 temporalibus
2470 1921 2733 1987 perpetua
2760 1912 2988 1985 praemia
3013 1927 3141 1969 cum
3172 1909 3347 1983 gloria
3378 1909 3491 1981 pol-

1902 2010 2101 2066 licetur
2131 2009 2143 2063 l
2176 2008 2281 2063 Pro
2328 2006 2549 2065 Christo
2577 2005 2819 2063 dicimur
2846 2003 2982 2077 pati,
3014 2018 3141 2060 cum
3170 2000 3350 2069 nobis,
3380 2013 3492 2054 non

1905 2097 1986 2153 illi
2037 2096 2307 2169 proﬁciat,
2359 2095 2508 2169 quod
2538 2094 2812 2167 patimur:
2845 2092 2942 2149 sed
2970 2090 3101 2165 quia
3129 2091 3225 2146 ille
3257 2087 3494 2146 occasio-

1903 2201 2029 2241 nem
2072 2184 2269 2257 quaerit
2328 2184 2717 2241 remunerandi
2764 2199 2885 2251 nos,
2928 2181 3036 2237 hoc
3085 2178 3378 2253 praecipit;
3434 2182 3496 2231 ut

1904 2276 2083 2332 bonus
2125 2274 2273 2330 enim
2320 2275 2408 2330 vel
2455 2274 2713 2346 profusus
2748 2271 2977 2344 largitor
3014 2284 3232 2326 causam
3277 2265 3494 2340 quaerit,

1906 2363 2181 2439 quomodo
2235 2362 2402 2419 donet
2443 2370 2538 2417 aut
2566 2361 2830 2434 indignis,
2861 2367 2956 2417 aut
2983 2357 3335 2417 verecundis.
3380 2357 3498 2411 De-

1905 2454 2072 2525 nique
2106 2459 2170 2508 ut
2216 2452 2333 2524 ipsa
2359 2452 2530 2508 exitia
2573 2451 2797 2507 tolerari
2839 2449 3073 2523 possint,
3102 2447 3221 2521 ipse
3252 2442 3498 2518 suggerit

1906 2557 2054 2598 Vll'es
2062 2584 2074 2596 .

1982 2630 2164 2702 (Vers.
2212 2629 2326 2699 19.)
2370 2651 2390 2674 ι
2438 2628 2577 2684 Nam
2616 2625 2953 2699 exspectatio
3002 2633 3267 2682 creaturas
3296 2621 3502 2677 revela-

1907 2719 2116 2776 tionem
2143 2717 2390 2773 ﬁliorum
2418 2716 2519 2772 Dei
2534 2722 2833 2786 exspectat.
2858 2739 2877 2762 ›
2914 2713 3188 2782 Quoniam
3217 2707 3503 2783 praesentis

1908 2807 2173 2880 temporis
2196 2806 2476 2881 passiones
2500 2805 2756 2877 indignas
2775 2803 2923 2859 dixit
2948 2802 3018 2859 ad
3048 2807 3501 2873 superventuram

1912 2897 2163 2969 gloriam,
2221 2895 2457 2968 subjecit
2507 2893 2656 2967 quod
2699 2899 2949 2949 creatura
2974 2890 3082 2947 hoc
3108 2893 3409 2961 exspectat,
3440 2893 3503 2941 ut

1911 2986 2252 3057 compleatur
2290 3000 2553 3040 numerus
2605 2982 2850 3038 ﬁliorum
2901 2980 3020 3050 Dei,
3071 2978 3380 3035 destinatus
3432 2972 3500 3029 ad

1913 3075 2117 3130 vitam:
2168 3083 2231 3131 ut
2280 3082 2413 3131 tunc
2450 3074 2673 3129 demum
2704 3073 2869 3128 etiam
2907 3072 3027 3143 ipsa
3053 3076 3304 3126 creatura
3332 3063 3502 3137 possit

1914 3163 2138 3219 liberari
2194 3180 2225 3218 a
2269 3164 2534 3219 servitute
2589 3161 2984 3232 corruptionis,
3014 3168 3069 3214 et
3123 3172 3335 3216 cessare
3363 3172 3396 3210 a
3422 3152 3501 3210 vi-

1914 3253 1993 3307 tio
2021 3252 2163 3324 (20).

1985 3340 2167 3411 (Vers.
2197 3338 2313 3411 20.)
2350 3362 2370 3385 ι
2411 3335 2657 3397 Vanitati
2688 3335 2836 3390 enim
2865 3340 3114 3390 creatura
3147 3332 3398 3404 subjecta
3422 3337 3507 3385 est

1914 3445 2029 3487 non
2057 3427 2387 3485 voluntaria.
2421 3451 2440 3476 ι
2490 3427 2555 3482 In
2593 3423 2819 3480 Domini
2857 3432 2913 3480 et
2953 3421 3215 3480 creatoris
3241 3425 3509 3493 potestate

1914 3520 2095 3593 posita
2139 3524 2408 3586 creatura,
2467 3531 2580 3571 non
2635 3515 2827 3587 utique
2890 3520 3084 3586 sponte
3138 3510 3384 3583 subjecta
3426 3516 3509 3565 est

1914 3608 2186 3678 vanitati;
2220 3625 2333 3664 non
2371 3608 2519 3664 enim
2550 3605 2793 3678 proderit
2811 3604 2919 3661 sibi
2949 3601 3098 3677 quod
3127 3600 3376 3673 subjecta
3402 3608 3506 3668 est,

1912 3700 2008 3757 sed
2048 3697 2225 3756 nobis.
2258 3696 2403 3765 Quid
2456 3702 2538 3752 est
2570 3710 2700 3768 ergo
2748 3693 2806 3748 in
2841 3708 2951 3767 quo
2994 3690 3229 3747 vanitati
3260 3688 3507 3761 subjecta

1914 3799 2015 3861 est,
2054 3789 2162 3847 nisi
2194 3788 2323 3861 quia
2345 3804 2465 3861 quae
2502 3793 2740 3859 generat,
2782 3783 2990 3841 caduca
3015 3783 3193 3839 sunt?
3229 3782 3502 3852 Operatur

1914 3880 2083 3951 enim,
2141 3886 2203 3935 ut
2256 3878 2470 3934 fructus
2532 3876 2698 3932 faciat
2748 3873 3186 3944 corruptibiles:
3228 3867 3511 3939 corruptio

1915 3986 2041 4043 ergo
2070 3968 2186 4041 ipsa
2236 3967 2451 4023 vanitas
2477 3972 2558 4021 est
2588 3982 2602 4031 ;
2636 3963 2825 4019 omnia
2871 3961 3025 4016 enim
3057 3975 3178 4032 quas
3206 3962 3511 4013 nascuntur

1916 4058 1974 4113 in
2004 4057 2233 4122 mundo,
2267 4056 2507 4123 inﬁrma,
2557 4052 2762 4109 caduca
2798 4059 2852 4107 et
2879 4047 3287 4120 corruptibilia,
3318 4062 3382 4102 ac
3411 4060 3507 4117 per

1918 4146 2023 4203 hoc
2048 4163 2189 4202 vana
2212 4153 2360 4201 sunt.
2409 4144 2567 4200 Vana
2591 4148 2720 4197 sunt
2750 4139 2919 4206 enim,
2962 4136 3093 4211 quia
3120 4144 3321 4193 statum
3350 4150 3511 4191 suum

1917 4246 2102 4295 tenere
2157 4255 2270 4294 non
2324 4246 2588 4311 possunt:
2651 4250 2777 4290 nam
2832 4242 3032 4291 cuncta
3085 4230 3390 4287 deformata
3417 4242 3513 4300 per

1918 4327 2134 4384 ﬂuxum
2183 4344 2398 4400 semper
2425 4327 2485 4383 in
2529 4342 2588 4382 se
2641 4323 2873 4381 redeunt
2898 4321 3127 4380 confusa
3147 4320 3205 4375 in
3235 4326 3510 4377 naturam.

1921 4424 2015 4481 75
2067 4424 2185 4481 Hoc
2231 4419 2366 4477 dicit
2392 4418 2460 4475 de
2500 4416 2588 4473 his
2616 4423 2671 4472 et
2707 4415 2991 4482 Salomon,
3020 4412 3151 4486 quia
3177 4410 3367 4468 omnia
3394 4408 3513 4464 haec

1919 4515 2134 4570 vanitas
2182 4511 2379 4584 (Eccle.
2411 4526 2453 4574 Ι,
2490 4507 2571 4579 2).
2602 4506 2713 4563 Nec
2766 4502 3045 4562 discordat
3081 4501 3150 4557 ab
3193 4500 3283 4556 his
3310 4496 3509 4566 David,

1920 4606 2109 4663 dicens
2142 4622 2153 4659 :
2202 4626 2220 4650 ι
2249 4601 2645 4659 Verumtamen
2668 4596 2885 4653 vanitas
2913 4591 3098 4649 omnis
3122 4590 3290 4647 homo
3320 4588 3515 4644 vivens

1921 4696 2100 4769 (Psal.
2132 4707 2378 4758 xxxvm,
2417 4687 2497 4761 6).
2530 4712 2548 4736 ι
2590 4683 2923 4743 Manducare
2948 4680 3099 4737 enim
3133 4686 3187 4734 et
3214 4677 3428 4769 bibere,
3463 4680 3517 4728 et

1924 4760 2009 4841 res
2055 4782 2247 4839 mundi
2274 4792 2490 4844 curare,
2532 4789 2715 4829 nonne
2763 4770 2980 4850 vanitas
3026 4775 3113 4823 est
3142 4765 3169 4821 ‘P
3197 4765 3269 4819 Et
3298 4760 3517 4834 prodest

1925 4880 2107 4928 tamen
2152 4870 2271 4940 ipsa
2298 4864 2549 4929 vanitas;
2582 4858 2802 4931 proﬁcit
2831 4847 2978 4912 enim
3022 4851 3346 4909 hominibus
3375 4847 3520 4904 natis

1927 4960 1986 5016 in
2037 4938 2264 5023 mundo,
2322 4961 2385 5008 ut
2439 4966 2533 5022 per
2588 4948 2707 5003 haec
2758 4945 2818 5001 in
2861 4941 3185 5015 corporibus
3210 4938 3519 5007 exercitati,

1927 5049 2144 5109 discant
2198 5040 2528 5115 mysterium
2582 5033 2875 5095 Creatoris.
2924 5031 3011 5088 Ad
3056 5028 3520 5104 comparationem

1929 5138 2078 5196 enim
2108 5142 2439 5191 aeternorum
2472 5142 2613 5183 vana
2640 5132 2806 5194 sunt;
2839 5140 2966 5181 nam
2986 5123 3045 5179 in
3075 5138 3176 5179 suo
3206 5121 3352 5179 bona
3369 5126 3519 5187 sunt,

1929 5227 2132 5303 quippe
2160 5238 2287 5281 cum
2339 5220 2452 5275 sint
2488 5216 2809 5274 necessaria.

1932 5416 2064 5457 vero
2092 5395 2209 5463 alii,
2244 5390 2465 5450 liberari
2490 5408 2524 5446 α
2560 5389 2805 5446 servitute
2844 5383 3222 5463 corruptionis,
3251 5390 3300 5440 et
3323 5398 3524 5463 cessare

1933 5453 2245 5537 cvserviti'o,
2289 5463 2581 5537 quidam...
2613 5468 2661 5537 et
2706 5462 2929 5537 cessaret
2954 5453 3167 5537 vitio
3198 5453 3371 5537 ;Acod.
3406 5462 3521 5512 tan-

1935 5543 2061 5600 dem
2100 5528 2286 5603 Corb.,
2306 5528 2543 5591 liberari
2583 5534 2650 5590 ab
2678 5530 2842 5604 ofﬁcio
2870 5528 3160 5598 servitutis,
3190 5535 3239 5585 et
3270 5544 3521 5601 pausare.

1935 5614 2154 5672 Tbuan.
2176 5606 2352 5673 addit,
2383 5607 2439 5662 in
2462 5605 2587 5661 otio.
