3932 6210
514 343 612 410 131

1527 356 1624 411 ΑΙ)
1664 347 1899 412 OPERA
1936 355 1991 414 S.
2034 349 2367 414 AMBROSII
2404 354 2785 416 APPENDIX.

3747 362 3861 424 132

588 481 772 553 (Vers.
803 482 922 554 21.)
969 507 987 530 ι
1015 481 1121 538 Sed
1164 490 1386 556 propter
1412 498 1536 539 eum
1566 483 1660 556 qui
1691 483 1923 555 subjecit
1950 483 2099 540 illam
2131 485 2184 546 A
2213 484 2496 553 cordiam;
2550 493 2613 541 ut
2675 495 2912 559 quatuor
2959 486 3176 560 angulis
3232 489 3450 560 pulsata
3503 489 3750 563 domus,
3782 512 3852 550 ex

510 571 570 628 in
617 587 731 644 spe.
777 595 796 619 ι
859 570 990 638 Qum
1033 589 1159 644 spes
1199 573 1290 642 sit,
1336 572 1522 630 statim
1568 573 1819 644 subjecit,
1869 573 2101 629 dicens:

527 685 544 707 ι
585 660 858 728 Quoniam
905 670 960 716 et
991 661 1110 733 ipsa
1137 669 1385 719 creatura
1433 662 1756 718 liberabitur
1783 679 1815 718 a
1843 663 2107 719 servitute

512 751 834 822 corruptelae
896 751 954 806 in
999 750 1307 808 libertatem
1366 751 1552 824 gloriae
1599 751 1842 807 ﬁliorum
1902 751 2022 808 Dei.
2074 775 2091 798 ι

512 840 782 908 Quoniam
841 840 1214 898 contradicere
1270 858 1380 896 non
1435 848 1614 912 potest
1642 849 1892 898 creatura
1919 840 2105 897 condi-

510 929 619 986 tori
647 945 766 998 suo,
797 928 917 1001 ejus
953 946 1115 986 causa
1141 929 1389 1002 subjecta
1419 939 1642 986 estnon
1682 930 1800 985 sine
1839 947 1954 1002 spe.
2002 930 2104 985 Ha-

508 1018 602 1075 bet
645 1019 792 1075 enim
831 1019 889 1075 in
935 1019 1120 1076 labore
1166 1020 1345 1092 posita
1393 1019 1499 1076 hoc
1529 1020 1809 1088 solatium,
1843 1020 2105 1092 quoniam

509 1106 738 1165 habebit
761 1109 1028 1182 requiem,
1061 1126 1188 1168 cum
1218 1109 1556 1166 crediderint
1583 1125 1794 1178 omnes,
1827 1125 1964 1182 quos
2003 1111 2108 1166 scit

507 1199 653 1254 Deus
682 1198 1006 1264 credituros,
1038 1215 1274 1273 quorum
1305 1201 1472 1256 etiam
1503 1218 1665 1259 causa
1693 1201 1930 1274 subjecit
1962 1220 1973 1258 :

581 1288 765 1361 (Vers.
797 1289 913 1360 22.)
955 1314 974 1337 ι
1012 1288 1228 1347 Scimus
1279 1291 1432 1346 enim
1475 1290 1622 1362 quod
1651 1292 1831 1349 omnis
1859 1299 2108 1349 creatura

507 1377 823 1448 ingemiscit
879 1385 935 1434 et
987 1379 1224 1450 parturit
1251 1395 1426 1452 usque
1497 1379 1697 1440 adhuc.
1730 1406 1748 1430 ι
1830 1381 2105 1438 Parturire

511 1464 702 1521 dolere
729 1474 832 1523 est.
866 1467 985 1539 Ipse
1013 1482 1207 1526 sensus
1233 1476 1334 1536 est,
1366 1469 1495 1541 quia
1520 1470 1705 1527 omnis
1731 1479 1982 1527 creatura
2007 1487 2106 1552 per

507 1554 891 1628 quotidianum
951 1556 1193 1613 laborem
1251 1558 1566 1630 ingemiscit
1618 1569 1672 1615 et
1726 1559 1873 1616 dolet
1922 1575 2102 1632 usque

507 1643 692 1702 modo.
744 1646 925 1719 Usque
971 1646 1139 1706 modo
1183 1647 1378 1704 tandiu
1418 1647 1714 1720 signiﬁcat,
1754 1647 2000 1722 quandiu
2029 1650 2102 1704 le-

508 1734 674 1805 gitur.
708 1736 830 1806 Ipsa
865 1736 1012 1792 enim
1047 1735 1317 1793 elementa
1347 1753 1474 1794 cum
1505 1737 1882 1794 sollicitudine
1910 1754 2102 1810 operas

2215 572 2404 645 aliqua
2440 581 2594 646 parte
2625 574 2794 630 faciat
2825 575 3067 632 ruinam.
3096 576 3324 648 Propter
3351 577 3504 650 quod
3539 597 3667 638 uno
3690 599 3854 639 con-

2217 663 2343 718 silio
2399 663 2722 735 fugiendum
2771 671 2852 721 est
2909 663 3043 722 hinc
3083 664 3452 736 Christianis;
3496 673 3848 744 exemplum

2217 752 2365 808 enim
2419 753 2620 810 debent
2674 753 2828 828 sequi
2891 755 3068 811 sancti
3125 754 3434 825 Simeonis,
3485 759 3589 832 qui
3651 762 3846 818 sciens

2216 845 2425 901 bellum
2481 844 2574 901 hic
2616 845 2728 918 geri
2771 853 2962 902 contra
3011 845 3319 918 perﬁdiam,
3352 846 3410 902 in
3439 865 3577 920 pace
3615 849 3842 908 dimitti

2215 960 2273 1000 se
2329 942 2630 1015 postulavit
2677 943 2829 1014 (Luc.
2887 960 2946 1010 n,
2999 941 3114 1012 29).
3175 944 3288 1000 Hoc
3319 954 3399 1001 est
3429 947 3584 1018 quod
3616 949 3836 1022 singuli

2216 1042 2433 1090 orantes
2482 1049 2581 1105 pro
2635 1032 2894 1089 omnibus
2938 1048 3180 1101 oramus,
3233 1041 3296 1090 ut
3343 1035 3535 1092 veniat
3589 1054 3834 1111 regnum

2215 1123 2315 1179 Dei
2355 1124 2570 1192 (Matth.
2621 1140 2700 1192 vr,
2749 1121 2860 1192 10);
2914 1129 3045 1179 tunc
3074 1123 3221 1178 enim
3253 1123 3358 1180 erit
3394 1124 3665 1184 liberatio
3693 1145 3832 1185 cor—

2217 1213 2365 1285 poris
2415 1213 2609 1280 nostri,
2661 1211 2718 1268 id
2775 1220 2876 1279 est,
2933 1212 3182 1268 omnium
3232 1211 3721 1282 Christianorum;
3768 1218 3827 1273 in

2215 1317 2442 1373 corpore
2494 1301 2642 1358 enim
2691 1316 2884 1357 omnes
2909 1300 3269 1374 signiﬁcavit,
3301 1301 3430 1374 quia
3455 1319 3658 1361 sumus
3687 1305 3827 1362 alter

2215 1390 2439 1446 alterius
2459 1389 2725 1446 membra.
2760 1389 3059 1462 Apostolus
3095 1389 3320 1463 quidem
3351 1391 3510 1464 quasi
3541 1393 3636 1448 vir
3666 1393 3822 1450 divi-

2213 1496 2320 1537 nus
2373 1479 2512 1540 bene
2563 1479 2732 1536 sentit
2777 1479 2844 1536 de
2891 1478 3074 1548 nobis,
3113 1479 3303 1537 dicens
3327 1481 3458 1555 quia
3487 1481 3821 1555 ingemisci—

2215 1587 2355 1639 mus,
2407 1578 2469 1626 ut
2514 1569 2646 1626 hinc
2687 1569 3008 1638 liberemur,
3038 1570 3181 1626 sicut
3210 1577 3264 1626 et
3294 1570 3820 1644 ingemiscebatSi-

2213 1670 2411 1716 mean:
2467 1658 2561 1715 sed
2614 1656 2775 1714 video
2838 1657 3206 1715 oblectatione
3252 1659 3448 1716 mundi
3482 1676 3587 1716 nos
3616 1661 3816 1718 teneri.

2210 1747 2384 1820 Igitur
2412 1763 2508 1821 per
2537 1747 2654 1804 haec
2684 1764 2803 1822 quae
2837 1763 3002 1820 supra
3029 1747 3176 1804 dicta
3196 1756 3344 1817 sunt,
3375 1748 3623 1806 ostendit
3654 1766 3816 1823 quam

507 1837 633 1878 suas
661 1821 951 1912 exhibent,
999 1823 1130 1896 quia
1171 1832 1226 1880 et
1266 1825 1348 1881 sol
1388 1833 1442 1881 et
1469 1826 1602 1884 luna
1629 1842 1744 1882 non
1759 1826 1879 1883 sine
1919 1826 2102 1884 labore
2133 1840 2179 1902 Β
2215 1837 2330 1893 vim
2391 1844 2642 1894 creatura
2687 1836 2931 1909 patiatur
2976 1836 3152 1893 nostri
3199 1853 3385 1906 causa,
3432 1853 3559 1894 cum
3594 1821 3815 1912 quando

507 1917 710 1967 statuta
761 1910 868 1968 sibi
921 1911 1154 1983 implent
1174 1913 1374 1988 spatia,
1431 1923 1486 1971 et
1510 1915 1738 1987 spiritus
1773 1915 2101 1973 animalium

507 2014 707 2071 magno
735 2001 942 2074 gemitu
970 2011 1214 2060 arctatur
1239 2003 1308 2060 ad
1339 2004 1653 2064 exhibenda
1681 2005 1912 2064 servitia
1937 2026 1949 2074 ;
1973 2023 2100 2063 nam

509 2088 760 2148 videmus
789 2091 886 2148 illa
930 2094 1206 2165 gementia
1233 2093 1354 2166 cogi
1394 2094 1571 2156 invita
1595 2095 1663 2150 ad
1689 2094 1953 2151 laborem.
1977 2096 2105 2152 Haec

506 2194 631 2252 ergo
659 2180 848 2238 omnia
874 2190 1194 2255 exspectant
1243 2184 1514 2256 requiem,
1546 2192 1607 2240 ut
1635 2199 1666 2238 a
1715 2185 1905 2240 servili
1938 2200 2102 2257 opere

504 2267 824 2328 liberentur.
870 2271 928 2328 Si
971 2282 1154 2332 autem
1200 2271 1321 2331 haec
1365 2281 1506 2330 esset
1545 2274 1805 2342 servitus,
1863 2289 1986 2347 quae
2033 2273 2102 2330 ad

503 2359 678 2416 Deum
707 2359 998 2432 proﬁceret
1025 2361 1474 2433 promerendum,
1493 2362 1774 2435 gauderet,
1812 2381 1923 2420 non
1952 2364 2101 2420 dole-

503 2455 587 2503 ret
627 2457 906 2506 creatura:
938 2449 1035 2508 sed
1090 2450 1222 2525 quia
1272 2452 1447 2510 nostri
1504 2468 1669 2510 causa
1730 2452 1978 2525 subjecta
2019 2462 2103 2512 est

505 2537 767 2594 servituti
814 2539 1206 2610 corruptionis,
1245 2541 1416 2598 dolet.
1472 2542 1639 2599 Videt
1667 2543 1814 2599 enim
1849 2543 2101 2616 quotidie

509 2642 675 2698 opera
703 2645 802 2685 sua
829 2629 1056 2688 interire
1085 2649 1098 2698 ;
1134 2633 1381 2705 quotidie
1417 2633 1566 2691 enim
1608 2633 1788 2692 oritur
1815 2641 1870 2691 et
1896 2634 2102 2692 occidit

505 2716 624 2788 (21)
683 2734 821 2790 opus
869 2719 1007 2791 ejus.
1066 2722 1230 2779 Recte
1273 2739 1401 2796 ergo
1451 2722 1622 2792 dolet,
1669 2723 1830 2794 cujus
1857 2724 2101 2796 operatio

504 2822 618 2864 non
665 2808 732 2865 ad
772 2809 1134 2868 aeternitatem
1165 2813 1422 2883 pertinet,
1450 2813 1546 2869 sed
1566 2813 1636 2868 ad
1664 2813 2096 2886 corruptionem.

502 2897 782 2964 Quantum
813 2917 941 2970 ergo
970 2901 1132 2956 datur
1161 2901 1418 2973 intelligi,
1459 2902 1595 2958 satis
1613 2903 1680 2960 de
1709 2912 1898 2960 nostra
1923 2906 2100 2962 salute

505 2987 745 3044 sollicita
789 2997 937 3056 sunt,
988 2989 1223 3047 scientes
1252 2990 1320 3046 ad
1354 2990 1738 3050 liberationem
1782 3010 1938 3050 suam
1962 3011 2100 3067 pro-

503 3073 666 3131 ﬁcere
721 3076 1009 3147 maturius,
1062 3079 1111 3134 si
1170 3079 1334 3136 modo
1387 3097 1487 3138 nos
1537 3083 1701 3140 citius
1743 3099 2099 3155 agnoscamus

2212 1945 2313 1986 nos
2368 1927 2568 2003 quibus
2618 1928 2941 2002 obsequium
3000 1927 3118 2000 ejus
3164 1926 3401 2000 proﬁcit,
3449 1927 3662 2008 quique
3719 1930 3813 1985 Dei

2212 2025 2481 2098 Spiritum
2536 2023 2841 2097 adjutorem
2897 2022 3200 2093 habemus,
3257 2022 3702 2096 ingemiscimus,
3756 2034 3817 2079 ut

2214 2113 2344 2171 hinc
2395 2113 2712 2182 liberemur,
2759 2121 2821 2170 ut
2842 2113 3112 2186 promissa
3134 2129 3537 2186 consequamur
3566 2113 3811 2185 praemia.

2212 2204 2430 2272 Quanto
2469 2203 2642 2276 magis
2686 2219 2815 2275 ergo
2845 2210 3095 2259 creatura
3125 2201 3455 2275 ingemiscit,
3485 2217 3610 2275 quae
3642 2219 3814 2277 neque

2211 2292 2519 2366 adjutorem
2561 2292 2725 2350 habet
2771 2291 3038 2364 Spiritum
3086 2301 3360 2362 sanctum,
3417 2307 3596 2366 neque
3630 2292 3693 2348 in
3723 2309 3815 2350 sua

2211 2399 2375 2442 causa
2405 2383 2647 2440 laborat:
2681 2381 2869 2438 addito
2901 2380 3024 2449 hoc,
3056 2380 3204 2455 quod
3232 2397 3295 2438 ea
3337 2397 3457 2455 quae
3498 2375 3688 2438 labore
3716 2399 3810 2438 suo

2209 2480 2452 2547 generat,
2485 2479 2547 2527 ut
2568 2471 2844 2528 alimentis
2865 2487 3152 2528 servorum
3181 2470 3278 2528 Dei
3297 2469 3611 2544 proﬁciant,
3628 2481 3814 2528 contra

2211 2563 2293 2618 fas
2323 2561 2474 2617 videt
2504 2560 2670 2616 idolis
2698 2559 2976 2616 immolari
3001 2561 3011 2615 !
3056 2558 3212 2615 Unde
3239 2559 3359 2631 plus
3388 2559 3562 2629 dolet,
3589 2571 3646 2618 et
3665 2569 3811 2633 optat

2209 2650 2376 2708 citius
2409 2647 2652 2717 liberari,
2695 2653 2788 2711 76
2819 2647 2997 2705 sciens
3026 2646 3132 2705 hoc
3168 2646 3236 2704 ad
3261 2646 3523 2720 injuriam
3547 2647 3810 2721 proﬁcere

2210 2745 2503 2806 Creatoris.

2286 2837 2467 2909 (Vers.
2529 2837 2645 2910 24.)
2713 2863 2732 2886 α
2774 2839 2879 2911 Spe
2938 2838 3088 2895 enim
3145 2837 3341 2894 salvati
3389 2853 3649 2894 sumus.»
3702 2836 3810 2893 Hoc

2210 2925 2369 2996 dicit,
2392 2927 2526 3001 quia
2542 2927 2812 3000 sperando
2839 2927 2986 3001 quod
3016 2926 3271 3002 promisit
3297 2928 3442 2983 Deus
3474 2927 3533 2981 in
3563 2925 3805 2994 Christo,

2207 3017 2372 3076 nobis
2403 3019 2661 3074 meritum
2691 3017 2943 3087 fecimus,
2971 3027 3034 3074 ut
3072 3017 3387 3073 liberemur.
3421 3016 3567 3088 Ergo
3601 3016 3662 3072 in
3691 3031 3808 3089 spes

2206 3107 2427 3164 liberati
2473 3125 2684 3176 sumus,
2713 3107 2847 3181 quia
2873 3123 2987 3165 non
3017 3105 3170 3164 aliud
3206 3105 3457 3163 futurum
3501 3113 3610 3176 est,
3643 3121 3802 3180 quam

502 3170 802 3263 auctorem.
861 3166 987 3224 Hec
1027 3167 1210 3242 itaque
1237 3168 1491 3240 scientes,
1525 3172 1676 3228 omni
1718 3189 1850 3230 cura
1869 3172 2098 3247 diligen-
2127 3201 2171 3263 ο
2205 3196 2506 3256 credimus,

501 3253 686 3326 tiaque
739 3255 936 3328 dignos
990 3274 1092 3315 nos
1155 3258 1514 3331 prabeamus,
1571 3262 1698 3319 aliis
1748 3280 1966 3337 quoque
2034 3270 2096 3320 ut

498 3344 750 3416 exemplo
777 3345 971 3415 simus,
1003 3364 1115 3404 non
1137 3359 1324 3406 nostra
1353 3351 1536 3406 solum
1566 3352 1921 3410 miseratione
1948 3370 2096 3411 com-

498 3434 654 3502 moti,
684 3433 779 3490 sed
809 3442 862 3491 et
889 3435 1007 3506 ejus
1038 3452 1202 3494 causa
1229 3455 1352 3511 quae
1385 3439 1581 3497 diebus
1610 3458 1674 3498 ac
1711 3442 1968 3500 noctibus
1998 3443 2096 3498 in-

491 3520 667 3593 jurias
714 3524 929 3595 patiens
957 3524 1306 3596 ingemiscit;
1363 3528 1604 3586 solemus
1630 3531 1778 3587 enim
1809 3531 1868 3587 in
1897 3530 2096 3588 alienis

497 3612 677 3666 causis
710 3612 1036 3683 propensius
1065 3613 1315 3686 vigilare.

569 3717 753 3790 (Vers.
797 3719 914 3793 28.)
956 3745 974 3769 ι
1016 3721 1138 3780 Non
1178 3723 1360 3780 solum
1404 3733 1586 3782 autem
1632 3727 1748 3797 illa,
1787 3728 1883 3786 sed
1910 3738 1965 3786 et
1992 3746 2094 3788 nos

494 3816 589 3890 qui
636 3819 1042 3892 receptaculum
1073 3820 1316 3893 Spiritus
1345 3821 1634 3895 habemus,
1681 3843 1785 3884 nos
1813 3826 1920 3900 ipsi
1947 3828 2094 3886 intra

491 3919 707 3967 nosmet
750 3909 896 3984 ipsos
961 3912 1394 3985 ingemiscimus,
1447 3923 1827 3988 exspectantes
1882 3917 2089 3974 redem-

472 4001 735 4078 ’ptionem
765 4003 1012 4076 corporis
1048 4003 1243 4061 nostri.
1276 4028 1293 4052 ι
1346 4004 1476 4063 Post
1505 4015 1819 4064 creaturam
1853 4007 2089 4066 munda-

489 4104 612 4145 nam
644 4090 847 4163 adjecit
884 4093 1048 4149 etiam
1096 4109 1198 4149 nos
1247 4091 1354 4150 hoc
1393 4103 1728 4166 exspectare,
1757 4105 1812 4153 et
1844 4096 2088 4169 ingemi-

486 4196 635 4236 scere
663 4180 732 4236 ad
765 4183 965 4248 Deum,
993 4191 1058 4238 ut
1102 4182 1238 4239 hinc
1261 4182 1561 4241 liberemur
1597 4185 1785 4243 cuncti
1828 4184 2083 4250 destinati

487 4267 556 4323 ad
586 4269 758 4325 vitam
785 4285 798 4324 :
823 4271 952 4341 quia
980 4270 1316 4329 Christianis
1336 4272 1577 4330 mundus
1609 4273 1703 4332 hic
1739 4275 1962 4349 pelagus
1980 4287 2081 4335 est.

487 4356 642 4414 Sicut
672 4359 819 4414 enim
851 4376 1001 4417 mare
1021 4361 1266 4420 adversis
1284 4364 1558 4421 excitatur
1584 4367 1859 4439 procellis,
1884 4368 2082 4437 insilit,

487 4455 542 4505 et
574 4455 954 4519 tempestatem
1009 4451 1406 4523 navigantibus
1435 4454 1604 4511 facit:
1628 4455 1706 4511 ita
1734 4464 1787 4513 et
1819 4458 2080 4514 saeculum

2291 3313 2308 3335 ι
2337 3287 2470 3359 Spes
2498 3295 2680 3344 autem
2710 3303 2831 3360 quae
2862 3286 3106 3358 videtur,
3136 3302 3249 3344 non
3276 3295 3357 3342 est
3382 3301 3525 3358 spes.
3568 3309 3588 3332 ν
3622 3284 3801 3344 Mani-

2205 3378 2404 3434 festum
2437 3386 2518 3434 est
2547 3393 2659 3434 non
2689 3392 2804 3434 esse
2816 3393 2967 3451 spem
2998 3394 3118 3451 quae
3139 3375 3378 3446 videtur,
3400 3374 3496 3432 sed
3527 3375 3681 3450 quod
3698 3391 3800 3431 non

2203 3466 2462 3534 videtur;
2515 3482 2578 3523 ac
2623 3481 2719 3538 per
2761 3465 2870 3523 hoc
2910 3465 3195 3523 credentes
3241 3463 3486 3538 praemiis
3523 3462 3798 3522 aﬁiciendi

2202 3564 2354 3623 sunt,
2375 3555 2502 3628 quia
2532 3571 2652 3629 quae
2681 3571 2793 3612 non
2823 3553 3034 3624 vident,
3061 3561 3298 3628 sperant.

2284 3647 2592 3720 (Vers.25.)
2658 3672 2676 3696 ε
2711 3647 2848 3704 Nam
2894 3645 3040 3720 quod
3069 3644 3222 3702 videt
3241 3645 3386 3718 quis,
3415 3643 3553 3718 quid
3583 3642 3800 3718 sperat?

2200 3735 2307 3794 Sed
2337 3736 2383 3792 si
2413 3735 2561 3809 quod
2589 3753 2699 3792 non
2730 3736 3009 3806 videmus,
3033 3752 3337 3808 speramus,
3358 3750 3454 3808 per
3474 3734 3797 3807 patientiam

2200 3833 2598 3898 exspectamus.
2623 3850 2641 3874 ι
2680 3825 2924 3882 Dubium
2963 3842 3075 3883 non
3105 3834 3186 3882 est
3215 3841 3278 3882 ea
3304 3824 3510 3899 sperari
3539 3842 3670 3899 quae
3694 3842 3798 3882 non

2199 3914 2459 3971 videntur
2491 3933 2505 3984 ;
2563 3922 2953 3988 exspectantur
2980 3915 3127 3971 enim
3160 3914 3365 3972 futura.
3397 3913 3529 3970 Haec
3564 3930 3799 3987 exspec-

2197 4004 2336 4061 tatio
2370 4004 2634 4078 patientia
2659 4012 2760 4075 est,
2797 4021 2919 4079 quae
2953 4005 3191 4060 multum
3223 4011 3464 4060 meretur
3492 4019 3525 4058 a
3550 4005 3671 4061 Deo
3697 4022 3710 4060 :
3739 4011 3797 4060 ut

2197 4093 2265 4150 de
2312 4094 2401 4152 die
2446 4095 2505 4151 in
2556 4095 2704 4151 diem
2752 4102 3078 4166 exspectans
3124 4094 3311 4168 cupiat
3340 4093 3532 4151 venire
3565 4109 3794 4168 regnum

2195 4185 2318 4254 Dei,
2349 4193 2403 4241 et
2431 4201 2542 4241 non
2572 4183 2808 4252 dubitet,
2841 4183 2970 4256 quia
2997 4181 3195 4240 tardat.

2269 4273 2453 4347 (Vers.
2505 4273 2623 4346 26.)
2683 4298 2702 4320 ι
2733 4272 3003 4330 Similiter
3024 4280 3208 4330 autem
3238 4281 3291 4329 et
3313 4271 3543 4346 spiritus
3568 4271 3795 4346 adjuvat

2192 4364 2573 4422 inﬁrmitatem
2617 4370 2821 4420 nostra:
2850 4363 3139 4420 orationis.
3170 4388 3188 4410 ι
3232 4363 3507 4430 Quoniam
3537 4363 3795 4436 superius

2191 4455 2549 4530 ingemiscere
2602 4470 2724 4522 nos,
2777 4461 2833 4512 et
2873 4452 3083 4526 precari
3140 4452 3524 4510 liberationem
3572 4469 3794 4509 memo-

485 4534 821 4608 perﬁdorum
885 4539 1292 4612 conspiratione
1373 4552 1734 4614 commotum,
1795 4546 2081 4619 perturbat
2108 4562 2157 4620 1)
2193 4549 2356 4617 ravit,
2389 4555 2442 4604 et
2471 4547 2529 4603 in
2558 4547 2751 4603 dolore
2780 4546 2967 4620 positi,
3000 4552 3226 4619 autquze
3256 4545 3414 4618 longe
3433 4544 3625 4600 futura
3645 4545 3793 4601 dicta

483 4621 736 4681 ﬁdelium
777 4635 990 4682 mentes
1018 4645 1029 4683 :
1063 4635 1117 4684 et
1155 4637 1308 4686 tanta
1356 4629 1673 4689 diversitate
1703 4631 1808 4692 hoc
1836 4635 1947 4708 agit
1975 4635 2079 4691 ini-

482 4714 680 4784 micus,
705 4724 768 4773 ut
799 4715 933 4790 quid
973 4717 1127 4790 prius
1146 4717 1470 4777 evitandum
1492 4720 1584 4791 sit,
1615 4721 1902 4796 ignoretur
1931 4725 2075 4798 (22).

479 4805 538 4862 Si
576 4805 724 4864 enim
755 4815 995 4880 potestas
1025 4809 1230 4869 desinit
1274 4827 1390 4870 esse
1419 4812 1711 4872 adversum
1741 4832 1861 4884 nos,
1895 4815 2074 4887 priva-

476 4903 660 4954 torum
691 4907 901 4956 mentes
929 4900 1171 4974 exagitat
1199 4919 1211 4958 :
1245 4904 1291 4960 si
1344 4913 1398 4960 et
1428 4901 1485 4959 hi
1514 4914 1950 4977 compescantur,
1981 4921 2078 4976 per

477 4983 808 5044 domesticos
852 4990 1055 5049 conﬁat
1098 4991 1456 5064 incendium;
1508 5005 1562 5053 et
1589 4997 1637 5052 si
1679 4996 1786 5052 hoc
1832 4994 2072 5067 positum

477 5074 647 5132 fuerit
688 5077 804 5151 (23)
841 5089 958 5138 arte
986 5097 1086 5138 sua
1112 5083 1256 5140 inter
1313 5083 1461 5157 ipsos
1489 5099 1775 5156 germanos
1806 5082 1938 5140 facit
1965 5081 2074 5138 dis-

545 5264 670 5347 (21)
714 5267 1475 5347 Μ88;.311(Ιῐ1οῐ,-Ὶηονίίιινβί
1509 5272 1713 5329 occidit.
1760 5273 1911 5330 Infra
1939 5291 2070 5332 vero

475 5334 571 5422 ubi
615 5334 739 5422 nos,
788 5339 921 5398 edit.
961 5334 1186 5422 Amer-li.
1245 5343 1542 5422 cunctique
1571 5347 1977 5422 mss.,_scientes_
1998 5349 2070 5403 ad

477 5408 834 5466 liberationem
876 5429 1047 5471 suam.
1092 5415 1299 5471 Verum
1349 5408 1482 5470 huic
1532 5408 1743 5472 auctori
1795 5433 1908 5474 non
1962 5418 2069 5477 hoc

474 5486 689 5558 tantum
709 5484 839 5558 loco
868 5486 1101 5556 contigit
1131 5485 1431 5558 incongrue
1462 5485 1633 5558 loqui.

574 5551 666 5636 22)
708 5555 839 5636 Tres
865 5572 994 5611 mss.
1028 5551 1217 5636 'verbo
1235 5551 1510 5636 ignoretur
1533 5551 1777 5636 addunt,
1797 5578 1905 5616 non
1929 5561 2066 5616 enim

473 5620 662 5704 deﬁcit,
716 5627 855 5704 u_nde
907 5632 1163 5704 nascatur
1184 5620 1500 5704 tribulatio;
1541 5629 1701 5697 Quod
1747 5620 1933 5704 autem
1964 5649 2064 5704 pro

465 5701 698 5766 potestas
739 5697 899 5754 Rom.
934 5695 1066 5753 edit.
1114 5695 1424 5770 substituit,
1479 5695 1767 5774 tempestas,
1810 5703 1918 5763 hoc
1949 5695 2062 5762 non

2187 4648 2341 4708 sunt,
2401 4653 2532 4694 mox
2585 4637 2704 4692 ﬁeri
2757 4638 3038 4705 volumus,
3096 4643 3191 4692 aut
3231 4635 3344 4693 cito
3369 4633 3513 4704 tolli,
3544 4651 3646 4707 per
3671 4651 3790 4709 quea

2187 4730 2261 4787 ad
2317 4727 2577 4784 meritum
2626 4726 3054 4799 perveniamus;
3103 4734 3158 4782 et
3207 4723 3463 4781 videmur
3504 4723 3789 4781 imbecilla

2189 4818 2442 4876 oratione
2496 4816 2730 4889 precari,
2787 4816 2920 4872 dum
2964 4815 3049 4872 illi
3077 4815 3376 4887 denegatur
3402 4813 3653 4871 effectus.
3687 4815 3786 4870 In-

2186 4909 2347 4965 ﬁrma
2394 4915 2475 4962 est
2514 4906 2685 4974 enim,
2735 4905 2831 4979 qui
2877 4913 3068 4962 contra
3112 4903 3380 4960 rationem
3410 4902 3691 4974 postulat;
3723 4919 3786 4959 ac

2181 5013 2279 5070 per
2304 4996 2410 5052 hoc
2432 4995 2811 5052 inﬁrmitatem
2841 4993 2983 5052 hanc
3013 5011 3044 5050 a
3072 5000 3260 5050 sancto
3286 4991 3498 5065 Spiritu
3525 4990 3658 5048 dato
3689 5007 3781 5048 no.

2179 5088 2266 5146 bis
2319 5086 2571 5164 adjuvari
2625 5085 2886 5144 ostendit.
2944 5083 3189 5158 Adjuvat
3224 5091 3430 5153 autem,
3480 5082 3615 5157 quia
3660 5097 3780 5156 quae

2179 5284 2391 5333 tantum
2425 5283 2617 5334 contra
2644 5284 2963 5348 catenarum
3009 5275 3371 5348 omniumque
3407 5289 3540 5328 mss.
3574 5281 3777 5334 aucto-

2177 5350 2395 5405 ritatem
2450 5355 2684 5421 pugnat,
2722 5346 2816 5403 sed
2865 5354 2919 5402 et
2937 5355 3138 5421 contra
3167 5345 3475 5421 legitimum
3496 5360 3768 5421 sensum;

2210 5427 2404 5546 otestasl
2448 5416 2596 5546 enim
2631 5418 2724 5477 hic
2748 5418 3046 5490 opponitur
3076 5416 3397 5482 hominibus
3424 5416 3684 5489 privatis,
3713 5423 3774 5473 ut

2210 5509 2329 5546 )CllS
2357 5509 2385 5546 Ο
2409 5508 2532 5546 ama
2563 5537 2575 5546 .

2198 5509 2329 5548 00118
2357 5501 2575 5548 clamat.

2247 5563 2368 5644 (28)
2416 5565 2500 5619 Ita
2552 5562 2686 5620 edit.
2733 5561 3204 5644 Amerbvniiras.‘
3237 5568 3451 5644 etrnss.
3483 5559 3767 5644 plerique:

2171 5631 2268 5690 alii
2311 5631 2440 5691 vero
2475 5651 2602 5692 mss.
2644 5633 2844 5703 partim
2879 5633 3144 5691 subditum
3170 5631 3357 5701 fuerit,
3387 5631 3592 5703 partim
3619 5631 3773 5703 sirpi-

2172 5651 2268 5690 am
2311 5651 2440 5691 vero
2475 5651 2602 5692 mss.
2681 5651 2844 5691 arum
2879 5651 3144 5691 suoauum
3170 5651 3357 5701 mem,
3387 5651 3592 5703 parum
3619 5651 3674 5702 sq

2172 5711 2280 5763 tum
2307 5705 2494 5778 fuerit,
2529 5651 2679 5778 (ιιιοὲ
2706 5705 2839 5763 Gill.
2873 5712 2928 5762 et
2953 5707 3113 5764 Rom.
3145 5703 3260 5762 edit
3274 5705 3674 5776 praetulerunt.
