3932 6210
443 327 545 400 135

1442 330 1537 384 ΑΙ)
1577 324 1807 385 OPERA
1844 323 1899 380 S.
1940 318 2276 378 AMBROSII
2313 310 2691 376 APPENDIX.

3665 309 3794 373 136

444 469 600 543 quasi
643 465 933 539 pnescium
983 461 1125 534 (29),
1173 467 1461 531 antequam
1506 472 1573 511 ex
1604 453 1790 525 impiis
1840 450 2027 506 ﬁdeles
2060 450 2111 507 A
2144 447 2441 504 dilectione
2474 446 2701 515 Christi,
2733 444 2830 519 qui
2884 443 3050 543 nobis
3095 451 3224 542 tam.
3257 459 3454 515 magna
3500 452 3560 500 et
3605 445 3789 500 innu-

445 540 706 625 essemus,
742 554 945 610 Filium
994 567 1152 608 suum
1197 565 1296 620 pro
1342 545 1501 602 nobis
1535 544 1697 599 morti
1749 540 2039 597 tradidisse

445 647 714 705 ostendat.

533 762 549 782 ε
578 732 863 803 Quomodo
891 746 1003 786 non
1033 728 1199 784 etiam
1230 742 1354 781 cum
1404 724 1502 779 illo
1531 721 1719 778 omnia
1743 718 1905 774 nobis
1930 716 2041 772 do—

449 826 645 883 navit?
674 850 693 872 ι
732 826 905 879 Deum
940 819 1074 875 olim
1106 814 1411 872 decrevisse
1442 811 1580 868 dicit
1608 807 2040 866 remunerandos

447 913 728 971 credentes
750 911 807 965 in
837 907 1138 964 Christum.
1172 902 1227 958 Si
1257 901 1407 956 enim
1440 899 1584 972 quod
1621 897 1798 969 majus
1826 904 1880 952 et
1910 912 2041 967 prae-

447 1005 668 1076 cipuum
699 1008 803 1067 est,
833 994 1090 1069 praestitit
1115 991 1295 1058 nobis,
1336 998 1398 1044 ut
1417 988 1627 1044 Filium
1660 1002 1820 1042 suum
1845 1002 2039 1040 verum

445 1097 499 1150 et
518 1090 907 1149 charissimam
951 1084 1190 1142 traderet
1218 1087 1442 1153 propter
1470 1095 1571 1132 nos
1611 1076 1791 1133 adhuc
1817 1075 2040 1148 impios,

445 1198 611 1256 quare
663 1196 777 1236 non
807 1176 955 1251 quod
1004 1176 1189 1230 minus
1212 1180 1295 1229 est
1341 1171 1587 1225 facturus
1638 1166 1895 1223 credatur
1942 1182 2042 1237 pro

446 1271 606 1328 nobis
651 1267 1005 1327 credentibus
1058 1263 1165 1319 sibi
1211 1261 1239 1317 ?
1295 1261 1414 1315 Jam
1462 1258 1609 1314 enim
1672 1262 1860 1328 parata
1914 1262 2045 1310 sunt

444 1361 795 1420 credentibus
829 1355 1090 1431 praemia;
1137 1351 1321 1407 minus
1349 1357 1431 1405 est
1478 1348 1626 1403 enim
1668 1346 1827 1402 nobis
1857 1346 2044 1401 omnia

447 1469 575 1510 cum
621 1450 719 1507 illo
769 1448 994 1515 donare,
1038 1459 1201 1517 quam
1251 1440 1412 1496 illum
1457 1436 1632 1493 nostri
1682 1452 1846 1492 causa
1878 1433 2044 1491 morti

448 1540 680 1598 tradere.

522 1630 703 1703 (Vers.
760 1625 876 1699 33.)
939 1649 959 1673 ε
1011 1622 1147 1691 Quis
1199 1617 1481 1678 accusabit
1536 1615 1798 1672 adversus
1839 1614 2043 1670 electos

446 1720 596 1776 Dei?
649 1745 667 1767 ι
718 1715 1007 1774 Neminem
1051 1713 1251 1768 audere
1297 1724 1399 1764 nec
1456 1722 1610 1779 posse
1659 1704 1936 1777 judicium
1990 1710 2043 1758 et

2150 554 2298 591 mera
2326 536 2581 609 praastitit
2610 534 2915 591 beneﬁcia?
2953 532 3299 589 Tribulatio?
3330 533 3434 589 Sed
3458 550 3575 589 non
3610 533 3786 601 facit,

2149 625 2279 699 quia
2331 624 2683 680 dilectionem
2743 625 2891 679 ﬁrmi
2938 622 3245 680 Christiani
3310 622 3468 677 nulla
3527 623 3785 679 vincunt

2150 724 2443 771 tormenta.
2478 714 2728 770 Amantis
2759 715 2905 769 enim
2942 715 3065 785 plus
3102 713 3369 769 incitatur
3413 712 3692 781 charitas,
3730 714 3781 768 si

2151 820 2276 860 eum
2336 803 2492 876 cujus
2546 805 2715 859 sensit
2788 803 3075 872 beneﬁcia,
3127 803 3491 875 prohibeatur
3545 819 3777 869 amare;

2152 894 2281 950 dum
2315 895 2462 949 enim
2494 902 2690 966 putant
2718 910 2775 949 se
2806 893 2863 948 in
2891 893 3090 948 merita
3112 892 3233 965 ejus
3264 893 3561 962 seminare,
3592 893 3777 949 susci-

2152 994 2271 1041 tant
2294 992 2598 1040 memorata
2615 982 2884 1041 beneﬁcia
2916 984 3054 1056 (31).

2226 1075 2407 1145 (Vers.
2440 1074 2528 1142 36,
2561 1073 2676 1143 37.)
2712 1098 2730 1119 ε
2761 1075 2845 1128 Αη
2866 1071 3119 1144 angustia
3142 1072 3170 1127 ?
3198 1087 3267 1127 an
3299 1072 3615 1143 persecutio
3638 1071 3669 1126 Ῡ
3696 1087 3771 1126 an

2152 1160 2367 1219 fames?
2420 1179 2488 1217 an
2534 1162 2753 1218 nuditas
2794 1162 2822 1217 ?
2868 1178 2937 1216 an
2994 1161 3301 1234 periculum
3333 1162 3361 1217 ‘P
3417 1177 3488 1216 an
3547 1160 3773 1233 gladius

2155 1254 2323 1323 (sicut
2351 1253 2614 1324 scriptum
2646 1259 2747 1320 est,
2778 1251 2906 1324 quia
2940 1260 3165 1323 propter
3193 1260 3247 1307 te
3284 1260 3459 1307 morte
3487 1250 3773 1307 aﬂicimur

2151 1350 2266 1399 tota
2306 1342 2414 1410 die,
2463 1342 2715 1397 aestimati
2764 1358 2955 1398 sumus
3009 1342 3164 1396 velut
3201 1357 3332 1396 oves
3383 1338 3770 1412 occisionis)?

2152 1432 2255 1489 Sed
2307 1431 2365 1487 in
2423 1431 2512 1487 his
2541 1431 2799 1487 omnibus
2835 1447 3157 1502 superamus
3210 1440 3432 1502 propter
3479 1446 3613 1486 eum
3662 1429 3760 1504 qui

2152 1521 2350 1578 dilexit
2405 1538 2523 1576 nos.
2568 1542 2594 1573 »
2613 1522 2729 1576 Hoc
2757 1519 3022 1591 scriptum
3054 1528 3134 1574 est
3174 1518 3232 1573 in
3287 1519 3501 1590 psalmo
3532 1517 3766 1591 quadra.

2151 1620 2359 1693 gesimo
2398 1618 2580 1676 tertio.
2631 1617 2985 1674 Manifestum
3048 1625 3131 1672 est
3172 1633 3302 1689 ergo
3368 1617 3489 1673 haic
3553 1619 3763 1685 omnia,

2153 1726 2272 1782 quae
2303 1715 2609 1776 enumerat,
2667 1706 2860 1775 exitia,
2900 1706 3309 1775 tribulationes,
3368 1723 3679 1779 pressuras,
3711 1716 3763 1763 et

449 1806 850 1881 prmscientiam
892 1802 993 1857 Dei
1039 1800 1099 1854 in
1129 1797 1288 1854 nobis
1330 1803 1619 1852 retractare
1649 1801 1899 1866 apertum
1935 1801 2036 1850 est.
2078 1808 2126 1868 Β
2159 1806 2413 1866 mortem,
2437 1813 2548 1852 non
2579 1812 2734 1869 posse
2774 1794 3013 1853 conferri
3048 1795 3134 1849 vel
3166 1795 3472 1866 comparari
3503 1794 3760 1851 charitati

451 1897 588 1966 Quis
617 1902 699 1951 est
738 1892 887 1949 enim
934 1890 1030 1964 qui
1078 1888 1249 1961 possit
1287 1886 1425 1953 hate,
1466 1900 1584 1957 quae
1634 1886 1777 1939 Deus
1820 1882 2036 1955 probat,

455 1984 805 2058 improbare;
851 1996 978 2037 cum
1024 1994 1187 2034 nemo
1228 1975 1455 2047 aequalis
1485 1973 1557 2029 sit
1587 1972 1743 2028 Deo?

538 2098 556 2120 ε
585 2075 732 2130 Deus
761 2070 855 2145 qui
891 2067 1178 2140 justiﬁcat.
1203 2092 1221 2114 ι
1280 2065 1395 2121 Hoc
1424 2064 1480 2119 in
1511 2062 1649 2119 Isaia
1678 2060 1946 2133 propheta
1966 2068 2048 2115 est

456 2164 590 2237 (Isa.
619 2179 671 2230 L,
702 2160 785 2232 8),
841 2155 986 2232 quod
1020 2153 1112 2210 hic
1140 2152 1292 2226 quasi
1310 2168 1471 2207 suum
1497 2150 1690 2222 ponit;
1728 2148 1857 2221 quia
1887 2164 2047 2203 nemo

452 2263 536 2311 est
564 2253 704 2308 alius
749 2249 867 2324 qui,
907 2244 1054 2319 quod
1110 2242 1305 2317 probat
1342 2243 1508 2308 Deus,
1556 2246 1767 2311 arguat.
1826 2239 1940 2294 Aut
1979 2254 2048 2293 ne

455 2342 597 2399 forte
630 2341 744 2413 ipse
772 2355 873 2395 nos
911 2338 1056 2393 Deus
1099 2340 1315 2391 accuset
1348 2349 1358 2386 :
1412 2329 1506 2386 sed
1550 2344 1661 2383 non
1693 2336 1873 2399 potest
1903 2326 2048 2400 quod

447 2430 736 2504 justiﬁcat,
766 2440 1041 2484 accusare.

527 2522 708 2587 (Vers.
733 2518 848 2591 34.)
895 2541 912 2564 ι
944 2517 1018 2571 Et
1043 2513 1166 2587 quis
1196 2512 1319 2579 erit,
1352 2507 1447 2581 qui
1477 2504 1857 2563 condemnet?
1891 2503 2049 2561 Chri-

456 2620 577 2668 stus
602 2610 695 2683 qui
733 2614 984 2663 mortuus
1021 2611 1123 2672 est,
1154 2602 1269 2658 imo
1314 2597 1411 2673 qui
1443 2604 1497 2653 et
1525 2594 1846 2663 resurrexit,
1883 2601 1936 2649 et
1966 2600 2049 2649 est

453 2700 510 2757 in
538 2681 764 2756 dextera
802 2698 923 2764 Dei,
976 2693 1070 2767 qui
1125 2691 1291 2748 etiam
1340 2687 1652 2758 interpellat
1680 2702 1779 2757 pro
1804 2681 1983 2739 nobis.
2018 2708 2035 2729 ι

458 2792 655 2858 Deum,
710 2787 840 2861 quia
892 2801 993 2840 nos
1034 2780 1325 2853 justiﬁcat,
1385 2792 1640 2833 accusare
1696 2789 1796 2829 nos
1838 2777 2045 2843 negat:

459 2860 743 2935 Christum
775 2882 958 2928 autem
988 2871 1249 2925 damnare
1296 2882 1398 2920 nos
1441 2880 1552 2920 non
1599 2877 1794 2934 posse;
1829 2860 1958 2933 quia
1987 2875 2050 2914 eo

455 2966 656 3020 affectu
686 2962 873 3032 diligit
917 2975 1038 3026 nos,
1081 2965 1145 3011 ut
1188 2961 1493 3010 moreretur
1540 2968 1638 3023 pro
1682 2949 1860 3018 nobis,
1889 2957 1943 3005 et
1972 2965 2049 3004 re-

458 3068 706 3123 surgens,
752 3063 966 3120 semper
1010 3060 1199 3102 causas
1235 3050 1451 3097 nostras
1490 3048 1612 3112 agat
1640 3038 1782 3111 apud
1810 3038 2045 3092 Patrem.

457 3140 626 3212 Cujus
696 3135 993 3211 postulatio
1065 3132 1357 3221 contemni
1408 3147 1519 3187 non
1574 3137 1797 3221 potest:
1832 3126 1959 3200 quia
1990 3126 2047 3181 in
2083 3160 2128 3221 α

456 3229 682 3286 dextera
709 3227 808 3284 Dei
841 3235 942 3295 est,
976 3224 1085 3281 hoc
1114 3229 1215 3293 est,
1256 3222 1315 3277 in
1346 3220 1557 3277 honore
1586 3214 1735 3292 quod
1764 3219 1909 3272 Deus
1934 3224 2044 3283 est;

453 3325 516 3376 ut
542 3318 608 3375 de
652 3320 765 3374 Deo
806 3318 967 3374 Patre
1011 3314 1210 3383 securi,
1258 3320 1313 3369 et
1355 3310 1577 3368 Christo
1620 3308 1764 3363 Filio
1802 3305 1920 3378 ejus
1952 3305 2048 3377 qui

446 3407 795 3481 judicaturus
822 3416 923 3475 est,
956 3405 1015 3461 in
1043 3404 1151 3460 ﬁde
1175 3401 1293 3474 ejus
1320 3402 1587 3457 latemur.
1613 3397 1756 3453 Hinc
1776 3404 1857 3451 est
1885 3393 2048 3462 illud,

453 3498 600 3571 quod
644 3496 782 3553 dicit
832 3495 994 3550 Petro
1048 3492 1298 3564 apostolo
1340 3508 1351 3545 :
1410 3512 1427 3534 ι
1462 3488 1605 3543 Ecce
1651 3481 2051 3556 exspostulavit

455 3587 701 3653 Satanas,
724 3592 789 3639 ut
816 3600 916 3638 vos
943 3581 1176 3636 ventilet
1230 3579 1375 3636 sicut
1406 3578 1692 3644 triticum;
1736 3591 1835 3647 ego
1867 3581 2050 3629 autem

456 3674 642 3745 rogavi
689 3688 789 3744 pro
844 3678 923 3738 te,
980 3685 1050 3725 ne
1106 3666 1326 3724 deﬁciat
1368 3665 1504 3721 ﬁdes
1549 3674 1644 3721 tua
1697 3663 1849 3736 (Luc.
1905 3678 2051 3730 xxn,

455 3761 548 3831 3i,
581 3761 697 3833 32).
728 3785 748 3809 ι
805 3758 921 3816 Hoc
967 3774 1095 3831 ergo
1149 3755 1313 3812 modo
1364 3753 1679 3826 interpellat
1732 3768 1832 3824 pro
1894 3748 2054 3805 nobis

456 3850 739 3921 Salvator;
791 3849 972 3906 sciens
998 3848 1147 3903 enim
1198 3846 1599 3919 impudentiam
1632 3842 1748 3916 (30)
1774 3840 2050 3897 etaltitu-

455 3940 643 3998 dinem
673 3938 973 3997 adversarii
1020 3936 1215 4007 nostri,
1253 3953 1378 3994 cum
1419 3952 1476 3992 se
1510 3938 1823 3991 commovet
1864 3928 2053 3985 adver-

456 4044 577 4085 sum
608 4046 727 4097 nos,
757 4028 805 4085 si
835 4044 948 4086 non
967 4028 1018 4083 ei
1043 4026 1427 4093 assentiamus,
1459 4022 1712 4077 Salvator
1742 4017 2055 4089 interpellat

454 4139 554 4195 pro
611 4121 792 4190 nobis,
847 4138 918 4177 ne
964 4119 1176 4192 aliquid
1232 4118 1507 4173 violenter
1562 4117 1857 4185 praesumat
1909 4109 2055 4165 circa

456 4230 577 4282 nos,
615 4223 677 4269 ut
707 4220 959 4268 arceatur
1010 4208 1305 4265 insolentia
1350 4204 1487 4277 ejus.
1542 4204 1655 4259 Hac
1683 4217 1845 4258 causa
1868 4207 2053 4255 tamen

456 4302 662 4359 dicitur
690 4300 867 4356 Filius
885 4297 1256 4369 interpellare,
1304 4310 1431 4351 cum
1462 4293 1577 4366 ipse
1622 4299 1743 4364 agat
1770 4297 1969 4355 totum,
2000 4293 2055 4341 et

458 4391 686 4464 aqualis
701 4389 774 4444 sit
792 4391 904 4444 Deo
934 4385 1083 4442 Patri
1108 4394 1194 4453 ;et
1221 4383 1349 4457 quia
1390 4399 1534 4439 unus
1562 4381 1768 4439 dicitur
1785 4381 1953 4445 Deus,
1984 4390 2053 4464 ne

456 4462 616 4536 Pater
643 4487 698 4533 et
746 4476 921 4532 Filius
969 4473 1285 4546 singularis,
1335 4474 1424 4530 vel
1467 4472 1602 4529 unio
1642 4475 1947 4543 putaretur,
1979 4462 2046 4519 ad

459 4582 817 4642 personarum
876 4570 971 4628 78
1026 4563 1438 4621 distinctionem
1493 4565 1573 4621 sic
1611 4561 1856 4635 loquitur
1900 4552 2047 4611 Scri-

459 4673 642 4739 ptura,
675 4672 737 4721 ut
780 4672 835 4720 et
891 4662 1097 4720 Filium
1148 4680 1260 4720 non
1306 4664 1583 4737 disparem
1616 4662 1814 4729 tradat,
1868 4666 1923 4715 et
1952 4657 2047 4712 Pa-

460 4766 627 4828 trem,
656 4759 787 4831 quia
813 4756 972 4814 Pater
1021 4766 1121 4826 est,
1171 4767 1225 4815 et
1256 4758 1387 4831 quia
1413 4756 1481 4813 ab
1516 4756 1635 4829 ipso
1664 4759 1794 4811 sunt
1840 4752 2047 4819 omnia,

460 4848 733 4921 praeferat.

534 4938 717 5011 (Vers.
769 4937 884 5011 35.)
954 4962 973 4986 ι
1024 4936 1158 5006 Quis
1212 4954 1313 4995 nos
1370 4932 1645 5008 separabit
1705 4950 1738 4989 a
1789 4931 2053 4989 charitate

461 5025 668 5085 Christi
715 5027 744 5085 7
773 5053 792 5077 ι
846 5027 963 5086 Hoc
1005 5037 1110 5098 est,
1152 5027 1277 5103 quis
1323 5043 1426 5083 nos
1486 5030 1730 5079 avertere
1776 5023 1979 5094 poterit
2024 5036 2056 5075 a

533 5212 657 5289 (29)
684 5218 908 5276 Amerb.
939 5225 995 5274 et
1015 5218 1172 5275 Eras.
1210 5230 1337 5271 cum
1359 5229 1489 5270 mss.
1518 5212 1750 5286 aliquot,
1780 5221 1843 5270 ut
1867 5214 2054 5282 Deum,

457 5291 827 5361 quogpraescio,
859 5297 962 5347 etc.

538 5354 654 5433 (30)
686 5354 822 5418 Mss:
865 5361 1097 5433 aliquot,
1145 5357 1312 5414 sciens
1357 5354 1495 5410 enim
1518 5358 1848 5427 potentiam;
1890 5372 2053 5425 unus,

461 5429 890 5487 imprudentiam.

557 5503 650 5573 31)
685 5503 889 5559 Omnes
918 5501 1051 5555 edit.
1085 5515 1149 5573 ac
1178 5515 1314 5573 mss._
1341 5498 1634 5573 nonnulli,
1650 5500 1917 5556 immerita
1943 5500 2058 5573 ejus

457 5569 738 5641 canturire,
794 5577 1051 5645 memorat
1106 5570 1350 5644 beneﬁcia
1378 5588 1401 5645 _;
1426 5569 1639 5645 caeteri
1689 5588 1818 5645 mss.
1843 5572 1963 5645 Aqui
2000 5580 2059 5645 et

457 5645 720 5718 potiores,
750 5650 813 5699 ut
842 5657 943 5697 nos
990 5642 1048 5698 in
1085 5640 1282 5712 textu;
1331 5640 1440 5700 nisi
1485 5641 1632 5713 quod
1674 5640 1950 5702 omittitur
1996 5641 2057 5697 in

2080 4518 2131 4579 D

2158 1887 2388 1952 Christi,
2430 1902 2591 1959 quam
2622 1884 2917 1941 seminavit
2946 1884 3006 1939 in
3053 1883 3231 1939 nobis.
3266 1884 3440 1939 Multo
3467 1884 3623 1939 enim
3655 1900 3760 1939 ma.

2152 1974 2275 2047 jora
2301 1974 2418 2047 ejus
2446 1973 2715 2030 beneﬁcia
2744 1973 3009 2029 habemus
3045 1988 3210 2044 quam
3240 1972 3357 2029 haec
3384 1979 3517 2027 sunt
3545 1973 3757 2039 omnia,

2159 2081 2279 2138 quae
2309 2066 2571 2120 videntur
2628 2064 2873 2120 adversa.
2918 2064 2974 2119 Si
3013 2062 3160 2118 enim
3207 2063 3481 2118 morimur
3511 2078 3615 2135 pro
3645 2063 3762 2129 illo,

2159 2154 2304 2227 quod
2332 2156 2555 2227 gravius
2582 2155 2805 2211 videtur
2833 2153 2890 2209 in
2922 2153 3033 2223 his,
3062 2160 3117 2208 et
3146 2153 3241 2208 ille
3266 2158 3519 2208 mortuus
3552 2162 3639 2209 est
3667 2169 3761 2226 pro

2158 2243 2352 2299 nobis:
2386 2243 2480 2299 sed
2526 2244 2619 2299 ille
2647 2250 2709 2298 ut
2753 2242 3034 2316 prodesset
3080 2241 3278 2307 nobis;
3331 2248 3523 2297 nostra
3579 2249 3759 2297 autem

2162 2349 2309 2389 mors
2337 2350 2448 2389 non
2480 2333 2565 2388 illi
2594 2332 2833 2405 proﬁcit,
2856 2331 2951 2388 sed
2971 2330 3153 2387 nobis.
3195 2332 3583 2403 Temporalem
3614 2331 3758 2388 enim

2108 2474 2119 2491 η
2160 2422 2331 2478 vitam
2383 2422 2686 2495 perdimus,
2742 2429 2805 2477 ut
2845 2420 3007 2476 nobis
3053 2420 3385 2492 rependatur
3432 2429 3662 2476 aeterna.
3697 2421 3763 2475 Et

2159 2512 2293 2587 quid
2324 2512 2524 2567 mirum
2560 2513 2605 2567 si
2634 2511 2778 2568 servi
2811 2511 3119 2567 moriantur
3149 2527 3249 2582 pro
3276 2510 3423 2565 bono
3470 2511 3715 2566 Domino
3745 2528 3760 2576 ;

2159 2601 2381 2675 quando
2424 2602 2693 2663 Dominus
2734 2612 2984 2658 mortuus
3030 2607 3113 2657 est
3142 2616 3241 2672 pro
3272 2599 3447 2655 servis
3472 2607 3527 2655 et
3556 2598 3758 2655 malis?

2159 2691 2411 2747 Vincunt
2438 2707 2564 2763 ergo
2594 2690 2878 2759 beneﬁcia,
2910 2699 2963 2746 et
3014 2690 3385 2746 exhortantur
3410 2688 3667 2745 animum
3688 2688 3752 2745 ad

2162 2781 2622 2852 perseverandum
2655 2788 2876 2853 propter
2904 2796 3028 2835 eum
3059 2780 3153 2852 qui
3185 2778 3385 2835 dilexit
3414 2794 3537 2833 nos.

2235 2869 2416 2939 (Vers.
2449 2870 2536 2938 38,
2562 2870 2676 2942 39.)
2716 2895 2733 2916 ι
2765 2868 2996 2927 Conﬁdo
3012 2870 3159 2923 enim
3183 2868 3313 2941 quia
3337 2883 3514 2939 neque
3540 2884 3708 2923 mors.
3728 2892 3745 2915 ι

2161 2958 2511 3016 Conﬁdentia
2551 2959 2667 3016 haec
2697 2959 2762 3015 de
2789 2959 3085 3031 sponsione
3106 2958 3312 3015 Christi
3345 2967 3451 3025 est,
3482 2974 3592 3030 qua
3626 2974 3758 3030 pro-

2161 3048 2313 3104 misit
2339 3048 2396 3103 in
2429 3048 2782 3103 tribulatione
2813 3047 3073 3119 adjuvare
3102 3047 3208 3102 sibi
3231 3046 3464 3103 dicatam
3497 3046 3688 3103 ﬁdem.

2244 3161 2261 3183 α
2293 3138 2477 3209 Neque
2502 3138 2636 3205 vita,
2668 3153 2844 3210 neque
2873 3138 3118 3209 angelus,
3141 3152 3317 3208 neque
3347 3135 3552 3205 virtus,
3584 3151 3758 3208 neque

2157 3228 2414 3296 altitudo,
2445 3244 2621 3301 neque
2669 3227 3025 3299 profundum,
3045 3243 3220 3299 neque
3240 3227 3554 3298 praesentia,
3586 3240 3757 3299 neque

2158 3317 2362 3386 futura,
2404 3332 2581 3389 neque
2630 3315 2737 3372 alia
2770 3326 3021 3373 creatura
3049 3316 3254 3388 poterit
3302 3332 3406 3371 nos
3453 3330 3704 3390 separare
3730 3330 3760 3368 a

2158 3406 2424 3464 charitate
2464 3406 2584 3475 Dei,
2641 3421 2761 3478 quae
2808 3413 2896 3462 est
2950 3407 3010 3461 in
3066 3405 3291 3463 Christo
3347 3405 3475 3460 Jesu
3520 3405 3756 3460 Domino

2158 3506 2365 3552 nostro.
2404 3522 2422 3545 ι
2482 3496 2609 3552 Haec
2656 3502 2785 3551 sunt
2834 3495 3041 3564 omnia,
3092 3511 3212 3568 quae
3250 3494 3318 3550 ad
3368 3492 3755 3549 abductionem

2160 3593 2405 3642 nostram
2435 3600 2466 3640 a
2509 3584 2732 3639 diabolo
2784 3585 3123 3651 inferuntur,
3159 3599 3279 3655 quae
3309 3582 3518 3638 idcirco
3553 3597 3756 3638 memo-

2162 3681 2264 3742 rat,
2312 3682 2374 3729 ut
2413 3673 2628 3728 muniat
2676 3689 2811 3740 nos;
2850 3680 2912 3727 ut
2955 3672 3001 3728 si
3043 3671 3388 3739 advenerint,
3421 3670 3758 3727 conﬁdentes

2161 3762 2229 3819 de
2279 3778 2394 3835 spe,
2443 3769 2496 3818 et
2533 3762 2759 3818 auxiliis
2806 3762 3034 3830 Christi,
3091 3761 3285 3818 armati
3337 3760 3445 3816 ﬁde
3496 3762 3758 3817 adversus

2162 3850 2280 3907 haec
2322 3867 2706 3923 repugnemus.
2739 3850 2883 3919 Quid
2928 3851 3076 3905 enim
3114 3852 3161 3906 si
3205 3867 3351 3907 mors
3381 3850 3540 3906 illata
3569 3850 3753 3917 fuerit,

2162 3957 2346 3997 nonne
2379 3942 2593 3997 lucrum
2622 3950 2704 3997 est
2745 3940 3052 3996 maximum
3088 3941 3433 3996 occasionem
3482 3939 3756 4007 invenire,

2163 4048 2270 4106 qua
2297 4031 2462 4088 citius
2510 4038 2665 4087 eatur
2707 4030 2765 4086 in
2795 4046 3021 4101 regnum
3069 4029 3399 4101 promissum
3422 4029 3452 4085 ?
3498 4030 3690 4102 Neque
3715 4029 3754 4085 si

2162 4137 2421 4195 praesens,
2452 4122 2567 4177 vita
2596 4120 2866 4193 promissa
2910 4118 3072 4175 nobis
3114 4119 3283 4175 fuerit
3328 4117 3601 4190 dignitate
3632 4136 3760 4175 mu-

2163 4212 2299 4280 nita,
2358 4210 2519 4266 debet
2559 4226 2661 4265 nos
2716 4216 2962 4265 avertere
2995 4208 3062 4264 ab
3109 4224 3203 4280 spe
3233 4206 3492 4264 beneﬁcii
3523 4208 3756 4275 Christi,

2163 4315 2325 4373 quem
2363 4299 2589 4367 scimus,
2620 4297 2749 4370 quia
2776 4314 2887 4353 non
2920 4297 3099 4352 solum
3124 4297 3184 4351 in
3217 4296 3428 4362 futuro,
3478 4297 3578 4353 sed
3626 4306 3682 4353 et
3706 4298 3757 4352 in

2162 4391 2417 4463 praesenti
2483 4389 2728 4461 proderit
2766 4387 2946 4443 nobis.
2978 4389 3089 4443 Nec
3120 4386 3341 4460 quidem
3371 4387 3419 4443 si
3447 4403 3507 4443 se
3535 4390 3761 4460 angelus

2162 4479 2322 4535 nobis
2377 4478 2629 4536 ostendat
2701 4476 2771 4533 ad
2847 4477 3189 4534 seducendos
3259 4493 3378 4545 nos,
3426 4478 3760 4535 subornatus

2160 4569 2393 4626 fallaciis
2422 4569 2594 4641 patris
2641 4568 2727 4624 sui
2756 4567 2873 4639 (32)
2917 4567 3153 4636 diaboli,
3214 4567 3513 4639 praevalere
3539 4567 3758 4624 debebit

2162 4658 2451 4715 adversum
2500 4674 2631 4725 nos;
2691 4673 2822 4715 cum
2857 4657 3098 4711 sciamus
3155 4655 3396 4723 Christo,
3454 4662 3519 4710 ut
3576 4655 3759 4729 magni

2104 4766 2114 4775 ‘
2162 4749 2382 4806 consilii
2413 4749 2623 4821 Angelo
2670 4747 2812 4803 nihil
2880 4745 3312 4818 praeponendum
3353 4748 3497 4819 (Isa.
3549 4762 3634 4816 rx,
3681 4747 3757 4818 6).

2162 4840 2347 4913 Neque
2378 4840 2423 4895 si
2453 4839 2631 4894 virtus
2670 4835 2738 4891 ab
2766 4836 2956 4908 aliquo
2984 4836 3129 4893 facta
3158 4834 3350 4904 fuerit,
3379 4835 3526 4891 sicut
3554 4835 3759 4892 dicitur

2163 4929 2307 4986 facta
2336 4945 2367 4985 a
2395 4928 2616 4984 Simone
2662 4942 2840 4998 mago,
2880 4925 2975 4999 qui
3024 4924 3230 4980 dicitur
3275 4924 3332 4979 in
3361 4938 3483 4979 aere
3516 4939 3758 4991 sursum,

2164 5028 2228 5076 ut
2261 5017 2525 5092 populum
2591 5015 2795 5074 Christi
2841 5013 3257 5087 scandalizaret,
3313 5013 3549 5081 volasse,
3596 5012 3758 5069 ﬁdem

2168 5207 2497 5283 quibusdam
2527 5209 2975 5283 voxmemorata,
3018 5210 3074 5283 et
3100 5222 3200 5283 pro
3227 5206 3286 5261 in
3313 5204 3502 5260 merita
3547 5203 3608 5260 in
3623 5221 3762 5283 om-

2168 5274 2334 5337 nibus
2364 5281 2476 5336 fere
2524 5280 2795 5349 scribitur
2832 5274 3120 5345 immerita;
3162 5276 3349 5349 inepta
3375 5278 3677 5349 sensu._At
3705 5278 3761 5349 in

2171 5353 2367 5408 merita
2413 5350 2618 5409 Christi
2666 5348 3022 5414 seminamus,
3056 5349 3186 5418 quia
3233 5347 3349 5420 ipse
3377 5348 3533 5420 prior
3559 5347 3763 5405 dilexit

2169 5440 2289 5491 nos,
2322 5441 2385 5481 ac
2416 5424 2569 5480 dedit
2596 5422 2774 5479 nobis.

2242 5495 2360 5577 (32)
2408 5494 2676 5554 Nonnulli
2738 5508 2894 5561 mss.,

2167 5582 2249 5622 ειη
2259 5609 2269 5622 .

2970 5493 3262 5549 subornata
3316 5490 3537 5562 fallacis
3588 5493 3764 5563 patris
