3932 6210
189 291 293 353 137

1298 289 1664 350 COMMENT.
1705 289 1781 348 IN
1816 289 2034 348 EPIST.
2075 290 2172 346 AD
2209 289 2380 349 ROM.

3397 291 3501 362 13.8

187 430 429 479 nostram
483 420 704 478 debebit
759 419 1012 476 minuere
1043 461 1058 487 ,
1109 419 1402 474 scientium
1451 418 1789 474 Salvatorem
1825 419 1873 476 A
1905 416 2106 472 missa:
2169 432 2231 472 ac
2276 433 2371 490 per
2416 417 2522 476 hoc
2563 417 2714 477 dolet
2757 434 2928 492 genus
2978 434 3184 487 suum,
3231 417 3378 493 quod
3419 425 3501 482 est

187 511 334 567 nube
382 511 684 567 famulante
713 517 1029 582 susceptum
1076 509 1388 564 ascendisse
1417 525 1580 580 supra
1609 523 1800 563 omnes

187 598 354 654 caelos
384 598 524 670 (Act.
559 615 600 667 ι,
645 599 727 670 9).
761 599 947 668 Neque
981 596 1027 651 si
1069 596 1126 650 in
1172 595 1522 652 altitudinem
1554 611 1610 650 se
1642 594 1801 649 nobis

186 689 480 757 ostendat,
527 689 594 746 de
645 705 756 761 qua
803 687 942 743 dicit
985 687 1222 743 Joannes
1270 687 1578 759 apostolus:
1646 711 1663 732 ε
1716 686 1798 739 An

185 777 456 850 ignoratis
503 776 858 833 altitudinem
907 776 1119 832 Satanae
1163 776 1359 846 (Apoc.
1405 792 1464 843 ιι,
1517 773 1609 845 24)
1637 773 1664 829 ?
1694 799 1710 820 -
1771 790 1803 828 a

187 866 486 924 devotione
535 885 636 924 nos
681 865 908 922 Domini
937 865 1064 921 Jesu
1110 864 1330 920 debebit
1360 865 1595 930 auferre,
1638 879 1801 936 quem

189 957 400 1013 scimus
433 955 783 1013 descendisse
823 954 890 1010 de
920 956 1078 1021 ccelo,
1127 962 1187 1010 ut
1217 962 1433 1010 terrena
1462 953 1803 1026 spiritalibus

191 1047 432 1104 sociaret
451 1046 591 1119 (33).
624 1045 809 1118 Neque
835 1045 880 1100 si
911 1061 1008 1116 per
1023 1043 1388 1116 phantasiam,
1413 1060 1519 1118 qua
1545 1044 1802 1101 seducere

193 1135 520 1204 meditatur,
553 1135 887 1209 profundum
930 1133 1090 1189 nobis
1127 1135 1380 1190 ostendat
1424 1134 1650 1191 horrore
1687 1134 1804 1189 mi-

194 1224 457 1294 randum,
507 1241 612 1296 qua
659 1224 835 1279 territi
890 1223 1030 1278 forte
1078 1222 1506 1279 succumbamus
1543 1223 1658 1279 illi:
1701 1240 1802 1280 nec

196 1315 280 1372 sic
310 1313 537 1386 dignum
569 1322 670 1381 est,
701 1321 763 1368 ut
803 1313 1024 1369 Christo
1062 1311 1225 1368 ﬁdem
1270 1313 1606 1385 frangamus,
1635 1329 1797 1385 quem

194 1403 403 1460 scimus
452 1403 624 1458 nostri
672 1417 833 1459 causa
881 1401 939 1457 in
992 1401 1328 1474 profundum
1381 1409 1536 1458 terrae
1581 1403 1800 1459 descen-

196 1491 343 1548 disse
382 1501 435 1548 et
483 1499 660 1547 morte
709 1507 893 1563 pressa
935 1507 1106 1563 genus
1165 1489 1468 1546 humanum
1520 1491 1796 1547 liberasse.

195 1580 382 1653 Neque
430 1580 478 1636 si
508 1580 698 1636 futura
726 1579 889 1636 nobis
918 1579 1203 1652 spondeat,
1237 1597 1356 1653 quae
1387 1579 1641 1652 promisit
1672 1581 1800 1636 Evae

199 1670 364 1738 (Gen.
416 1686 500 1738 ιιι,
551 1669 606 1738 lt,
635 1669 717 1740 5),
751 1686 1033 1726 assensum
1081 1669 1337 1726 dabimus
1385 1670 1487 1739 illi,
1521 1671 1742 1728 discreti
1772 1686 1803 1724 a

1908 504 2211 562 secundum
2268 523 2482 562 carnem
2537 527 2550 576 ;
2624 509 2756 582 quia
2803 507 3184 565 incredulitate
3239 524 3337 564 sua
3396 507 3500 567 hoc

1909 594 2138 666 perenni
2187 602 2242 650 et
2287 595 2510 651 salutari
2561 596 2832 653 beneﬁcio
2881 613 2938 654 se
2966 597 3277 670 privarunt.
3312 597 3496 672 Ergo,

1910 684 2178 756 optabam,
2224 685 2320 753 ait,
2373 701 2483 740 non
2513 693 2671 759 opto;
2705 688 2834 758 quia
2861 686 2963 744 scit
3013 686 3132 743 ﬁeri
3176 703 3288 743 non
3322 703 3500 759 posse,

1910 783 1972 830 ut
2028 782 2136 831 tam
2196 773 2488 830 honestum
2545 774 2852 830 membrum
2884 817 2901 841 ,
2965 777 3118 830 nullo
3166 775 3504 847 praecedente

1911 866 2073 934 vitio,
2131 865 2547 923 abscinderetur
2605 880 2637 920 a
2685 881 2914 937 corpore
2970 865 3282 924 Christiano
3341 867 3502 939 (35),

1911 957 2168 1012 allectum
2213 965 2396 1013 tamen
2443 963 2497 1012 et
2540 954 2897 1012 dilectionem
2943 955 3090 1012 circa
3130 971 3300 1028 genus
3342 972 3504 1013 suum

1911 1045 2176 1102 ostendit.

1985 1143 2167 1214 (Vers.
2200 1140 2282 1214 4.)
2325 1167 2342 1189 ε
2373 1141 2619 1210 Quorum
2649 1140 2875 1215 adoptio
2900 1150 2980 1198 est
3010 1141 3275 1201 ﬁliorum.
3307 1167 3324 1190 ιι
3361 1141 3512 1202 Juste

1910 1249 1967 1289 se
1999 1231 2186 1287 dolere
2216 1230 2428 1304 probat,
2475 1231 2698 1305 quando
2742 1232 3005 1304 praedicat
3038 1232 3255 1288 laudem
3300 1232 3512 1305 generis

1911 1337 2122 1388 eorum,
2161 1320 2292 1393 quia
2322 1320 2454 1376 olim
2497 1319 2600 1375 ﬁlii
2631 1319 2900 1394 adoptati,
2925 1320 3181 1378 affectum
3209 1329 3262 1377 et
3282 1321 3513 1392 gratiam

1910 1409 2008 1466 Dei
2032 1410 2208 1466 Patris
2242 1411 2299 1466 in
2331 1408 2552 1466 irritum
2596 1408 2929 1466 habuerunt.
2963 1409 3184 1483 Adjecit
3215 1409 3416 1481 adhuc,
3452 1419 3514 1466 ut

1911 1507 1965 1555 et
1993 1499 2131 1556 alios
2161 1498 2349 1556 dolere
2379 1516 2478 1572 pro
2516 1497 2605 1555 his
2637 1498 2820 1567 faciat,
2847 1497 3068 1556 dicens:

1988 1609 2170 1678 (Vers.
2211 1608 2292 1678 5.)
2347 1633 2365 1654 ι
2399 1607 2470 1664 Et
2509 1607 2703 1679 gloria,
2743 1616 2797 1664 et
2836 1614 3180 1677 testamenta,
3217 1616 3270 1664 et
3301 1608 3511 1681 legisla-

1913 1697 2018 1764 tio,
2061 1705 2116 1752 et
2145 1696 2494 1768 obsequium,
2527 1699 2590 1751 et
2621 1695 2911 1768 promissa,
2955 1713 3190 1769 quorum
3222 1697 3427 1767 Patres,
3461 1705 3516 1754 et

201 1757 446 1861 Cibus)”,
501 1775 663 1861 quam
707 1767 917 1861 νξτωξθ
963 1766 1015 1861 ei
1062 1767 1278 1861 “af‘lff
1302 1761 1502 1861 Ρθηξῐξ,
1522 1759 1802 1861 ρτθάξιηξιε
1837 1781 1882 1842 Β
1913 1805 1981 1843 ex
2001 1787 2201 1860 quibus
2223 1786 2475 1844 Christus
2503 1785 2806 1842 secundum
2837 1803 3080 1856 carnem,
3115 1786 3211 1860 qui
3241 1795 3322 1844 est
3348 1803 3513 1861 super

203 1855 258 1906 et
305 1847 529 1905 scimus.
573 1847 681 1904 Nec
711 1847 756 1904 si
806 1855 920 1904 arte
967 1857 1020 1904 et
1067 1849 1375 1905 subtilitate
1422 1848 1537 1922 (34)
1589 1849 1804 1905 astutiae

201 1955 315 1994 sua:
344 1938 507 1994 aliam
539 1947 842 1994 creaturam
876 1938 1047 2011 ﬁngat
1095 1939 1161 1994 ad
1206 1938 1420 2007 horam,
1454 1938 1801 2008 sicutﬁnxe-

203 2036 336 2084 runt
363 2027 582 2082 Jamnes
610 2035 662 2082 et
690 2025 962 2084 Mambres
1002 2043 1185 2084 coram
1218 2028 1500 2084 Pharaone
1538 2029 1634 2098 (II
1667 2030 1801 2084 Tim.

200 2133 289 2184 ιιι,
328 2115 386 2187 8)
411 2133 425 2182 ;
451 2115 845 2172 inconveniens
874 2124 974 2185 est,
1008 2127 1070 2174 ut
1089 2134 1185 2190 per
1205 2117 1321 2174 haec
1351 2134 1381 2172 a
1417 2119 1532 2174 Deo
1560 2124 1807 2174 creatore

202 2220 338 2260 vero
368 2219 470 2260 nos
513 2212 750 2272 revocet,
799 2194 959 2278 quem
989 2221 1098 2261 non
1149 2205 1466 2277 ignoramus
1509 2222 1604 2278 per
1635 2205 1806 2263 Chri-

205 2301 355 2350 stum
389 2295 593 2350 Filium
623 2311 782 2349 suum
803 2303 1104 2350 creaturam
1127 2293 1442 2350 condidisse
1463 2294 1520 2349 in
1539 2303 1801 2350 aeternum

205 2384 590 2441 exsistentem.
644 2383 982 2451 Quibusdam
1021 2384 1244 2439 videtur
1293 2385 1456 2439 aliam
1505 2392 1810 2440 creaturam

218 2472 428 2531 dixisse
471 2473 538 2530 de
591 2472 794 2544 idolis;
841 2473 936 2531 sed
970 2491 1080 2532 non
1129 2484 1209 2532 est
1251 2491 1465 2542 verum,
1514 2474 1643 2546 quia
1673 2473 1814 2530 hanc

217 2563 409 2620 debuit
439 2563 768 2636 signiﬁcare,
803 2581 964 2636 quam
1002 2562 1104 2619 sub
1135 2563 1498 2619 admiratione
1528 2561 1815 2618 seductio-

220 2656 310 2712 nis
360 2654 580 2710 videtur
625 2653 828 2726 ﬁngere
875 2654 1119 2710 Satanas.
1169 2653 1304 2710 Nam
1355 2653 1478 2728 quis
1521 2653 1815 2709 seducatur

223 2743 469 2799 fidelium
527 2743 594 2798 ad
648 2742 768 2800 haec
798 2788 812 2812 ,
853 2759 884 2798 a
937 2744 1139 2816 quibus
1189 2743 1413 2800 recessit
1465 2743 1815 2798 manifestato

214 2831 446 2886 errore?
486 2835 578 2890 79
615 2829 720 2886 Sed
750 2831 867 2888 haec
914 2831 1214 2887 meditatur
1259 2839 1311 2886 et
1342 2830 1520 2903 ﬁngit,
1555 2845 1650 2912 per
1694 2845 1814 2902 quae

216 2925 384 2982 etiam
413 2927 611 2983 electos
640 2929 816 3000 possit
853 2927 1129 2984 seducere.
1162 2927 1324 2983 Nulla
1353 2944 1479 2999 ergo
1509 2935 1658 2995 sunt,
1691 2943 1816 2999 qum

222 3037 326 3078 nos
366 3024 576 3094 possint
606 3041 636 3079 a
681 3023 949 3080 charitate
999 3022 1098 3079 Dei
1145 3037 1414 3094 separare,
1461 3037 1582 3094 quas
1628 3029 1711 3076 est
1761 3019 1816 3074 in

217 3110 442 3168 Christo
492 3113 672 3169 Jesu:
734 3114 883 3169 Deus
929 3111 1076 3166 enim
1144 3109 1468 3166 charitatem
1535 3124 1688 3163 suam
1759 3107 1816 3162 in

210 3199 439 3258 Christo
495 3203 656 3260 nobis
713 3201 958 3259 ostendit
989 3245 1005 3270 ,
1073 3201 1205 3257 dum
1283 3198 1450 3256 tradit
1503 3198 1662 3255 illum
1721 3215 1819 3270 pro

212 3290 400 3349 nobis.

835 3409 1062 3468 CAPUT
1106 3410 1182 3467 IX
1196 3453 1208 3466 .

289 3519 478 3592 (Vera.
532 3519 670 3590 1-3.)
733 3542 752 3566 ε
799 3517 1098 3575 Veritatem
1144 3517 1272 3575 dico
1302 3517 1358 3572 in
1408 3514 1626 3574 Christo
1669 3515 1817 3584 Iesu,

209 3628 327 3670 non
377 3609 637 3676 mentior,
688 3606 1068 3663 testimonium
1121 3607 1262 3662 mihi
1314 3605 1635 3678 perhibente
1673 3620 1816 3660 con-

211 3699 446 3758 scientia
500 3713 622 3753 mea
669 3695 727 3750 in
773 3694 985 3768 Spiritu
1031 3702 1241 3763 sancto,
1293 3693 1422 3766 quia
1465 3692 1692 3748 tristitia
1734 3700 1818 3749 est

211 3788 357 3846 mihi
390 3803 605 3859 magna,
650 3793 704 3841 et
742 3783 1041 3842 continuus
1079 3784 1238 3841 dolor
1273 3782 1427 3840 cordi
1473 3798 1630 3848 meo;
1666 3789 1816 3853 opta-

214 3878 346 3934 bam
378 3875 524 3932 enim
574 3891 673 3946 ego
721 3873 837 3946 ipse
881 3873 1171 3929 anathema
1217 3888 1332 3929 esse
1377 3888 1408 3927 a
1453 3870 1673 3928 Christo
1719 3886 1817 3942 pro

213 3962 483 4020 fratribus
528 3962 706 4030 meis,
755 3961 1002 4033 cognatis
1053 3961 1356 4018 secundum
1412 3975 1670 4028 carnem,
1722 3959 1818 4030 qui

213 4062 348 4113 sunt
394 4052 676 4110 Israelitae.
712 4077 729 4100 ι»
775 4052 1048 4121 Quoniam
1089 4052 1340 4125 superius
1383 4059 1574 4107 contra
1601 4048 1819 4106 Iudaeos

219 4143 373 4217 loqui
414 4143 670 4210 videtur,
723 4141 817 4215 qui
865 4158 934 4198 ex
982 4142 1097 4212 lege
1147 4140 1440 4214 justiﬁcari
1482 4157 1539 4198 se
1582 4145 1812 4213 putant:

217 4249 370 4291 nunc
397 4240 458 4288 ut
485 4239 676 4288 votum
707 4247 870 4286 suum
893 4230 1225 4288 et-aﬂ‘ectum
1248 4229 1396 4286 circa
1424 4245 1516 4284 eos
1545 4228 1818 4294 ostendat,

216 4330 356 4378 teste
385 4320 723 4378 conscientia
767 4336 885 4387 sua,
918 4318 976 4373 in
1005 4317 1226 4376 Christo
1263 4317 1389 4374 Jesu
1424 4323 1477 4372 et
1506 4316 1566 4371 in
1607 4316 1820 4389 Spiritu

216 4418 412 4469 sancto
438 4409 576 4466 dicit
603 4427 662 4464 se
688 4409 864 4482 loqui,
900 4414 961 4463 ut
991 4423 1101 4463 non
1142 4407 1294 4464 velut
1324 4405 1553 4462 inimico
1593 4405 1818 4462 illorum

1915 1876 2101 1933 omnia
2129 1878 2274 1932 Deus
2301 1875 2626 1934 benedictus
2669 1877 2726 1932 in
2772 1877 2989 1934 saecula.
3037 1877 3232 1933 Amen.
3261 1902 3279 1924 ι
3342 1877 3518 1934 Tanta

1915 1967 2188 2041 praeconia
2217 1967 2525 2025 nobilitatis
2560 1975 2614 2024 et
2641 1967 2934 2040 dignitatis
2955 1967 3168 2040 generis
3195 1966 3514 2026 Iudaeorum

1918 2065 1970 2112 et
2020 2056 2447 2128 promissionum
2495 2065 2803 2125 enumerat,
2855 2065 2916 2112 ut
2963 2055 3223 2112 omnibus
3275 2073 3374 2130 pro
3429 2057 3517 2115 his

1917 2145 2162 2202 dolorem
2194 2145 2469 2216 incutiat,
2511 2148 2642 2222 quia
2672 2164 2784 2204 non
2824 2146 3141 2220 recipiendo
3176 2147 3516 2204 Salvatorem

1923 2235 2336 2308 praerogativam
2363 2237 2610 2305 Patrum,
2640 2245 2692 2293 et
2714 2236 3097 2309 promissionis
3120 2236 3378 2293 meritum
3400 2253 3516 2310 per-

1919 2323 2202 2392 diderunt,
2235 2325 2446 2397 pejores
2487 2325 2786 2398 gentilibus
2816 2326 2968 2396 facti,
3001 2342 3138 2399 quos
3167 2326 3340 2398 prius,
3389 2327 3520 2400 quia

1920 2414 2038 2470 sine
2079 2415 2192 2470 Deo
2234 2422 2410 2483 erant,
2455 2413 2949 2470 abominabantur:
2999 2415 3323 2487 propensius
3369 2415 3518 2472 enim

1923 2502 2128 2558 malum
2143 2511 2224 2558 est
2240 2501 2564 2573 dignitatem
2589 2501 2912 2574 perdidisse,
2925 2519 3089 2576 quam
3110 2519 3221 2559 non
3238 2502 3514 2562 habuisse.

1922 2591 2139 2648 Interea
2166 2589 2233 2645 de
2261 2591 2545 2646 Salvatore
2571 2589 2739 2647 dicit:

2011 2724 2028 2746 ι
2066 2698 2171 2766 Qui
2191 2707 2274 2756 est
2303 2715 2468 2772 super
2495 2697 2682 2754 omnia
2701 2699 2847 2754 Deus
2874 2697 3196 2756 benedictus
3214 2701 3271 2755 in
3297 2701 3517 2759 saecula.

1924 2791 2122 2846 Amen.
2154 2814 2172 2836 ι
2242 2787 2474 2856 Quando
2525 2787 2672 2843 enim
2721 2787 2874 2842 nulla
2922 2788 3134 2860 paterni
3181 2790 3427 2846 nominis
3457 2790 3523 2848 ﬁt

1925 2877 2155 2946 mentio,
2186 2885 2240 2934 et
2267 2877 2334 2933 de
2357 2877 2580 2935 Christo
2609 2893 2789 2933 sermo
2810 2873 2913 2946 est',
2941 2895 3051 2934 non
3082 2885 3258 2951 potest
3281 2879 3518 2950 differri,

1928 2983 1997 3022 ne
2035 2969 2180 3024 Deus
2225 2968 2462 3026 dicatur.
2495 2970 2833 3041 Frequenter
2878 2968 3026 3024 enim
3075 2970 3357 3042 Scriptura
3399 2988 3520 3043 pro-

1927 3063 2047 3128 pter
2090 3059 2258 3114 unius
2296 3059 2396 3114 Dei
2443 3058 2861 3129 professionem.
2892 3056 2939 3115 si
2987 3057 3053 3114 de
3099 3060 3212 3114 Deo
3255 3059 3411 3115 Patre
3442 3060 3521 3115 lo~

1854 3143 1898 3204 C
1929 3147 2138 3219 quitur,
2197 3155 2251 3202 et
2303 3147 2417 3201 Deo
2471 3145 2725 3217 adjungit
2779 3146 3016 3212 Filium,
3078 3148 3247 3201 Deum
3307 3148 3519 3204 Patrem

1931 3243 2124 3303 vocat,
2183 3242 2237 3290 et
2288 3234 2493 3290 Filium
2542 3233 2863 3289 Dominum.
2913 3233 2971 3288 Si
3019 3233 3143 3304 quis
3187 3241 3367 3289 autem
3411 3252 3524 3291 non

1931 3330 2088 3395 putat
2130 3321 2198 3378 de
2242 3321 2463 3379 Christo
2509 3321 2760 3377 dictum:
2816 3320 2919 3388 Qui
2947 3326 3021 3376 est
3062 3321 3224 3389 Deus,
3269 3319 3362 3377 det
3408 3339 3526 3396 per-

1930 3429 2144 3481 sonam,
2177 3412 2244 3469 de
2273 3429 2382 3485 qua
2410 3411 2620 3468 dictum
2650 3420 2763 3468 est:
2799 3411 2866 3468 de
2909 3411 3069 3468 Patre
3098 3411 3244 3468 enim
3275 3413 3390 3469 Deo
3418 3412 3526 3472 hoc

1930 3503 2052 3559 loco
2083 3502 2288 3558 mentio
2335 3502 2478 3558 facta
2507 3517 2619 3556 non
2665 3509 2765 3558 est.
2797 3499 2903 3557 Sed
2948 3500 3083 3574 quid
3119 3501 3343 3571 mirum,
3385 3503 3431 3558 si
3462 3503 3524 3559 in

1927 3592 2035 3649 hoc
2060 3593 2178 3651 loco
2218 3591 2500 3651 Christum
2535 3593 2708 3649 Deum
2757 3607 2922 3664 super
2946 3591 3137 3647 omnia
3178 3601 3364 3666 aperta
3389 3610 3522 3652 voce

1929 3680 2262 3753 loqueretur,
2309 3680 2376 3739 de
2421 3698 2532 3754 quo
2579 3681 2688 3736 alia
2734 3680 2790 3736 in
2829 3681 3059 3754 epistola
3105 3680 3255 3739 hunc
3299 3699 3521 3740 sensum

1927 3773 2025 3829 tali
2071 3788 2325 3829 sermone
2367 3771 2631 3840 ﬁrmavit,
2680 3770 2905 3828 dicens:
2985 3797 3004 3820 ι
3058 3772 3129 3827 Ut
3183 3771 3242 3826 in
3298 3775 3522 3829 nomine

1926 3861 2052 3918 Iesu
2092 3877 2255 3918 omne
2299 3877 2440 3934 genu
2489 3860 2761 3924 ﬂectatur,
2804 3860 3130 3926 coalestium,
3179 3861 3523 3918 terrestrium

1928 3959 1981 4006 et
2003 3951 2348 4006 infernorum
2382 3949 2642 4022 (Philipp.
2678 3965 2740 4014 ιι,
2771 3948 2860 4019 10)
2892 3948 2921 4004 ?
2946 3972 2964 3995 -
3011 3949 3138 4005 Haec
3157 3955 3286 4004 sunt
3313 3949 3522 4019 omnia,

1927 4057 2090 4112 super
2116 4055 2237 4113 quas
2266 4040 2413 4095 Deus
2442 4036 2695 4095 Christus
2727 4043 2828 4092 est.
2860 4036 3047 4108 Neque
3075 4036 3248 4105 enim,
3278 4039 3523 4111 exceptis

1929 4127 2036 4196 his,
2087 4135 2218 4184 sunt
2261 4125 2466 4198 aliqua,
2514 4132 2576 4181 ut
2604 4140 2716 4181 non
2764 4140 2928 4197 super
2955 4124 3142 4182 omnia
3170 4127 3319 4184 Deus
3365 4127 3522 4186 Chri-

1929 4224 2046 4273 stus
2072 4215 2178 4273 sit:
2230 4232 2330 4271 nec
2359 4222 2536 4288 potest
2582 4230 2726 4287 genu
2769 4212 2984 4273 ﬂectere
3021 4215 3203 4273 omnis
3249 4224 3518 4289 creatura,

1930 4307 2036 4362 nisi
2081 4307 2213 4362 Deo.
2244 4305 2492 4377 Denique
2539 4304 2774 4360 Joannes
2813 4303 3091 4376 apostolus
3139 4321 3265 4362 cum
3310 4304 3520 4365 inscius

1928 4395 2179 4468 angelum
2239 4401 2301 4452 ut
2348 4396 2524 4451 Deum
2573 4393 2740 4450 vellet
2793 4392 3039 4461 adorare,
3095 4395 3250 4451 audit
3299 4395 3368 4450 ab
3418 4413 3516 4453 eo:

210 4499 347 4557 ﬁdes
374 4498 565 4554 haberi
597 4515 710 4554 non
740 4498 930 4570 possit.
965 4497 1093 4554 Ideo
1147 4496 1431 4555 Christum
1462 4505 1516 4553 et
1545 4495 1813 4569 Spiritum
1850 4513 1899 4573 D
1944 4512 1961 4533 ε
1989 4487 2066 4543 ΝΘ
2095 4485 2307 4553 feceriS,
2340 4485 2600 4558 quoniam
2632 4499 2928 4540 conservus
2967 4491 3100 4573 tuus
3128 4499 3268 4540 sum.
3318 4485 3518 4555 Deum,

214 4600 488 4658 sanctum,
522 4607 660 4662 quos
705 4589 846 4645 nihil
903 4589 1053 4657 latet,
1103 4596 1264 4645 testes
1316 4588 1440 4644 dat:
1497 4595 1550 4644 et
1579 4604 1813 4660 quorum

215 4680 599 4736 testimonium
624 4678 905 4750 reprobari
935 4695 1045 4734 non
1076 4687 1273 4751 potest,
1303 4679 1396 4752 qui
1425 4677 1505 4734 sic
1526 4677 1816 4750 perhibent

213 4770 593 4826 testimonium
617 4768 902 4841 Apostolo,
944 4768 1075 4824 dum
1123 4768 1511 4826 commendant
1550 4783 1673 4824 eum
1706 4766 1814 4821 vir-

214 4865 334 4915 tute
363 4858 670 4930 signorum,
702 4875 820 4930 qum
862 4857 1135 4913 faciebant
1165 4874 1258 4928 per
1288 4857 1467 4913 illum.
1501 4857 1641 4924 Quia
1667 4856 1812 4911 enim

213 4955 329 5003 tam
375 4962 636 5016 magnum
669 4946 985 5019 praesidium
1017 4953 1100 5000 est
1129 4945 1354 5012 Christi,
1403 4953 1456 5000 et
1486 4945 1814 5017 praecipuam

213 5035 544 5093 charitatem
573 5053 700 5106 erga
724 5053 892 5109 genus
922 5035 1226 5091 humanum
1258 5033 1520 5098 ostendit,
1550 5042 1604 5090 et
1629 5033 1815 5106 digna-

215 5125 371 5181 tione
428 5123 550 5196 ejus
598 5125 832 5197 gloriosa
877 5134 931 5182 et
973 5123 1311 5181 immortalia
1357 5121 1583 5194 praemia
1635 5137 1816 5192 repro-

287 5285 406 5356 (33)
450 5285 609 5342 Rom.
642 5285 778 5342 edit.
809 5286 947 5351 sola,
976 5292 1035 5340 ut
1065 5291 1274 5340 terrena
1301 5282 1588 5338 cwlestibus
1635 5281 1816 5337 socia-

214 5367 310 5414 rat.
346 5357 497 5413 lnfra
527 5374 660 5413 vero
686 5357 780 5412 ubi
812 5363 933 5412 vet.
969 5357 1103 5412 edit.
1137 5373 1201 5413 ac
1231 5356 1412 5428 plures
1443 5370 1594 5428 mss.,
1635 5370 1816 5408 errore

213 5430 552 5493 mirandum,
584 5429 771 5484 eadem
806 5430 965 5484 Rom.
1001 5429 1132 5484 edit.
1165 5425 1245 5483 ex'
1273 5427 1404 5482 Gill.
1453 5425 1509 5480 in
1559 5440 1729 5496 marg.
1762 5431 1816 5480 et

215 5518 344 5557 mss.
383 5501 673 5556 nonnullis
704 5499 965 5562 restituit,
1000 5500 1220 5553 horrore
1259 5498 1583 5552 mirandum.

285 5571 406 5643 (34)
449 5571 654 5643 Omnes
683 5569 816 5626 edit.
849 5577 1066 5643 etginss.
1099 5586 1160 5643 ac
1189 5571 1343 5643 pauci
1377 5586 1530 5637 mss.,
1561 5574 1608 5643 et
1633 5567 1816 5643 subli-

213 5639 431 5712 nitate;
477 5642 684 5711 caeteri,
715 5643 772 5697 in
810 5641 1012 5715 quibus
1037 5639 1395 5715 antiquiores,
1419 5647 1466 5697 et
1505 5639 1811 5696 subtilitate.

397 5741 642 5798 Parnon.
687 5738 867 5796 XVII.

1926 4577 2128 4650 inquit,
2159 4575 2325 4631 adora
2357 4575 2546 4647 (Apoc.
2597 4590 2720 4642 xxx,
2755 4573 2868 4643 l0).
2901 4597 2918 4618 ι
2963 4571 3073 4628 Nec
3102 4573 3374 4628 Dominus
3413 4575 3520 4630 uti-

1925 4684 2029 4740 que
2075 4665 2288 4722 adorari
2347 4680 2403 4720 se
2442 4671 2738 4736 pateretur,
2792 4662 2899 4716 nisi
2939 4661 3068 4732 quia
3114 4662 3260 4715 Deus
3305 4670 3422 4716 est:
3471 4663 3517 4718 si

1924 4773 2034 4830 quo
2066 4756 2268 4821 minus,
2291 4767 2582 4824 usurpasse
2597 4749 2864 4806 dicendus
2879 4757 2982 4816 est,
3005 4756 3058 4803 et
3075 4764 3344 4819 peccasse,
3370 4751 3517 4819 quod

1924 4845 2089 4911 absit,
2143 4859 2266 4898 cum
2317 4841 2434 4912 ipse
2489 4837 2772 4894 diabolum
2830 4837 3157 4905 increpans,
3215 4834 3516 4894 Dominum

1924 4936 2099 4991 Deum
2129 4929 2492 4995 adorandum,
2524 4933 2578 4981 et
2606 4925 2710 4998 ipsi
2741 4925 2843 4979 soli
2875 4923 3224 4979 serviendum
3266 4925 3517 4984 ostendat

1928 5021 2140 5096 (Matth.
2174 5036 2251 5088 ιν,
2287 5017 2398 5087 10).
2422 5014 2575 5072 Nihil
2603 5030 2728 5087 ergo
2765 5010 3158 5085 praajudicatur
3198 5015 3312 5071 Deo
3342 5015 3514 5086 Patri,

1923 5131 2048 5173 cum
2077 5112 2334 5170 adoratur
2363 5107 2614 5167 Christus
2643 5114 2704 5163 ut
2740 5107 2907 5175 Deus,
2943 5105 3072 5180 quia
3099 5122 3226 5163 cum
3267 5108 3372 5163 soli
3401 5110 3514 5165 Deo

1923 5283 2145 5358 Rursus
2177 5279 2365 5358 paucis
2402 5277 2720 5350 interjectis,
2762 5279 2917 5333 Eras.
2965 5291 3028 5331 ac
3063 5291 3175 5358 seq.
3208 5275 3345 5358 edit.
3387 5293 3521 5358 cuni-

1923 5371 2034 5410 uno
2063 5353 2149 5407 vel
2179 5349 2350 5407 altero
2379 5366 2508 5422 mss.
2544 5358 2914 5422 reposuerant,
2941 5349 3246 5422 conveniens
3274 5355 3349 5422 est
3366 5367 3384 5414 ,°
3416 5349 3513 5405 ubi

1923 5441 2024 5480 nos
2068 5439 2192 5496 cum
2250 5421 2472 5477 Amerb.
2521 5429 2574 5478 et
2607 5420 2892 5496 plerisque
2925 5437 3054 5476 mss.
3102 5421 3232 5478 resti
3265 5420 3512 5490 tuimus,

1923 5495 2285 5550 inconveniens
2312 5497 2410 5547 est.

1927 5565 2134 5695 C1535).
2177 5565 2336 5622 Rom.
2397 5562 2530 5621 edit.
2585 5583 2712 5624 cum
2765 5561 2954 5637 paucis
3006 5579 3160 5634 mss.,
3218 5583 3253 5620 a
3296 5576 3516 5639 corpore

2005 5653 2084 5692 ris
2114 5653 2152 5692 ι.

2005 5653 2152 5692 τιδιι.

3304 5734 3340 5790 ὅ
