3932 6210
448 377 549 438 139

1460 378 1556 432 ΑΙ)
1597 375 1831 433 OPERA
1870 376 1924 432 S.
1969 373 2304 434 AMBROSII
2343 374 2723 434 APPENDIX.

3668 376 3773 437 140

447 505 798 563 serviendum
827 507 1062 576 dicatur,
1094 507 1332 563 servitur
1360 514 1413 562 et
1446 507 1684 563 Christo.
1719 507 1865 563 Dicit
1887 507 2033 562 enim
2065 509 2113 566 A
2145 514 2294 563 ctum
2328 517 2409 564 est
2441 525 2569 580 ergo
2601 507 2855 576 Abrahae,
2885 506 3016 580 quia
3066 532 3084 555 ι
3117 509 3177 564 In
3209 509 3420 566 semine
3451 519 3554 567 tuo
3585 511 3770 568 bene—

447 596 557 654 alio
587 598 743 654 loco:
793 597 935 664 uQui
985 597 1040 652 in
1089 597 1176 652 his
1214 597 1381 652 servit
1412 596 1652 664 Christo,
1705 597 1881 668 placet
1925 599 2036 651 Deo

451 689 627 760 (Rom.
660 703 776 755 xrv,
814 686 924 750 18).
957 711 975 733 ι
1019 685 1162 753 Quid
1193 703 1319 757 ergo
1348 695 1610 758 superest,
1644 685 1749 741 nisi
1783 694 1842 740 ut.
1881 687 2038 743 Pater

448 777 613 846 Deus,
663 784 715 832 et
763 777 937 832 Filius
986 777 1149 843 Deus,
1198 784 1249 830 et
1293 775 1661 833 nihilominus
1699 792 1846 831 unus
1892 779 2037 833 Deus

448 870 702 928 credatur
730 877 958 940 uterque
982 867 1009 922 ?
1037 867 1162 922 Sive
1209 867 1353 921 enim
1404 867 1619 922 Patrem
1664 867 1788 938 quis
1824 867 2034 935 adoret,

449 959 564 1016 sive
596 958 819 1025 Filium,
865 972 1032 1013 unum
1083 957 1255 1012 Deum
1303 955 1509 1012 dicitur
1538 956 1784 1023 adorare,
1828 964 1881 1012 et
1915 975 2039 1013 ser-

447 1051 564 1106 vire
594 1048 761 1116 Patri,
792 1050 885 1103 aut
915 1047 1057 1102 Filio
1091 1047 1232 1117 (36),
1264 1047 1360 1101 uni
1394 1047 1507 1100 Deo
1553 1046 1842 1101 servitium
1883 1046 2036 1102 exhi-

445 1140 622 1198 betur.
681 1146 776 1204 80
832 1138 993 1193 Nulla
1041 1137 1209 1209 igitur
1270 1136 1530 1192 discretio
1578 1145 1658 1191 est
1691 1179 1706 1203 ,
1764 1137 1893 1208 quia
1944 1135 2038 1210 qui

446 1233 634 1295 adorat
689 1239 917 1304 Filium,
979 1237 1169 1294 adorat
1217 1245 1271 1293 et
1321 1236 1573 1292 Patrem:
1633 1244 1686 1291 et
1732 1235 1826 1307 qui
1869 1236 2040 1290 servit

446 1329 614 1397 Patri,
648 1331 820 1386 servit
859 1339 911 1385 et
941 1329 1102 1384 Filio.
1140 1329 1210 1383 Et
1240 1335 1300 1382 ut
1328 1327 1446 1382 sine
1477 1325 1790 1381 adulatione
1821 1325 2040 1382 deitatis

445 1417 614 1493 hujus
667 1421 1065 1477 confessionem
1097 1435 1244 1481 ,esse
1292 1418 1546 1485 doceret,
1587 1417 1643 1472 in
1687 1417 2040 1474 conclusione

449 1513 652 1586 posuit.
697 1512 883 1579 Amen,
916 1511 1021 1567 hoc
1063 1517 1164 1576 est,
1212 1526 1426 1576 verum,
1458 1515 1520 1563 ut
1550 1507 1829 1565 Christum
1866 1509 2040 1562 Deum

449 1619 612 1674 super
639 1602 828 1657 omnia
876 1601 932 1656 in
962 1600 1193 1657 veritate
1240 1596 1550 1654 ostenderet
1588 1595 1937 1654 benedictum
1985 1596 2041 1651 in

448 1691 664 1748 saecula.

523 1784 706 1856 (Vers.
756 1783 836 1855 6.)
901 1810 918 1831 ι
947 1780 1068 1838 Non
1098 1791 1277 1838 autem
1319 1779 1528 1837 excidit
1574 1779 1804 1835 verbum
1856 1779 1976 1835 Dei.
2011 1803 2028 1826 ι

451 1873 571 1932 Non
595 1872 804 1930 excidit
834 1873 1060 1928 verbum
1092 1871 1191 1928 Dei
1237 1870 1498 1927 dicentis:
1549 1896 1565 1918 ι
1596 1871 1657 1926 In
1700 1871 1847 1925 Isaac
1887 1885 2044 1925 voca-
2074 1873 2120 1934 B

449 1962 603 2019 bitur
657 1961 757 2018 tibi
815 1979 999 2018 semen
1057 1962 1210 2032 (Gen.
1264 1960 1585 2031 xx1,l2),»
1650 1959 1704 2014 id
1761 1969 1881 2025 est,
1939 1958 2043 2014 hoc

452 2052 654 2120 evenit,
688 2051 832 2125 quod
863 2051 1008 2108 dixit
1049 2053 1193 2107 Deus
1225 2051 1472 2106 futurum
1501 2069 1513 2117 ;
1563 2058 1625 2106 ut
1657 2066 1765 2104 non
1799 2048 1855 2104 hi
1885 2047 2044 2103 dicc-

451 2153 641 2202 rentur
687 2159 871 2199 semen
917 2159 1032 2199 esse
1082 2139 1338 2207 Abrahae,
1393 2141 1488 2212 qui
1533 2139 1637 2194 ﬁlii
1691 2138 1808 2210 ejus
1863 2146 2044 2194 essent

451 2233 748 2291 secundum
782 2248 1001 2290 carnem
1027 2250 1037 2286 :
1069 2230 1163 2286 sed
1222 2229 1313 2285 isti
1343 2229 1438 2301 qui
1497 2227 1660 2282 ﬁdem
1690 2227 2037 2298 acceperint,

447 2339 544 2396 per
599 2340 761 2396 quam
822 2332 982 2377 natus
1039 2327 1138 2386 est,
1184 2320 1350 2386 Isaac,
1400 2316 1750 2373 reformatam
1797 2324 2041 2388 tempore

451 2414 677 2481 Christi,
737 2429 847 2466 non
904 2410 1018 2482 jam
1067 2409 1382 2481 specialem,
1431 2408 1526 2464 sed
1576 2407 1923 2479 generalem;
1981 2413 2041 2461 ut

450 2503 597 2576 quod
627 2500 904 2557 Abraham
933 2498 1167 2556 credidit
1196 2499 1262 2553 de
1307 2500 1476 2567 Isaac,
1521 2498 1613 2552 isti
1655 2495 1938 2554 crederent
1975 2494 2041 2549 de

451 2597 564 2654 Deo
583 2603 636 2651 et
666 2594 918 2661 Christo;
953 2593 1079 2665 quia
1100 2601 1259 2648 natus
1289 2599 1369 2647 est
1389 2593 1488 2647 Dei
1519 2591 1696 2647 Filius
1725 2589 1792 2646 ad
1809 2590 2040 2645 salutem

449 2686 679 2741 humani
709 2685 920 2757 generis
941 2682 1315 2739 redimendam
1347 2682 1486 2754 (37).
1512 2707 1530 2730 ι

437 2813 442 2817 -
521 2775 704 2848 (Vers.
740 2775 818 2844 7.)
865 2799 882 2821 ι
921 2773 1106 2845 Neque
1137 2787 1326 2828 omnes
1357 2771 1452 2843 qui
1487 2778 1617 2825 sunt
1658 2785 1727 2823 ex
1757 2767 1943 2833 Israel,
1983 2765 2041 2820 hi

448 2873 576 2920 sunt
632 2863 922 2927 Israelitae;
974 2877 1152 2933 neque
1196 2859 1327 2931 quia
1365 2874 1548 2913 semen
1602 2865 1732 2913 sunt
1785 2856 2038 2925 Abrahae,

446 2967 640 3008 omnes
687 2950 791 3004 ﬁlii
825 2968 836 3004 :
878 2949 972 3004 sed
1023 2950 1078 3002 in
1113 2949 1264 3003 Isaac
1314 2946 1601 3002 vocabitur
1628 2946 1730 3001 tibi
1761 2963 1964 3002 semen.
2009 2973 2027 2996 ι

447 3040 565 3095 Hoc
593 3047 675 3094 est
729 3037 1034 3110 (38).quod
1083 3037 1200 3091 vult
1233 3036 1489 3108 intelligi,
1518 3053 1627 3092 non
1654 3035 1766 3108 jam
1799 3035 1920 3092 ideo
1945 3035 2042 3091 di-

447 3145 583 3202 gnos
636 3143 751 3183 esse
782 3143 991 3196 omnes,
1045 3127 1174 3200 quia
1203 3125 1306 3182 ﬁlii
1355 3133 1484 3181 sunt
1510 3125 1750 3182 Abrahae
1783 3145 1794 3182 :
1829 3124 1920 3181 sed
1949 3140 2042 3181 eos

443 3234 562 3274 esse
589 3217 806 3290 dignos,
839 3215 932 3290 qui
962 3216 1063 3271 ﬁlii
1098 3215 1480 3288 promissionis
1505 3223 1656 3280 sunt,
1688 3214 1743 3270 id
1769 3222 1869 3281 est,
1902 3231 2040 3288 quos
2075 3234 2117 3295 ο

442 3307 680 3382 ρι’ωεοὶἱι
710 3307 854 3362 Deus
885 3305 1302 3378 promissionem
1333 3321 1486 3361 suam
1517 3313 1886 3377 suscepturos,
1919 3304 2036 3359 sive

440 3411 510 3452 ex
539 3396 762 3464 Judaais,
808 3395 926 3451 sive
955 3411 1025 3450 ex
1078 3395 1332 3467 gentibus
1365 3413 1378 3462 ;
1433 3393 1491 3449 hi
1519 3393 1668 3448 enim
1725 3392 1875 3465 digni
1907 3400 2036 3448 sunt

437 3486 550 3543 dici
601 3485 881 3552 Israelita,
915 3484 971 3539 id
1001 3491 1102 3553 est,
1155 3483 1406 3540 videntes
1429 3485 1626 3550 Deum,
1657 3483 1751 3553 qui
1781 3482 2033 3538 credunt.

437 3574 574 3631 Nam
604 3574 670 3628 de
715 3573 862 3628 Isaac
908 3572 1097 3644 utique
1144 3589 1334 3628 omnes
1383 3572 1442 3626 hi
1487 3571 1590 3626 ﬁlii
1623 3577 1751 3626 sunt
1780 3570 2034 3640 Abrahae,

438 3664 570 3737 quia
621 3663 802 3719 omnis
836 3679 1070 3735 propago
1127 3663 1339 3735 generis
1384 3659 1706 3716 Iudaeorum
1737 3677 1807 3715 ex
1852 3659 2037 3716 Abra-

438 3753 565 3810 ham
618 3768 714 3825 per
769 3753 916 3808 Isaac
968 3761 1066 3808 est.
1122 3751 1227 3808 Sed
1257 3750 1407 3823 quia,
1465 3749 1609 3804 sicut
1637 3747 1778 3815 dixi,
1815 3747 1873 3802 hi
1909 3756 2037 3804 sunt

437 3858 564 3901 vere
603 3843 706 3899 ﬁlii
764 3842 1018 3907 Abrahae,
1079 3843 1174 3914 qui
1232 3839 1652 3914 promissionem
1709 3846 2031 3912 sequuntur,

437 3949 556 4006 quae
605 3933 661 3988 in
719 3935 864 3989 Isaac
911 3932 1052 3988 facta
1084 3938 1166 3986 est
1199 3929 1314 4000 (39)
1353 3947 1365 3984 :
1427 3945 1490 3984 ac
1551 3944 1645 4000 per
1700 3927 1804 3985 hoc
1836 3929 2034 4002 reliqui

433 4022 538 4079 ﬁlii
569 4038 681 4078 non
711 4029 841 4078 sunt
871 4019 1095 4076 dicendi
1123 4016 1377 4074 Abrahze.
1421 4015 1698 4073 Abraham
1729 4018 1875 4074 enim
1907 4035 2036 4075 cre-

434 4112 589 4181 dens,
647 4113 795 4168 Isaac
845 4110 1054 4181 accepit
1110 4116 1331 4181 propter
1387 4107 1572 4174 ﬁdem,
1619 4108 1747 4181 quia
1798 4107 2034 4165 credidit

434 4202 569 4256 Deo.
621 4201 682 4255 In
730 4215 842 4271 quo
893 4197 1220 4268 mysterium
1273 4197 1472 4252 futurae
1528 4196 1657 4253 ﬁdei
1687 4196 2033 4270 designatum

435 4299 538 4357 est,
595 4297 659 4344 ut
714 4288 798 4342 illi
829 4294 1009 4342 essent
1038 4287 1231 4341 fratres
1270 4286 1438 4354 Isaac,
1469 4287 1564 4360 qui
1591 4287 1837 4344 eamdem
1867 4288 2033 4343 ﬁdem

436 4375 724 4443 haberent,
786 4375 844 4430 in
899 4391 1005 4448 qua
1057 4376 1204 4430 Isaac
1256 4382 1416 4431 natus
1467 4383 1567 4443 est,
1627 4376 1758 4449 quia
1801 4377 1950 4433 Isaac
1977 4377 2033 4432 in

438 4473 572 4538 typo
615 4465 914 4522 Salvatoris
962 4473 1123 4522 natus
1174 4474 1254 4522 est
1305 4482 1374 4522 ex
1419 4465 1804 4540 promissione,
1847 4474 1909 4522 ut
1937 4467 2032 4539 qui

438 4547 736 4612 crediderit
778 4553 1064 4612 Christum
1096 4555 1281 4611 Jesum
1330 4556 1660 4628 promissum
1693 4572 1807 4612 esse
1845 4555 2032 4612 Abra-

437 4645 546 4711 hae,
591 4643 685 4700 hic
725 4645 797 4700 sit
842 4643 990 4701 ﬁlius
1035 4645 1290 4713 Abrahae,
1337 4646 1506 4704 frater
1548 4663 1680 4702 vero
1727 4645 1894 4701 Isaac.
1927 4645 2033 4700 Di-

511 4829 626 4911 (Sﬁ)
657 4827 802 4910 .Mss.
829 4828 1152 4911 Aaliquot,_‘et
1179 4829 1377 4911 servire
1413 4826 1715 4911 PutriLant
1743 4824 2033 4911 Filiouaut

440 4899 667 4977 Spiritui
693 4908 889 4970 sancto,
923 4899 1018 4956 imi
1061 4901 1462 4977 Deo;._._adorq_t
1486 4899 1861 4977 et'Putremet
1900 4900 2030 4970 Spi-

438 4969 604 5026 ritum
633 4969 931 5029 sanctum...
966 4974 1125 5028 servit
1153 4974 1294 5028 Filio
1323 4976 1370 5024 et
1405 4969 1635 5037 Spiritui
1663 4976 1863 5035 sancto,
1897 4969 2026 5038 etc.;

440 5041 640 5114 reliqui
686 5060 836 5111 vero,
895 5051 948 5099 et
1002 5044 1135 5099 edit.
1168 5041 1326 5114 nobis
1377 5041 1850 5114 congruunt,_nisi
1884 5041 2031 5113 quod

437 5111 595 5168 Boni.
622 5121 778 5184 proel
806 5115 1000 5169 servire
1030 5113 1206 5179 Patri,
1234 5111 1436 5184 posuit,
1463 5117 1510 5184 et
1529 5111 1574 5163 si
1603 5112 1832 5184 servitur
1853 5111 2025 5167 Petri:

437 5200 540 5240 nec
567 5179 675 5240 non
709 5195 827 5257 post
856 5188 1009 5240 nulla
1035 5179 1560 5257 pigitum—subjunxit,
1595 5183 1761 5257 in_his
1792 5200 1803 5236 :
1837 5200 1900 5239 ac
1927 5184 2032 5257 de-

435 5271 589 5310 mum
621 5253 765 5311 infra
796 5273 890 5324 pro
918 5255 1290 5324 confessionem
1319 5268 1443 5308 cum
1477 5269 1605 5308 mss.
1640 5253 1852 5310 Thuan.
1886 5255 2026 5310 sub-

437 5273 589 5310 mum
621 5273 765 5311 mira
832 5274 890 5311 ro
918 5273 1066 5324 conle

437 5327 639 5399 stituit,
669 5273 1066 5399 pro/ﬁssionem.

509 5393 632 5469 (37)
665 5393 797 5454 Gill.
848 5399 1119 5469 acRom._
1149 5393 1281 5451 edit.
1331 5411 1456 5452 cum
1488 5395 1702 5452 Thuan.
1735 5397 1885 5465 cod.,
1917 5397 2027 5452 hu-

433 5467 585 5539 mani
605 5467 809 5539 generis
838 5467 1228 5539 redhibendamp.

506 5535 627 5611 (38)
648 5539 958 5617 lta_mss.et
989 5544 1098 5617 vet.
1131 5537 1286 5617 edit.”
1313 5537 1596 5617 nisiquod
1625 5540 1754 5596 Gill.
1787 5541 2021 5617 omittit,

429 5608 539 5667 Hoc
577 5608 692 5665 est:
740 5610 900 5680 Rom.
949 5615 1126 5663 autem
1174 5608 1305 5664 edit.
1357 5608 1588 5680 adjecto,
1631 5619 1691 5666 ut
1727 5613 1885 5679 solet,
1929 5608 2024 5667 se;

428 5682 617 5758 quenti
663 5677 1537 5758 Scripturaehvers_u,_et.repetita
1574 5690 1721 5752 parte
1767 5677 2024 5758 superio-.

426 5751 525 5818 iis,
557 5752 659 5805 ista
717 5751 998 5820 subjungit
1033 5769 1043 5804 :
1089 5752 1207 5806 Vult
1263 5751 1551 5824 intelligere
1576 5751 1682 5805 non
1710 5751 1904 5818 omnes,
1932 5751 2024 5821 qui

2146 596 2398 654 dicentur
2458 615 2647 653 omnes
2705 607 2892 668 gentes
2952 598 3108 669 (Gen.
3170 615 3312 666 χχιι,
3362 599 3558 671 18);›
3616 603 3767 674 quod

2146 685 2336 758 utique
2385 685 2441 740 in
2496 687 2643 742 Isaac
2692 686 2893 742 factum
2931 703 3039 742 non
3089 695 3190 752 est,
3236 687 3329 744 sed
3360 687 3418 744 in
3447 705 3539 757 eo,
3574 691 3676 763 qui
3713 693 3762 747 in

2147 777 2294 833 Isaac
2333 778 2633 848 promissus
2686 785 2768 833 est
2821 777 3082 846 Abraha,
3123 777 3218 850 qui
3273 786 3354 834 est
3383 778 3676 849 Christus,
3710 784 3763 838 in

2148 885 2257 941 quo
2307 884 2498 923 omnes
2528 878 2712 940 gentes
2761 868 3167 924 benedicuntur
3219 869 3526 927 credentes.
3565 868 3761 930 Ceteri

2149 973 2276 1028 ergo
2301 957 2473 1012 Judaei
2494 957 2593 1012 ﬁlii
2617 966 2744 1014 sunt
2767 959 2969 1026 carnis,
2993 960 3125 1014 dum
3146 958 3516 1030 promissione
3537 963 3758 1035 privan-

2150 1053 2259 1116 tur,
2291 1063 2391 1102 nec
2419 1047 2669 1114 deputari
2693 1057 2921 1120 possunt
2953 1049 3150 1104 merito
3175 1047 3434 1116 Abrahae,
3467 1053 3564 1123 qui
3594 1051 3755 1108 ﬁdem

2148 1153 2258 1192 non
2287 1147 2614 1210 sequuntur,
2644 1155 2740 1208 per
2774 1154 2938 1210 quam
2970 1137 3174 1208 dignus
3203 1139 3419 1195 exstitit
3449 1139 3751 1198 Abraham.

2223 1227 2404 1299 (Vers.
2436 1227 2518 1297 8.)
2581 1252 2599 1274 ι
2642 1226 2700 1282 Id
2731 1234 2834 1294 est,
2893 1243 3006 1282 non
3037 1226 3134 1300 qui
3165 1226 3266 1283 ﬁlii
3299 1228 3503 1300 carnis,
3540 1219 3600 1286 bi
3634 1243 3755 1289 sunt

2150 1315 2251 1371 ﬁlii
2281 1315 2378 1370 Dei
2404 1335 2417 1383 ;
2448 1315 2543 1372 sed
2577 1317 2669 1389 qui
2702 1315 2804 1371 ﬁlii
2825 1315 3214 1387 promissionis
3229 1328 3384 1386 sunt,
3408 1321 3756 1379 aestimantur

2150 1405 2205 1460 in
2250 1406 2458 1461 semine
2517 1405 2655 1476 (40).
2691 1432 2707 1454 ι
2751 1409 3017 1478 Apertum
3081 1414 3161 1462 est
3216 1406 3343 1480 quia
3383 1425 3494 1464 non
3526 1423 3753 1482 possunt

2152 1492 2261 1550 dici
2288 1493 2390 1549 ﬁlii
2423 1493 2607 1550 carnis
2636 1493 2736 1550 ﬁlii
2761 1494 2858 1551 Dei
2889 1513 2899 1550 :
2935 1493 2992 1550 hi
3025 1494 3172 1551 enim
3210 1513 3278 1552 ex
3308 1500 3754 1571 concupiscentia

2152 1583 2332 1639 carnis
2374 1584 2487 1640 nati
2517 1591 2667 1653 sunt,
2699 1583 2790 1641 isti
2840 1601 2970 1641 vero
3001 1602 3070 1642 ex
3101 1585 3208 1642 ﬁde
3239 1587 3630 1659 spiritualiter,
3666 1608 3754 1647 se-

2153 1673 2394 1729 cundum
2439 1673 2584 1747 quod
2635 1674 2967 1747 promissum
3005 1684 3087 1732 est
3117 1675 3375 1746 Abrahae,
3402 1685 3464 1733 ut
3499 1677 3560 1735 hi
3602 1682 3753 1737 aesti-

2153 1770 2436 1818 marentur
2464 1780 2648 1820 semen
2683 1780 2818 1832 esse,
2851 1762 2947 1837 qui
2974 1764 3278 1823 crederent.

2231 1852 2412 1924 (Vers.
2447 1854 2528 1926 9.)
2572 1880 2589 1900 ε
2630 1854 3022 1911 Promissionis
3049 1854 3196 1911 enim
3231 1855 3463 1912 verbum
3495 1856 3606 1916 hoc
3636 1868 3745 1917 est:

2153 1940 2237 1998 Ad
2297 1942 2402 1999 hoc
2431 1950 2645 2016 tempus
2701 1945 2942 2013 veniam,
2973 1953 3027 1999 et
3056 1943 3284 2001 habebit
3315 1946 3447 2002 Sara
3476 1947 3681 2008 ﬁlium.
3719 1979 3734 1999 -

2155 2032 2267 2088 Hoc
2286 2032 2342 2088 in
2363 2032 2556 2089 Genesi
2581 2031 2832 2102 habetur,
2855 2033 3001 2108 quod
3022 2033 3425 2107 praeﬁguratum
3450 2037 3508 2093 in
3530 2037 3761 2106 Christo

2154 2129 2320 2189 est,ut
2333 2122 2549 2178 futurus
2570 2123 2821 2180 Christus
2837 2122 3248 2195 promitteretur
3264 2125 3412 2182 ﬁlius
3431 2127 3745 2197 Abraham

2153 2227 2262 2283 quo
2292 2211 2674 2284 promissionis
2704 2212 2934 2268 verbum
2974 2214 3314 2286 impleretur,
3348 2223 3408 2270 ut
3432 2215 3491 2271 in
3529 2217 3744 2274 Christo

2151 2300 2608 2357 benedicerentur
2654 2319 2844 2358 omnes
2892 2312 3080 2376 gentes
3127 2313 3304 2361 terrae.
3338 2303 3574 2372 Quando
3604 2307 3742 2363 enim

2153 2389 2446 2465 promissio
2494 2390 2635 2447 facta
2666 2401 2747 2448 est
2795 2392 3052 2461 Abrahae,
3083 2402 3138 2449 et
3165 2395 3378 2450 audivit
3413 2413 3424 2449 :
3471 2421 3490 2441 ι
3522 2395 3666 2464 Quia
3695 2397 3741 2453 iu

2153 2479 2359 2534 semine
2392 2487 2490 2535 tuo
2544 2480 2939 2538 benedicentur
2993 2499 3185 2540 omnes
3237 2492 3422 2556 gentes
3480 2493 3680 2554 teri-aa;
3717 2514 3732 2535 .

2153 2567 2406 2624 Christus
2430 2569 2619 2642 utique
2650 2569 2731 2625 illi
2782 2569 3083 2643 promissus
3112 2579 3194 2629 est
3222 2589 3290 2628 ex
3323 2573 3548 2630 traduce
3579 2576 3741 2643 Isaac,

2153 2656 2210 2712 in
2238 2673 2346 2729 quo
2376 2655 2482 2713 hoc
2510 2657 2798 2730 impletum
2826 2659 3100 2718 videmus.

2226 2745 2407 2818 (Vers.
2460 2746 2572 2818 10.)
2619 2773 2635 2794 ι
2691 2747 2812 2804 Non
2865 2751 3041 2806 solum
3095 2759 3275 2808 autem
3327 2752 3464 2820 haec,
3525 2753 3582 2810 id
3648 2764 3741 2824 est,

2151 2834 2310 2892 Sarra
2341 2836 2481 2907 (41),
2512 2836 2605 2892 sed
2627 2846 2680 2894 et
2709 2839 2949 2896 Rebecca
2973 2856 3041 2896 ex
3070 2858 3182 2898 uno
3211 2841 3512 2898 concubitu
3544 2842 3744 2902 habens

2151 2926 2298 2981 Isaac
2352 2927 2522 2998 patris
2549 2929 2742 2985 nostri.
2782 2955 2799 2978 ι
2868 2930 2988 2986 Non
3018 2940 3233 2988 tantum
3273 2951 3402 3006 ergo
3431 2935 3652 2991 Sarram
3685 2937 3738 2992 in

2149 3026 2285 3091 typo
2333 3018 2469 3076 dicit
2507 3037 2788 3094 generasse
2831 3023 2998 3087 Isaac,
3033 3023 3126 3080 sed
3177 3033 3232 3079 et
3263 3023 3562 3083 Rebeccam
3594 3044 3738 3084 uxo-

2150 3123 2262 3163 rem
2295 3108 2460 3166 Isaac.
2498 3109 2603 3166 Sed
2636 3111 2743 3166 alia
2769 3129 2931 3168 causa
2961 3119 3042 3169 est
3068 3113 3124 3170 in
3158 3115 3323 3182 Isaac,
3357 3116 3464 3171 alia
3491 3116 3550 3171 in
3581 3115 3741 3175 Jacob

2149 3206 2202 3255 et
2233 3201 2401 3270 Esau,
2460 3203 2590 3274 quia
2618 3203 2766 3260 Isaac
2797 3203 2854 3260 in
2896 3205 3072 3277 ﬁgura
3122 3204 3422 3262 Salvatoris
3451 3214 3617 3265 natus
3647 3218 3741 3276 est,

2148 3289 2312 3347 Jacob
2345 3308 2474 3348 vero
2505 3297 2558 3348 et
2597 3293 2745 3350 Esau
2773 3293 3010 3350 duorum
3044 3296 3374 3366 populorum
3407 3293 3615 3354 habent
3649 3309 3744 3371 ty-

2148 3396 2302 3452 pum,
2349 3381 2405 3437 id
2433 3391 2534 3450 est,
2585 3385 2948 3453 credentium,
3011 3392 3064 3440 et
3097 3401 3208 3441 non
3267 3385 3610 3443 credentium
3642 3407 3654 3454 ;
3685 3397 3743 3445 ut

2149 3487 2277 3527 cum
2329 3488 2399 3526 ex
2449 3489 2561 3529 uno
2603 3473 2735 3544 sint,
2779 3474 2982 3532 diversi
3031 3476 3141 3532 sint
3173 3483 3374 3532 tamen.
3422 3477 3484 3532 In
3514 3476 3745 3551 singulis

2147 3560 2294 3616 enim
2326 3568 2380 3616 et
2427 3577 2595 3633 genus
2623 3563 2984 3636 signiﬁcatur,
3015 3573 3077 3620 ut
3125 3563 3184 3620 hi
3215 3565 3381 3621 unius
3409 3567 3625 3638 generis
3654 3567 3743 3623 di-

2146 3659 2360 3719 cantur,
2397 3653 2492 3724 qui
2540 3653 2598 3708 in
2629 3669 2792 3710 causa
2824 3652 2951 3709 ﬁdei
2976 3669 3147 3710 unum
3179 3661 3330 3723 sunt,
3361 3655 3449 3710 vel
3482 3655 3740 3727 perﬁdia.

2147 3741 2300 3797 Unus
2343 3741 2489 3796 enim
2539 3742 2879 3816 signiﬁcatur
2918 3744 2976 3798 in
3021 3743 3232 3813 multis,
3281 3760 3395 3800 non
3423 3761 3521 3817 per
3544 3745 3743 3802 tradu-

2144 3847 2264 3888 cem
2319 3830 2522 3900 carnis,
2577 3833 2671 3889 sed
2730 3849 2826 3906 per
2881 3849 3231 3889 communem
3289 3849 3553 3902 causam;
3619 3837 3742 3909 quia

2145 3929 2199 3978 et
2249 3939 2319 3978 ex
2364 3923 2511 3980 Esau
2565 3923 2732 3982 Iacob
2789 3925 2891 3980 ﬁlii
2947 3923 3170 3982 dicendi
3230 3933 3378 3994 sunt,
3445 3933 3501 3982 et
3548 3942 3619 3982 ex
3647 3928 3744 3984 Ja-

2145 4012 2247 4069 cob
2289 4012 2437 4070 Esau
2477 4015 2789 4088 imputandi
2836 4024 2968 4073 sunt
2996 4017 3121 4073 ﬁlii.
3154 4019 3266 4074 Nec
3293 4016 3441 4074 enim
3491 4018 3622 4091 quia
3647 4018 3744 4074 Ja-

2145 4101 2247 4158 cob
2294 4103 2570 4174 laudatur,
2613 4122 2803 4163 omnes
2847 4123 2918 4162 ex
2955 4123 3020 4163 eo
3063 4107 3198 4175 nati,
3231 4107 3335 4162 ﬁiii
3394 4106 3514 4179 ejus
3545 4109 3742 4165 merito

2145 4190 2366 4249 dicendi
2413 4203 2586 4264 sunt;
2636 4206 2730 4253 aut
2776 4199 2910 4270 quia
2956 4197 3101 4253 Esau
3147 4197 3424 4270 displicet,
3454 4214 3649 4256 omnes
3677 4216 3741 4256 ex

2144 4280 2261 4352 ejus
2307 4283 2518 4355 origine
2566 4285 2786 4357 reprobi
2838 4295 3012 4354 sunt;
3063 4303 3188 4344 cum
3239 4285 3525 4343 videamus
3573 4297 3627 4345 et
3676 4289 3742 4345 de

2143 4371 2309 4429 Jacob
2357 4374 2579 4432 traduce
2622 4384 2778 4432 natos
2824 4376 2996 4432 factos
3030 4375 3286 4448 perﬁdos,
3315 4385 3369 4433 et
3396 4375 3465 4432 de
3493 4376 3641 4432 Esau
3669 4377 3743 4433 ﬁ-

2142 4459 2290 4517 deles
2319 4471 2374 4518 et
2401 4464 2514 4519 Deo
2561 4463 2773 4522 charos.
2803 4465 2936 4520 Nam
2969 4465 3116 4538 quod
3145 4465 3213 4521 de
3241 4465 3408 4521 Iacob
3434 4465 3600 4522 multi
3631 4467 3741 4522 sint

2062 4594 2110 4654 Β
2141 4549 2356 4621 perﬁdi,
2406 4552 2635 4610 dubium
2685 4570 2795 4609 non
2825 4561 2907 4611 est
2936 4573 2949 4622 ;
3000 4571 3190 4612 omnes
3247 4555 3394 4610 enim
3422 4553 3602 4611 Judaei
3632 4571 3742 4612 non

2143 4645 2232 4702 81
2274 4644 2576 4714 credentes,
2633 4652 2728 4702 aut
2771 4645 3054 4701 credentes
3099 4661 3168 4701 ex
3215 4661 3278 4702 eo
3329 4644 3534 4702 habent
3562 4646 3743 4719 origi-

2138 4827 2240 4901 filii
2282 4833 2404 4901 sunt
2447 4825 2696 4892 Abralue,
2739 4839 2866 4901 esse
2892 4825 3096 4895 dignos,
3146 4831 3206 4879 ut
3235 4824 3338 4896 ﬁlii
3360 4823 3740 4896 promissioni:

2139 4897 2263 4966 sint,
2292 4899 2348 4953 id
2375 4905 2472 4962 est,
2499 4914 2629 4968 quos
2656 4897 2908 4967 prtesciit,
2952 4905 3058 4953 etc.

2214 4965 2329 5039 (39)
2369 4971 2467 5025 Sed
2507 4965 2732 5040 quia.—
2765 4984 2881 5040 quae
2905 4969 2960 5022 in
2991 4969 3144 5023 Isaac
3172 4965 3320 5038 facta
3347 4973 3443 5034 est,
3475 4967 3535 5022 in
3557 4967 3740 5024 multo

2140 5042 2390 5115 pluribus
2419 5039 2932 5115 mss._des_ide_ratur.

2214 5112 2330 5183 (40)
2378 5112 2600 5168 Amerb.
2634 5113 2703 5167 Et
2731 5113 2884 5166 Eras.
2915 5117 2970 5166 et
3001 5109 3223 5183 quidam
3252 5126 3413 5183 mss,
3437 5109 3735 5183 in_s_emine.

2140 5181 2396 5256 Apertum
2427 5192 2501 5239 est
2530 5184 2658 5255 quia
2685 5200 2791 5237 non
2816 5181 3038 5256 possunt
3059 5183 3163 5236 dici
3188 5183 3295 5256 ﬁlii
3320 5182 3415 5236 Dei
3447 5181 3545 5242 ;hi
3571 5183 3735 5256 enim,

2136 5253 2240 5314 etc.
2281 5257 2412 5312 Gill.
2462 5264 2516 5311 et
2540 5253 2714 5311 Rom.
2777 5253 3093 5325 edit.,cum
3141 5253 3328 5325 paucis
3373 5268 3529 5325 mss.,
3561 5253 3626 5325 in
3648 5271 3738 5308 se-

2135 5329 2302 5394 mine;
2349 5328 2532 5395 Rom.,
2574 5328 2631 5381 in
2670 5341 2858 5379 semen.
2906 5324 3050 5378 Dicit
3089 5324 3231 5396 ﬁlios
3258 5324 3480 5396 (carnis,
3519 5330 3568 5376 et
3586 5324 3739 5396 ﬁlios

2134 5401 2251 5457 Dei.
2279 5400 2348 5454 Hi
2372 5399 2528 5467 enim,
2547 5407 2651 5454 etc.
2680 5396 2888 5450 Locum
2914 5411 3044 5450 vero
3065 5412 3094 5450 e
3123 5395 3378 5468 plurimis
3398 5395 3738 5467 optimisque

2135 5488 2262 5528 mss.
2299 5471 2662 5525 restituimus.

2207 5541 2322 5613 (41)
2365 5543 2522 5597 Rom.
2555 5541 2688 5613 edit.
2721 5546 2774 5613 et
2801 5538 2923 5613 cod.
2959 5538 3172 5613 Thuan.
3206 5535 3731 5613 hincresciderant,

2131 5614 2189 5668 id
2215 5609 2309 5667 est
2335 5613 2525 5668 Sarra.
2559 5612 2649 5666 Sic
2693 5610 2855 5665 etiam
2905 5611 3050 5664 infra
3075 5611 3232 5666 Rom.
3276 5609 3409 5664 edit.
3445 5609 3565 5663 sola
3593 5623 3738 5663 exe-

2133 5691 2324 5754 merat,
2355 5685 2465 5738 Hoc
2510 5683 2564 5736 in
2594 5681 2860 5754 Malachia
2889 5682 3110 5754 habetur
3141 5696 3152 5734 :
3186 5696 3306 5753 quin
3337 5687 3522 5737 tamen
3559 5695 3735 5754 repe-

2131 5753 2353 5810 riuntur
2382 5754 2438 5809 in
2468 5753 2685 5810 cunctis
2716 5765 2845 5806 mss.
2875 5760 2929 5808 et
2956 5750 3090 5808 edit.
