3932 6210
201 298 316 361 141

1307 297 1666 362 COMMENl‘.
1708 299 1781 361 IN
1831 300 2052 361 EPIST.
2096 304 2193 360 AD
2231 303 2402 363 ROM.

3416 311 3524 370 142

200 446 367 499 nem,
404 437 459 486 et
487 429 617 503 quia
659 428 727 486 de
762 429 907 485 Esau
938 437 1068 485 sunt
1099 429 1230 486 boni
1277 439 1332 486 et
1369 431 1576 498 ﬁdeles,
1619 431 1811 502 probat
1846 437 1896 496 Α
1925 432 2003 486 tia
2033 431 2179 487 enim
2228 434 2374 488 Deus
2411 434 2641 506 judicat,
2698 451 2810 492 non
2857 435 2925 492 de
2970 435 3332 509 praescientia.
3367 437 3523 495 Unde

203 519 341 588 Job,
393 521 487 593 qui
519 528 601 576 est
637 535 707 574 ex
737 518 871 575 ﬁliis
913 521 1082 589 Esau,
1127 521 1378 593 quintus,
1410 520 1478 576 ab
1516 520 1815 589 Abraham,

208 608 328 667 hoc
359 618 460 679 est,
493 627 661 683 nepos
683 610 849 666 Esau.

292 721 474 792 (Vers.
512 719 720 790 11-13.)
770 743 787 764 ι
817 717 952 773 Nam
981 733 1107 773 cum
1140 715 1386 784 nondum
1422 716 1536 772 nati
1566 716 1819 787 fuissent,

209 818 313 867 aut
346 811 559 884 aliquid
609 809 849 881 egissent
892 807 1100 862 bonum
1144 807 1230 862 vel
1272 807 1497 875 malum,
1528 815 1590 863 ut
1617 825 1823 865 secun—

207 899 355 956 dum
387 900 713 956 electionem
763 898 1103 969 propositum
1143 897 1242 951 Dei
1286 905 1551 965 maneret,
1600 914 1711 953 non
1755 915 1823 953 ex

210 989 506 1062 operibus,
551 988 645 1044 sed
688 1004 758 1043 ex
807 994 1034 1042 vocante
1079 985 1286 1042 dictum
1334 995 1436 1055 est,
1483 988 1612 1058 quia
1651 987 1824 1058 major

212 1078 431 1134 serviet
479 1075 704 1143 minori,
756 1074 898 1130 sicut
947 1073 1212 1145 scriptum
1259 1082 1379 1130 est:
1423 1075 1590 1130 Jacob
1627 1075 1821 1142 dilexi,

215 1169 375 1223 Esau
424 1174 605 1222 autem
655 1164 781 1219 odio
809 1163 998 1218 habui.
1034 1189 1050 1210 ι
1107 1164 1222 1219 Hoc
1261 1164 1316 1218 in
1347 1163 1614 1219 Malacbia
1645 1163 1824 1220 habe-

213 1267 336 1313 tur.
387 1255 790 1311 Praescientiam
838 1253 939 1308 Dei
985 1252 1194 1324 ﬂagitat
1241 1253 1297 1307 in
1345 1253 1432 1308 his
1465 1255 1663 1322 causis,
1696 1255 1824 1327 quia

217 1363 339 1403 non
386 1345 538 1400 aliud
585 1349 762 1416 potest
810 1341 1052 1410 evenire,
1105 1358 1268 1414 quam
1312 1342 1470 1399 novit
1497 1345 1642 1399 Deus
1678 1344 1823 1400 futu-

215 1453 374 1494 rum.
407 1435 642 1492 Sciendo
671 1435 823 1490 enim
856 1432 991 1506 quid
1016 1434 1393 1507 unusquisque
1424 1435 1647 1490 illorum
1680 1436 1824 1491 futu-

215 1543 319 1582 rus
351 1533 511 1589 esset,
560 1523 744 1579 dixit:
791 1523 893 1579 Hic
932 1522 1037 1578 erit
1079 1522 1298 1594 dignus,
1343 1522 1439 1594 qui
1468 1522 1571 1578 erit
1603 1521 1822 1591 minor;

216 1624 275 1670 et
313 1614 408 1686 qui
440 1612 637 1684 major,
677 1613 785 1668 erit
810 1609 1092 1682 indignus.
1126 1612 1307 1667 Unum
1339 1611 1502 1683 elegit
1529 1612 1828 1682 praescien-

218 1703 328 1771 tia,
360 1710 415 1758 et
439 1702 672 1758 alterum
705 1700 950 1773 sprevit;
982 1708 1035 1755 et
1067 1701 1121 1755 in
1152 1700 1250 1755 illo
1281 1715 1440 1772 quem
1476 1700 1660 1771 elegit,
1691 1716 1828 1771 pro-

219 1792 470 1864 positum
514 1790 611 1847 Dei
645 1797 828 1846 manet
858 1789 987 1862 quia
1024 1788 1174 1844 aliud
1214 1805 1324 1844 non
1364 1796 1540 1859 potest
1585 1789 1826 1856 evenire,
1861 1805 1906 1866 Β

223 1899 394 1956 quam
448 1880 594 1954 quod
637 1880 823 1948 scivit,
873 1887 926 1935 et
955 1879 1242 1952 proposuit
1281 1879 1337 1934 in
1385 1879 1503 1946 illo,
1552 1887 1612 1934 ut
1654 1879 1827 1934 salute

223 1970 431 2042 dignus
478 1970 572 2037 sit,
621 1977 674 2024 et
710 1969 765 2023 in
814 1969 933 2037 illo,
975 1985 1135 2040 quem
1186 1968 1416 2040 sprevit,
1449 1967 1618 2022 simili
1663 1968 1828 2023 modo

223 2071 416 2117 manet
461 2061 824 2133 propositum,
873 2059 1022 2131 quod
1073 2059 1358 2131 proposuit
1405 2059 1471 2115 de
1529 2059 1648 2127 illo,
1702 2059 1831 2131 quia

224 2151 499 2222 indignus
524 2149 649 2205 erit.
682 2151 795 2205 Hoc
823 2149 978 2221 quasi
1009 2149 1287 2222 priescius,
1322 2166 1431 2204 non
1473 2165 1829 2220 personarum

231 2249 513 2314 acceptor,
542 2257 666 2295 nam
701 2241 972 2296 neminem
1005 2241 1252 2307 damnat,
1284 2247 1575 2312 antequam
1607 2245 1826 2311 peccet;

229 2341 288 2388 et
333 2331 546 2386 nullum
579 2338 825 2398 coronat,
875 2338 1167 2404 antequam
1205 2331 1413 2386 vincat.
1447 2329 1561 2384 Hoc
1597 2327 1832 2399 pertinet

227 2421 301 2477 ad
341 2438 560 2477 causam
603 2421 938 2489 Judzeorum,
989 2423 1083 2494 qui
1131 2421 1235 2478 sibi
1269 2418 1684 2492 praerogativam
1728 2417 1835 2472 de-

230 2511 489 2578 fendunt,
536 2511 684 2584 quod
727 2511 830 2566 ﬁlii
874 2512 986 2566 sint
1026 2511 1280 2566 Abrahae.
1324 2508 1621 2580 Apostolus
1652 2516 1833 2562 autem

231 2601 554 2658 consolatur
589 2617 668 2669 se,
716 2608 777 2655 ut
824 2601 952 2673 quia
982 2599 1198 2655 dixerat
1245 2598 1492 2653 dolorem
1539 2595 1738 2651 habere
1779 2611 1835 2651 se

234 2690 421 2748 cordis
445 2691 795 2759 continuum,
820 2707 983 2747 causa
1012 2689 1417 2747 incredulitatis
1445 2704 1659 2755 eorum,
1691 2703 1836 2759 quo—

236 2796 362 2835 rum
395 2781 617 2853 adoptio
662 2789 776 2836 erat
821 2780 1084 2849 ﬁliorum,
1121 2787 1174 2835 et
1226 2779 1359 2852 legis
1406 2776 1750 2843 constitutio,
1784 2783 1837 2832 et

234 2889 306 2928 ex
364 2871 565 2944 quibus
616 2870 890 2939 Christus,
957 2872 1225 2938 Salvator,
1277 2870 1420 2927 sicut
1469 2877 1524 2925 et
1579 2869 1694 2941 ipse
1740 2868 1836 2936 ait,

251 2985 269 3006 ι
295 2960 438 3027 Quia
467 2960 612 3015 salus
642 2977 711 3015 ex
742 2960 946 3016 Iudaeis
974 2969 1054 3016 est
1088 2961 1268 3031 (Joan.
1305 2976 1384 3027 xv,
1429 2958 1521 3028 22)
1553 2983 1571 3005 ι
1610 2964 1841 3012 tractata

235 3053 376 3124 lege,
407 3052 622 3107 invenit
668 3052 798 3124 quia
841 3066 953 3106 non
998 3066 1188 3105 omnes
1235 3049 1327 3121 qui
1379 3065 1447 3104 ex
1497 3047 1656 3103 Israel
1689 3053 1838 3113 sunt,

236 3141 502 3199 credituri
551 3150 717 3209 sunt;
764 3158 940 3212 neque
989 3139 1116 3212 quia
1145 3139 1407 3194 dicuntur
1437 3136 1540 3191 ﬁlii
1586 3135 1839 3203 Abrahae,

236 3247 432 3288 omnes
461 3231 699 3287 Abrahae
745 3229 890 3284 ﬁlios
915 3227 1196 3294 dicendos,
1239 3227 1380 3282 sicut
1421 3240 1586 3296 supra
1623 3239 1840 3278 memo-

237 3321 379 3377 ravi.
436 3320 642 3376 Minuit
689 3333 818 3387 ergo
857 3316 1104 3371 dolorem
1153 3332 1338 3382 suum,
1378 3312 1665 3368 inveniens
1709 3311 1842 3366 olim

235 3409 595 3482 praedictum,
647 3404 793 3478 quod
832 3420 942 3459 non
979 3420 1168 3459 omnes
1218 3411 1396 3458 essent
1437 3399 1737 3466 credituri;
1784 3406 1845 3454 ut

237 3499 332 3554 his
361 3496 499 3551 solis
521 3494 702 3550 doleat
736 3493 875 3564 (42),
909 3494 1001 3566 qui
1030 3509 1125 3566 per
1152 3491 1419 3548 invidiam
1449 3492 1506 3546 in
1537 3488 1845 3545 increduli-

238 3593 353 3645 tate
410 3583 679 3639 laborant.
739 3584 975 3639 Possunt
1043 3593 1226 3639 tamen
1281 3581 1520 3648 credere,
1577 3578 1722 3650 quod
1775 3594 1844 3633 ex

241 3672 506 3744 subjectis
559 3672 753 3743 aperit.
807 3670 1113 3728 Incredulis
1168 3678 1352 3725 tamen
1409 3664 1686 3738 praedictis
1733 3679 1845 3720 non

244 3762 408 3818 valde
436 3760 736 3816 dolendum
767 3768 869 3829 est,
905 3760 1034 3833 quia
1076 3775 1185 3814 non
1217 3765 1346 3814 sunt
1375 3752 1745 3828 praedestinati
1776 3751 1844 3808 ad

244 3852 419 3909 vitam
449 3869 462 3917 ;
498 3850 842 3922 przsscientia
871 3850 1017 3904 enim
1049 3849 1148 3904 Dei
1179 3849 1310 3903 olim
1345 3846 1444 3902 hos
1475 3861 1586 3900 non
1617 3844 1846 3899 salvan—

247 3941 349 3998 dos
401 3940 666 3997 decrevit.
714 3939 849 4007 Quis
893 3939 1040 3995 enim
1088 3939 1306 4010 plangat
1363 3952 1509 4002 eum,
1565 3932 1661 4006 qui
1711 3932 1844 3987 olim

249 4034 504 4085 mortuus
559 4027 793 4084 habetur
833 4027 860 4082 ?
914 4026 1019 4083 Sed
1075 4025 1515 4082 subintrantibus
1571 4020 1844 4095 gentibus,

252 4136 374 4193 quae
423 4119 540 4174 sine
587 4119 701 4173 Deo
746 4117 898 4188 prius
949 4126 1124 4185 erant,
1180 4124 1234 4172 et
1277 4116 1506 4170 salutem
1555 4128 1715 4185 quam
1763 4109 1847 4165 illi

252 4209 632 4284 perdiderunt,
705 4208 1125 4280 accipientibus,
1199 4207 1568 4262 exsuscitatur
1643 4202 1844 4268 dolor;

252 4299 347 4357 sed
400 4300 601 4355 iterum
633 4299 762 4371 quia
806 4299 914 4370 ipsi
963 4298 1067 4353 sibi
1115 4297 1444 4369 perditionis
1488 4311 1650 4352 causa
1697 4300 1847 4359 sunt,

253 4389 487 4461 sopitur.
535 4387 803 4442 Praescius
848 4387 1032 4458 itaque
1082 4387 1228 4441 Deus
1259 4384 1412 4439 malae
1444 4383 1569 4438 illos
1598 4381 1850 4436 volunta-

254 4481 326 4536 tis
380 4479 616 4546 futuros,
647 4494 759 4534 non
801 4479 926 4533 illos
972 4475 1166 4531 habuit
1197 4475 1254 4530 in
1296 4490 1526 4530 numero
1556 4473 1848 4540 bonorum,

256 4569 511 4644 quamvis
562 4568 711 4624 dicat
775 4566 1027 4623 Salvator
1077 4565 1188 4621 illis
1244 4563 1586 4635 septuaginta
1635 4560 1850 4616 duobus

255 4659 562 4731 discipulis,
603 4673 740 4730 quos
769 4656 1002 4728 elegerat
1044 4653 1285 4710 secunda
1311 4653 1502 4721 classe,
1533 4650 1626 4724 qui
1656 4649 1723 4705 ab
1755 4649 1850 4704 illo

257 4758 442 4824 postea
490 4753 831 4804 recesserunt
892 4770 910 4793 ‹
963 4744 1200 4801 Nomina
1246 4752 1426 4800 vestra
1472 4741 1674 4812 scripta
1718 4745 1848 4794 sunt

261 4842 320 4897 in
342 4839 480 4896 caelo
525 4840 678 4907 (Luc.
723 4854 780 4904 χ,
817 4835 931 4908 20).
965 4860 982 4882 ι
1034 4834 1137 4890 Sed
1176 4834 1281 4890 hoc
1312 4839 1533 4905 propter
1554 4829 1848 4901 justitiam,

259 4929 388 5004 quia
426 4928 532 4984 hoc
559 4936 641 4984 est
682 4926 917 4998 justum,
965 4932 1028 4981 ut
1075 4923 1374 4995 unicuique
1404 4939 1501 4993 pro
1550 4919 1745 4976 merito
1773 4935 1852 4974 re-

259 5019 610 5094 spondeatur.
642 5018 783 5087 Quia
828 5017 976 5073 enim
1027 5014 1158 5071 boni
1191 5022 1367 5080 erant,
1415 5011 1573 5067 electi
1610 5016 1738 5066 sunt
1785 5007 1854 5063 ad

235 5109 654 5176 .ministerium,
702 5117 756 5163 et
801 5113 955 5162 erant
999 5104 1203 5175 scripta
1255 5101 1479 5156 nemina
1523 5099 1745 5154 illorum
1795 5097 1854 5152 in

261 5199 400 5256 celo
431 5207 653 5270 propter
691 5195 988 5268 justitiam,
1020 5194 1162 5249 sicut
1191 5191 1337 5247 dixi:
1373 5186 1673 5244 secundum
1704 5202 1853 5258 pra:-

261 5287 547 5344 scientiam
577 5301 708 5343 vero
738 5286 794 5341 in
826 5301 1056 5342 numero
1086 5288 1241 5338 erant
1272 5279 1562 5335 malorum.
1590 5278 1669 5332 De
1689 5274 1852 5347 justi-

338 5529 456 5611 (42)
493 5535 646 5611 Edit.
669 5527 894 5611 Amerb.
928 5528 1170 5611 et_Eras.
1202 5541 1327 5586 cum
1358 5541 1490 5611 rues.
1514 5540 1623 5611 non
1649 5523 1857 5611 paucis,

267 5595 406 5690 ut
436 5595 545 5663 'soli
589 5609 835 5664 doleant:
877 5604 1080 5661 rectius
1107 5609 1292 5657 tamen
1322 5597 1444 5655 aliae
1472 5595 1604 5652 edit.
1636 5595 1688 5653 et
1726 5613 1857 5652 mss.

267 5689 331 5737 ut
359 5688 418 5736 in
447 5688 625 5737 textu.

1927 525 1982 574 et
2011 519 2186 591 Moysi
2230 519 2412 576 dixit:
2478 547 2496 569 ι
2525 522 2583 578 Si
2627 523 2751 596 quis
2789 523 3095 596 peccaverit
3123 530 3248 580 ante
3291 541 3400 594 me,
3433 525 3522 582 de-

1930 609 2068 664 leam
2097 625 2221 664 eum
2251 609 2318 665 de
2343 610 2485 667 libro
2515 628 2634 668 meo
2683 614 2887 682 (Exod.
2919 630 3103 682 χχχιι,
3144 613 3260 687 24),
3293 639 3312 662 ι
3353 621 3416 670 ut
3443 631 3522 671 se-

1930 697 2173 754 cundum
2198 697 2475 769 justitiam
2501 699 2704 771 judicis
2732 709 2865 758 tunc
2894 702 3146 758 videatur
3172 702 3365 771 deleri,
3396 720 3522 759 cum

1930 795 2120 861 peccat
2150 806 2161 843 :
2190 786 2352 858 juxta
2390 790 2788 861 praescientiam
2823 807 2953 846 vero
2982 808 3263 864 nunquam
3296 792 3353 847 in
3383 792 3524 849 libro

1932 869 2068 933 vitae
2090 878 2282 934 fuisse.
2317 878 2460 934 Hinc
2485 885 2538 934 et
2563 880 2841 950 apostolus
2865 879 3100 934 Joannes
3126 879 3192 935 de
3208 879 3527 953 hujusmodi

1933 968 2013 1024 ait
2043 985 2053 1022 :
2103 993 2121 1014 ι
2148 969 2236 1022 Εχ
2257 967 2419 1023 nobis
2445 968 2722 1037 exierunt,
2745 967 2842 1024 sed
2870 984 2982 1023 non
2999 968 3221 1023 fuerunt
3248 983 3317 1024 ex
3336 969 3525 1038 nobis;

1934 1056 1979 1112 si
2031 1056 2180 1112 enim
2231 1056 2491 1118 fuissent.
2517 1074 2588 1114 ex
2643 1057 2823 1126 nobis,
2875 1056 3300 1130 permansisseut
3341 1057 3531 1130 utique

1932 1147 2221 1206 nobiscum
2273 1147 2331 1217 (I
2374 1148 2531 1203 Joan.
2575 1165 2634 1216 ιι,
2669 1147 2782 1217 19).
2816 1171 2833 1193 ι
2895 1148 3018 1204 Νοιι
3065 1155 3148 1203 est
3177 1162 3531 1219 personarum

1933 1236 2178 1308 acceptio
2215 1235 2273 1290 in
2307 1235 2649 1306 praescientia
2690 1235 2823 1292 Dei:
2872 1235 3217 1309 praescientia
3263 1235 3409 1293 enim
3454 1243 3536 1291 est

1933 1344 2040 1401 qua
2086 1324 2377 1381 deﬁnitum
2410 1325 2596 1394 habet,
2640 1327 2818 1400 qualis
2866 1326 3302 1399 uniuscujusque
3351 1326 3538 1384 futura

1935 1417 2191 1472 voluntas
2238 1415 2363 1481 erit,
2410 1415 2467 1471 in
2515 1433 2622 1488 qua
2651 1432 2944 1472 mansurus
2981 1425 3084 1484 est,
3115 1431 3211 1489 per
3241 1431 3404 1490 quam
3443 1423 3538 1471 aut

1936 1505 2247 1575 damnetur,
2278 1513 2374 1561 aut
2393 1513 2704 1562 coronetur.
2737 1507 2985 1579 Denique
3016 1522 3152 1579 quos
3178 1507 3282 1563 scit
3307 1508 3365 1564 in
3390 1505 3538 1562 bono

1939 1611 2249 1665 mansuros,
2298 1595 2614 1668 frequenter
2642 1605 2767 1654 ante
2797 1603 2928 1653 sunt
2964 1595 3129 1652 mali:
3179 1605 3233 1653 et
3273 1611 3409 1669 quos
3437 1594 3542 1651 scit

1938 1685 2114 1739 malos
2140 1699 2546 1756 permansuros,
2570 1684 2862 1756 aliquoties
2890 1685 3042 1757 prius
3059 1693 3189 1741 sunt
3208 1684 3361 1740 boni.
3386 1683 3541 1741 Unde

1937 1782 2109 1830 cessat
2138 1775 2393 1847 querela;
2428 1773 2557 1846 quia
2585 1775 2731 1829 Deus
2760 1781 3013 1845 acceptor
3039 1789 3394 1845 personarum
3427 1788 3540 1829 non

1937 1870 2018 1918 est
2049 1864 2190 1936 (Act.
2239 1879 2297 1930 x,
2342 1861 2456 1932 34).
2505 1861 2645 1917 Nam
2693 1869 2747 1916 et
2777 1862 2928 1929 Saul,
2975 1869 3029 1917 et
3063 1862 3229 1919 Judas
3258 1862 3542 1919 Iscariotes

1937 1959 2062 2009 ante
2115 1952 2342 2007 fuerunt
2394 1950 2546 2020 boni,
2610 1951 2828 2009 dicente
2883 1951 3167 2024 Scriptura
3223 1951 3290 2008 de
3358 1951 3537 2010 Saul:

1954 2067 1972 2090 ‹
1999 2043 2132 2097 Erat
2160 2042 2247 2097 vir
2275 2042 2476 2110 bonus,
2509 2050 2563 2098 et
2591 2057 2703 2096 non
2734 2050 2850 2096 erat
2875 2041 2972 2096 illo
3002 2042 3198 2098 melior
3227 2041 3285 2096 in
3306 2041 3439 2097 ﬁliis
3468 2043 3542 2098 Is-

1939 2132 2050 2187 rael
2083 2132 2142 2203 (Ι
2164 2133 2288 2202 Reg.
2320 2146 2402 2198 ιχ,
2433 2129 2490 2202 2)
2519 2148 2532 2198 ;
2564 2154 2584 2177 ι
2627 2137 2682 2186 et
2708 2129 2776 2185 de
2816 2129 2958 2186 inda
2987 2131 3245 2188 Iscariote
3275 2130 3411 2187 dicit
3433 2131 3544 2186 Pe-

1940 2227 2059 2276 trus
2086 2219 2367 2292 apostolus
2393 2237 2404 2274 :
2454 2243 2472 2266 ι
2497 2218 2608 2286 Qui
2649 2220 2876 2276 sortitus
2902 2227 2985 2276 est
3012 2227 3215 2276 sortem
3247 2219 3544 2276 ministerii

1941 2308 2107 2381 hujus
2151 2310 2290 2382 (Act.
2327 2327 2366 2378 ι,
2418 2309 2532 2380 17),
2564 2333 2582 2356 ›
2645 2308 2703 2364 id
2749 2318 2850 2378 est,
2900 2310 3254 2382 apostolatus,
3289 2310 3346 2366 in
3375 2308 3545 2381 signi;

1941 2409 1995 2456 et
2025 2399 2290 2472 prodigiis
2317 2397 2738 2470 faciendis(43).
2769 2399 3057 2466 Quomodo
3089 2401 3258 2471 igitur
3286 2399 3548 2456 ministe-

1945 2488 2089 2543 rium
2119 2489 2359 2544 salutare
2388 2487 2700 2557 sortiretur,
2731 2489 2837 2544 nisi
2877 2497 3018 2545 esset
3046 2489 3223 2544 bonus
3250 2489 3278 2545 ?
3309 2490 3371 2544 In
3401 2495 3547 2544 sorte

1945 2577 2094 2632 enim
2122 2577 2221 2631 Dei
2238 2576 2514 2647 judicium
2537 2577 2647 2631 fuit
2666 2575 2894 2648 dignum
2912 2577 3070 2632 illum
3092 2577 3260 2633 fuisse
3282 2585 3545 2649 tempore,

1947 2682 2058 2739 quo
2086 2665 2292 2721 electus
2312 2673 2416 2732 est,
2431 2664 2574 2719 sicut
2597 2664 2684 2719 illi
2703 2665 3049 2736 septuaginta
3072 2664 3182 2721 duo
3211 2667 3362 2735 (Luc.
3382 2681 3442 2730 χ,
3466 2665 3546 2735 1),

1948 2773 2086 2828 quos
2114 2771 2278 2827 supra
2308 2753 2632 2810 memoravi.
2667 2754 2810 2810 Hinc
2856 2761 2938 2809 est
2967 2753 3113 2808 unde
3148 2761 3202 2808 et
3231 2753 3400 2809 Iudas
3427 2762 3550 2825 post

1950 2843 2082 2900 mali
2115 2845 2284 2900 totius
2311 2843 2612 2900 admissum
2663 2843 2840 2899 scelus
2869 2843 3194 2915 poenitentia
3225 2850 3428 2912 motus,
3460 2843 3551 2898 la-

1949 2951 2090 3008 queo
2117 2944 2289 2990 vrtam
2320 2933 2525 2990 ﬁnivit.
2557 2934 2677 2991 Non
2708 2940 2886 3006 potest
2913 2933 3061 2988 enim
3091 2933 3150 2988 in
3179 2933 3366 3006 aliquo
3384 2948 3547 2989 omne

1949 3022 2155 3078 bonum
2187 3026 2406 3094 penitus
2437 3022 2780 3089 oblitterari;
2827 3021 3028 3094 quippe
3056 3037 3181 3078 cum
3212 3030 3408 3078 natura
3434 3038 3546 3078 non

1952 3111 2122 3182 possit
2167 3111 2470 3179 immutari,
2525 3111 2620 3167 sed
2677 3111 2975 3166 voluntas:
3022 3126 3134 3166 non
3180 3111 3238 3165 in
3289 3110 3548 3175 omnibus

1873 3172 1917 3232 δ
1951 3207 2133 3254 tamen
2177 3201 2391 3265 causis;
2444 3200 2574 3270 quia
2624 3206 2870 3254 remanet
2911 3199 2970 3253 in
3015 3207 3230 3267 natura,
3260 3200 3408 3271 quod
3443 3207 3547 3255 tes-

1952 3285 2190 3340 timonio
2218 3287 2290 3341 sit
2321 3285 2587 3342 Creatori.

2028 3375 2208 3446 (Vers.
2246 3373 2359 3448 14.)
2408 3399 2425 3421 ι
2455 3373 2600 3442 Quid
2644 3391 2772 3447 ergo
2817 3374 3111 3432 dicemus?
3136 3375 3419 3449 Numquid
3447 3375 3550 3433 ini-

1955 3463 2134 3536 quitas
2163 3463 2308 3536 apud
2350 3464 2574 3520 Deum?
2619 3463 2842 3521 Absit.»
2894 3465 3036 3532 Quia
3076 3464 3225 3521 enim
3254 3481 3428 3521 unum
3470 3464 3552 3521 di-

1960 3553 2102 3626 ligit,
2153 3561 2206 3610 et
2250 3555 2484 3611 alterum
2532 3553 2671 3624 odit,
2709 3554 3026 3612 subiufert:
3066 3560 3162 3619 82
3226 3581 3243 3602 ι
3270 3555 3552 3629 Numquid

1955 3651 2222 3724 iniquitas
2251 3651 2396 3724 apud
2437 3654 2610 3708 Deum
2641 3650 2669 3708 ?
2709 3677 2727 3699 ι
2781 3653 2902 3710 Νοιι
2932 3653 3111 3726 plane,
3143 3652 3240 3710 sed
3261 3651 3444 3724 justus
3471 3658 3554 3707 est

1955 3743 2138 3807 Deus;
2190 3741 2292 3797 scit
2319 3741 2468 3796 enim
2513 3740 2647 3813 quid
2675 3740 2860 3811 faciat,
2893 3758 2994 3800 nec
3035 3742 3442 3800 retractandum
3472 3749 3555 3798 est

1955 3829 2074 3902 ejus
2095 3829 2392 3902 judicium.
2438 3831 2551 3887 Hoc
2579 3831 2638 3886 in
2681 3831 2952 3888 Malachia
2979 3831 3246 3904 propheta
3273 3831 3506 3886 habetur
3537 3847 3549 3886 :

1970 3943 1989 3966 ι
2017 3919 2182 3975 Jacob
2215 3918 2410 3985 dilexi,
2443 3919 2589 3975 Esau
2609 3935 2740 3974 vero
2761 3918 2889 3974 odio
2911 3919 3312 3992 babui(Malac.
3347 3935 3385 3985 ι,
3423 3917 3539 3988 3).-

1956 4008 2072 4065 Hoc
2084 4007 2199 4080 jam
2229 4007 2296 4064 de
2320 4006 2534 4078 judicio
2566 4006 2742 4072 dicit;
2774 4021 2900 4061 nam
2932 4007 3085 4078 prius
3113 4006 3180 4062 de
3211 4004 3556 4078 praescientia

1956 4097 2054 4167 ait,
2091 4124 2109 4144 ι
2125 4097 2254 4170 quia
2271 4094 2448 4166 major
2467 4095 2887 4150 servnetminori
2906 4095 3061 4168 (Gen.
3081 4111 3218 4164 xxv,
3241 4094 3380 4168 23),-
3413 4093 3558 4152 sicut

1958 4193 2012 4242 et
2052 4185 2119 4240 de
2167 4184 2511 4257 praescientia
2556 4182 2896 4240 Pharaonem
2944 4183 3248 4254 damnavit,
3290 4183 3470 4241 sciens
3498 4199 3555 4240 se

1960 4289 2072 4330 non
2117 4281 2529 4330 correcturum:
2575 4275 2882 4346 apostolum
2927 4291 3058 4331 vero
3105 4274 3335 4331 Paulum
3379 4289 3556 4347 perse-

1959 4372 2217 4437 quentem
2246 4364 2410 4437 elegit
2456 4365 2600 4438 (Act.
2653 4381 2731 4433 rx,
2785 4364 2863 4437 3),
2897 4366 3156 4438 praescius
3185 4365 3379 4438 utique
3406 4364 3554 4437 quod

1959 4455 2180 4512 futurus
2215 4466 2356 4512 esset
2384 4455 2582 4512 bonus.
2616 4457 2776 4513 Hunc
2803 4473 2931 4529 ergo
2960 4457 3229 4530 pravenit
3252 4465 3379 4514 ante
3409 4462 3558 4510 tem-

1883 4533 1931 4591 D
1957 4560 2082 4618 pus,
2107 4545 2236 4618 quia
2264 4547 2605 4603 necessarius
2632 4557 2747 4603 erat
2771 4565 2784 4614 ;
2818 4553 2872 4601 et
2889 4546 3230 4603 Pharaonem
3265 4552 3389 4602 ante
3410 4543 3555 4600 futu-

1964 4652 2085 4691 rum
2109 4635 2383 4708 judicium
2422 4637 2728 4704 damnavit,
2763 4643 2825 4691 ut
2854 4635 3166 4692 crederetur
3185 4634 3554 4706 judicaturus.

2033 4726 2216 4798 (Vers.
2264 4727 2379 4797 15.)
2426 4751 2444 4772 ι
2483 4726 2662 4797 Moysi
2705 4724 2855 4779 enirn
2907 4723 3084 4781 dicit:
3135 4721 3434 4778 Miserebor
3466 4719 3558 4774 cui

1961 4816 2216 4872 misertus
2271 4831 2366 4870 ero
2417 4833 2429 4871 :
2490 4823 2545 4869 et
2617 4811 3052 4868 misericordiam
3110 4809 3400 4882 praestabo,
3465 4809 3558 4864 cui

1963 4903 2396 4960 misericordiam
2426 4901 2728 4974 praestitero
2760 4899 2962 4972 (Exod.
2986 4915 3191 4966 χχχιιι,
3225 4897 3336 4969 19).
3361 4921 3379 4942 ι
3412 4896 3558 4968 Ergo

1962 4994 2359 5062 misericordia,
2418 5017 2436 5040 ε
2474 4990 2794 5058 miserebor,
2840 4987 3041 5062 inquit,
3091 4988 3209 5061 ejus
3249 4988 3340 5046 cui
3370 4987 3557 5044 miser-

1964 5093 2053 5140 tus
2097 5099 2212 5152 ero,
2260 5108 2278 5132 ι
2341 5083 2446 5138 hoc
2494 5088 2596 5150 est,
2644 5079 2763 5152 ejus
2796 5077 3115 5148 miserebor,
3163 5079 3256 5135 cui
3299 5077 3559 5152 praescius

1962 5192 2108 5232 eram
2132 5173 2280 5246 quod
2303 5170 2737 5228 misericordiam
2767 5169 2994 5226 daturus
3013 5183 3209 5238 essem,
3234 5170 3412 5226 sciens
3431 5184 3556 5238 con-

1965 5245 2253 5322 versurum
2296 5263 2480 5330 illum,
2526 5269 2580 5319 et
2624 5245 3043 5335 permansurum
3088 5258 3234 5333 apud
3263 5275 3384 5316 me:
3443 5285 3461 5308 ι
3491 5255 3560 5317 Et
3652 5311 3658 5316 .

2043 5520 2160 5594 (43)
2192 5519 2273 5596 Ita
2313 5517 2445 5596 edit.
2486 5517 2710 5596 Amerb.
2747 5523 2801 5572 et
2846 5516 3002 5572 Eras.
3045 5531 3109 5572 ac
3140 5530 3270 5570 mss.
3300 5512 3563 5596 complu-

1969 5590 2062 5672 res
2081 5591 2270 5672 :_at_in
2311 5590 2550 5672 reliquis
2575 5590 2808 5672 edit._.et
2837 5605 2969 5646 mss.
3001 5603 3113 5644 non
3151 5590 3474 5660 reperimus,
3504 5590 3564 5640 in

1973 5663 2136 5739 signis
2165 5668 2214 5719 et
2229 5660 2491 5736 prodigiis
2518 5660 2796 5733 faciendis.
