3932 6210
378 247 482 305 143

1395 251 1491 304 ΑΙ)
1531 249 1766 306 ΟΡΕΒΑ
1803 247 1860 308 S.
1900 247 2236 306 AMBROSII
2277 248 2655 306 APPENDIX.

3593 249 3696 308 144

379 378 815 436 misericordiam
837 379 1104 452 praestabo
1133 379 1241 449 illi,
1267 380 1356 437 cui
1377 379 1809 436 misericordiam
1839 395 1972 450 prae-
2002 383 2051 441 A
2081 378 2220 446 Quia
2268 379 2327 434 in
2376 378 2481 434 hoc
2526 378 2708 450 ipsum
2755 387 2809 435 te
2853 379 3091 448 servavi,
3122 386 3184 434 ut
3225 378 3524 435 ostendam
3557 381 3615 436 in
3648 388 3697 435 te

384 468 599 536 stitero,
624 493 641 515 ι
675 469 730 526 id
759 476 839 525 est
859 469 908 524 ei
930 469 1361 526 misericordiam
1384 469 1526 526 dabo
1544 485 1702 542 quem
1727 467 1975 540 praescivi

381 569 507 632 post
536 577 774 616 errorem
800 569 947 618 recto
972 561 1132 618 corde
1162 578 1506 617 reversurum
1536 560 1600 616 rd
1627 576 1731 616 me.
1762 561 1875 615 Hoc
1900 567 1981 614 est

383 649 511 706 dare
587 651 690 719 illi,
749 651 839 706 cui
891 650 1131 708 dandum
1193 659 1274 707 est
1323 670 1334 707 :
1411 657 1464 706 et
1518 665 1628 706 non
1695 649 1823 704 dare
1872 647 1978 715 illi,

382 741 475 796 cui
524 739 765 795 dandum
816 756 927 794 non
979 747 1090 806 est;
1142 748 1203 794 ut
1248 755 1373 794 eum
1423 746 1602 806 vocet,
1652 755 1814 811 quem
1845 739 1981 794 sciat

383 827 683 895 obaudire;
726 828 882 883 illum
915 836 1096 882 autem
1135 844 1247 883 non
1279 835 1456 895 vocet,
1501 843 1662 900 quem
1708 826 1846 883 sciat
1875 827 1978 881 mi-

381 919 532 976 nime
557 919 838 974 obaudire.
874 918 1081 974 Vocare
1109 926 1289 974 autem
1312 929 1393 974 est
1422 933 1534 974 non
1565 934 1806 992 pugnare
1838 917 1978 990 (44),

380 1009 476 1066 sed
507 1024 871 1081 compungere
890 1008 955 1064 ad
988 1007 1358 1081 recipiendam
1388 1008 1573 1066 ﬁdem.

453 1106 636 1175 (Vers.
684 1106 798 1177 16.)
866 1132 882 1153 ι
914 1106 1088 1179 Igitur
1135 1122 1247 1162 non
1277 1106 1519 1163 volentis
1557 1120 1734 1178 neque
1761 1120 1982 1162 curren-

378 1199 473 1267 tis,
504 1197 601 1258 sed
657 1197 972 1254 miserentis
1015 1206 1096 1255 est
1140 1199 1259 1254 Dei.
1292 1222 1310 1246 ι
1372 1199 1556 1266 Recte,
1593 1197 1723 1270 quia
1770 1211 1880 1254 non
1923 1196 1983 1252 in

378 1289 668 1346 voluntate
698 1289 957 1359 petentis,
989 1288 1085 1344 sed
1114 1288 1171 1344 in
1202 1287 1384 1348 dantis
1409 1286 1640 1344 arbitrio
1669 1285 1830 1343 debet
1846 1302 1982 1355 esse,

379 1376 527 1450 quod
557 1377 823 1448 poscitur.
851 1379 939 1433 An
956 1378 1102 1436 enim
1133 1377 1376 1433 dandum
1399 1377 1492 1445 sit,
1526 1375 1708 1432 dantis
1731 1375 1892 1432 debet
1897 1374 1982 1447 ju-

380 1467 528 1524 dicio
555 1467 803 1539 pensari;
822 1483 948 1522 nam
973 1467 1097 1522 Saul
1117 1482 1348 1539 peccans
1368 1483 1491 1522 cum
1515 1466 1737 1538 petisset
1765 1464 1982 1522 veniam

379 1572 490 1614 non
507 1557 718 1628 accepit
739 1557 796 1626 (I
809 1558 932 1627 Reg.
955 1572 1051 1624 xv,
1074 1555 1190 1627 24),
1215 1565 1270 1612 at
1285 1563 1475 1613 contra
1494 1554 1672 1612 David
1688 1570 1918 1628 peccans
1933 1563 1987 1610 et

357 1631 590 1718 'ignosci
637 1646 742 1701 sibi
773 1647 1076 1718 postulans,
1126 1645 1345 1702 veniam
1399 1653 1724 1702 consecutus
1773 1654 1857 1702 est
1901 1645 1990 1716 (ΙΙ

381 1738 506 1808 Reg.
542 1753 647 1803 xu,
679 1735 791 1806 13).
818 1736 905 1790 Ex
935 1735 1041 1792 hoc
1069 1735 1259 1810 utique
1288 1736 1473 1793 dantis
1497 1735 1597 1792 Dei
1622 1743 1676 1791 et
1711 1750 1824 1791 non
1853 1734 1983 1790 dan-
2016 1749 2062 1810 Β

382 1826 456 1884 tis
493 1825 769 1898 judicium
819 1825 1154 1898 sequendum
1186 1837 1288 1896 est,
1320 1827 1450 1900 quia
1479 1842 1592 1882 non
1622 1825 1680 1881 in
1706 1824 1855 1897 juste
1880 1822 1984 1896 ju-

384 1915 552 1983 dicat,
585 1917 678 1989 qui
710 1933 898 1972 omnes
927 1917 1107 1974 salvos
1154 1919 1296 1986 vult,
1329 1924 1586 1973 manente
1614 1914 1870 1987 justitia;
1905 1914 1983 1968 in-

384 2015 602 2081 spector
647 2007 792 2064 enim
832 2007 1015 2065 cordis
1053 2008 1158 2065 scit
1196 2015 1492 2080 petentem,
1543 2022 1612 2062 an
1655 2004 1756 2061 hac
1805 2009 1987 2058 mente

382 2106 590 2171 poscat,
640 2107 702 2154 ut
735 2107 1009 2154 mereatur
1053 2097 1320 2170 accipere.
1365 2099 1436 2152 Et
1484 2094 1737 2168 quamvis
1775 2091 1986 2165 pericu-

383 2188 561 2245 losum
611 2190 685 2245 sit
724 2187 999 2260 judicium
1047 2187 1148 2244 Dei
1178 2187 1508 2254 discernere,
1553 2193 1736 2240 tamen
1768 2188 1990 2254 propter

383 2278 716 2347 difﬁdentes,
743 2287 806 2334 ut
847 2295 1002 2335 mens
1031 2294 1219 2335 eorum
1255 2277 1522 2332 medelam
1564 2273 1824 2346 consequi
1868 2288 1986 2344 pos-

383 2369 478 2437 sit,
528 2385 595 2424 ne
646 2376 840 2440 putent
891 2367 1167 2441 judicium
1213 2366 1314 2424 Dei
1353 2365 1644 2438 injustum,
1706 2363 1983 2419 dicentes:

385 2457 566 2513 Unum
611 2469 788 2525 vocat,
839 2467 892 2514 et
941 2459 1173 2514 alterum
1215 2455 1483 2528 negligit;
1535 2455 1613 2510 sic
1660 2452 1989 2508 arbitrantes

385 2543 637 2600 excusari
667 2561 822 2616 posse
851 2543 1217 2611 damnandos,
1249 2543 1412 2598 rebus
1450 2539 1601 2598 istud
1640 2540 1826 2612 potius
1867 2553 1988 2610 pro-

386 2633 603 2702 bemus,
653 2650 815 2707 quam
873 2633 1085 2701 verbis;
1139 2631 1237 2688 ubi
1284 2631 1431 2687 enim
1483 2646 1665 2686 rerum
1716 2637 1988 2700 gestarum

384 2724 638 2796 exempla
685 2731 834 2792 sunt,
881 2741 1044 2780 nemo
1073 2723 1237 2780 audet
1275 2721 1452 2794 queri,
1493 2736 1596 2775 nec
1624 2718 1864 2789 aliquam
1898 2732 1989 2772 ex-

387 2814 728 2872 cusationem
758 2811 1074 2868 obtendere.
1107 2814 1229 2866 Duo
1259 2810 1486 2864 fuerunt
1530 2807 1709 2864 David
1741 2815 1796 2863 et
1822 2806 1948 2863 Saul
1974 2824 1985 2862 :

385 2901 732 2972 requiramus
790 2898 1069 2966 historias,
1128 2896 1308 2969 qualis
1370 2896 1747 2968 unusquisque
1800 2912 1988 2953 eorum

387 2988 694 3060 reperiatur
733 2995 856 3058 post
892 2985 1166 3058 judicium
1216 2986 1355 3051 Dei;
1400 2993 1462 3041 ut
1503 2985 1549 3041 si
1598 2985 1726 3042 Saul
1769 2986 1906 3044 bene
1935 3002 1992 3044 se

389 3077 583 3148 egisse,
637 3084 925 3147 postquam
974 3074 1411 3131 misericordiam
1458 3091 1570 3131 non
1619 3075 1837 3147 accipit,
1872 3093 1989 3148 pro-

387 3165 569 3233 betur,
602 3164 890 3237 injustum,
925 3164 1073 3238 quod
1115 3164 1278 3232 absit,
1311 3164 1407 3221 Dei
1434 3163 1711 3235 judicium
1750 3164 1991 3222 arbitre-

391 3272 554 3324 mur;
610 3266 704 3312 aut
761 3256 806 3312 si
855 3255 1055 3323 David,
1093 3266 1314 3328 accepta
1357 3254 1755 3324 misericordia,
1814 3257 1988 3313 Deum

383 3347 776 3419 contempsisse
807 3346 1149 3414 inveniatur,
1184 3362 1253 3401 an
1285 3346 1343 3401 in
1374 3361 1437 3401 eo
1479 3347 1760 3414 manserit,
1791 3345 1848 3401 in
1881 3362 1990 3419 quo

385 3435 821 3492 misericordiam
854 3442 1183 3490 consecutus
1229 3442 1332 3498 est,
1374 3442 1448 3502 et,
1479 3442 1540 3490 ut
1583 3441 1708 3490 utar
1735 3451 1988 3507 compen.

386 3523 501 3592 dio,
558 3531 790 3594 uterque
835 3523 1216 3579 necessitatem
1283 3538 1476 3594 passus
1535 3531 1617 3579 est
1686 3524 1857 3596 regni.
1919 3525 1992 3580 Et

389 3622 596 3687 quanta
649 3612 758 3675 fuit
805 3612 1101 3668 necessitas
1139 3610 1340 3677 David,
1389 3618 1450 3667 ut
1494 3610 1644 3668 ﬁlius
1671 3612 1788 3684 ejus
1823 3613 2002 3670 vellet.

389 3720 515 3761 eum
565 3719 732 3775 regno
765 3704 1010 3775 privare!
1054 3704 1117 3760 In
1156 3718 1264 3777 qua
1292 3701 1614 3760 necessitate
1643 3702 1798 3773 ﬂens,
1841 3704 1992 3760 nudo

390 3792 550 3866 pede,
582 3793 687 3848 iter
713 3791 968 3861 faciebat,
1003 3800 1065 3848 ut
1093 3793 1304 3865 fugeret
1332 3809 1430 3849 rex
1459 3800 1513 3849 et
1541 3793 1657 3851 dux
1686 3794 1872 3866 populi
1892 3794 1991 3850 Dei

393 3883 484 3955 (II
509 3884 632 3954 Reg.
667 3899 762 3952 xv,
799 3882 912 3955 16),
945 3883 1003 3940 in
1035 3891 1250 3941 tantum
1280 3883 1628 3950 humiliatus,
1657 3890 1802 3939 utet
1829 3882 1888 3938 in
1918 3883 1991 3940 fa-

389 3973 529 4030 ciem
585 3973 692 4030 sibi
736 3989 894 4031 servo
941 3991 1041 4031 suo
1090 3973 1446 4032 maledicenti
1488 3990 1600 4030 non
1642 3972 1994 4044 responderet

388 4071 452 4120 ut
481 4079 578 4135 per
608 4065 929 4136 patientiam
964 4067 1139 4122 Deum
1169 4065 1279 4122 sibi
1311 4063 1616 4138 propitium
1645 4062 1868 4129 faceret,
1899 4078 1994 4136 per

389 4169 550 4226 quem
624 4169 853 4223 regnum
929 4153 1036 4208 sibi
1108 4153 1348 4209 credidit
1402 4151 1670 4209 reservari
1729 4153 1818 4224 (II
1866 4153 1988 4224 Reg.

386 4260 510 4308 xvr,
540 4243 652 4312 10).
677 4242 803 4298 Saul
827 4250 1009 4298 autem
1032 4256 1134 4298 nec
1161 4242 1220 4297 in
1246 4241 1346 4298 tali
1364 4243 1692 4319 necessitate
1712 4241 1991 4312 inventus,

389 4333 521 4405 quia
566 4330 745 4400 majus
791 4331 998 4385 malum
1055 4337 1138 4386 est
1185 4329 1509 4386 intestinum
1552 4331 1786 4400 bellum,
1829 4347 1990 4406 quam

389 4426 685 4474 externum
711 4435 724 4484 ;
752 4417 978 4488 insuper
1007 4417 1189 4473 ferens
1219 4418 1351 4491 quia
1377 4419 1543 4474 semel
1575 4427 1629 4476 et
1651 4420 1850 4477 iterum
1880 4438 1991 4478 non

392 4507 466 4563 sit
503 4506 747 4570 auditus,
779 4522 903 4561 cum
957 4515 1096 4563 esset
1126 4507 1409 4580 indignus,
1455 4525 1556 4568 nec
1585 4511 1642 4566 in
1690 4526 1846 4582 prece
1874 4528 1989 4584 per-

2088 468 2350 525 virtutem
2396 485 2592 535 meam,
2625 475 2678 524 et
2715 476 2778 524 ut
2822 469 3112 524 nuntietur
3153 481 3355 524 nomen
3399 484 3593 524 meum
3641 469 3698 524 in

2091 559 2347 614 universa
2393 568 2535 614 terra
2580 559 2782 629 (Exod.
2834 575 2912 626 1x,
2957 558 3068 630 16).
3117 584 3136 606 ι
3190 558 3306 614 Alii
3349 558 3582 614 codices
3621 559 3696 614 sic

2089 646 2293 704 habent
2325 667 2334 704 :
2382 672 2400 695 ε
2431 648 2516 704 Ad
2565 648 2670 706 hoc
2716 657 2769 704 te
2817 649 3103 716 suscitavi,
3133 657 3193 705 ut
3230 649 3524 706 ostendam
3559 651 3697 706 inte

2089 738 2352 792 virtutem
2403 754 2598 794 meam.
2633 764 2650 786 ι
2694 739 2821 794 Sive
2866 764 2882 786 ι
2914 738 3150 807 servavi,
3178 739 3294 795 sive
3337 740 3635 808 suscitavi,
3666 766 3684 789 ο

2091 842 2235 882 unus
2262 835 2342 882 est
2369 843 2588 895 sensus;
2624 827 2727 883 hoc
2757 827 2905 882 enim
2940 827 3099 896 dicit,
3134 827 3264 900 quia
3294 845 3422 884 cum
3454 829 3694 898 Pharao,

2091 915 2238 989 quod
2285 933 2487 972 nomen
2536 933 2720 988 regum
2773 924 2887 972 erat
2933 916 3078 988 apud
3113 917 3430 989 Egyptios,
3463 919 3616 976 sicut
3646 927 3696 974 et

2091 1006 2236 1079 apud
2290 1008 2563 1063 Romanos
2619 1021 2770 1078 reges
2825 1005 3060 1077 Augusti
3117 1007 3468 1077 appellantur
3533 1026 3544 1063 :
3610 1007 3696 1064 hic

2092 1111 2218 1167 ergo
2265 1094 2474 1150 Pharao
2523 1094 2638 1166 (45)
2689 1111 2815 1150 cum
2863 1095 3033 1150 tantis
3079 1094 3235 1150 malis
3279 1103 3423 1152 esset
3452 1113 3609 1165 reus,
3639 1104 3695 1152 ut

2093 1184 2209 1240 vita
2256 1183 2516 1257 indignus
2558 1193 2718 1253 esset,
2750 1185 2829 1239 ita
2872 1185 2929 1240 in
2974 1185 3134 1240 malis
3181 1183 3296 1240 suis
3338 1185 3687 1258 perduravit,

2092 1292 2194 1332 nec
2248 1291 2304 1331 se
2362 1273 2650 1330 emendare
2721 1275 2931 1343 voluit;
3001 1273 3278 1332 aestimans
3332 1283 3428 1331 aut
3499 1277 3694 1333 merito

2093 1365 2303 1432 vivere,
2333 1371 2429 1420 aut
2465 1365 2659 1432 Deum,
2706 1380 2867 1436 quem
2894 1380 3035 1436 saepe
3073 1363 3376 1420 fallendum
3412 1365 3690 1434 censebat,

2093 1455 2161 1511 ad
2205 1452 2510 1511 vindictam
2548 1451 2783 1510 dandam
2831 1454 3211 1526 impotentem,
3258 1455 3414 1511 audit
3461 1472 3495 1511 a
3535 1457 3689 1513 Deo:

2107 1567 2124 1590 ε
2169 1543 2255 1599 Ad
2302 1541 2408 1599 hoc
2450 1550 2503 1598 te
2548 1542 2785 1611 servavi,
2817 1550 2879 1598 ut
2928 1542 3213 1600 ostendam
3247 1545 3390 1600 inte
3429 1545 3694 1600 virtutem

2096 1649 2292 1702 meam,
2325 1641 2379 1689 et
2425 1639 2488 1687 ut
2529 1631 2816 1688 nuntietur
2856 1649 3058 1689 nomen
3106 1649 3289 1689 meum
3336 1633 3396 1689 in
3437 1635 3694 1691 universa

2095 1729 2257 1791 terra,
2290 1747 2308 1772 ι
2350 1729 2413 1778 ut
2458 1721 2517 1776 in
2559 1720 2664 1778 hoc
2714 1731 2922 1779 caetera)
2957 1731 3145 1794 gentes
3194 1722 3548 1780 addiscerent
3589 1741 3693 1782 non

2095 1828 2210 1869 esse
2239 1811 2409 1868 alium
2437 1813 2611 1868 Deum
2642 1820 2838 1884 praeter
2867 1811 3038 1881 hunc,
3071 1813 3165 1887 qui
3211 1812 3531 1871 Iudaeorum
3562 1823 3693 1882 erat,

2095 1911 2149 1958 et
2199 1901 2374 1959 factus
2419 1909 2501 1957 est
2533 1901 3007 1971 Christianorum;
3049 1902 3302 1975 quamvis
3330 1909 3384 1958 et
3411 1902 3498 1958 illi
3527 1902 3696 1960 Chri—

2096 1991 2262 2048 stiani
2310 1991 2539 2059 fuerint,
2581 1997 2636 2046 et
2683 2007 2784 2047 nos
2829 2007 2978 2048 nunc
3025 1995 3200 2048 simus
3244 1991 3422 2048 Judaei
3473 1998 3697 2065 propter

2095 2081 2314 2151 ludam,
2341 2099 2411 2138 ex
2433 2098 2543 2155 quo
2573 2086 2667 2144 83
2699 2079 2951 2139 Christus
2987 2090 3066 2139 est
3096 2080 3396 2139 secundum
3423 2097 3651 2139 carnem
3679 2103 3692 2150 ;

2096 2179 2226 2252 quia
2281 2178 2455 2235 Judaei
2508 2187 2719 2235 veteres
2773 2180 3042 2253 sperando
3092 2180 3344 2237 futurum
3398 2179 3684 2238 Christum

2098 2269 2524 2340 redemptorem,
2557 2267 2858 2325 Christiani
2906 2277 3098 2338 erant;
3131 2286 3258 2326 nam
3291 2269 3478 2327 Rabab
3511 2287 3695 2328 mere-

2098 2360 2212 2416 trix
2261 2359 2396 2416 dicit
2439 2359 2882 2431 exploratoribus
2928 2360 3110 2417 missis
3150 2378 3183 2417 a
3223 2361 3348 2418 Jesu
3393 2361 3568 2430 Nave,
3605 2359 3693 2434 qui

2099 2450 2254 2522 prius
2285 2449 2474 2504 Auxes
2503 2448 2790 2506 dicebatur
2823 2469 2834 2507 :
2880 2473 2898 2498 ι
2928 2450 3148 2506 Auditae
3177 2458 3306 2506 sunt
3335 2449 3426 2506 hic
3458 2451 3697 2506 virtutes

2099 2551 2154 2599 et
2195 2542 2388 2614 plagae,
2420 2557 2541 2614 quas
2571 2542 2728 2599 facta:
2757 2551 2886 2599 sunt
2913 2543 2973 2600 in
3020 2544 3262 2617 Egypto
3289 2560 3322 2599 a
3348 2545 3461 2599 Deo
3491 2551 3695 2610 vestro,

2101 2638 2156 2687 et
2184 2630 2472 2688 conterriti
2501 2639 2634 2687 sunt
2657 2632 2855 2700 nimis;
2889 2632 3090 2688 timent
3114 2633 3260 2688 enim
3291 2649 3322 2688 a
3346 2632 3486 2688 facie
3516 2639 3700 2688 vestra

2103 2723 2284 2794 (Iosue
2329 2737 2392 2790 ιι,
2435 2721 2517 2792 9).
2549 2745 2567 2768 ι
2610 2720 2696 2777 Ad
2740 2721 2845 2778 hoc
2888 2737 3016 2792 ergo
3059 2729 3307 2776 servatus
3345 2727 3428 2776 est
3465 2720 3698 2788 Pharao,

2099 2819 2162 2868 ut
2210 2811 2386 2867 multa
2439 2811 2593 2884 signa
2649 2819 2702 2866 et
2743 2811 2914 2884 plagae
2971 2811 3391 2867 ostenderentur
3437 2809 3497 2864 in
3536 2810 3697 2865 illum

2100 2900 2255 2973 quasi
2285 2899 2401 2972 jam
2449 2907 2756 2956 mortuum.
2815 2900 3120 2957 Suscitatus
3154 2899 3269 2973 (46)
3302 2907 3482 2956 autem
3513 2899 3698 2956 dictus

2100 2997 2182 3047 est
2213 3008 2225 3046 :
2262 2990 2392 3064 quia
2418 3007 2543 3048 cum
2573 2990 2718 3062 apud
2752 2992 2923 3047 Deum
2955 2998 3205 3046 mortuus
3226 2997 3386 3059 esset,
3417 2989 3697 3046 modicum

2101 3088 2319 3151 tempus
2359 3080 2592 3152 accepit,
2633 3086 2694 3135 ut
2739 3079 2927 3136 vivere
2966 3079 3282 3148 videretur;
3333 3086 3393 3135 ut
3441 3086 3584 3136 esset
3638 3079 3695 3134 in

2101 3167 2260 3239 cujus
2290 3184 2450 3240 poena
2492 3177 2546 3224 et
2589 3170 2744 3225 vario
2771 3177 3169 3226 tormentorum
3202 3186 3396 3243 genere
3423 3187 3601 3243 usque
3628 3169 3693 3226 ad

2102 3266 2358 3326 mortem,
2403 3275 2593 3316 omnes
2637 3259 2732 3331 qui
2769 3259 2886 3315 sine
2932 3261 3046 3317 Deo
3092 3261 3267 3328 erant,
3299 3267 3450 3316 metu
3493 3260 3692 3328 territi,

2102 3347 2251 3404 hunc
2291 3350 2471 3405 solum
2517 3351 2690 3407 Deum
2740 3366 2855 3407 esse
2901 3366 3027 3407 cum
3057 3349 3419 3407 admiratione
3454 3351 3696 3406 maxima

2104 3437 2426 3506 faterentur,
2479 3455 2511 3494 a
2557 3455 2666 3512 quo
2712 3438 2795 3495 ha:
2840 3439 3100 3497 vindictae
3156 3439 3317 3496 ﬁunt.
3370 3439 3487 3496 Hoc
3530 3439 3693 3495 etiam

2104 3542 2300 3598 genere
2328 3527 2544 3600 antiqui
2589 3527 2788 3585 medici
2823 3528 2878 3584 in
2921 3528 3244 3585 hominibus
3288 3536 3464 3584 morte
3491 3526 3692 3601 dignis,

2104 3616 2190 3670 vel
2229 3616 2424 3672 mortis
2454 3617 2780 3673 sententiam
2811 3618 3142 3685 consecutis,
3173 3616 3527 3690 requirebant
3552 3633 3697 3691 quo-

2104 3704 2268 3760 modo
2315 3704 2636 3777 prodessent
2689 3706 2854 3775 vivis,
2885 3724 3005 3780 quae
3062 3706 3120 3762 in
3159 3706 3385 3762 homine
3434 3706 3696 3772 latebant,

2105 3794 2348 3866 apertis;
2395 3803 2456 3852 ut
2493 3795 2582 3852 his
2610 3805 2997 3869 cognoscerent
3027 3812 3216 3854 causas
3243 3796 3616 3869 aegritudinis,
3646 3805 3698 3853 et.

2105 3898 2264 3955 pcena
2293 3883 2582 3941 morientis
2619 3885 2905 3957 proﬁceret
2934 3884 3001 3941 ad
3030 3885 3260 3942 salutem
3292 3885 3554 3942 viventis.

2177 3974 2358 4047 (Vers.
2393 3974 2506 4047 18.)
2552 4000 2570 4022 ι
2611 3975 2783 4047 Igitur
2823 3975 2913 4032 cui
2945 3975 3066 4031 vult
3103 3975 3416 4044 miseretur,
3449 3983 3504 4031 et
3533 3992 3696 4049 quem

2104 4063 2227 4120 vult
2255 4062 2496 4120 indurat.
2529 4063 2681 4120 Dicis
2710 4064 2893 4136 itaque
2921 4063 3079 4120 mihi.
3110 4088 3128 4112 ι
3171 4064 3258 4119 Ex
3292 4081 3524 4136 persona
3553 4083 3700 4122 con—

2104 4151 2422 4209 tradicentis
2451 4152 2716 4226 loquitur,
2744 4153 2839 4226 qui
2868 4152 3023 4225 quasi
3046 4160 3199 4225 putet
3227 4154 3426 4222 Deum,
3454 4155 3703 4227 neglecta

2099 4240 2336 4314 justitia,
2407 4241 2575 4297 alicui
2644 4241 2980 4314 gratiosum;
3053 4248 3114 4296 ut
3170 4257 3341 4296 unum
3397 4257 3427 4297 e
3479 4241 3701 4299 duobus

2102 4331 2326 4404 paribus
2375 4330 2626 4403 accipiat,
2676 4332 2910 4387 alterum
2956 4340 3194 4403 respuat,
3226 4329 3330 4386 hoc
3377 4338 3480 4396 est,
3522 4347 3700 4388 unum

2104 4427 2455 4493 compungat,
2487 4428 2548 4476 ut
2590 4419 2775 4476 credat
2809 4439 2820 4476 :
2855 4422 3088 4477 alterum
3120 4419 3363 4487 induret,
3393 4435 3462 4475 ne
3490 4420 3699 4477 credat.

2099 4508 2200 4567 Cui
2231 4509 2452 4582 quidem
2480 4525 2550 4564 ex
2577 4511 2901 4567 auctoritate
2931 4510 3238 4583 respondit,
3267 4519 3486 4568 servata
3515 4519 3701 4568 tamen

396 4595 566 4663 stitit,
599 4603 660 4652 ut
683 4605 940 4652 mentum
961 4595 1067 4652 sibi
1099 4596 1317 4666 faceret,
1349 4615 1445 4670 per
1463 4599 1611 4673 quod
1637 4608 1778 4657 esset
1797 4601 1994 4674 dignus
2097 4600 2337 4673 justitia,
2398 4616 2467 4656 ex
2513 4617 2680 4673 supra
2727 4609 3027 4658 memorata
3056 4602 3397 4676 praescientia
3443 4601 3635 4659 dicens
3687 4619 3698 4658 :

390 4684 486 4743 sed
546 4685 856 4758 impatiens,
913 4693 966 4742 et
1013 4685 1080 4742 de
1123 4687 1223 4744 Dei
1269 4687 1486 4760 judicio
1539 4689 1875 4764 indignatus,
1925 4693 1994 4749 ab

395 4775 563 4832 idolis
591 4793 710 4848 quae
727 4778 878 4849 prius
899 4779 1052 4835 velut
1083 4779 1292 4836 nullius
1319 4783 1585 4839 momenti
1613 4783 1992 4853 damnaverat,

393 4866 666 4921 auxilium
719 4867 1026 4940 requisivit.
1094 4870 1236 4926 Ecce
1281 4869 1496 4942 justum
1553 4889 1668 4929 esse
1718 4872 1992 4944 judicium

391 4956 754 5028 praescientize
788 4959 888 5014 Dei
931 4961 1096 5017 etiam
1142 4961 1462 5019 nolentibus
1504 4963 1858 5020 manifestum
1888 4971 1990 5018 est.

467 5046 649 5118 (Vers.
711 5049 824 5121 17.)
893 5075 910 5098 ι
954 5053 1100 5110 Dicit
1153 5055 1301 5112 enim
1357 5056 1641 5128 Scriptura
1670 5056 1991 5113 Pharaoni:

468 5270 585 5343 (44)
631 5272 833 5330 Omnes
865 5275 996 5334 edit.
1048 5295 1110 5334 ac
1149 5295 1279 5333 mss.
1322 5278 1552 5348 aliquot.
1600 5295 1783 5334 vocare
1823 5286 1997 5335 autem

393 5348 884 5471 gstronlmungere;
927 5349 1023 5404 alii
1067 5367 1198 5406 mss.
1245 5347 1678 5420 multi’bonique
1708 5350 1995 5407 nobiscum

419 5430 581 5470 aciun
616 5461 626 5471 .

742 5505 872 5544 mss.
897 5505 1072 5567 prope
1115 5489 1182 5544 ad
1212 5504 1424 5567 unum:
1468 5488 1600 5546 edit.
1643 5501 1909 5567 vero‘vet.
1937 5500 1996 5567 et

394 5557 618 5628 quidam
678 5575 834 5628 mss,
891 5557 972 5613 ﬁic
1008 5557 1149 5630 ergo
1206 5561 1422 5615 Pharao
1477 5577 1592 5616 cum
1650 5564 1812 5619 tantis
1842 5566 1996 5621 malis

395 5637 522 5683 esset
547 5646 691 5693 reus,
736 5635 798 5681 ut
832 5630 1003 5683 vivere
1041 5647 1145 5683 non
1190 5631 1409 5699 deberet,
1459 5649 1730 5703 nunquam
1776 5634 1995 5704 futurus

2177 4692 2357 4764 (Vers.
2405 4693 2519 4765 19.)
2579 4718 2597 4743 ι
2639 4694 2785 4762 Quid
2838 4695 3018 4754 adhuc
3061 4696 3367 4770 quaeritur?
3411 4695 3704 4753 Voluntati

2103 4783 2250 4839 enim
2303 4781 2422 4855 ejus
2485 4784 2610 4857 quis
2665 4783 2911 4842 resistit?
2964 4813 2982 4836 ι
3055 4787 3302 4843 Primum
3354 4785 3513 4855 dicit,
3575 4787 3708 4859 quia

2103 4874 2282 4932 resisti
2329 4875 2379 4930 ei
2409 4891 2523 4930 non
2555 4882 2766 4947 potest;
2799 4885 2882 4932 est
2919 4878 3068 4934 enim
3115 4876 3531 4949 potentissimus
3558 4877 3707 4932 ultra

2106 4979 2314 5021 omnes.
2347 4963 2560 5021 Deinde
2586 4969 2717 5039 quia
2745 4968 2892 5023 Deus
2911 4967 3162 5023 omnium
3202 4975 3284 5023 est
3322 4975 3375 5022 et
3405 4981 3623 5037 parens,
3652 4973 3705 5022 et

2103 5052 2227 5112 ideo
2270 5053 2415 5111 nulli
2467 5056 2610 5114 male
2648 5058 2800 5124 vult;
2853 5072 2973 5129 quae
3015 5054 3148 5114 fecit
3193 5055 3367 5122 enim,
3400 5055 3707 5113 incolumia

2105 5279 2266 5356 genus
2313 5297 2378 5356 ne
2406 5298 2458 5336 se
2478 5288 2596 5356 gaut
2615 5282 2876 5356 merito...
2912 5280 3241 5356 impotentem
3275 5289 3532 5356 putaret;
3560 5281 3708 5342 unde

2103 5353 2261 5424 Rom,
2294 5352 2426 5407 edit.
2444 5352 2680 5410 abscidit
2711 5361 2820 5408 tres
2845 5352 3052 5424 primas
3072 5371 3252 5411 voces.

2178 5423 2294 5494 (46)
2331 5424 2487 5480 Rom.
2519 5425 2652 5480 edit.
2680 5426 2814 5492 sola,
2847 5423 2934 5480 Ἀιι
2963 5427 3057 5480 hoc
3083 5444 3203 5497 ergo
3234 5427 3392 5498 quasi
3409 5427 3532 5498 jam
3566 5446 3706 5484 mor-

2105 5499 2506 5568 tuusservatus
2546 5503 2623 5552 est
2664 5498 2902 5568 Pharae,
2932 5503 3054 5554 ut...
3102 5499 3462 5555 ostenderetur
3481 5501 3542 5556 in
3585 5500 3704 5558 illo.

2105 5565 2418 5634 Suscitatus,
2449 5574 2554 5623 etc.
