3932 6210
133 354 237 411 Mli

129 569 290 642 cujus
316 567 707 626 benevolentia
732 577 886 625 tanta
930 577 1177 641 apparet,
1207 578 1269 626 ut
1295 586 1402 626 non
1446 571 1623 626 solum
1654 571 1745 627 fa-

131 665 280 713 ceret
306 673 442 725 esse,
475 674 598 730 quae
627 673 741 713 non
769 665 948 725 erant,
981 674 1177 714 verum
1208 675 1270 714 ea
1302 659 1420 730 ipsa
1450 658 1565 716 vita
1593 667 1742 714 aeter-

131 761 204 801 na
231 745 463 803 donaret
495 754 551 802 et
579 745 777 817 gloria,
807 753 872 801 ut
891 762 1028 816 opus
1054 744 1174 816 ejus
1201 745 1414 818 aliquid
1444 745 1744 818 majestatis

129 834 252 908 ejus
296 835 481 894 simile
542 835 792 892 haberet.
849 836 956 903 Qui
1013 851 1142 907 ergo
1200 845 1310 892 tam
1378 837 1645 909 providus
1689 846 1744 894 et

134 924 312 982 bonus
343 935 444 992 est,
477 924 685 996 ambigi
716 941 831 980 non
858 923 1046 992 debet,
1069 926 1199 998 quia
1219 923 1404 996 justus
1423 935 1524 984 est.

204 1039 391 1110 (Vers.
429 1038 548 1109 20.)
594 1060 613 1084 ι
645 1037 689 1094 Ο
721 1036 908 1104 homo,
935 1043 995 1091 tu
1026 1037 1150 1109 quis
1177 1052 1252 1105 es,
1279 1037 1373 1110 qui
1414 1038 1741 1110 respondeas

130 1130 276 1185 Deol
301 1155 319 1177 ι
363 1129 559 1202 Magna
586 1135 688 1196 est,
722 1127 924 1200 inquit,
953 1127 1253 1199 indignitas
1276 1136 1330 1184 et
1359 1128 1736 1201 praesumptio,

131 1217 420 1274 hominem
494 1217 821 1290 respondere
868 1219 982 1273 Deo
1042 1217 1099 1272 in
1159 1217 1424 1287 adversis,
1481 1219 1736 1291 iniquum

124 1307 306 1379 justo,
340 1309 547 1365 malum
580 1308 745 1373 bono,
787 1307 1105 1379 imperitum
1139 1308 1404 1380 perfecto,
1447 1307 1734 1363 inﬁrmum

127 1397 470 1464 fortissimo,
539 1396 959 1469 corruptibilem
1034 1397 1377 1471 incorrupto,
1441 1398 1734 1453 mortalem

127 1485 457 1554 immortali,
517 1501 735 1542 servum
812 1501 1050 1557 nequam
1124 1485 1372 1556 domino,
1423 1495 1733 1544 creaturam

125 1575 424 1633 conditori.
471 1599 489 1622 ι
520 1574 804 1647 Numquid
853 1574 994 1632 dicit
1045 1575 1370 1648 ﬁgmentum
1424 1577 1498 1644 ei,
1530 1576 1624 1649 qui
1677 1590 1734 1631 se

127 1663 296 1721 ﬁnxit
322 1683 334 1720 :
361 1663 507 1731 Quid
541 1679 628 1720 me
659 1663 840 1720 fecisti
871 1663 952 1720 sic
996 1665 1132 1735 (Isa.
1164 1681 1298 1730 xnv,
1327 1664 1433 1736 9)?
1462 1691 1480 1713 ι
1525 1665 1639 1720 Hoc
1666 1664 1733 1721 de

127 1753 269 1810 Isaia
299 1753 566 1826 propheta
617 1759 718 1820 est,
747 1751 896 1825 quod
928 1751 1020 1809 hic
1061 1753 1217 1826 quasi
1261 1754 1544 1826 proprium
1576 1753 1733 1825 ponit

1233 355 1596 414 COMMENT.
1639 358 1710 414 IN
1746 357 1965 415 EPIST.
2007 361 2102 416 AD
2139 357 2310 418 ROM.

132 481 254 538 vult
281 496 521 539 manere.
551 481 666 538 Nec
684 481 834 538 enim
879 481 1146 555 competit
1181 482 1255 550 ei,
1285 491 1348 539 ut
1377 483 1620 556 injustas
1647 484 1744 562 sit,
1780 487 1830 545 A

3344 361 3446 419 146

1927 505 2108 566 (Vers.
2139 504 2258 575 24.)
2305 530 2322 554 ε
2352 505 2498 573 Quos
2523 517 2576 564 et
2604 508 2828 566 vocavit
2868 525 2988 576 nos,
3020 524 3131 565 non
3163 508 3343 564 solum
3375 525 3445 565 ex

1851 596 2076 663 Iudaeis,
2116 596 2209 652 sed
2240 598 2404 652 etiam
2437 615 2505 653 ex
2534 599 2806 671 gentibus.
2839 625 2858 648 ι
2907 599 3018 657 Hos
3040 617 3178 675 quos
3198 599 3442 669 vocavit,

1851 689 2179 762 praeparavit
2221 689 2287 746 ad
2333 691 2586 767 gloriam,
2631 693 2748 748 sive
2791 709 2884 748 eos
2931 694 3026 767 qui
3072 711 3237 767 prope
3267 701 3441 762 erant,

1851 780 1966 835 sive
1998 779 2123 835 illos
2152 779 2244 853 qui
2277 766 2460 854 longe,
2492 781 2669 837 sciens
2699 766 3081 853 permansuros
3115 766 3328 840 inﬁde.

1924 869 2108 937 (Vers.
2137 869 2224 937 25,
2257 868 2376 939 26.)
2421 895 2437 917 ε
2459 870 2613 926 Sicut
2643 871 2697 925 in
2725 871 2861 926 Osee
2889 872 3026 928 dicit
3051 893 3061 928 :
3095 873 3315 929 Vocabo
3333 889 3442 931 non

1849 956 2061 1028 plebem
2109 975 2310 1027 meam,
2369 959 2585 1032 plebem
2637 976 2853 1027 meam;
2904 969 2958 1016 et
3006 978 3115 1016 non
3162 962 3442 1034 dilectam,

1848 1047 2126 1106 dilectam.
2160 1050 2232 1105 Et
2259 1050 2364 1105 erit
2396 1050 2450 1106 in
2481 1051 2622 1118 loco,
2654 1050 2749 1105 ubi
2783 1051 3128 1108 vocabuntur
3157 1069 3266 1106 non
3295 1054 3446 1124 plebs

1848 1154 1989 1203 mea,
2022 1139 2098 1194 ibi
2133 1139 2484 1196 vocabuntur
2532 1139 2634 1195 ﬁlii
2683 1141 2780 1196 Dei
2823 1140 2961 1195 vivi.
2997 1167 3012 1188 ι
3072 1144 3333 1212 Apertum
3367 1151 3449 1200 est

1846 1227 1993 1283 istud
2028 1227 2095 1282 de
2134 1228 2388 1299 gentibus
2435 1246 2550 1286 esse
2599 1228 2946 1301 praedictum,
2991 1247 3111 1302 quae
3143 1231 3294 1301 prius
3336 1249 3447 1289 non

1843 1326 1959 1374 erat
2018 1318 2172 1390 plebs
2240 1319 2339 1374 Dei
2395 1337 2406 1374 :
2464 1327 2652 1390 postea
2703 1328 2885 1375 autem
2960 1320 3027 1376 ad
3084 1321 3445 1392 opprobrium

1841 1409 2156 1466 Iudaeorum
2209 1411 2640 1466 misericordiam
2685 1412 3016 1484 accipientes
3061 1421 3268 1470 vocatae
3317 1422 3448 1471 sunt

1841 1500 1995 1573 plebs
2020 1500 2152 1566 Dei;
2185 1508 2240 1556 et
2269 1501 2363 1573 qui
2409 1500 2598 1556 dilecti
2655 1508 2780 1556 ante
2818 1519 2928 1556 non
2959 1511 3135 1570 erant,
3167 1503 3439 1560 abdicatis

1840 1589 2066 1659 Iudaeis,
2099 1590 2343 1663 adoptati
2406 1591 2463 1646 in
2520 1590 2687 1658 ﬁlios,
2733 1601 2786 1648 et
2834 1591 3020 1648 dilecti
3077 1601 3245 1660 sunt;
3278 1601 3341 1649 ut
3387 1594 3446 1650 in

1841 1679 1962 1736 loco
1992 1679 2086 1735 ubi
2109 1696 2220 1735 non
2272 1680 2612 1737 vocabantur
2656 1681 2810 1754 plebs
2837 1681 2957 1745 Dei,
2994 1681 3070 1737 ibi
3113 1692 3445 1739 vocarentur

1839 1769 1941 1824 ﬁlii
1971 1770 2070 1825 Dei
2103 1769 2240 1825 vivi.
2274 1769 2431 1825 Prius
2462 1770 2608 1826 enim
2661 1787 2929 1843 nusquam
2969 1771 3313 1827 vocabantur
3341 1772 3446 1829 ﬁlii

128 1859 243 1916 quo
273 1841 520 1899 ostendit
559 1851 752 1898 contra
794 1852 1072 1899 auctorem
1107 1859 1245 1914 opus
1286 1843 1404 1915 ejus
1431 1842 1588 1916 queri
1617 1858 1730 1898 non

1850 1858 1960 1924 Dei,
1987 1859 2094 1914 nisi
2152 1859 2208 1914 in
2267 1859 2476 1925 Judzea,
2540 1859 2646 1916 hoc
2689 1841 2810 1928 est,
2865 1860 3286 1931 Hierosolymis,
3346 1858 3443 1916 ubi

131 1949 326 2005 posse;
374 1933 432 1988 iu
479 1941 748 2004 potestate
775 1931 926 1988 enim
971 1933 1213 1989 auctoris
1233 1941 1314 1990 est
1344 1933 1563 2007 qualem
1593 1933 1731 1990 velit

129 2023 370 2080 condere
401 2031 728 2080 creaturam.

204 2123 391 2191 (Vers.
419 2122 536 2193 21.)
572 2147 590 2168 ε
613 2124 698 2179 Αη
721 2140 832 2180 non
860 2123 1024 2180 habet
1046 2131 1367 2198 potestatem
1404 2124 1605 2197 ﬁgulus
1626 2123 1729 2180 luti

129 2229 202 2268 ex
231 2213 422 2270 eadem
455 2229 636 2269 massa
655 2214 831 2272 facere
868 2215 1018 2272 aliud
1067 2217 1287 2289 quidem
1334 2233 1431 2273 vas
1462 2217 1519 2272 in
1557 2216 1729 2272 bono-

129 2303 431 2372 rem,aliud
447 2321 578 2360 vero
595 2305 663 2360 ad
683 2306 1104 2362 contumeliam?
1118 2333 1135 2355 ι
1169 2307 1520 2364 Manifestum
1542 2317 1623 2364 est
1638 2323 1729 2363 va-

127 2410 190 2451 sa
204 2394 393 2467 aliqua
413 2394 530 2451 ﬁeri
553 2394 618 2451 ad
643 2394 1057 2469 honorem,quaa
1079 2397 1145 2453 ad
1165 2414 1297 2454 usus
1319 2397 1584 2454 honestos
1617 2397 1730 2453 sint

131 2483 444 2542 necessaria
474 2503 486 2540 :
523 2483 632 2540 alia
679 2501 809 2541 vero
838 2485 906 2541 ad
937 2487 1352 2555 contumeliam,
1380 2504 1500 2560 quae
1527 2487 1730 2543 instru-

130 2583 322 2631 mento
350 2575 461 2631 sint
493 2575 846 2642 culinarum;
877 2575 1046 2632 unius
1093 2584 1278 2632 tamen
1318 2593 1433 2633 esse
1480 2576 1732 2632 substan-

134 2663 249 2733 tiae,
277 2663 372 2720 sed
399 2663 618 2720 diﬁ‘erre
647 2665 934 2722 voluntate
974 2665 1190 2738 opiﬁcis
1220 2667 1277 2721 in
1308 2665 1537 2722 honore.
1571 2668 1651 2722 Ita
1679 2673 1732 2721 et

131 2758 299 2825 Deus,
331 2773 453 2812 cum
484 2772 676 2812 omnes
701 2773 772 2812 ex
799 2773 910 2812 una
937 2767 1100 2830 atque
1130 2757 1318 2814 eadem
1351 2775 1528 2814 massa
1557 2757 1732 2812 simus

133 2847 194 2901 in
229 2845 556 2912 substantia,
585 2853 638 2901 et
683 2847 866 2902 cuncti
912 2855 1240 2918 peccatores,
1271 2846 1366 2902 alii
1415 2846 1728 2913 miseretur,

133 2941 188 2989 et
221 2933 453 2989 alterum
480 2933 715 3006 despicit
742 2951 850 2990 non
881 2934 999 2992 sine
1024 2934 1262 3006 justitia.
1296 2937 1358 2991 In
1387 2934 1556 3007 ﬁgulo
1580 2933 1731 2990 enim

137 3023 259 3078 sola
301 3023 557 3078 voluntas
605 3029 730 3090 est;
786 3021 843 3077 in
891 3025 1004 3081 Deo
1048 3031 1231 3080 autem
1289 3023 1546 3080 voluntas
1605 3038 1732 3080 cum

126 3111 351 3184 justitia
376 3129 388 3177 ;
417 3111 522 3168 scit
551 3111 699 3167 enim
745 3110 904 3182 cujus
933 3111 1128 3166 debeat
1158 3111 1426 3179 misereri,
1456 3110 1602 3167 sicut
1629 3126 1734 3166 su—

133 3216 236 3273 pra
263 3200 585 3256 memoravi.

205 3297 394 3368 (Vers.
453 3295 571 3365 22.)
639 3319 657 3342 ε
686 3294 846 3361 Quod
901 3295 947 3350 si
1002 3296 1196 3350 volens
1250 3296 1396 3350 Deus
1450 3292 1734 3350 ostendere

128 3386 298 3452 iram,
350 3392 405 3440 et
460 3382 816 3438 manifestare
872 3381 1174 3452 potentiam
1229 3397 1406 3448 suam,
1471 3380 1735 3436 sustinuit

124 3475 184 3530 in
219 3473 402 3528 multa
425 3468 697 3542 patientia
726 3469 784 3523 in
816 3469 960 3524 vasis
991 3469 1086 3524 ira
1135 3469 1454 3541 praeparatis
1485 3469 1543 3526 in
1581 3470 1735 3527 inte-

127 3563 327 3618 ritum.
364 3584 382 3605 ι
428 3560 548 3630 Ipse
579 3573 768 3612 sensus
797 3566 899 3625 est,
931 3557 1062 3632 quia
1112 3559 1400 3614 voluntate
1447 3567 1500 3614 et
1535 3559 1734 3630 longa-

125 3651 389 3707 nimitate
443 3647 584 3715 Dei,
643 3663 763 3720 quae
849 3656 930 3703 est
1001 3647 1286 3719 patientia,
1361 3655 1735 3719 przeparantur

126 3739 386 3798 inﬁdeles
415 3737 484 3794 ad
514 3752 767 3810 poenam;
804 3737 901 3793 diu
951 3737 1097 3793 enim
1141 3737 1443 3810 exspectati
1483 3737 1732 3794 converti

123 3831 452 3888 noluerunt.
485 3828 613 3884 Ideo
653 3844 780 3900 ergo
821 3828 1122 3900 exspectati
1155 3836 1304 3896 sunt,
1345 3836 1406 3884 ut
1438 3827 1731 3884 inexcusa-

125 3919 274 3976 biles
304 3916 636 3990 deperirent.
683 3916 859 3974 Scivit
887 3918 1036 3973 enim
1068 3918 1214 3974 Deus
1245 3915 1345 3973 hos
1382 3933 1496 3974 non
1543 3916 1732 3973 credi-

125 4020 288 4066 turos
296 4053 308 4066 .

203 4108 390 4179 (Vers.
437 4106 556 4179 23.)
603 4130 622 4155 ι
660 4107 733 4164 Et
784 4115 848 4163 ut
901 4105 1218 4164 ostenderet
1265 4105 1494 4162 divitias
1544 4105 1730 4178 glorias

125 4217 239 4258 suae
272 4199 331 4255 in
362 4197 507 4254 vasis
538 4195 950 4264 misericordia,
982 4213 1102 4270 qua:
1133 4197 1465 4270 praeparavit
1502 4195 1572 4252 ad
1604 4195 1732 4268 glo-

126 4289 293 4344 riam.
327 4310 347 4336 ι
389 4286 660 4343 Patientia
688 4293 742 4342 et
781 4286 1172 4358 longanimitas
1199 4286 1298 4342 Dei
1330 4285 1447 4357 ipsa
1474 4293 1576 4352 est,
1611 4301 1733 4356 quae

127 4379 275 4434 sicut
329 4377 504 4432 malos
551 4383 820 4448 praeparat
865 4375 932 4430 ad
980 4373 1292 4442 interitum,
1325 4374 1400 4430 ita
1447 4379 1502 4428 et
1555 4371 1731 4428 bonos

129 4475 401 4541 przeparat
428 4466 495 4521 ad
542 4481 838 4531 coronam;
885 4464 1015 4520 boni
1058 4464 1206 4520 enim
1249 4471 1377 4520 sunt
1424 4462 1482 4518 in
1531 4462 1732 4536 quibus

1841 1947 2038 2004 domus
2065 1947 2164 2004 Dei
2196 1955 2333 2018 erat,
2365 1949 2508 2005 sicut
2550 1948 2687 2006 dicit
2716 1948 2774 2004 in
2807 1949 3017 2020 psalmo
3045 1948 3443 2022 septuagesimo

1842 2036 2035 2109 quinto
2068 2055 2078 2093 :
2130 2063 2146 2085 ι
2181 2037 2355 2096 Notus
2387 2039 2442 2093 in
2487 2038 2681 2095 Jndzea
2723 2040 2868 2094 Deus
2897 2039 3068 2109 (Psal.
3102 2055 3274 2105 Lxxv,
3305 2038 3384 2107 2).
3411 2062 3430 2087 ι

1841 2126 2033 2183 Postea
2085 2135 2266 2183 autem
2325 2129 2379 2184 in
2439 2129 2728 2200 prophetia
2775 2128 3095 2185 Zacharize:
3165 2129 3442 2197 uPonam,

1842 2215 2045 2288 inquit,
2077 2216 2376 2272 Jerusalem
2423 2217 2480 2272 in
2521 2216 2779 2273 omnibus
2826 2216 3081 2288 gentibus
3114 2216 3302 2283 (Zach.
3338 2232 3441 2280 xu,

1839 2307 1933 2376 2);
1968 2331 1985 2354 ν
2030 2306 2161 2379 quia
2189 2306 2394 2379 ubique
2424 2306 2599 2363 futuri
2649 2313 2804 2362 erant
2837 2305 2937 2361 ﬁlii
2989 2305 3110 2373 Dei,
3138 2313 3193 2361 et
3239 2304 3440 2360 domus

1841 2397 1941 2453 Dei
1999 2396 2058 2452 in
2105 2396 2367 2452 omnibus
2434 2397 2589 2464 locis,
2653 2413 2772 2469 quze
2830 2404 2911 2452 est
2953 2395 3218 2452 Ecclesia.
3293 2394 3436 2451 Hinc

1841 2486 2112 2543 Dominus
2141 2486 2219 2542 ait
2238 2486 2472 2543 Iudaeis:
2521 2512 2538 2533 ι
2559 2486 2699 2553 Quia
2719 2487 2944 2542 tolletur
2966 2503 2997 2542 a
3017 2485 3177 2541 vobis
3200 2500 3433 2555 regnum

1842 2576 1962 2644 Dei,
2004 2583 2057 2630 et
2085 2575 2308 2631 dabitur
2337 2577 2484 2649 genti
2535 2577 2759 2632 facienti
2818 2577 3032 2632 fructus
3074 2575 3192 2646 ejus
3224 2575 3437 2645 (Matth.

1843 2682 1959 2732 xxx,
1993 2663 2110 2734 43).
2142 2689 2158 2710 ι

1915 2754 2098 2827 (Vers.
2140 2752 2258 2823 27.)
2303 2777 2319 2798 ι
2370 2751 2535 2807 Isaias
2577 2760 2758 2807 autem
2807 2752 3007 2808 clamat
3049 2769 3147 2824 pro
3183 2754 3368 2809 Israel.
3410 2778 3430 2801 ι

1842 2844 1959 2900 Hoc
1989 2841 2146 2909 dicit,
2179 2841 2309 2914 quia
2356 2841 2522 2896 Isaias
2569 2841 2770 2897 clamat
2810 2857 2909 2912 pro
2941 2841 3030 2909 iis,
3063 2842 3156 2914 qui
3210 2842 3444 2901 credunt

1842 2933 1900 2989 in
1945 2931 2226 2989 Christum
2288 2932 2446 3003 (Isai.
2507 2947 2566 2998 x,
2613 2931 2728 3001 22).
2790 2931 2858 2986 Hi
2923 2932 3068 2988 enim
3125 2949 3252 2988 vere
3314 2941 3444 2990 sunt

1843 3020 2126 3089 Israelita,
2158 3019 2301 3076 sicut
2321 3019 2458 3076 dicit
2487 3019 2756 3076 Dominus
2782 3019 2849 3075 ad
2877 3020 3180 3078 Nathanael
3211 3038 3223 3076 :
3262 3045 3278 3067 ι
3303 3022 3443 3079 Ecce

1845 3127 1971 3167 vere
2002 3111 2270 3177 Israelita,
2303 3111 2360 3166 in
2392 3128 2504 3183 quo
2535 3110 2697 3166 dolus
2732 3127 2841 3166 non
2866 3120 2948 3167 est
2980 3112 3160 3182 (Joan.
3195 3131 3234 3180 ι,
3263 3113 3380 3183 47).
3411 3137 3428 3160 ι

1929 3224 1947 3248 ε
1999 3201 2055 3256 Si
2105 3201 2271 3256 fuerit
2325 3217 2592 3256 numerus
2647 3201 2891 3256 ﬁliorum
2945 3203 3108 3257 Israel
3175 3210 3436 3273 tauquam

1842 3304 2008 3344 arena
2037 3289 2228 3355 maris,
2273 3287 2523 3359 reliquias
2577 3287 2741 3343 salvae
2788 3288 2943 3343 ﬁent.
2978 3314 2996 3334 ι
3039 3289 3442 3347 Recedentibus

1843 3378 2050 3434 Iudaeis
2075 3394 2106 3433 a
2136 3376 2334 3433 merito
2364 3383 2419 3432 et
2447 3375 2812 3448 promissione
2851 3386 3092 3448 patrum,
3122 3377 3251 3434 dum
3277 3379 3430 3436 illam

1843 3486 1954 3527 non
1993 3469 2284 3541 recipiunt.
2336 3466 2395 3523 bi
2444 3465 2689 3538 reliquiae
2733 3474 2884 3534 sunt,
2932 3468 3024 3540 qui
3069 3469 3342 3525 credendo
3381 3470 3439 3525 in

1842 3557 1950 3613 ﬁde
1982 3556 2365 3628 promissionis
2394 3554 2642 3628 patribus
2689 3554 2846 3610 factas
2893 3557 3212 3627 persistunt,
3245 3557 3433 3613 ﬁdeles

1840 3645 2051 3712 effecti;
2095 3661 2126 3701 a
2156 3645 2294 3715 Lege
2332 3644 2480 3700 enim
2530 3643 2814 3710 recedunt,
2857 3642 2952 3715 qui
2989 3643 3046 3699 in
3095 3662 3220 3701 eum
3275 3662 3436 3719 quem

1841 3733 1953 3789 Lex
1982 3735 2162 3790 solum
2197 3733 2264 3790 ad
2310 3735 2545 3790 salutem
2577 3733 2825 3789 sufﬁcere
2864 3734 3140 3804 promisit,
3169 3751 3278 3790 non
3310 3752 3438 3791 cre—

1839 3821 1997 3878 dunt.
2032 3823 2206 3895 Igitur
2257 3830 2514 3895 apostato'e
2573 3821 2882 3877 habeantur
2937 3838 3155 3877 necesse
3203 3831 3305 3887 est,
3340 3822 3435 3893 qui

1839 3913 1972 3969 dum
2003 3911 2286 3969 Christum
2317 3927 2430 3968 non
2462 3911 2757 3982 recipiunt,
2776 3909 2853 3964 rei
2885 3916 3015 3963 sunt
3045 3908 3262 3964 violata:
3282 3909 3435 3979 legis.

1837 4003 1916 4059 De
1944 4000 2188 4057 maxima
2220 4000 2404 4072 itaque
2428 3997 2786 4054 multitudine
2816 3997 2962 4052 solos
2983 3995 3267 4054 credentes
3297 3997 3435 4055 dicit

1839 4091 2059 4158 salvari,
2093 4107 2230 4163 quos
2264 4088 2506 4161 praasciit
2534 4088 2701 4143 Deus.

1912 4189 2095 4260 (Vers.
2129 4187 2246 4257 28.)
2295 4211 2312 4234 ε
2345 4185 2589 4244 Verbum
2620 4188 2767 4245 enim
2809 4201 3196 4243 consummans
3228 4195 3280 4243 et
3316 4188 3440 4244 bre-

1841 4277 1999 4334 vians
2047 4278 2104 4334 in
2154 4275 2448 4350 aequitate;
2482 4277 2611 4350 quia
2659 4277 2888 4335 verbum
2920 4275 3229 4333 breviatum
3267 4277 3435 4336 faciet

1840 4367 2112 4424 Dominus
2153 4382 2316 4439 super
2365 4373 2587 4423 terram.
2635 4392 2654 4417 ι
2715 4366 2929 4426 Salvari
2993 4366 3095 4422 hos
3136 4368 3437 4439 promittit,

1840 4474 1976 4531 quos
2007 4457 2248 4530 reliquos
2265 4455 2403 4514 dicit
2421 4473 2515 4530 per
2535 4457 2788 4527 verbum,
2811 4455 2956 4532 quod
2984 4455 3131 4528 juste
3147 4455 3438 4525 deﬁniens,

128 4573 248 4629 spes
277 4554 407 4611 ﬁdei
438 4563 538 4612 est.
571 4555 775 4612 Omnes
815 4553 963 4609 enim
1011 4553 1268 4621 sustinet,
1301 4551 1480 4610 sciens
1510 4551 1722 4608 exitum
1759 4573 1807 4632 ι)
1836 4547 2113 4605 breviavit
2140 4547 2411 4605 Dominus
2440 4563 2604 4620 super
2635 4556 2836 4604 terram
2863 4565 2877 4613 ;
2911 4548 3171 4603 convenit
3202 4548 3350 4602 enim
3372 4553 3434 4602 ut

127 4647 510 4720 singulorum;
545 4661 607 4701 ac
636 4660 732 4716 per
767 4643 873 4700 hoc
903 4643 1172 4716 patientia
1201 4651 1302 4712 est,
1334 4661 1454 4718 quae
1486 4643 1614 4699 illos
1634 4645 1730 4716 qui

126 4751 196 4791 ex
237 4734 384 4789 malo
431 4733 784 4804 corriguntur
809 4775 824 4799 ,
873 4739 967 4788 aut
1013 4732 1071 4788 in
1123 4733 1269 4789 bono
1321 4741 1732 4807 perseverantes

128 4830 279 4882 sunt.
325 4829 590 4894 praeparat
638 4821 706 4877 ad
755 4821 1009 4893 gloriam.
1043 4822 1266 4879 Divitiae
1309 4831 1490 4879 autem
1541 4822 1728 4895 gloriae

127 4921 258 4969 sunt
279 4909 522 4984 dignitas
571 4911 866 4984 multiplex
899 4919 1196 4984 praeparata
1223 4911 1593 4969 credentibus.
1619 4912 1728 4967 Eos

128 5008 315 5056 autem
347 4998 444 5074 qui
473 5016 540 5056 ex
587 4999 752 5057 bonis
794 4999 938 5056 ﬁunt
995 5000 1149 5068 mali,
1183 5007 1236 5055 et
1275 5001 1331 5056 in
1373 5009 1552 5073 empto
1583 5001 1729 5056 malo

129 5090 455 5165 perdurant,
489 5099 756 5164 praeparat
805 5091 872 5147 ad
920 5089 1230 5147 interitum.
1283 5091 1397 5147 Hoc
1434 5098 1515 5148 est
1543 5099 1727 5147 autem

130 5181 487 5240 manifestare
532 5179 832 5252 potentiam
883 5197 1038 5236 suam
1087 5178 1147 5234 in
1207 5179 1379 5234 multa
1427 5179 1722 5252 patientia;

130 5275 258 5350 quia
285 5281 644 5346 computatur
691 5289 802 5329 non
837 5271 1242 5336 vindicaturus,
1273 5269 1400 5344 quia
1441 5270 1541 5326 diu
1570 5269 1728 5326 dissi-

131 5367 308 5422 mulat
333 5383 348 5432 ;
399 5381 526 5422 cum
558 5363 788 5435 coeperit
831 5361 1137 5428 vindicare,
1164 5358 1448 5432 apparebit
1475 5357 1593 5430 ejus
1621 5375 1730 5430 po-

126 5454 335 5520 tentia;
371 5453 504 5526 quia
531 5469 657 5508 cum
689 5450 862 5525 possit
889 5449 1074 5506 statim
1105 5447 1411 5515 vindicare,
1439 5447 1537 5504 diu
1566 5447 1727 5504 susti-

127 5545 269 5611 nuit,
300 5551 364 5600 ut
413 5540 610 5614 perﬁdi
657 5541 815 5615 queri
864 5556 976 5597 non
1010 5538 1242 5611 possint,
1271 5543 1369 5602 84
1394 5553 1520 5595 cum
1563 5536 1730 5592 dam-

127 5651 350 5702 nantur.
374 5641 691 5713 Praeparare
706 5646 891 5698 autem
911 5651 1362 5710 unumquemque
1377 5643 1459 5692 est
1477 5633 1728 5706 praescire

139 5732 269 5805 quid
306 5731 568 5788 futurum
599 5736 700 5786 est.

1839 4637 1895 4692 in
1935 4638 2053 4694 solo
2085 4639 2308 4693 nomine
2334 4637 2560 4694 Domini
2611 4636 2918 4692 conditoris
2943 4645 3312 4707 consequatur
3341 4651 3439 4688 sa—

1841 4726 2011 4783 lutem
2060 4735 2332 4794 creatura,
2363 4726 2470 4782 hoc
2516 4733 2618 4792 est,
2651 4713 2746 4795 per
2792 4723 2996 4788 ﬁdem;
3045 4724 3176 4795 quia
3205 4723 3438 4778 sublatis

1839 4816 2100 4871 omnibus
2129 4813 2456 4877 neomeniis,
2507 4821 2560 4868 et
2597 4812 2855 4876 Sabbato,
2905 4810 3351 4871 circumcisione.
3385 4817 3439 4865 et

1840 4905 1956 4976 lege
1994 4919 2264 4971 escarum,
2307 4909 2361 4958 et
2407 4899 2783 4957 oblationibus
2829 4915 3108 4970 pecorum,
3142 4898 3259 4953 sola
3302 4897 3439 4954 ﬁdes

1838 4994 2019 5067 posita
2037 4999 2119 5048 est
2156 4990 2223 5047 ad
2251 4990 2503 5047 salutem.
2537 4989 2670 5056 Quae
2716 4987 3036 5044 abbreviata
3063 5005 3130 5044 ex
3171 4989 3285 5060 lege
3314 4998 3423 5057 est;

1837 5084 1966 5159 quia
1996 5081 2145 5155 quod
2174 5081 2230 5136 in
2254 5078 2360 5135 ﬁde
2390 5085 2490 5147 est,
2524 5078 2581 5134 in
2612 5079 2728 5149 lege
2759 5076 2995 5133 habetur
3023 5078 3173 5150 quasi
3209 5079 3430 5148 princi—

1837 5174 1956 5245 pale
1986 5171 2164 5243 Legis,
2196 5169 2412 5227 dicente
2434 5168 2717 5226 Salvatore
2742 5184 2755 5222 :
2802 5191 2822 5215 ε
2845 5168 2924 5222 De
2946 5183 3030 5222 me
3049 5166 3194 5222 enim
3218 5168 3438 5239 scripsit

1836 5265 2051 5335 Moyses
2081 5264 2262 5330 (Joan.
2296 5279 2353 5330 v,
2383 5259 2498 5332 46).
2533 5283 2552 5309 ι
2611 5257 2946 5315 Abbreviata
2975 5273 3104 5328 ergo
3144 5257 3282 5324 lege,
3312 5257 3434 5311 reli-

1837 5353 1979 5428 quize
2009 5353 2320 5410 Iudaeorum
2352 5351 2638 5406 salvantur
2667 5365 2679 5404 :
2713 5345 2896 5406 caeteri
2928 5362 3060 5402 vero
3092 5344 3291 5400 salvari
3323 5361 3434 5402 non

1838 5451 2087 5516 possunt,
2119 5441 2250 5515 quia
2283 5457 2380 5513 per
2406 5440 2788 5497 deﬁnitionem
2822 5437 2920 5495 Dei
2951 5443 3307 5509 spernuntur,
3340 5453 3435 5508 per

1839 5549 2001 5607 quam
2033 5547 2202 5603 genus
2232 5530 2536 5587 humanum
2562 5531 2773 5589 salvare
2799 5525 3070 5586 decrevit.

1913 5631 2094 5702 (Vers.
2130 5630 2221 5698 29,
2253 5629 2369 5698 30.)
2417 5653 2435 5677 ι
2473 5631 2545 5686 Et
2581 5631 2724 5688 sicut
2765 5625 3026 5702 praedixit
3072 5622 3238 5681 Isaias
3273 5640 3284 5678 :
3317 5625 3436 5683 Nisi

1841 5719 2110 5776 Dominus
2154 5716 2383 5776 sabaoth
2438 5720 2752 5794 reliquisset
2812 5717 2973 5774 nobis
3024 5730 3233 5781 semen,
3289 5714 3438 5771 sicut
