3932 6210
203 259 307 320 149

1267 261 1628 322 COMMENT.
1673 265 1743 323 IN
1790 266 2008 325 EPIST.
2055 271 2150 327 AD
2191 272 2359 332 ROM.

3408 281 3509 339 150

199 405 329 463 ergo
365 390 543 490 posita
563 390 620 490 in
653 391 785 490 Sion
815 390 1068 490 Christus
1097 400 1198 450 est.
1236 393 1368 450 Sion
1394 411 1528 451 vero
1557 397 1792 490 altitudo
1823 403 1874 462 Α
1905 403 2082 474 posita
2111 413 2210 473 est,
2242 423 2362 480 quae
2407 409 2625 468 cederet
2673 413 2998 485 perfectioni
3049 416 3182 488 legis
3241 418 3394 490 (50);
3447 429 3514 476 ut

197 486 300 547 est,
332 480 447 537 sive
473 481 672 538 civitas
713 481 831 554 ipsa
861 482 1183 550 Jerusalem,
1216 500 1336 556 qua:
1387 493 1607 556 propter
1641 488 1797 543 noti-

199 566 332 624 tiam
378 569 476 626 Dei
518 587 628 626 non
669 570 949 626 immerito
983 571 1200 628 excelsa
1251 571 1399 628 dicta
1443 581 1545 640 est,
1589 575 1644 630 in
1691 593 1798 648 qua

196 655 448 713 Salvator
487 675 518 714 a
564 661 677 715 Deo
716 660 874 715 Patre
895 677 996 715 suo
1045 661 1256 732 positus
1303 663 1652 732 pradicator,
1700 667 1796 722 of-

193 742 372 803 fensio
409 747 586 804 factus
615 757 697 804 est
722 748 947 816 Iudaeis,
990 749 1124 804 dum
1154 766 1209 805 se
1251 750 1454 806 Filium
1509 753 1603 808 Dei
1649 770 1797 826 prae-

193 831 363 902 dicat,
394 845 553 893 natus
579 836 647 892 de
701 837 914 908 Spiritu
945 847 1134 894 sancto
1163 853 1232 892 ex
1263 840 1514 896 muliere.
1548 842 1650 897 Per
1679 861 1797 898 cor-

194 939 298 995 pus
325 935 509 981 autem
540 925 659 997 ejus
685 925 1007 982 scandalum
1041 926 1184 998 passi
1213 936 1360 994 sunt,
1403 937 1458 983 et
1495 931 1752 988 dicebant
1780 952 1791 990 ;

209 1038 228 1059 ι
264 1013 461 1070 Nonne
492 1022 664 1069 mater
688 1024 741 1070 et
764 1015 956 1071 fratres
985 1014 1100 1085 ejus
1130 1017 1272 1087 apud
1308 1033 1408 1074 nos
1437 1023 1609 1078 sunt?
1639 1023 1796 1090 Quo-

193 1104 364 1160 modo
393 1121 523 1177 ergo
553 1106 645 1162 hic
667 1106 803 1163 dicit
840 1126 852 1161 :
886 1106 1022 1173 Quia
1051 1106 1118 1162 de
1142 1108 1279 1163 coelo
1303 1109 1557 1167 descendi
1610 1115 1790 1184 (Joan.

193 1211 278 1261 vr,
301 1193 394 1263 42)
415 1194 444 1250 7
472 1219 490 1241 ι
524 1195 790 1252 Nolebant
819 1195 966 1251 enim
1016 1195 1183 1251 verba
1230 1198 1395 1269 gestis
1446 1215 1790 1272 comparare,

193 1288 258 1338 ut
315 1283 537 1354 perinde
590 1294 944 1356 agnoscerent
989 1289 1084 1347 86
1133 1301 1243 1340 non
1291 1286 1588 1344 absurdum
1653 1306 1790 1356 esse,

191 1379 338 1452 quod
371 1379 584 1437 dicebat
611 1380 679 1436 de
707 1381 845 1437 coelo
870 1399 928 1438 se
955 1381 1331 1450 descendisse;
1387 1387 1544 1457 quasi
1593 1405 1793 1462 corpus

189 1477 524 1541 operaretur,
555 1477 609 1527 et
637 1486 747 1526 non
779 1472 922 1526 Deus
952 1472 1146 1538 latens,
1190 1472 1449 1545 operibus
1499 1484 1685 1533 tamen
1733 1495 1790 1534 se

190 1557 426 1629 prodens
457 1557 513 1612 in
543 1575 791 1631 corpore.
829 1560 988 1616 Petra
1019 1577 1148 1633 ergo
1178 1560 1298 1618 haec
1345 1563 1665 1621 scandalum
1709 1576 1791 1624 est

189 1646 393 1703 Iudaeis
438 1655 492 1703 et
539 1648 812 1704 offensio:
848 1666 970 1722 qua)
1017 1660 1170 1724 petra
1217 1651 1336 1708 sine
1385 1652 1556 1710 dubio
1594 1673 1792 1729 corpus

191 1737 522 1812 intelligitur
569 1739 888 1796 Salvatoris.
938 1741 1064 1798 Haec
1109 1742 1295 1798 excisa
1340 1743 1460 1799 sine
1512 1746 1788 1818 manibus,

192 1837 475 1901 propterea
503 1829 632 1902 quia
663 1829 783 1885 sine
819 1829 940 1885 viro
967 1829 1034 1885 de
1071 1830 1283 1903 Spiritu
1313 1840 1502 1889 sancto
1536 1835 1679 1894 facta
1723 1837 1790 1894 de

191 1916 420 1990 virgine,
440 1927 540 1975 est.
561 1927 567 1986 ς

823 2028 1052 2089 CAPUT
1091 2031 1162 2087 X.

267 2147 450 2219 (Vers.
484 2147 534 2213 1,
562 2147 644 2218 2.)
693 2172 710 2195 ι
748 2149 982 2218 Fratres,
1025 2151 1285 2208 voluntas
1333 2151 1557 2226 quidem
1605 2150 1789 2208 cordis

195 2236 324 2304 mei,
356 2245 410 2293 et
437 2235 740 2294 obsecratio
769 2238 830 2294 ﬁt
857 2239 923 2295 ad
951 2242 1123 2296 Deum
1149 2258 1248 2314 pro
1275 2241 1390 2298 illis
1418 2241 1474 2296 in
1505 2242 1741 2297 salutem
1768 2259 1782 2309 ;

193 2326 571 2383 testimonium
589 2325 735 2382 enim
760 2327 1018 2399 perhibeo
1045 2329 1178 2398 illis,
1209 2331 1357 2404 quod
1378 2330 1786 2386 aemulationem

192 2415 292 2472 Dei
323 2414 545 2484 habent,
580 2415 675 2471 sed
703 2432 813 2472 non
843 2417 1144 2475 secundum
1177 2419 1540 2492 agnitionem.
1571 2445 1588 2466 ι
1631 2421 1789 2488 Quo-

194 2505 342 2560 niam
373 2521 404 2559 a
435 2504 549 2575 lege
579 2505 700 2559 vult
727 2522 819 2561 eos
849 2507 1080 2575 auferre,
1132 2507 1414 2564 credentes
1456 2509 1586 2580 quia
1634 2510 1791 2564 vela-

195 2610 320 2649 men
345 2601 426 2650 est
453 2592 658 2650 Judmis
688 2613 701 2660 ;
734 2611 802 2650 ne
831 2595 934 2653 hoc
963 2595 1091 2653 odio
1129 2597 1398 2654 Judaismi
1450 2597 1565 2670 (49)
1613 2599 1788 2656 facere

198 2682 495 2751 videretur,
543 2683 784 2741 ostendit
826 2685 1080 2742 affectum
1131 2704 1291 2743 suum
1346 2687 1492 2743 circa
1539 2687 1685 2756 illos,
1735 2697 1788 2745 et

193 2773 296 2846 legi
334 2773 426 2830 dat
454 2775 685 2830 multum
725 2793 738 2832 :
770 2775 862 2832 sed
891 2777 1049 2834 docet
1088 2786 1304 2850 tempus
1338 2777 1452 2849 jam
1508 2779 1788 2836 servandae

191 2863 328 2935 legis
353 2881 464 2920 non
494 2882 641 2931 esse;
676 2883 738 2922 ac
767 2883 862 2938 per
893 2866 997 2924 hoc
1048 2868 1337 2940 providere
1379 2886 1434 2924 se
1489 2868 1600 2926 illis
1647 2871 1789 2927 velle

197 2961 452 3024 testatur,
491 2955 537 3010 si
571 2955 733 3012 modo
763 2955 991 3013 audiant
1022 2958 1202 3026 illum,
1236 2975 1302 3014 ac
1345 2958 1580 3030 probent
1626 2977 1788 3015 suum

191 3060 304 3099 non
337 3061 451 3100 esse
480 3044 771 3102 inimicum
797 3065 810 3114 ;
847 3047 1065 3119 quando
1095 3055 1149 3103 et
1175 3048 1553 3104 testimonium
1595 3049 1790 3121 perhi-

187 3131 281 3189 bet
316 3133 426 3189 illis
458 3133 769 3191 nobilitatis
799 3145 852 3192 et
882 3137 1198 3192 traditionis
1233 3146 1492 3210 paternae.

264 3222 447 3294 (Vers.
499 3225 578 3295 3.)
625 3251 641 3271 ι
683 3227 1006 3296 lgnorantes
1061 3226 1207 3282 enim
1253 3228 1350 3282 Dei
1394 3225 1690 3298 justitiam,
1740 3235 1793 3283 et

183 3327 342 3367 suam
371 3323 679 3383 quaerentes
708 3314 1064 3381 constituere,
1089 3313 1319 3384 justitia
1366 3314 1464 3369 Dei
1510 3330 1621 3368 non
1665 3323 1792 3370 sunt

178 3399 445 3471 subjecti.
479 3426 498 3446 ι
541 3401 644 3454 Per
666 3401 1031 3472 ignorantiam
1048 3402 1186 3457 dicit
1214 3403 1338 3458 illos
1369 3418 1480 3458 non
1497 3401 1792 3459 credidisse

178 3493 241 3548 in
285 3491 594 3558 Christum,
639 3491 1048 3548 mniulationem
1094 3492 1318 3566 quidem
1364 3493 1462 3549 Dei
1505 3493 1788 3564 habentes,

177 3578 278 3638 sed
308 3580 647 3636 voluntatem
680 3587 734 3635 et
763 3581 1058 3636 consilium
1087 3581 1206 3652 ejus
1236 3581 1565 3650 nescientes,
1599 3590 1790 3638 contra

177 3671 359 3726 Deum
407 3667 658 3741 agebant,
690 3684 853 3742 quem
901 3685 957 3724 se
1003 3669 1294 3726 defendere
1326 3670 1685 3727 testabantur.
1711 3673 1786 3728 De

178 3758 274 3814 his
301 3757 459 3824 dicit,
490 3758 583 3830 qui
610 3774 722 3813 non
753 3759 1140 3816 malevolentia
1169 3769 1223 3816 et
1275 3761 1506 3828 invidia,
1555 3759 1644 3816 sed
1687 3776 1784 3816 er-

180 3860 308 3901 rore
362 3843 644 3901 Christum
698 3861 806 3899 non
859 3855 1198 3918 receperunt.
1239 3847 1450 3915 Quibus
1489 3858 1541 3905 et
1595 3851 1787 3906 Petrus

179 3933 465 4006 apostolus
501 3933 638 3990 dicit
673 3952 684 3990 :
733 3959 751 3982 ι
789 3934 934 4002 Scio,
967 3935 1180 4004 fratres,
1211 3937 1341 4009 quia
1372 3953 1467 4009 per
1520 3941 1786 4010 ignoran-

179 4023 318 4078 tiam
349 4023 591 4094 gessistis
620 4022 726 4080 hoc
757 4024 983 4093 malum,
1016 4026 1159 4082 sicut
1202 4035 1255 4082 et
1305 4027 1581 4100 principes
1614 4029 1783 4084 vestri

185 4112 331 4182 (Act.
364 4114 602 4183 111,17);
646 4139 664 4160 ι
715 4113 1027 4186 ignorantes
1057 4115 1205 4170 enim
1243 4115 1391 4173 hunc
1437 4132 1553 4171 esse
1585 4116 1786 4174 Chris-

184 4211 324 4267 tum,
355 4218 516 4274 quem
550 4202 872 4274 promiserat
901 4205 1064 4273 Deus,
1089 4207 1323 4262 alterum
1351 4207 1784 4279 exspectandum

181 4287 458 4345 dicebant.
495 4290 633 4347 Huic
652 4290 899 4363 justitias
929 4309 1075 4361 suas,
1107 4310 1243 4366 quas
1272 4311 1343 4350 ex
1372 4297 1488 4366 lege
1513 4295 1785 4352 habebant

182 4393 596 4457 anteponentes,
629 4387 722 4458 qui
755 4396 836 4442 est
879 4388 978 4442 Dei
1004 4386 1222 4458 justitia
1268 4389 1325 4443 in
1382 4388 1508 4444 ﬁde.
1561 4390 1784 4446 Iustitia

181 4473 329 4530 enim
363 4475 477 4547 ipse
508 4484 610 4546 est,
654 4475 784 4550 quia
822 4476 971 4550 quod
1011 4477 1337 4550 promiserat
1367 4479 1533 4548 Deus,
1575 4479 1631 4534 in
1664 4480 1780 4553 ipso
1810 4494 1858 4552 ι)

181 4563 458 4636 implevit.

249 4657 439 4726 (Vers.
473 4656 554 4729 4.)
599 4684 616 4704 ι
653 4658 807 4714 Finis
835 4659 984 4716 enim
1025 4661 1160 4734 legis
1207 4660 1459 4719 Christus
1504 4661 1572 4718 ad
1605 4659 1782 4732 justi-

179 4744 312 4800 tiam
344 4747 497 4801 omni
527 4747 794 4805 credenti.
838 4774 855 4796 ι
899 4751 1012 4808 Hoc
1037 4750 1195 4820 dicit,
1227 4752 1356 4824 quia
1385 4751 1778 4824 perfectionem

179 4835 313 4907 legis
356 4835 541 4905 habet,
591 4838 686 4911 qui
729 4839 904 4896 credit
957 4839 1014 4896 in
1072 4840 1375 4899 Christum.
1429 4841 1566 4899 Cum
1630 4841 1780 4896 enim

179 4925 366 4982 nullus
399 4925 797 4999 justiﬁcaretur
829 4945 899 4985 ex
938 4929 1076 5001 lege,
1125 4931 1256 5003 quia
1301 4947 1465 4987 nemo
1514 4931 1778 5003 implebat

179 5014 377 5088 legem,
411 5016 519 5072 nisi
549 5017 646 5090 qui
675 5027 913 5091 speraret
955 5017 1015 5074 in
1045 5018 1315 5092 promisso
1354 5019 1610 5085 Christo;
1643 5017 1780 5073 ﬁdes

250 5196 370 5270 (49)
427 5199 692 5256 Nonnulli
739 5218 891 5270 mss.,
943 5203 1058 5258 vult
1103 5199 1322 5270 auferre
1365 5201 1596 5265 Judceos,
1645 5200 1772 5270 quia

177 5271 411 5343 velamen
436 5277 510 5326 est
527 5272 620 5339 eis,
642 5289 705 5343 ne
730 5275 872 5343 quod
899 5274 1077 5328 odium
1105 5273 1391 5338 Judaismi,
1417 5281 1522 5328 etc.

247 5341 368 5415 (ὅθ)
409 5341 758 5415 Rom._edit.,
789 5344 846 5397 in
887 5345 1211 5415 promissum
1253 5344 1611 5415 Christum...
1660 5361 1776 5415 quae

177 5412 409 5486 traderet
449 5412 819 5484 perfectionem
868 5412 1017 5486 Legis
1068 5434 1084 5471 :
1129 5424 1238 5471 vet.
1293 5424 1477 5486 autem
1534 5412 1684 5486 edit.‘
1715 5433 1774 5470 ac

180 5501 311 5540 mss.
372 5483 520 5559 inter
568 5501 624 5542 se
658 5483 1018 5559 conveniunt,
1080 5486 1188 5542 nisi
1240 5485 1388 5559 quod
1442 5486 1498 5541 in
1548 5485 1660 5559 illis
1713 5503 1776 5542 ac

177 5556 464 5628 nonnullis
493 5573 623 5613 mss.
661 5557 883 5628 legitur,
914 5559 1140 5612 crederet
1169 5555 1563 5628 perfectionem,
1586 5557 1777 5628 legen—

177 5574 464 5613 nonnums
493 5574 623 5613 mss.
663 5574 710 5613 re
751 5574 883 5626 itur,
914 5574 1140 5612 crederet
1169 5574 1777 5628 per/cottonem,1egen—

176 5624 308 5684 dum
338 5627 504 5696 forte,
533 5627 591 5682 in
611 5574 1005 5699 perfectionem,
1039 5636 1132 5687 aut
1169 5628 1360 5686 saltem
1408 5628 1598 5685 eodem
1644 5643 1778 5683 sen-

1909 492 2169 550 omnibus
2220 499 2616 568 praetermissis,
2665 501 2801 558 ﬁdes
2847 505 3183 562 satisfaceret
3225 523 3326 579 pro
3393 515 3507 565 tota

1910 582 2025 654 lege
2054 593 2107 639 et
2136 585 2433 656 prophetis.

1984 673 2165 742 (Vers.
2199 677 2279 747 5.)
2324 702 2340 722 -
2380 678 2592 750 Moyses
2637 681 2783 738 enim
2831 682 3028 739 scribit
3067 684 3340 756 justitiam
3381 706 3504 763 qua)

1909 779 1978 817 ex
2011 764 2125 835 lege
2162 773 2262 832 est,
2295 767 2424 837 quia
2462 769 2556 842 qui
2604 770 2786 826 fecerit
2817 789 2878 828 ea
2908 773 3096 842 homo,
3129 776 3280 834 vivet
3322 778 3379 834 in
3423 779 3502 835 eis

1913 852 2100 920 (Leuit.
2147 871 2310 924 xvm,
2358 857 2438 926 5).
2483 883 2501 903 ι
2552 858 2666 915 Hoc
2719 860 2873 927 dicit,
2918 862 3047 933 quia
3091 863 3306 934 justitia
3365 867 3500 939 legis

1909 940 2114 1012 Moysis
2143 959 2262 998 reos
2293 945 2417 1000 illos
2444 963 2552 1000 non
2584 947 2813 1003 faciebat
2842 949 2908 1004 ad
2939 959 3174 1022 tempus,
3203 955 3249 1008 si
3298 972 3494 1012 serva—

1909 1037 2076 1099 retur,
2114 1031 2295 1100 idest,
2331 1034 2592 1089 vivebant
2650 1035 2898 1092 faciendo
2956 1039 3159 1109 legem;
3226 1041 3501 1098 debitores

1907 1120 2053 1177 enim
2086 1132 2258 1180 erant.
2292 1125 2403 1180 Hoc
2433 1124 2644 1182 dictum
2675 1133 2756 1182 est
2787 1127 2841 1184 in
2892 1127 3145 1186 Numeris
3186 1137 3240 1186 et
3287 1130 3342 1188 in
3391 1131 3500 1192 ιθ·-

1908 1211 2077 1267 vitico
2113 1215 2253 1285 (51).

1979 1303 2158 1374 (Vers.
2191 1304 2243 1370 6,
2286 1305 2362 1372 7.)
2411 1330 2428 1352 ι
2469 1305 2599 1372 Quae.
2629 1317 2808 1364 autem
2838 1326 2905 1364 ex
2937 1311 3044 1365 fide
3065 1321 3145 1368 est
3167 1311 3406 1383 justitia,
3424 1315 3503 1371 sic

1903 1390 2039 1448 dicit
2071 1410 2082 1448 :
2115 1393 2192 1448 Ne
2223 1393 2431 1450 dixeris
2462 1396 2518 1451 in
2550 1397 2711 1454 corde
2761 1407 2856 1454 tuo
2907 1418 2918 1454 :
2969 1401 3102 1467 Quis
3149 1403 3393 1458 ascendit
3443 1405 3499 1461 in

1903 1482 2101 1537 crelum
2152 1484 2332 1555 (Deut.
2380 1503 2518 1552 xxx,
2557 1488 2696 1559 l2)?
2737 1514 2752 1534 -
2797 1489 2912 1543 Hoc
2969 1489 3025 1544 in
3073 1492 3500 1549 Deuteronomio

1903 1571 2114 1627 dictum
2161 1582 2264 1642 est,
2314 1574 2460 1648 quod
2511 1575 2602 1630 hic
2643 1577 3033 1648 interpretatur
3086 1580 3380 1649 Apostolus
3431 1581 3500 1638 de

1904 1660 2126 1717 Christo
2157 1663 2345 1718 dicens
2379 1683 2390 1718 :
2446 1688 2462 1710 ι
2502 1664 2616 1720 Hoc
2645 1673 2726 1721 est
2756 1666 3035 1721 Christum
3069 1667 3355 1724 deducere.
3388 1671 3501 1725 Aut

1824 1773 1866 1834 Β
1901 1751 2026 1825 quis
2057 1752 2338 1810 descendit
2368 1754 2424 1808 in
2456 1755 2756 1828 abyssum?
2807 1757 2920 1811 Hoc
2966 1765 3065 1824 est,
3100 1757 3379 1814 Christum
3430 1776 3499 1816 ex

1900 1842 2135 1897 mortuis
2187 1843 2465 1898 reducere.
2510 1868 2526 1889 ι
2596 1845 2712 1900 Hoc
2768 1845 3050 1916 proprium
3102 1847 3350 1918 Apostoli
3393 1856 3494 1903 est.

1900 1932 2086 2004 Itaque
2121 1930 2395 2003 justitiam
2433 1933 2576 1990 hanc
2605 1934 2743 1990 dicit
2771 1950 2886 1990 esse
2921 1935 3072 2004 fidei,
3104 1936 3150 1990 si
3182 1953 3292 1993 non
3323 1936 3498 1992 dubi-

1900 2032 2047 2081 tetur
2074 2023 2143 2079 de
2171 2041 2266 2096 spe
2295 2026 2412 2093 Dei,
2451 2043 2572 2098 qua:
2617 2027 2675 2082 in
2723 2026 2945 2083 Christo
2971 2036 3084 2094 est;
3127 2045 3196 2084 ne
3238 2027 3495 2086 difﬁdens

1899 2113 2045 2170 dicat
2078 2132 2089 2169 :
2123 2114 2256 2182 Quis
2282 2116 2461 2187 potuit
2487 2116 2778 2172 ascendere
2801 2117 2858 2172 in
2888 2118 3087 2174 cmlum
3111 2119 3140 2174 ?
3193 2119 3321 2191 quia
3372 2120 3494 2175 ideo

1900 2221 2088 2276 passus
2117 2215 2216 2272 est,
2251 2213 2312 2261 ut
2339 2207 2662 2280 exspoliatis
2689 2207 2884 2264 inferis
2916 2209 3122 2266 virtute
3166 2209 3362 2278 Patris,
3387 2212 3496 2267 de-

1899 2294 2045 2350 victa
2094 2303 2268 2351 morte
2315 2313 2621 2368 resurgens,
2673 2314 2799 2353 cum
2842 2299 3132 2354 animabus
3179 2299 3380 2371 ereptis
3437 2299 3494 2354 in

1897 2386 2094 2441 ccelum
2151 2386 2485 2442 ascenderet.
2546 2387 2740 2443 Omnis
2792 2389 2941 2444 enim
3004 2389 3320 2462 quicunque
3376 2388 3496 2444 viso

1899 2475 2178 2532 Salvatore
2219 2476 2363 2547 apud
2403 2476 2627 2544 inferos,
2687 2477 2925 2549 speravit
2972 2478 3038 2532 de
3085 2479 3183 2532 illo
3241 2479 3492 2545 salutem,

1899 2565 2161 2620 liberatus
2214 2572 2316 2630 est,
2375 2565 2532 2620 Petro
2585 2567 2831 2635 apostolo
2878 2566 2981 2621 hoc
3033 2573 3300 2632 testante;
3357 2567 3494 2624 dicit

1899 2654 2046 2710 enim
2083 2653 2212 2725 quia
2241 2662 2295 2708 et
2323 2655 2558 2710 mortuis
2586 2655 2914 2726 praedicatus
2943 2663 3023 2710 est
3054 2657 3113 2725 (Ι
3134 2657 3277 2710 Petr.
3305 2673 3382 2722 IV,
3413 2656 3495 2724 6).

1898 2741 2003 2808 Qui
2035 2741 2101 2796 de
2131 2741 2220 2796 his
2242 2757 2369 2812 ergo
2399 2741 2455 2795 in
2487 2741 2650 2796 corde
2679 2758 2778 2796 suo
2813 2759 2926 2796 non
2959 2742 3196 2809 dubitat,
3232 2743 3496 2812 justiﬁca-

1899 2842 1987 2890 tus
2015 2841 2095 2890 est
2125 2849 2194 2888 ex
2223 2832 2347 2888 ﬁde.
2373 2833 2457 2887 Ex
2483 2832 2596 2904 lege
2621 2842 2804 2889 autem
2822 2832 3116 2905 justiﬁcari
3142 2833 3312 2888 timor
3328 2834 3492 2890 facit:

1899 2924 2058 2979 timet
2085 2922 2232 2978 enim
2279 2923 2478 2993 legem,
2511 2923 2641 2995 quia
2679 2921 2831 2978 videt
2863 2923 3011 2977 illam
3046 2937 3258 2993 poenam
3293 2922 3496 2977 inferre

1899 3011 2272 3082 peccantibus.
2308 3011 2436 3068 Ideo
2465 3029 2576 3067 non
2625 3028 2821 3083 magna
2846 3009 3062 3082 justitia
3091 3011 3225 3082 legis
3264 3019 3362 3078 est,
3396 3028 3498 3067 nec

1902 3101 2156 3156 meritum
2188 3103 2421 3158 collocat
2451 3103 2594 3174 apud
2623 3104 2820 3168 Deum,
2865 3101 2960 3157 sed
2995 3101 3062 3157 ad
3094 3117 3330 3171 praesens
3364 3120 3375 3156 :
3418 3101 3495 3156 ﬁ-

1901 3190 1996 3245 des
2021 3199 2201 3246 autem
2233 3191 2363 3261 quia
2391 3190 2691 3248 incredulis
2723 3190 2977 3254 stultitia,
3032 3189 3336 3245 mercedem
3388 3189 3496 3244 ha-

1902 3279 1992 3335 bet
2022 3279 2165 3350 apud
2195 3281 2391 3347 Deum,
2427 3279 2494 3335 de
2524 3295 2633 3351 quo
2661 3279 2808 3352 quod
2839 3294 2950 3334 non
3005 3278 3245 3347 videtur,
3300 3295 3495 3350 spera—

1903 3378 2013 3424 1111⁸.

1975 3468 2155 3538 (Vers.
2191 3467 2272 3538 8.)
2321 3491 2339 3514 ι
2377 3464 2478 3523 Sed
2510 3465 2643 3540 quid
2675 3465 2811 3522 dicit
2839 3466 3164 3538 Scriptura?
3193 3467 3364 3540 Prope
3415 3477 3498 3525 est

1900 3557 2129 3612 verbum
2152 3556 2209 3612 in
2231 3573 2323 3612 ore
2354 3565 2468 3625 tuo,
2498 3565 2549 3612 et
2585 3557 2639 3611 in
2669 3555 2832 3612 corde
2853 3557 3144 3627 tuo(Deu.t.
3165 3575 3302 3626 xxx,
3326 3558 3436 3626 14).
3465 3583 3483 3605 ι

1902 3647 2016 3702 Hoc
2043 3646 2307 3719 scriptum
2356 3655 2436 3702 est
2484 3646 2540 3701 in
2585 3647 3030 3713 Deuteronomio,
3077 3647 3205 3720 quia
3253 3664 3362 3703 non
3413 3654 3495 3702 est

1899 3737 2056 3809 longe
2101 3737 2168 3792 ab
2196 3736 2381 3792 animo
2416 3745 2604 3792 nostro
2634 3739 2719 3794 vel
2752 3754 2864 3805 ore,
2897 3738 3044 3811 quod
3073 3739 3233 3794 nobis
3263 3738 3489 3805 dicitur,

1895 3835 1956 3884 ut
1985 3826 2270 3883 credamus
2299 3827 2550 3900 quamvis
2600 3828 2746 3883 enim
2791 3827 3128 3883 oculisL'nOn
3157 3828 3426 3894 videatur,
3460 3844 3492 3882 a

1896 3926 2089 3973 natura
2138 3927 2319 3974 tamen
2364 3919 2672 3972 animarum
2711 3926 2766 3973 et
2803 3915 3063 3988 loquendi
3113 3917 3322 3971 ratione
3377 3932 3489 3970 non

1895 4007 2193 4076 discordat,
2219 4007 2364 4081 quod
2394 4007 2690 4064 credimus.
2725 4009 2787 4062 In
2819 4008 2935 4079 ipsa
2973 4006 3120 4062 enim
3164 4015 3359 4062 natura
3391 4007 3490 4060 in-

1894 4108 2036 4154 serta
2061 4106 2190 4154 sunt
2227 4101 2378 4153 velut
2419 4097 2647 4162 semina,
2703 4113 2822 4168 quae
2868 4095 3060 4150 auditu
3110 4105 3162 4151 et
3206 4097 3490 4150 voluntate

1895 4187 2118 4242 exculta
2153 4186 2490 4242 fructificant
2521 4185 2899 4241 testimonium
2933 4185 3050 4257 (52)
3085 4184 3378 4242 Creatoris.
3447 4197 3450 4202 ‘

1969 4285 2152 4356 (Vers.
2181 4286 2235 4353 9,
2273 4285 2384 4354 10.)
2433 4308 2450 4330 ε
2491 4285 2605 4340 Hoc
2635 4293 2714 4341 est
2733 4284 2962 4340 verbum
2997 4285 3143 4351 fidei,
3178 4283 3324 4358 quod
3353 4301 3486 4356 prze-

1893 4373 2161 4430 dicamus.
2204 4399 2220 4420 -
2282 4373 2505 4430 Nullum
2566 4391 2701 4447 opus
2757 4373 2894 4430 dicit
2953 4375 3104 4447 legis,
3156 4374 3249 4430 sed
3313 4375 3483 4430 solam

1894 4465 2057 4520 fidem
2089 4463 2323 4521 dandam
2353 4465 2410 4521 in
2441 4481 2600 4521 causa
2617 4464 2842 4523 Christi.
2887 4490 2904 4511 ε
2927 4464 3066 4532 Quia
3094 4465 3139 4520 si
3171 4463 3487 4520 conﬁtearis

1895 4555 1950 4610 in
1996 4571 2088 4610 ore
2117 4565 2212 4612 tuo
2241 4556 2538 4612 Dominum
2568 4556 2774 4624 Iesum,
2805 4565 2858 4612 et
2899 4555 3198 4612 credideris
3231 4552 3286 4608 in
3320 4550 3486 4609 corde

1889 4657 1985 4705 tuo
2015 4648 2161 4724 quod
2195 4651 2339 4706 Deus
2388 4651 2546 4704 illum
2587 4649 2871 4714 excitavit,
2905 4648 3087 4702 salvus
3131 4645 3257 4699 eris.
3310 4641 3484 4700 Corde

1889 4739 2034 4795 enim
2072 4743 2165 4802 87
2195 4739 2439 4794 creditur
2468 4737 2534 4792 ad
2559 4736 2856 4807 justitiam,
2895 4752 2987 4791 ore
3032 4742 3214 4788 autem
3258 4731 3484 4788 confes—

1889 4837 1970 4892 sio
1999 4837 2060 4890 lit
2089 4835 2154 4890 ad
2195 4837 2447 4891 salutem.
2491 4859 2508 4881 ι
2571 4835 2921 4904 Quaecunque
2960 4831 3213 4902 superius
3264 4829 3482 4884 locutus

1887 4933 1986 4992 est,
2022 4925 2113 4980 hic
2142 4926 2237 4980 illa
2268 4924 2663 4987 manifestavit,
2695 4923 2838 4977 hanc
2869 4938 2984 4976 esse
3037 4922 3280 4991 regulam
3330 4919 3480 4988 ﬁdei,

1891 5016 2112 5073 credere
2162 5016 2462 5073 Dominum
2511 5029 2626 5068 esse
2672 5012 2877 5078 Iesum,
2910 5018 2964 5066 et
3006 5027 3117 5066 non
3162 5012 3480 5068 erubescere

1882 5216 1945 5256 su
1999 5213 2123 5254 cum
2176 5196 2265 5262 iis,
2305 5209 2460 5267 quos
2510 5193 2815 5267 sequimur,
2869 5192 3208 5267 per/"cationi.
3260 5194 3482 5267 Duabus

1885 5287 2013 5326 vero
2044 5265 2351 5340 interjectis
2400 5265 2628 5340 vocibus
2676 5283 2806 5323 mss.
2855 5265 3066 5338 aliquot
3109 5265 3332 5332 habent,
3381 5266 3480 5336 ﬁde

1882 5339 2195 5416 satis/facere
2212 5355 2309 5411 per
2342 5343 2501 5416 totam
2532 5339 2691 5416 legent
2712 5346 2759 5394 et
2783 5340 3085 5416 prophetas.
3135 5407 3144 5416 _

1957 5407 2094 5494 (51)-
2111 5407 2284 5494 Ro_m._
2304 5407 2436 5463 edit.
2470 5407 2605 5494 sola,
2637 5411 2744 5494 ch
2773 5407 2969 5494 dictitm
3011 5416 3101 5494 est
3125 5407 3180 5461 in
3229 5407 3478 5463 Numeris

1883 5490 1930 5539 et
1959 5481 2015 5538 in
2045 5481 2312 5538 Ezechiele
2337 5481 2634 5551 prophetas.
2669 5483 2797 5550 Qua:
2828 5488 3020 5550 autem,
3056 5490 3159 5536 etc.

1957 5553 2074 5625 (52)
2106 5555 2206 5628 Ms.
2252 5550 2442 5618 Corb.,
2491 5556 2696 5611 exculta
2739 5552 3480 5628 signiﬁcarenttestimonium,

1887 5642 1996 5682 non
2035 5625 2165 5680 satis
2199 5629 2362 5696 recte.
