3932 6210
414 291 513 348 151

1416 293 1512 348 AD
1553 290 1787 348 OPERA
1827 291 1881 347 S.
1924 289 2260 348 AMBROSII
2299 290 2678 346 APPENDIX.

3648 289 3764 346 152

410 413 657 487 proﬁteri
709 412 840 488 quia
884 415 1029 471 Deus
1088 412 1247 471 illum
1304 431 1373 472 ex
1427 416 1660 471 mortuis
1712 415 2002 483 reducens,
2036 415 2086 474 Α
2130 439 2147 460 ε
2184 413 2393 469 Nomen
2423 413 2560 469 mihi
2587 413 2856 470 Dominus
2883 421 2965 469 est
2993 413 3196 484 (Exod.
3229 430 3310 480 v1,
3345 413 3430 485 3).
3482 413 3597 470 Hic
3651 411 3751 469 est

411 503 644 563 deduxit
665 504 825 561 illum
856 504 914 561 in
942 504 1140 562 cmlum
1171 521 1295 561 cum
1325 521 1572 578 corpore,
1605 503 1751 561 unde
1783 513 2003 562 venerat

413 596 784 654 incarnandus
817 613 830 662 ;
862 611 929 650 ne
972 595 1219 654 incurrat
1260 595 1586 651 sententiam
1617 594 2005 666 Evangelicam

413 687 685 746 dicentem
722 705 733 742 :
781 710 799 734 ι
836 685 1018 754 Multi,
1046 685 1248 760 inquit,
1279 703 1347 743 ex
1378 685 1723 758 principibus
1755 684 2009 751 credide-

412 786 544 834 runt
573 779 630 834 in
656 777 858 844 Iesum,
891 774 985 831 sed
1029 777 1206 848 palam
1253 791 1365 830 non
1405 775 1804 847 profitebantur
1848 791 2007 848 prop-

413 876 498 924 ter
516 867 749 924 Judzeos.
769 866 1079 922 Maluerunt
1098 865 1244 920 enim
1263 865 1489 938 gloriam
1507 863 1796 921 hominum
1815 865 2008 938 magis,

413 973 575 1030 quam
607 956 835 1028 gloriam
865 955 964 1012 Dei
999 956 1178 1027 (Joan.
1211 972 1316 1025 xu,
1339 955 1428 1023 42,
1456 955 1570 1026 la3).
1614 981 1632 1003 ι

485 1063 664 1134 (Vers.
701 1064 813 1136 11.)
858 1088 876 1110 ι
907 1063 1055 1120 Dicit
1084 1063 1234 1119 enim
1281 1063 1565 1136 Scriptura
1613 1079 1709 1134 per
1755 1061 1950 1120 Isaiam
1995 1081 2006 1120 :

413 1149 607 1207 Omnis
634 1149 730 1224 qui
757 1150 934 1208 credit
962 1151 1020 1206 in
1073 1151 1252 1219 illum,
1295 1167 1408 1206 non
1454 1150 1824 1206 confundetur
1875 1152 2009 1222 (Isa.

413 1258 618 1310 xxvm,
649 1242 760 1310 16).
805 1267 824 1290 ι
869 1244 1013 1298 Dum
1043 1241 1190 1296 enim
1221 1257 1452 1296 examen
1474 1240 1702 1312 cceperit
1731 1241 1849 1296 ﬁeri
1883 1258 2014 1297 om-

411 1331 567 1389 nium
599 1347 782 1387 rerum
806 1330 864 1386 in
894 1329 984 1385 die
1008 1329 1229 1402 judicii,
1261 1338 1315 1386 et
1342 1330 1526 1385 omnia
1549 1329 1684 1385 falsa
1706 1339 2017 1405 commenta

412 1421 499 1476 vel
526 1419 782 1493 dogmata
811 1419 869 1475 in
899 1419 1282 1476 confusionem
1314 1419 1542 1486 deduci;
1578 1429 1711 1476 tunc
1755 1419 1812 1476 in
1843 1419 2016 1476 Chri—

413 1520 557 1568 stum
619 1509 900 1568 credentes
959 1510 1364 1584 tripudiabunt,
1433 1511 1682 1570 videntes
1757 1511 2016 1569 omnibus

411 1599 752 1658 manifestari
783 1598 912 1674 quia
940 1599 1086 1673 quod
1115 1599 1488 1669 crediderunt,
1520 1619 1715 1659 verum
1769 1609 1850 1658 est
1901 1621 1913 1658 :
1963 1609 2016 1658 et

412 1692 676 1765 prudens,
723 1691 870 1765 quod
912 1693 1144 1748 stultum
1184 1691 1498 1765 putabatur.
1533 1694 1819 1766 Aspicient
1866 1695 2014 1750 enim

415 1782 561 1838 inter
591 1790 814 1839 caeteros
843 1797 900 1837 se
929 1783 1075 1838 solos
1125 1783 1391 1856 gloriosos
1437 1791 1491 1840 et
1544 1783 1862 1856 prudentes,
1919 1783 2014 1858 qui
2045 1782 2090 1842 B

418 1867 673 1924 mstimati
729 1867 949 1927 fuerant
995 1869 1445 1943 contemptibiles
1479 1877 1533 1926 et
1565 1872 1746 1928 stulti.
1784 1871 1906 1928 Illic
1935 1879 2018 1927 est

418 1955 565 2011 enim
625 1973 752 2015 vera
807 1957 1146 2032 approbatio,
1215 1959 1312 2017 ubi
1365 1959 1736 2018 remuneratio
1775 1969 1829 2016 et
1875 1975 2017 2016 con-

416 2041 718 2104 demnatio.

489 2176 671 2247 (Vers.
703 2175 816 2246 12.)
861 2199 880 2224 ι
918 2175 1040 2234 Non
1087 2175 1236 2233 enim
1288 2184 1370 2234 est
1418 2175 1702 2233 distinctio
1757 2176 1933 2233 Judaei
1965 2185 2021 2234 et

419 2264 614 2322 Graeci.
659 2291 678 2315 ι
718 2265 1062 2324 Generaliter
1091 2282 1284 2323 omnes
1331 2273 1428 2323 aut
1477 2265 1743 2324 confundi
1799 2275 2020 2338 propter

420 2354 781 2412 difﬁdentiam
815 2355 972 2425 dicit,
1005 2364 1100 2413 aut
1128 2355 1417 2414 sublimari
1447 2373 1612 2412 causa
1637 2355 2016 2424 credulitatis;

421 2444 552 2518 quia
579 2445 698 2502 sine
727 2445 950 2504 Christo
995 2446 1142 2519 apud
1183 2447 1360 2502 Deum
1404 2446 1562 2502 nulla
1598 2446 1744 2502 salus
1774 2455 1875 2515 est,
1907 2447 2020 2502 imo

424 2548 588 2606 poena
616 2543 715 2604 est,
742 2544 838 2592 aut
881 2553 1048 2593 mors.
1073 2537 1185 2593 Nec
1211 2537 1360 2592 enim
1387 2535 1604 2593 Iudaeos
1637 2535 2022 2593 commendare

436 2625 638 2698 poterit
691 2627 1052 2700 praerogativa
1087 2627 1343 2697 Patrum,
1380 2634 1476 2685 aut
1522 2627 1667 2684 enim
1727 2626 2020 2699 legislatio,

429 2715 525 2788 qui
551 2716 809 2772 meritum
836 2723 890 2772 et
929 2716 1346 2788 promissionem
1379 2716 1602 2773 Patrum
1639 2733 1751 2772 non
1797 2731 2024 2788 recepe-

429 2816 584 2864 runt.
615 2807 816 2864 Gentes
863 2815 1047 2864 autem
1090 2808 1308 2863 nullum
1356 2806 1562 2862 habent
1617 2805 2021 2875 testimonium,

425 2911 536 2967 quo
587 2895 676 2948 vel
732 2893 1038 2951 secundum
1103 2910 1324 2950 carnem
1379 2893 1854 2963 commendentur,
1914 2895 2020 2951 nisi

427 2981 654 3039 credant
684 2981 741 3036 in
776 2981 1078 3038 Christum.
1152 3006 1170 3030 ‹
1206 2983 1344 3038 Nam
1392 2981 1537 3037 idem
1586 2983 1854 3040 Dominus
1892 3002 2022 3041 om-

427 3069 608 3138 nium,
639 3070 795 3128 dives
824 3070 883 3126 in
909 3070 1190 3141 omnibus,
1223 3071 1318 3145 qui
1340 3072 1602 3130 invocant
1629 3073 1812 3131 illum.
1851 3098 1871 3124 ι
1910 3076 2019 3132 Ma-

429 3161 689 3219 nifestum
714 3171 794 3220 est
819 3162 887 3220 ad
930 3178 1122 3219 omnes
1166 3163 1271 3222 hoc
1317 3163 1608 3237 pertinere,
1641 3164 1758 3222 sive
1803 3166 2022 3222 Iudaeos

429 3251 546 3308 sive
581 3253 829 3321 Graecos;
865 3253 993 3326 quia
1023 3253 1142 3311 sine
1163 3253 1514 3312 invocatione
1544 3255 1770 3312 Domini
1816 3254 2023 3313 Christi

426 3356 590 3397 nemo
618 3342 760 3400 vivit
788 3341 933 3416 apud
962 3344 1157 3399 Deum.
1197 3343 1334 3401 Cum
1365 3360 1493 3417 ergo
1523 3344 1776 3400 omnium
1820 3345 2024 3402 Domi-

424 3448 528 3488 nus
557 3433 650 3501 sit,
694 3433 1071 3490 consentiente
1112 3434 1273 3490 Petro
1321 3435 1589 3507 apostolo,
1634 3444 1688 3492 et
1727 3435 1946 3492 dicente
2005 3453 2018 3492 :

439 3543 458 3568 σ
499 3521 601 3576 Hic
627 3528 728 3588 est,
759 3521 963 3592 inquit,
991 3521 1242 3577 omnium
1272 3523 1542 3578 Dominus
1575 3523 1717 3593 (Act.
1753 3541 1812 3592 x,
1850 3524 2006 3595 36),»

427 3609 583 3664 dives
612 3616 794 3664 tamen
824 3625 935 3664 non
966 3617 1068 3677 est,
1101 3610 1209 3665 nisi
1241 3609 1300 3664 in
1328 3609 1397 3666 iis
1427 3611 1521 3683 qui
1553 3611 1815 3670 invocant
1837 3613 2018 3682 illum,

427 3696 560 3769 quia
590 3696 698 3768 ipsi
747 3697 1024 3771 accipient
1068 3699 1590 3758 remunerationem.
1626 3701 1857 3758 Perﬁdis
1891 3719 2021 3761 vero

426 3800 542 3840 non
569 3792 650 3842 est
669 3785 853 3854 dives;
905 3787 1035 3860 quia
1077 3788 1372 3862 participes
1419 3806 1531 3846 non
1579 3798 1708 3847 sunt
1748 3790 2020 3848 bonorum

426 3873 564 3947 ejus,
595 3891 772 3950 neque
826 3877 974 3938 enim
1025 3877 1318 3952 accipient,
1361 3881 1507 3953 quod
1553 3879 1811 3938 daturum
1859 3882 2019 3940 illum

425 3980 535 4020 non
565 3965 935 4024 crediderunt.
958 3967 1030 4023 Et
1052 3974 1233 4024 tamen
1264 3984 1375 4025 non
1404 3968 1550 4026 dixit
1576 3971 1752 4028 Deum
1784 3971 2017 4028 divitem

423 4054 794 4125 credentibus,
842 4056 937 4112 sed
977 4056 1371 4116 invocantibus
1401 4059 1584 4129 illum,
1624 4069 1686 4117 ut
1728 4069 2016 4134 postquam

421 4143 678 4211 credidit,
703 4161 814 4201 non
843 4145 1060 4203 desinat
1087 4147 1308 4204 animus
1356 4147 1414 4205 id
1456 4149 1752 4222 postulare,
1807 4150 1953 4223 quod
1987 4168 2019 4207 a

405 4235 538 4290 .Deo
566 4249 780 4304 semper
807 4234 1006 4292 doctus
1035 4244 1115 4291 est
1141 4237 1554 4309 postulandum,
1581 4241 1725 4296 sicut
1752 4239 1811 4295 in
1856 4257 2016 4297 evan-

422 4321 566 4393 gelio
615 4323 917 4379 secundum
958 4324 1162 4380 Lucam
1211 4335 1429 4383 tenetur
1481 4329 1748 4398 scriptum
1798 4337 2016 4402 propter

420 4411 793 4468 adversarium
840 4412 982 4485 (53),
1042 4414 1171 4485 quia
1220 4414 1440 4472 subtilis
1501 4425 1555 4474 et
1600 4427 1855 4475 versutus
1911 4428 2010 4490 est,

419 4514 634 4572 semper
664 4499 933 4556 orandum
984 4515 1100 4557 esse
1143 4503 1296 4573 (Luc.
1331 4520 1494 4570 xvm,
1527 4506 1580 4576 1)
1618 4524 1630 4562 :
1659 4506 2012 4566 credentibus
2041 4505 2089 4564 D

417 4597 600 4646 autem
649 4591 766 4646 sola
813 4589 976 4646 datur
1029 4591 1280 4650 remissio
1335 4602 1704 4667 peccatorum.
1755 4597 2014 4672 Sequitur

414 4686 597 4736 autem
622 4687 686 4736 ut
731 4677 984 4752 precibus
1010 4679 1228 4740 deditus
1251 4683 1514 4741 liberetur
1540 4701 1572 4742 a
1601 4687 1767 4757 malo,
1798 4695 1853 4744 et
1875 4707 2010 4764 pos-

413 4767 487 4824 sit
513 4769 776 4845 consequi
802 4769 949 4844 quod
986 4773 1242 4846 promisit
1291 4775 1438 4832 Deus
1484 4783 1602 4833 toto
1646 4777 1810 4836 corde
1855 4779 2010 4852 vigi-

413 4859 675 4918 lantibus.

485 4986 669 5057 (Vers.
702 4987 823 5060 13.)
863 5011 882 5038 α
918 4989 1112 5048 Omnis
1141 4989 1290 5047 enim
1312 4991 1629 5067 quicunque
1657 4994 2006 5052 invocaverit

411 5091 614 5132 nomen
643 5077 888 5147 Domini,
935 5081 1120 5135 salvus
1160 5081 1284 5138 erit.
1331 5107 1350 5130 ι
1396 5084 1458 5139 Ιη
1506 5083 1737 5140 Michaea
1790 5083 2003 5140 dictum

407 5150 489 5222 est
519 5164 662 5237 (5t).
689 5167 810 5240 Ipse
837 5167 984 5224 enim
1011 5170 1175 5239 Deus,
1206 5170 1302 5245 qui
1334 5171 1486 5228 visus
1510 5181 1593 5229 est
1620 5171 1818 5245 Moysi,
1843 5171 2004 5230 dicit-

475 5365 592 5439 (53)
627 5367 704 5441 lt_a
731 5384 860 5426 mss.
894 5369 1079 5440 plures
1106 5385 1171 5426 ac
1220 5366 1564 5441 probatiores
1594 5386 1606 5424 :
1639 5369 1734 5424 alii
1775 5387 1908 5427 vero
1947 5379 2002 5427 et

403 5453 594 5515 omnes
622 5439 782 5515 edit.,
812 5438 941 5512 quia
988 5441 1044 5497 in
1099 5438 1365 5510 evangelio
1406 5439 1561 5494 Luae
1606 5441 1734 5496 dicit
1778 5449 2002 5515 propter

400 5509 791 5581 adversarium,
820 5509 930 5569 etc.

473 5580 589 5664 (54)
621 5580 780 5642 Rom.
809 5582 968 5665 edit),
989 5582 1183 5665 Hoeni}
1207 5581 1323 5665 Joet
1340 5581 1543 5665 dictum
1569 5591 1671 5665 est:
1685 5585 1789 5641 Sed
1805 5601 1996 5665 quam-

398 5650 490 5710 vis
509 5650 575 5711 in
595 5670 660 5711 eo
705 5653 970 5731 propheta
999 5670 1061 5722 ιι,
1099 5653 1189 5722 22,
1223 5661 1424 5711 citatus
1449 5655 1602 5712 locus
1657 5650 1996 5725 inveniatur,

2119 501 2292 558 Filius
2321 503 2438 570 Dei,
2474 503 2569 576 qui
2612 502 2735 558 ideo
2764 511 2817 558 et
2855 504 3095 574 Angelus
3125 510 3178 559 et
3209 505 3356 560 Deus
3391 519 3513 560 esse
3548 503 3754 559 dictus

2118 599 2198 647 est
2227 610 2238 647 :
2264 601 2324 648 ut
2353 608 2464 646 non
2492 592 2604 662 ipse
2635 607 2767 659 esse,
2799 608 2830 646 a
2859 608 2966 664 quo
2991 601 3119 648 sunt
3149 593 3358 660 omnia,
3401 600 3748 664 putaretur,

2117 680 2211 736 sed
2269 679 2360 736 hic
2409 696 2523 735 esse
2579 696 2676 751 per
2730 696 2891 753 quem
2931 690 3061 737 sunt
3128 681 3335 748 omnia,
3395 690 3459 737 ut
3523 679 3598 736 ad
3678 679 3742 734 id

2120 768 2405 841 pertineat,
2452 769 2544 840 qui
2596 770 2742 824 Deus
2795 769 2974 825 dictus
3020 777 3122 838 est,
3159 769 3307 843 quod
3361 786 3543 825 unum
3607 775 3748 825 sunt

2120 857 2281 914 Pater
2305 865 2358 914 et
2389 856 2585 914 Filius.
2618 859 2862 926 Angelus
2891 867 3074 914 autem
3107 858 3175 914 ad
3219 859 3344 928 hoc,
3390 859 3524 930 quia
3573 874 3744 912 nun-

2121 946 2234 1002 tius
2257 945 2537 1020 promissae
2567 946 2759 1003 salutis
2785 955 2866 1002 est
2895 947 3094 1003 missus
3123 963 3154 1003 a
3183 948 3359 1003 Patre.
3408 948 3480 1004 Et
3529 947 3742 1003 missus

2135 1034 2260 1092 ideo
2285 1034 2514 1100 dicitur,
2535 1043 2598 1092 ut
2622 1053 2732 1090 non
2756 1035 2870 1108 ipse
2895 1037 3052 1094 Pater
3083 1053 3198 1092 esse
3223 1035 3504 1104 credatur,
3534 1035 3638 1091 sed
3669 1035 3738 1090 ab

2123 1141 2186 1180 eo
2223 1125 2455 1196 genitus.
2486 1125 2720 1198 Ideoque
2761 1126 3076 1199 quicunque
3125 1125 3467 1182 invocaverit
3519 1142 3729 1180 nomen

2123 1214 2344 1270 Domini
2389 1215 2574 1272 salvus
2609 1214 2733 1271 erit.
2793 1215 2907 1272 Hoc
2953 1231 3116 1272 sensu
3153 1224 3207 1272 et
3243 1216 3460 1288 Moyses
3505 1215 3735 1271 locutus

2123 1312 2205 1360 est
2233 1323 2245 1361 :
2277 1304 2623 1378 Quicunque,
2642 1305 2739 1373 ait,
2763 1322 2874 1360 non
2897 1305 3135 1361 audierit
3160 1304 3481 1378 prophetam
3534 1305 3725 1372 illum,

2125 1393 2585 1450 exterminabitur
2612 1393 2678 1449 de
2709 1393 2866 1465 plebe
2923 1395 3104 1466 (Deut.
3157 1411 3318 1461 xvm,
3363 1393 3450 1464 18,
3504 1393 3621 1464 19).
3678 1393 3732 1449 Si

2127 1483 2239 1555 ipse
2273 1493 2354 1540 est
2375 1483 2622 1539 omnium
2655 1484 2947 1552 Dominus,
2987 1485 3101 1556 ipse
3136 1484 3426 1541 invocatur
3459 1500 3490 1540 a
3534 1484 3726 1540 servis.

2126 1574 2197 1628 Et
2225 1573 2353 1646 quia
2383 1589 2574 1628 verum
2609 1582 2711 1641 est,
2745 1571 2946 1644 adjecit
2978 1590 2990 1628 :

2199 1663 2381 1734 (Vers.
2415 1663 2528 1735 14.)
2575 1688 2592 1710 ι
2633 1662 2922 1730 Quomodo
2945 1680 3072 1735 ergo
3099 1663 3458 1731 invocabunt,
3487 1663 3547 1718 in
3569 1679 3728 1737 quem

2126 1769 2236 1808 non
2267 1752 2662 1809 crediderunt?
2701 1777 2718 1798 ι
2759 1752 2918 1810 Certe
2949 1752 3169 1809 Christo
3200 1768 3308 1808 non
3339 1751 3579 1810 credunt
3611 1753 3727 1825 (55)

2125 1841 2299 1897 Judaei
2351 1841 2479 1914 ipsi,
2521 1857 2683 1914 quem
2730 1840 2877 1898 dixit
2915 1841 3238 1898 Dominum.
3289 1842 3406 1898 Hoc
3457 1842 3726 1915 sequitur,

2127 1931 2273 2004 quod
2301 1947 2465 2003 supra
2513 1930 2655 1999 dixi,
2687 1932 2816 2004 quia
2847 1932 3000 2004 prius
3026 1930 3360 1988 credendum
3403 1939 3507 1999 est,
3545 1939 3610 1986 ut
3662 1931 3726 1986 sit

2127 2019 2331 2076 ﬁducia
2361 2021 2694 2092 postulandi.
2717 2040 2744 2072 «
2785 2021 2898 2077 Aut
2917 2020 3196 2094 quomodo
3223 2019 3543 2087 credentei,
3565 2036 3723 2094 quem

2128 2126 2237 2166 non
2259 2111 2595 2168 audierunt?
2635 2137 2653 2160 ι
2687 2112 2952 2185 Apertum
2984 2121 3065 2169 est
3095 2128 3205 2168 non
3237 2127 3391 2184 posse
3429 2111 3586 2168 credi
3618 2112 3726 2179 illi,

2128 2200 2218 2256 cui
2248 2201 2559 2259 obedientia
2587 2202 2902 2274 denegatur.
2952 2226 2968 2247 ε
2989 2201 3275 2271 Quomodo
3291 2209 3474 2258 autem
3499 2201 3726 2258 audient

2129 2291 2246 2347 sine
2277 2293 2606 2365 przedicante
2629 2293 2657 2349 7
2685 2317 2704 2341 ι
2737 2293 2848 2350 Nec
2875 2292 2981 2349 hoc
3008 2292 3304 2349 obscurum
3332 2299 3412 2347 est
3439 2292 3455 2347 l
3479 2293 3615 2366 quia
3635 2290 3724 2365 qui

2130 2383 2450 2454 preedicanti
2479 2383 2706 2454 resistit,
2736 2391 3017 2441 auctorem
3043 2382 3161 2455 ejus
3188 2399 3300 2438 non
3331 2382 3553 2454 recipit.

2205 2472 2388 2544 (Vers.
2444 2473 2556 2543 15.)
2605 2498 2622 2520 ι
2661 2472 2774 2528 Aut
2829 2471 3104 2546 quomodo
3161 2471 3563 2544 praedicabunt,
3623 2473 3726 2530 nisi

2130 2561 2468 2618 mittantur?
2506 2587 2524 2609 ι
2564 2563 2751 2635 Neque
2780 2561 2927 2618 istud
2956 2561 3151 2634 recipit
3171 2561 3534 2637 quaestionem
3558 2581 3573 2629 ;
3599 2563 3723 2635 quia

2130 2670 2243 2710 non
2271 2661 2435 2710 erunt
2462 2654 2579 2710 veri
2617 2653 2874 2726 apostoli,
2917 2653 3024 2710 nisi
3074 2670 3105 2709 a
3150 2652 3372 2711 Christo
3411 2653 3723 2723 mittantur,

2130 2759 2231 2800 nec
2259 2751 2516 2816 poterunt
2544 2745 2838 2817 praedicare
2855 2745 2974 2800 sine
2996 2751 3216 2801 auctore
3242 2745 3258 2800 l
3288 2744 3444 2800 nulla
3462 2745 3614 2802 enim
3641 2746 3724 2803 his

2130 2833 2284 2907 signa
2312 2834 2581 2891 virtutum
2612 2834 2902 2908 perhibent
2936 2833 3339 2892 testimonium.
3495 2845 3499 2849 '

2216 2949 2234 2971 ι
2273 2923 2427 2982 Sicut
2455 2925 2721 2997 scriptum
2751 2933 2832 2981 est
2865 2944 2876 2981 :
2916 2924 3089 2992 Quam
3119 2922 3353 2996 speciosi
3381 2923 3545 2996 pedes
3565 2939 3724 2980 evan-

2132 3012 2484 3085 gelizantium
2509 3031 2716 3086 pacem,
2742 3013 3236 3087 evangelizantium
3261 3012 3404 3069 bona
3425 3014 3437 3068 ι
3472 3013 3590 3070 Hoc
3609 3030 3725 3085 pro-

2133 3101 2296 3174 pheta
2312 3101 2448 3158 dicit
2462 3103 2678 3160 Nahum
2704 3105 2938 3174 (Nahum
2958 3120 2998 3172 ι,
3023 3103 3134 3174 15).
3153 3126 3170 3149 ι
3207 3103 3366 3158 Pedes
3381 3101 3621 3158 dicendo
3639 3101 3725 3157 ad.

2134 3199 2359 3248 ventum
2391 3193 2664 3265 significat
2692 3195 3062 3266 apostolorum
3089 3192 3556 3250 circumeuntium
3579 3209 3726 3247 mun-

2135 3283 2297 3353 dum,
2333 3293 2387 3342 et
2418 3301 2646 3358 regnum
2677 3286 2776 3342 Dei
2806 3285 3101 3342 adventare
3131 3283 3552 3357 praedicantium
3573 3285 3721 3358 (56);

2131 3375 2402 3432 adventus
2475 3375 2625 3431 enim
2702 3375 2948 3448 ipsorum
3022 3373 3372 3430 illuminabat
3447 3373 3721 3437 homines,

2133 3463 2280 3519 viam
2329 3463 2625 3520 ostendens
2656 3467 2750 3525 88
2779 3481 2886 3536 qua
2945 3464 3057 3519 itur
3104 3463 3160 3518 in
3217 3479 3348 3535 pace
3403 3462 3474 3518 ad
3531 3465 3724 3527 Deum,

2132 3577 2293 3633 quam
2330 3561 2571 3632 primum
2600 3561 2835 3616 Joannes
2867 3560 3108 3632 Baptista
3139 3566 3361 3614 venerat
3401 3574 3723 3630 praparare.

2132 3650 2261 3706 Haec
2287 3666 2393 3722 pax
2422 3658 2523 3717 est,
2555 3650 2622 3706 ad
2653 3666 2814 3722 quam
2846 3649 3107 3706 festinant
3149 3647 3434 3705 credentes
3466 3650 3524 3702 in
3557 3647 3727 3704 Chri-

2129 3749 2298 3797 stum.
2341 3740 2589 3813 Denique
2618 3749 2838 3797 sanctus
2871 3739 3117 3807 Simeon,
3147 3737 3276 3810 quia
3302 3738 3360 3793 in
3384 3737 3596 3794 mundo
3613 3737 3725 3795 dis-

2129 3831 2318 3889 cordia
2345 3841 2448 3901 est,
2476 3833 2632 3888 laetus
2661 3832 2718 3888 in
2767 3840 2893 3887 ortu
2942 3829 3243 3887 Salvatoris
3276 3849 3288 3887 :
3335 3853 3355 3876 ι
3391 3830 3572 3898 Nunc,
3633 3831 3727 3897 ait,

2129 3921 2385 3990 Domine,
2437 3921 2656 3979 dimitte
2699 3937 2921 3978 servum
2968 3930 3125 3976 tuum
3172 3919 3230 3976 in
3283 3934 3411 3991 pace
3469 3920 3625 3991 (Luc.
3665 3935 3724 3986 ιι,

2128 4009 2258 4082 29);
2296 4036 2314 4058 ι
2353 4011 2483 4084 quia
2511 4027 2739 4083 regnum
2769 4012 2867 4068 Dei
2899 4026 3006 4082 pax
3043 4016 3142 4065 est.
3194 4008 3358 4064 Omni
3399 4007 3548 4064 enim
3603 4024 3728 4064 am-

2127 4107 2315 4172 putata
2339 4100 2634 4169 discordia,
2663 4117 2854 4176 omnes
2884 4101 2977 4155 uni
3011 4101 3122 4155 Deo
3151 4113 3293 4170 genu
3335 4097 3577 4154 nectent.
3610 4099 3726 4154 De-

2127 4189 2293 4262 nique
2321 4191 2616 4248 Jerusalem
2649 4190 2899 4263 superior
2924 4188 3122 4244 civitas
3147 4185 3289 4243 visio
3335 4186 3485 4259 pacis
3537 4185 3723 4242 inter-

2126 4286 2390 4350 pretatur,
2421 4297 2540 4352 quae
2571 4287 2653 4336 est
2681 4287 2854 4334 mater
2885 4284 3091 4334 nostra.

2196 4369 2378 4438 (Vers.
2415 4370 2526 4441 16.)
2553 4395 2570 4417 ι
2593 4370 2698 4426 Sed
2718 4386 2826 4426 non
2850 4384 3040 4424 omnes
3056 4364 3324 4423 obediunt
3343 4365 3666 4437 Evangelia.
3691 4389 3707 4410 -

2123 4459 2327 4516 Verum
2349 4467 2450 4528 est,
2483 4460 2613 4530 quia
2641 4457 2894 4531 quamvis
2920 4457 3229 4514 illustretur
3259 4455 3501 4512 mundus
3528 4456 3723 4527 splen—

2122 4549 2253 4606 dore
2268 4549 2577 4621 disciplinaz
2598 4548 2922 4613 Dominicaa,
2941 4557 3071 4604 sunt
3092 4556 3273 4603 tamen
3297 4546 3388 4620 qui
3409 4553 3720 4618 repugnent
3789 4583 3793 4588 ε

2120 4640 2212 4712 qui
2243 4640 2425 4696 lumen
2456 4639 2704 4695 tenebras
2734 4646 2951 4696 vocent.
2984 4639 3190 4695 Horum
3225 4636 3372 4693 enim
3403 4635 3483 4693 sic
3529 4652 3719 4691 errore

2117 4728 2261 4785 acies
2288 4728 2482 4785 obtusa
2505 4735 2587 4784 est
2619 4728 2839 4797 mentis,
2872 4737 2934 4784 ut
2983 4744 3083 4785 nec
3131 4727 3252 4784 veri
3296 4724 3528 4782 luminis
3569 4725 3722 4782 reci-

2095 4883 2098 4888 _
2117 4817 2271 4890 piant
2290 4817 2658 4889 splendorem.
2683 4818 2830 4886 Quos
2849 4816 3466 4888 accusatEvangelium,
3487 4814 3679 4871 dicens
3703 4833 3714 4870 :

2131 4932 2148 4956 ι
2188 4908 2308 4964 Lux
2333 4907 2390 4964 in
2421 4907 2661 4964 tenebris
2691 4908 2856 4975 lucet,
2889 4916 2943 4964 et
2970 4905 3210 4964 tenebm
3251 4922 3372 4962 eam
3402 4920 3515 4962 non
3547 4921 3714 4962 com-

2114 4997 2523 5070 prehenderunt
2555 4998 2734 5064 (Joan.
2770 5013 2808 5065 ι,
2838 4997 2919 5067 5).
2961 5021 2980 5043 ι

2199 5113 2216 5134 ι
2245 5088 2412 5143 Isaias
2439 5087 2586 5142 enim
2607 5087 2744 5143 dicit
2776 5104 2788 5142 :
2821 5085 3074 5152 Domine,
3097 5084 3222 5157 quis
3241 5082 3478 5141 credidit
3493 5083 3716 5140 auditui

2115 5184 2300 5234 nostro
2333 5178 2469 5250 (Isa.
2499 5193 2617 5246 Lm,
2650 5176 2703 5248 1)
2724 5175 2752 5232 ?
2791 5201 2809 5223 ι
2851 5175 2966 5231 Hoc
2995 5183 3098 5242 est,
3132 5173 3260 5247 quis
3307 5171 3547 5232 credidit
3583 5189 3716 5246 quae

2112 5381 2294 5451 tamen
2317 5373 2560 5451 auctoris
2590 5370 2760 5426 verba
2787 5386 2911 5451 cum
2945 5369 3060 5425 suis
3087 5369 3260 5451 naeyis
3290 5371 3513 5451 praestat
3542 5369 3716 5451 exhi-

2109 5443 2236 5500 bere
2267 5460 2429 5513 quam
2460 5443 2578 5499 sine
2607 5442 3068 5513 exemplariorum
3092 5442 3417 5497 auctoritate
3436 5448 3708 5498 correcta.

2208 5513 2302 5580 55)
2330 5515 2491 5572 Corb.
2523 5514 2721 5580 codex,
2749 5519 2880 5568 certe
2915 5514 3184 5571 Christum
3213 5529 3318 5568 non
3363 5513 3602 5568 credunt.

2208 5515 2302 5586 55)
2330 5515 2491 5572 Corb.
2523 5515 2721 5580 codex,
2749 5519 2880 5568 certe
2915 5515 3184 5571 Christum
3213 5529 3318 5568 non
3363 5515 3602 5568 credunt.

2107 5515 2431 5712 ἀὶεὲξὲαξίηῗ.
2461 5586 2648 5655 Corb.,
2681 5587 2752 5643 Et
2776 5602 2993 5657 regnum
3021 5584 3121 5641 Dei
3148 5583 3404 5640 adventus
3447 5591 3522 5640 est
3549 5601 3713 5658 pra:-

2145 5657 2416 5713 icantium.
