3932 6210
168 283 276 342 153

1263 272 1627 331 COMMENT.
1668 272 1742 328 IN
1780 271 1998 328 EPIST.
2043 274 2138 328 AD
2183 273 2352 330 ROM.

3383 273 3485 332 154

89 443 94 445 -
165 406 490 465 audivimus
537 406 634 462 abs
667 413 737 473 te,
767 411 824 460 et
839 401 1125 474 loquimur
1154 400 1182 456 ?
1214 397 1482 456 Firmavit
1509 395 1766 468 exemplo
1799 399 1851 458 Α
1879 397 2288 466 excruciantur,
2337 398 2559 472 quando
2604 399 2838 455 audiunt
2881 399 3054 473 legem
3110 407 3164 456 et
3189 399 3485 473 prophetas

167 497 494 570 prophetico
537 493 754 552 Iudaos
809 509 927 549 esse
975 491 1408 549 contradictores
1446 488 1772 559 evangelicae

165 588 442 644 veritatis.
474 587 585 642 Lex
613 584 762 640 enim
785 581 1003 638 Iudaeos
1032 581 1277 652 increpat
1305 598 1318 645 ;
1343 579 1472 651 quia
1500 577 1642 634 sicut
1669 575 1778 631 fuit

169 676 319 749 apud
348 683 582 740 veteres,
611 673 689 728 ita
718 682 774 728 et
801 686 951 726 nunc
980 678 1081 725 est.
1116 670 1277 724 Hunc
1303 668 1452 723 enim
1483 681 1775 722 numerum

170 782 286 822 non
311 764 506 836 tangit,
539 763 634 835 qui
665 761 833 817 fidem
862 775 976 815 non
1004 757 1222 829 recipit.

249 854 433 926 (V’ers.
470 853 556 918 17,
583 851 697 920 18.)
743 873 762 894 ι
784 849 930 918 Ergo
946 847 1080 903 fides
1106 862 1173 902 ex
1200 845 1415 912 auditu,
1445 842 1668 899 auditus
1687 858 1778 897 au-

171 951 286 1000 tem
315 959 412 1015 per
432 941 664 998 verbum
700 937 929 996 Christi.
961 962 979 984 ι
1013 936 1362 991 Manifestum
1393 941 1492 999 est,
1517 933 1647 1006 quia
1674 931 1780 987 nisi

172 1033 395 1088 dicatur
427 1028 663 1103 aliquid,
711 1043 812 1083 nec
840 1023 1016 1082 audiri
1044 1032 1243 1095 potest,
1275 1039 1376 1079 nec
1403 1021 1576 1079 credi.
1622 1045 1639 1067 ι
1678 1019 1783 1076 Sed

174 1122 306 1179 dico
334 1138 347 1176 ε
398 1117 679 1192 Numquid
700 1133 809 1172 non
860 1113 1151 1169 audierunt
1184 1111 1211 1167 ?
1243 1135 1261 1159 ι
1320 1112 1435 1167 Hoc
1454 1118 1556 1179 est,
1585 1109 1785 1165 audie-

168 1217 334 1277 runt,
367 1219 422 1266 et
451 1208 670 1266 credere
702 1205 1022 1261 noluerunt.
1062 1201 1330 1269 Quamvis
1361 1201 1510 1256 enim
1541 1199 1678 1255 ﬁdes
1715 1214 1785 1254 ex

174 1299 375 1356 auditu
407 1298 480 1354 sit
509 1316 522 1364 ;
555 1303 682 1352 sunt
726 1301 911 1349 tamen
945 1291 1038 1364 qui
1070 1290 1358 1348 audientes
1386 1305 1500 1345 non
1528 1289 1781 1346 credunt.

172 1389 430 1446 Audiunt
458 1386 626 1452 enim,
657 1391 710 1440 et
740 1397 852 1438 non
884 1381 1206 1453 intelligunt
1233 1399 1246 1447 ;
1286 1380 1419 1453 quia
1446 1378 1784 1434 malevolen.

172 1479 253 1535 tia
280 1476 617 1534 obcaecatum
644 1480 724 1529 est
754 1488 850 1528 cor
887 1471 1136 1526 illorum.

261 1589 278 1612 ·
320 1565 391 1620 Et
419 1562 642 1636 quidem
664 1560 721 1616 in
751 1575 972 1614 omnem
1003 1566 1205 1614 terram
1220 1557 1362 1612 exiit
1379 1572 1546 1612 sonus
1575 1569 1787 1623 eorum,

179 1663 235 1713 et
255 1669 426 1728 usque
444 1652 514 1708 ad
532 1652 669 1707 fines
688 1649 839 1706 orbis
865 1659 1025 1706 terrae
1069 1649 1237 1705 verba
1261 1649 1506 1704 illorum.
1535 1672 1555 1696 ι
1607 1647 1790 1718 Usque

1881 487 1950 544 ad
1979 504 2080 544 nos
2108 487 2402 560 pertinere,
2441 487 2533 562 qui
2565 488 2848 546 Christum
2879 489 3176 545 credimus.

1957 578 2140 648 (Vers.
2172 577 2289 649 20.)
2343 602 2361 624 ι
2392 579 2558 635 Isaias
2585 579 2769 648 audet,
2799 588 2853 635 et
2873 579 3010 634 dicit
3043 597 3054 635 :
3090 579 3273 635 Palam
3305 579 3482 638 factus

1885 687 2005 726 sum
2052 685 2164 725 non
2213 669 2584 741 quarrentibus
2622 687 2726 737 me,
2778 677 2832 726 et
2873 671 3130 727 inventus
3177 687 3300 726 sum
3341 671 3486 727 inter

1889 778 2002 828 eos,
2051 758 2144 832 qui
2195 774 2280 814 me
2345 774 2456 813 non
2500 757 2910 829 interrogabant
2969 760 3100 829 (Isa.
3153 776 3285 827 va,
3334 757 3410 830 1).
3454 784 3473 808 ι

1890 852 2161 919 Quoniam
2215 865 2380 921 supra
2410 847 2594 904 verbis
2639 847 2816 920 Moysi
2845 865 2974 904 usus
3004 857 3084 904 est
3105 849 3171 904 de
3201 849 3488 907 exclusio-

1892 958 1959 997 ne
1986 939 2321 1006 Judaaorum,
2349 936 2417 993 ad
2446 937 2553 994 hoc
2576 953 2792 1009 quoque
2823 937 2973 992 Isaiae
3001 938 3276 1008 prophetae
3306 954 3485 993 exem-

1891 1032 2046 1102 plum
2075 1027 2324 1085 subdidit
2355 1044 2368 1081 :
2391 1034 2452 1082 ut
2480 1025 2546 1082 de
2577 1025 2694 1097 ejus
2720 1024 3105 1096 prosecutione
3131 1026 3370 1096 apertius
3397 1026 3489 1081 do-

1893 1131 2038 1180 ceret
2078 1123 2275 1188 Deum,
2319 1117 2566 1190 expulsis
2605 1115 2833 1184 Iudaeis,
2884 1117 3031 1172 ultro
3077 1115 3331 1188 gentibus
3361 1132 3490 1186 gra—

1896 1211 2028 1266 tiam
2061 1209 2325 1266 obtulisse
2354 1209 2423 1264 ad
2468 1198 2825 1280 opprobrium
2852 1215 2906 1262 et
2936 1221 3121 1262 necem
3152 1206 3487 1263 Iudaeorum.

1896 1305 2023 1359 I-Izec
2093 1302 2241 1358 enim
2296 1300 2461 1357 Isaias
2525 1297 2792 1371 propheta
2852 1313 2922 1352 ex
2997 1313 3227 1369 persona
3287 1295 3492 1354 Christi

1894 1399 2146 1449 testatur.

1969 1483 2153 1553 (Vers.
2204 1482 2328 1551 2i.)
2365 1502 2382 1528 ι
2415 1478 2502 1536 Ad
2543 1478 2704 1534 Israel
2751 1483 2932 1532 autem
2974 1476 3104 1549 quia
3146 1475 3280 1533 dicit
3315 1492 3326 1530 :
3360 1476 3496 1532 Tota

1899 1576 1988 1635 die
2027 1573 2265 1648 expendi
2309 1586 2504 1628 manus
2535 1585 2682 1626 meas
2726 1567 2791 1624 ad
2824 1567 3088 1640 populum
3120 1582 3230 1622 non
3259 1564 3496 1622 creden—

1901 1675 2035 1735 tem,
2085 1674 2139 1722 et
2166 1661 2634 1721 contradicentem
2683 1659 2845 1729 (Ibid.
2881 1657 2938 1728 2)
2982 1683 2999 1705 ι
3043 1655 3144 1713 Hic
3171 1656 3332 1712 Israel
3366 1671 3496 1711 car-

191 1745 328 1802 adeo
373 1739 816 1815 praedicationem
844 1739 943 1794 Dei
983 1755 1015 1793 a
1043 1737 1248 1794 Iudaeis
1275 1737 1519 1793 auditam
1549 1751 1665 1791 esse
1689 1742 1782 1789 te-

1909 1757 2035 1815 ialis
2061 1762 2164 1820 est,
2232 1753 2341 1808 hoc
2365 1759 2468 1818 est,
2499 1749 2737 1805 Abrahae
2766 1747 2890 1815 ﬁlii,
2923 1745 3018 1802 sed
3050 1761 3160 1801 non
3191 1744 3493 1801 secundum

178 1841 378 1902 statur,
405 1839 467 1888 ut
510 1831 674 1887 etiam
705 1828 995 1901 impletum
1027 1827 1215 1884 orbem
1255 1827 1448 1882 divina
1473 1824 1780 1881 annuntia-

177 1926 334 1982 tione
363 1921 718 1996 pronuntiet;
746 1919 864 1991 ipsa
891 1918 1040 1974 enim
1071 1917 1282 1974 fabrica
1303 1915 1499 1972 mundi
1523 1914 1784 1986 praedicat

180 2014 514 2073 Creatorem.
561 2008 719 2078 Quod
761 2009 910 2064 enim
951 2006 1411 2080 Psalmographus
1440 2005 1508 2060 de
1535 2013 1785 2061 creatura

181 2103 328 2161 dixit
375 2102 552 2173 (Psal.
602 2115 768 2167 xviri,
799 2098 880 2168 5),
938 2097 1044 2153 hoc
1083 2096 1381 2168 Apostolus
1425 2094 1491 2150 de
1539 2108 1784 2165 evange-

181 2195 348 2262 listis,
379 2191 511 2264 quia
537 2189 739 2260 ubique
766 2188 952 2245 audita
973 2195 1076 2255 est,
1107 2195 1162 2243 et
1191 2185 1442 2258 pervenit
1476 2186 1532 2241 in
1555 2201 1777 2242 omnem

186 2287 372 2342 locum
421 2280 736 2354 praedicatio
787 2280 1026 2336 nominis
1055 2279 1281 2337 Christi.
1315 2278 1420 2335 Ubi
1449 2277 1597 2334 enim
1629 2293 1778 2349 prae-

185 2375 365 2433 sentia
411 2371 651 2429 hominis
684 2368 1031 2443 praedicantis
1071 2368 1268 2436 defuit,
1320 2384 1488 2423 sonus
1516 2374 1696 2422 tamen
1726 2372 1781 2421 et

183 2465 332 2521 fama
375 2461 648 2536 pervenit,
697 2459 840 2516 sicut
896 2465 1215 2530 pervenerat
1261 2456 1452 2528 opinio
1509 2457 1782 2512 factarum

185 2556 457 2611 virtutum
489 2553 547 2608 in
585 2553 828 2624 JEgypto
871 2549 939 2605 ad
969 2565 1160 2606 omnes
1188 2555 1396 2620 gentes,
1424 2555 1561 2603 teste
1592 2546 1783 2604 Rabab

187 2644 490 2701 meretrice.
519 2642 575 2698 Si
623 2641 769 2697 enim
799 2640 857 2695 in
887 2654 1107 2695 omnem
1148 2637 1329 2694 locum
1363 2635 1637 2710 pervenit,
1671 2652 1783 2690 non

187 2741 485 2806 potuerunt
525 2749 636 2788 non
677 2730 866 2787 audire
913 2728 1086 2786 Judaei
1135 2728 1492 2800 apostolicam
1523 2726 1782 2799 praedica-

189 2823 394 2880 tionem
429 2840 444 2889 ;
503 2829 564 2877 ut
615 2837 778 2877 nemo
823 2835 893 2875 ex
940 2817 1029 2874 bis
1075 2824 1366 2874 excusatus
1393 2817 1521 2873 sita
1549 2815 1782 2873 crimine

190 2911 512 2968 difﬁdentiae
526 2955 537 2966 .

262 3003 444 3074 (Vers.
479 3000 591 3071 I9.)
636 3025 653 3047 ι
701 2999 806 3056 Sed
837 2999 960 3056 dico
994 3015 1005 3054 :
1036 2996 1318 3070 Numquid
1340 2996 1500 3053 Israel
1531 3011 1643 3050 non
1677 3010 1781 3050 co-

187 3090 422 3163 gnovit?
446 3115 466 3139 ›
519 3091 634 3146 Hoc
661 3099 763 3156 est,
793 3089 1125 3161 cognovitne
1145 3089 1172 3144 ‘P
1191 3086 1321 3159 quia
1342 3102 1436 3157 per
1466 3083 1782 3156 supradicta

195 3179 513 3238 testimonia
555 3195 726 3251 genus
755 3177 920 3233 Israel
966 3174 1372 3233 incredulitatis
1400 3190 1563 3230 causa
1590 3172 1790 3244 arguit,

195 3289 324 3329 cum
360 3271 550 3327 dolore
599 3269 665 3324 de
696 3266 954 3321 omnibus
980 3265 1242 3320 Israelitis
1270 3263 1426 3335 queri
1456 3252 1742 3316 videretur
1778 3279 1789 3316 :

194 3377 308 3417 non
339 3365 504 3431 negat
527 3355 691 3412 Israel
722 3352 1044 3424 cognovisse
1075 3359 1128 3406 et
1161 3360 1468 3406 assecutum
1501 3366 1619 3406 esse
1647 3350 1794 3422 quod

186 3449 275 3506 illi
318 3445 655 3521 promissum
685 3441 861 3496 fuerat
893 3438 948 3495 in
984 3439 1132 3511 lege:
1177 3438 1271 3494 sed
1316 3455 1439 3494 eum
1470 3439 1565 3510 qui
1596 3438 1795 3510 spiritu

185 3535 370 3608 magis
413 3533 577 3591 Israel
618 3539 699 3587 est
747 3547 912 3603 quam
939 3547 1120 3597 carne,
1153 3545 1319 3602 quem
1352 3538 1404 3584 et
1443 3531 1587 3585 Deus
1617 3546 1792 3601 pries-

187 3630 362 3688 cierat
405 3624 766 3684 crediturum.
815 3623 1018 3679 Omnes
1064 3621 1215 3678 enim
1243 3619 1559 3689 audierunt,
1594 3629 1648 3678 et
1677 3635 1790 3676 non

191 3733 387 3773 omnes
415 3712 771 3771 crediderunt
799 3729 812 3777 ;
846 3710 1002 3767 ideo:

281 3831 298 3854 ι
339 3806 559 3862 Primus
573 3804 788 3875 Moyses
807 3801 944 3858 dicit
976 3817 988 3854 :
1022 3800 1079 3856 in
1107 3800 1322 3856 cantico
1352 3796 1785 3855 Deuteronomii:

205 3922 225 3946 ι
267 3897 384 3968 Ego
402 3895 471 3951 ad
492 3893 896 3950 aemulationem
929 3907 1027 3946 vos
1047 3888 1316 3946 adducam
1338 3887 1397 3944 in
1419 3903 1529 3943 non
1551 3893 1788 3958 gentem,

193 3988 254 4043 in
286 3993 499 4059 gentem
557 3981 930 4054 insipientem,
964 3981 1022 4036 in
1053 3981 1190 4036 iram
1226 3995 1326 4034 vos
1350 3978 1565 4034 mittam
1599 3977 1785 4047 (Deut.

194 4093 379 4143 xxx",
411 4073 525 4144 21).
559 4097 578 4122 ι
630 4069 973 4143 Indignantis
1002 4069 1169 4125 verba
1199 4077 1349 4136 sunt,
1380 4074 1603 4139 propter
1643 4063 1790 4138 quod

195 4180 408 4238 semper
436 4161 746 4220 difﬁdentes
798 4159 1011 4217 inventi
1042 4166 1172 4214 sunt
1201 4156 1375 4214 Judaei
1403 4173 1414 4211 :
1448 4164 1502 4212 et
1531 4155 1792 4211 omnibus

195 4255 354 4310 malis
386 4253 502 4322 (57)
533 4267 698 4308 unam
729 4251 972 4321 assignat
1011 4247 1418 4320 generationem
1444 4253 1498 4301 et
1527 4259 1748 4300 causam
1773 4259 1787 4308 ;

193 4345 324 4402 dum
355 4349 649 4414 praesentes
697 4340 965 4410 increpat,
998 4337 1203 4392 ibidem
1235 4335 1412 4406 tangit
1441 4333 1614 4404 magis
1644 4332 1791 4386 futu-

193 4449 303 4499 ros,
335 4429 404 4485 ad
430 4445 568 4502 quos
599 4428 704 4484 hoc
726 4426 979 4500 pertinet.
1008 4425 1270 4481 Omnium
1286 4424 1433 4478 enim
1461 4422 1657 4478 horum
1681 4435 1793 4475 una

1896 1851 2058 1908 ﬁdem
2094 1867 2106 1916 ;
2140 1851 2235 1911 89
2282 1860 2408 1899 nam
2439 1842 2603 1898 Israel
2655 1847 2905 1895 verus'et
2947 1837 3249 1910 spiritualis
3276 1850 3357 1897 est
3401 1835 3494 1913 qui

1895 1947 2165 2006 credendo
2220 1944 2373 2002 videt
2428 1943 2624 1998 Deum.
2684 1941 2813 1995 Tota
2869 1937 2972 2001 die,
3030 1949 3243 2005 semper
3290 1930 3495 2004 signiﬁ-

1893 2045 2023 2102 cat;
2079 2049 2295 2106 semper
2359 2029 2506 2086 enim
2556 2025 2793 2098 correpti
2854 2031 3002 2080 sunt.
3061 2023 3351 2092 Propterea
3402 2015 3498 2070 in-

1895 2104 2215 2198 crepantur‘
2259 2137 2372 2179 non
2448 2115 2763 2183 credituri;
2819 2121 2882 2170 ut
2951 2112 3128 2168 sciant
3197 2109 3326 2181 quia
3391 2104 3494 2178 ipsi

1894 2197 2005 2273 sibi
2029 2231 2192 2274 causa
2222 2218 2351 2269 sunt
2397 2205 2748 2284 perditionis.
2780 2205 2963 2261 Potest
2984 2201 3089 2258 hoc
3113 2207 3165 2256 et
3195 2199 3262 2255 de
3295 2197 3496 2255 Salva-

1892 2315 2010 2364 tore
2053 2303 2248 2376 accipi,
2300 2301 2395 2376 qui
2428 2301 2484 2356 in
2533 2313 2696 2355 cruce
2727 2293 2969 2352 extensis
3005 2289 3280 2355 manibus,
3314 2287 3496 2342 inter-

1893 2394 2198 2454 ficientium
2237 2409 2295 2448 se
2319 2397 2608 2464 peccatum
2640 2384 2842 2460 arguit.
2877 2383 3050 2441 Causa
3079 2381 3225 2436 enim
3255 2378 3349 2433 illa
3375 2377 3497 2432 cla-

1894 2496 2007 2543 mat
2053 2486 2374 2542 sceleratum
2420 2481 2634 2538 facinus
2681 2476 2996 2532 Iudaeorum
3036 2471 3307 2543 superius,
3349 2465 3497 2540 quod

1893 2592 2060 2632 ausus
2112 2575 2184 2630 sit
2239 2573 2420 2628 dicere
2472 2570 2639 2626 Isaias
2695 2567 2763 2623 de
2815 2565 2906 2632 iis,
2963 2563 3056 2636 qui
3111 2561 3212 2617 Dei
3279 2559 3499 2613 fuerant

1893 2663 2131 2732 inimici,
2187 2659 2427 2718 ostendit
2483 2659 2584 2714 hos
2633 2657 2838 2712 amicos
2891 2655 3153 2709 futuros:
3198 2657 3251 2703 et
3279 2664 3371 2703 eos
3399 2644 3495 2717 qui

1892 2755 2152 2814 Israelitaa
2211 2751 2558 2818 dicebantur,
2623 2753 2843 2820 propter
2909 2741 3056 2816 quod
3115 2736 3489 2793 inobedientes

1891 2854 2068 2914 erant,
2104 2851 2165 2901 ut
2192 2841 2450 2899 inimicos
2478 2835 2837 2910 abjiciendos.

2514 2963 2741 3024 CAPUT
2781 2962 2878 3019 XI.

1975 3082 2156 3154 (Vers.
2193 3079 2267 3149 I.)
2321 3101 2339 3124 ε
2388 3074 2523 3132 Dico
2553 3072 2722 3145 igitur
2753 3087 2764 3125 :
2801 3064 3083 3139 Numquid
3113 3061 3316 3136 repulit
3343 3064 3490 3119 Deus

1905 3169 2278 3227 lirereditatem
2325 3181 2476 3221 suam
2508 3164 2536 3218 ‘I
2566 3160 2743 3216 Absit.
2773 3183 2790 3206 ι
2853 3158 2992 3224 Quia
3040 3155 3299 3226 populum
3330 3154 3492 3209 Israel

1905 3259 2252 3316 incredulum
2286 3251 2549 3316 ostendit,
2576 3258 2712 3305 tunc
2738 3261 2806 3301 ne
2844 3261 3062 3300 omnem
3095 3243 3257 3298 Israel
3287 3241 3496 3296 dixisse

1905 3348 2245 3405 difﬁdentem
2334 3346 2638 3413 putaretur,
2718 3333 2958 3390 ostendit
3039 3347 3148 3386 non
3236 3328 3496 3400 repulisse

1904 3442 2080 3496 Deum
2137 3431 2510 3489 haereditatem
2565 3440 2716 3481 suam
2758 3438 2920 3495 quam
2978 3417 3276 3491 praescivit,
3309 3417 3364 3473 id
3393 3424 3493 3484 est,

1903 3529 2050 3585 ﬁlios
2094 3524 2330 3582 Abrahae
2373 3535 2510 3593 quos
2541 3516 2728 3572 fideles
2775 3511 2881 3570 sibi
2930 3511 3146 3566 futuros
3174 3507 3356 3563 scivit.
3390 3506 3498 3562 Nec

1901 3618 2049 3675 enim
2100 3615 2218 3687 (58)
2245 3609 2587 3684 promitteret
2611 3604 2691 3661 eis
2733 3617 2983 3674 regnum,
3009 3599 3055 3655 si
3085 3598 3248 3654 sciret
3279 3596 3494 3651 nullum

1900 3724 1970 3763 ex
2017 3684 2497 3761 iis‘crediturum.
2546 3693 2849 3750 Hrereditas
2892 3706 3018 3760 ergo
3067 3685 3291 3744 Domini
3333 3684 3496 3756 juxta

1903 3797 2098 3868 Legem
2129 3793 2232 3848 filii
2264 3796 2393 3846 sunt
2420 3785 2677 3851 Abrahae,
2709 3781 2805 3838 sed
2833 3779 3135 3868 credentes.

1985 3910 2004 3934 ι
2044 3885 2180 3941 Nam
2209 3891 2261 3939 et
2304 3897 2402 3954 ego
2433 3875 2679 3934 Israelita
2718 3888 2862 3938 sum,
2893 3886 2964 3925 ex
3003 3865 3210 3922 semine
3237 3861 3493 3928 Abrahae,

1901 3976 1968 4032 de
1995 3974 2147 4031 tribu
2191 3953 2502 4042 Benjamin.
2550 3991 2567 4012 -
2630 3960 2900 4030 Exemplo
2946 3971 3046 4011 suo
3083 3953 3243 4008 docet
3287 3955 3494 4042 partem

1901 4066 2064 4124 Israel
2121 4038 2410 4125 salvatam,
2461 4071 2624 4128 quam
2670 4047 2949 4124 praescivit
2978 4048 3123 4101 Deus
3152 4038 3493 4104 salvandam,

1901 4164 1995 4214 aut
2035 4155 2216 4210 adhuc
2263 4164 2419 4221 posse
2463 4143 2663 4202 salvari
2701 4160 2713 4198 :
2746 4149 2800 4197 et
2844 4144 3054 4211 partem
3085 4131 3248 4190 Israel
3278 4135 3497 4202 propter

1894 4245 2082 4317 jugem
2110 4237 2474 4296 difﬁdentiam
2508 4228 2807 4308 perditioni
2837 4226 3171 4317 deputatam.

1974 4316 2156 4405 (Vers.
2180 4329 2261 4401 2.)
2307 4327 2461 4382 uNon
2493 4322 2697 4396 repulit
2723 4322 2868 4376 Deus
2896 4316 3106 4389 plebem
3129 4328 3308 4379 suam,
3320 4325 3496 4405 quam

1901 4401 2179 4496 praescivit
2230 4444 2248 4467 ι
2293 4418 2406 4474 Hoc
2435 4422 2535 4482 est,
2578 4410 2725 4487 quod
2756 4407 2894 4466 dicit
2917 4406 3209 4463 Salvator:
3257 4425 3275 4448 ‹
3315 4401 3494 4466 Pater,

193 4488 474 4578 damnatio
498 4527 582 4576 est
608 4518 656 4574 si
687 4488 1007 4590 permanent
1037 4514 1095 4570 in
1123 4512 1450 4570 difﬁdentia.
1484 4508 1789 4566 Emulatio
1822 4508 1871 4567 D
1901 4488 2042 4587 quos
2068 4509 2268 4567 dedisti
2298 4506 2458 4574 mihi,
2488 4501 2788 4568 custodivi,
2820 4507 2874 4555 et
2903 4512 3064 4553 nemo
3085 4511 3154 4550 ex
3186 4491 3274 4547 his
3310 4488 3493 4562 periit,

193 4629 318 4685 ergo
348 4610 461 4668 illis
515 4617 646 4666 nata
669 4617 750 4665 est
782 4605 1122 4674 invidentiae,
1155 4605 1285 4661 dum
1331 4603 1525 4660 vident
1553 4609 1790 4674 gentem,

194 4718 312 4776 quae
343 4700 497 4774 prius
524 4699 654 4772 quia
681 4697 918 4754 sineDeo
933 4694 1240 4764 fuit,sensu
1269 4693 1433 4750 bruta
1455 4699 1590 4760 erat,
1618 4693 1793 4748 Deum

192 4815 352 4856 suum
395 4797 688 4870 appellare,
741 4794 835 4867 qui
889 4795 1064 4850 fuerat
1113 4791 1466 4857 Iudaeorum;
1499 4797 1553 4845 et
1581 4788 1792 4844 donum

191 4889 304 4945 illis
347 4886 677 4961 promissum
726 4899 840 4940 esse
887 4889 1211 4948 assecutam,
1257 4897 1351 4953 per
1398 4895 1561 4951 quam
1612 4878 1792 4933 zelum

192 4978 334 5051 passi
364 4974 652 5033 iracundia
670 4971 1135 5035 distenderentur,
1170 4976 1231 5024 ut
1260 4968 1485 5025 malitiae
1517 4977 1571 5025 et
1600 4966 1795 5022 incre-

189 5066 446 5124 dulitatis
509 5080 621 5120 sua;
675 5061 952 5119 mercedes
999 5058 1368 5115 exsolverent.
1432 5056 1597 5113 Nulla
1629 5053 1789 5110 enim

190 5172 276 5214 res
315 5156 396 5214 sic
433 5153 712 5213 consumit
767 5151 1072 5218 hominem,
1119 5156 1181 5205 ut
1237 5148 1410 5215 zelus,
1455 5160 1619 5218 quem
1668 5141 1792 5198 ideo

190 5249 332 5304 Deus
391 5245 632 5301 ultorem
697 5241 883 5314 posuit
941 5234 1369 5304 incredulitatis,
1428 5232 1559 5306 quia
1630 5247 1792 5304 grave

192 5343 471 5408 peccatum
520 5341 620 5390 est.
663 5333 801 5390 Nam
847 5345 1061 5402 semper
1108 5328 1165 5384 in
1210 5326 1347 5382 iram
1397 5321 1553 5379 missi
1595 5320 1662 5377 ad
1692 5335 1791 5377 nos

261 5595 377 5665 (57)
411 5591 576 5650 Corb.
609 5589 806 5654 codex,
829 5585 1029 5642 inventi
1058 5589 1198 5639 sunt.
1229 5583 1292 5639 In
1321 5577 1520 5637 Iudaeis
1551 5582 1598 5632 et
1625 5575 1792 5631 omni-

191 5666 283 5720 bus
309 5665 492 5734 malis,
513 5670 619 5720 etc.

1905 4580 2011 4658 nisi
2037 4600 2186 4656 ﬁlius
2203 4595 2723 4670 perditionis.(Joan.
2748 4605 2887 4654 xvii,
2915 4586 3025 4657 12).
3045 4611 3062 4633 ι
3102 4586 3183 4640 Ita
3197 4589 3250 4637 et
3273 4580 3330 4636 hi
3360 4597 3496 4670 quos

1905 4691 2181 4765 praascivit
2205 4669 2354 4745 Deus
2380 4684 2710 4745 credituros,
2751 4693 2913 4734 nemo
2939 4692 3010 4730 ex
3031 4673 3118 4729 his
3134 4669 3495 4743 promissione

1904 4754 2156 4852 repulsus
2199 4785 2319 4842 est;
2356 4774 2486 4846 quia
2530 4771 2612 4827 sic
2661 4769 2866 4824 factum
2913 4770 3018 4830 est,
3049 4761 3192 4817 sicut
3220 4754 3497 4828 priescivit

1904 4871 2049 4925 Deus
2071 4868 2340 4921 futurum.

1979 4956 2161 5030 (Vers.
2196 4953 2250 5017 3,
2281 4950 2361 5019 4.)
2408 4974 2425 4996 ε
2457 4950 2542 5002 An
2572 4941 2796 5000 nescitis
2817 4956 2854 4994 n
2873 4939 2998 4995 Elia
3022 4935 3155 5010 quid
3181 4933 3317 4991 dicit
3341 4932 3496 4990 Scri-

1904 5025 2086 5118 ptura,
2121 5037 2399 5115 quomodo
2446 5033 2686 5108 postulat
2710 5033 2884 5086 Deum
2915 5035 3106 5086 contra
3135 5025 3294 5084 Israel
3321 5025 3347 5081 “.7
3377 5026 3497 5080 Do—

1904 5139 2072 5206 mine,
2121 5131 2415 5208 prophetas
2444 5139 2568 5187 tuos
2606 5123 2951 5189 occiderunt,
2999 5121 3192 5178 altaria
3230 5128 3324 5176 tua
3350 5118 3496 5174 effo-

1901 5229 2145 5285 derunt:
2196 5231 2252 5280 et
2313 5237 2411 5294 ego
2469 5217 2696 5275 relictus
2742 5231 2865 5271 sum
2915 5212 3087 5279 solus,
3145 5216 3198 5265 et
3245 5213 3498 5280 quaerunt

1901 5321 2140 5376 animam
2189 5329 2366 5372 meam
2413 5310 2527 5384 (III
2566 5309 2691 5379 Reg.
2739 5321 2860 5372 xix,
2909 5303 3020 5375 10).
3063 5299 3167 5357 Sed
3200 5297 3333 5372 quid
3364 5295 3498 5352 dicit

1974 5571 2092 5642 (58)
2113 5565 2274 5625 Corb.
2308 5579 2461 5631 mss.,
2483 5575 2643 5633 quam
2657 5551 2910 5629 promisit
2928 5554 3174 5612 Abrahaz.
3208 5551 3310 5607 Nec
3337 5553 3493 5616 enim,

1911 5649 2017 5700 etc.
