3932 6210
421 222 521 282 155
1418 222 1515 276 AD
1556 219 1790 277 OPERA
1827 220 1882 277 S.
1929 219 2263 278 AMBROSII
2304 219 2682 279 APPENDIX.
3655 227 3766 285 156

418 356 502 412 illi
529 370 849 427 responsum
878 352 1130 410 divinum
1149 353 1406 426 ?Reliqui
1427 352 1563 408 mihi
1594 360 1798 424 septem
1823 353 1998 407 millia
2029 353 2079 412 A
2110 353 2527 416 retributionem
2552 354 2682 410 illis.
2709 354 3088 413 Obscurentur
3107 355 3254 412 oculi
3279 372 3505 426 eorum,
3534 366 3607 416 ut
3633 377 3754 419 non

419 445 686 512 virorum,
710 443 805 516 qui
825 460 935 499 non
959 450 1330 499 curvaverant
1351 459 1525 514 genua
1546 449 1670 496 ante
1694 442 1819 496 Baal
1854 443 2006 508 (Ibid.

423 534 535 606 18).
568 559 586 581 ›
629 535 832 605 Aperta
859 533 1161 599 sunthaec;
1206 531 1446 588 ostendit
1479 531 1626 587 enim
1682 548 1792 586 non
1831 532 2008 586 solum

419 625 600 683 Eliam
631 622 975 689 remansisse,
1007 621 1098 694 qui
1131 622 1364 677 devotus
1393 623 1525 688 Deo,
1557 636 1670 675 non
1702 618 2012 675 adoraverit

422 714 569 771 idola
602 730 613 767 :
652 712 744 769 sed
770 721 824 768 et
852 711 1073 778 multos,
1105 712 1200 783 qui
1223 711 1278 766 in
1311 710 1415 765 ﬁde
1437 710 1532 764 Dei
1564 716 2010 781 permanserunt.

422 807 565 864 sicut
590 813 644 860 et
673 821 742 861 ex
792 803 993 860 Iudaeis
1025 819 1132 859 non
1165 801 1320 874 pauci
1351 801 1726 858 crediderunt.
1761 802 1904 857 Huic
1934 802 2012 857 rei

422 904 475 951 et
523 895 749 950 historia
795 893 1082 964 congruit;
1116 892 1246 966 quia
1301 891 1458 946 multi
1492 908 1585 963 per
1614 891 1900 964 speluncas
1929 908 2014 947 oc-

422 992 615 1048 cultati
643 999 771 1047 sunt
804 992 923 1061 (III
951 993 1071 1062 Reg.
1104 1008 1267 1058 xvnr,
1291 989 1347 1060 4)
1373 998 1594 1062 propter
1616 991 1804 1047 Achab
1836 1007 2012 1063 regem

421 1082 698 1149 Samariee,
746 1090 799 1136 et
841 1080 1054 1136 Iezabel
1102 1097 1332 1135 uxorem
1381 1079 1519 1151 ejus,
1565 1081 1658 1154 qui
1689 1080 2015 1152 pseudopro-

420 1172 600 1246 phetis
641 1172 941 1238 credentes,
974 1172 1071 1227 Dei
1114 1171 1408 1243 prophetas
1438 1172 1930 1244 persequebantur,
1963 1179 2017 1227 et

421 1265 685 1337 populum
716 1263 784 1320 ad
815 1261 1186 1318 idololatriam
1221 1261 1602 1320 hortabantur.

495 1352 677 1423 (V’ers.
706 1353 788 1424 5.)
835 1377 852 1396 ι
884 1351 973 1407 Sic
1003 1351 1171 1422 igitur
1190 1360 1243 1406 et
1275 1352 1331 1406 in
1363 1351 1466 1406 hoc
1497 1360 1738 1422 tempore
1769 1352 2016 1424 reliquias

423 1444 725 1502 secundum
785 1442 1107 1498 electionem
1156 1443 1362 1513 gratiae,
1421 1442 1585 1496 salvae
1615 1442 1769 1497 factae
1803 1450 1952 1499 sunt.
1987 1470 2004 1492 ι

424 1534 539 1590 Hoc
575 1540 675 1600 est,
706 1531 802 1599 ita,
830 1533 1032 1605 inquit,
1061 1540 1114 1587 et
1135 1547 1283 1587 nunc
1301 1531 1356 1586 hi
1390 1541 1772 1588 remanserunt
1798 1533 1851 1587 in
1886 1534 2018 1604 legis

422 1622 805 1694 promissione,
835 1620 1216 1677 recedentibus
1239 1620 1447 1688 multis,
1477 1638 1613 1694 quos
1643 1631 1768 1677 ante
1802 1624 2017 1694 praesci-

2119 441 2364 508 videant,
2398 452 2452 499 et
2494 442 2720 499 dorsum
2763 443 2987 499 illorum
3019 460 3233 516 semper
3266 444 3507 502 incurva
3559 451 3749 520 (Psal.

2122 549 2274 597 var,
2290 533 2380 599 23,
2399 533 2516 603 24).
2533 559 2549 580 ι
2581 534 2709 590 Ideo
2733 550 2974 589 mensam
2994 533 3274 590 maledicit
3297 536 3750 612 malorum,quia

2122 622 2240 678 illic
2259 623 2436 695 decipi
2466 625 2643 679 solent
2660 623 3008 687 innocentes;
3043 623 3172 680 dolo
3188 625 3334 680 enim
3357 637 3651 684 vocantur
3675 629 3744 686 ad

2122 715 2464 780 convivium,
2485 722 2546 769 ut
2568 714 2928 786 perimantur.
2953 714 3094 781 Quia
3117 715 3198 769 sic
3229 725 3282 771 et
3310 717 3562 773 Ammon
3591 719 3742 775 ﬁlius

2123 804 2300 861 David
2321 803 2580 876 deceptus
2601 813 2680 860 est
2704 823 2733 860 a
2751 805 2916 860 fratre
2937 821 3035 859 suo
3062 804 3300 860 Absalon
3325 806 3416 878 (II
3439 809 3572 879 Reg.
3612 827 3738 877 xm,

2124 895 2241 964 27),
2274 902 2327 949 et
2364 894 2634 965 malignus
2685 894 3063 964 Holophernes
3093 911 3186 966 per
3220 896 3448 965 epulum
3481 908 3737 955 sanctam

2125 982 2315 1040 Iudith
2345 992 2562 1056 putavrt
2591 1001 2646 1040 se
2685 1000 2842 1055 posse
2881 983 3132 1055 decipere
3183 984 3394 1053 (Iudith
3425 1003 3534 1054 xu,
3572 990 3656 1059 1),
3688 998 3738 1044 et

2127 1073 2184 1128 in
2235 1089 2422 1128 mensa
2471 1073 2716 1128 scelerati
2769 1073 3001 1128 Herodis
3040 1073 3338 1129 saevierunt
3387 1077 3634 1148 maligni
3683 1078 3734 1132 in

2126 1172 2289 1234 caput
2336 1162 2563 1219 Joannis
2607 1161 2884 1235 propheta:
2929 1162 3046 1232 (62)
3097 1163 3292 1232 (Marc.
3326 1182 3404 1230 vr,
3423 1165 3546 1235 28).
3586 1167 3736 1224 Unus

2128 1268 2317 1308 sensus
2372 1259 2455 1307 est
2511 1252 2747 1307 duorum
2814 1252 3206 1324 prophetarum
3263 1253 3331 1309 de
3400 1253 3726 1326 hujusmodi

2129 1341 2469 1409 hominibus,
2495 1342 2587 1414 qui
2604 1341 2672 1396 ab
2698 1341 2859 1398 initio
2884 1341 3010 1398 ﬁdei
3036 1352 3091 1398 et
3116 1354 3485 1415 repugnantes
3514 1345 3731 1402 inventi

2128 1439 2256 1486 sunt
2296 1430 2477 1486 hostes
2507 1430 2798 1486 bonorum.
2834 1429 2938 1487 Sed
2985 1430 3157 1504 aliqui
3190 1431 3417 1488 illorum
3449 1433 3730 1490 emendati

2128 1527 2256 1577 sunt
2301 1528 2354 1575 et
2399 1519 2653 1586 correcti,
2686 1520 2813 1576 licet
2858 1520 3007 1576 tarde
3042 1540 3053 1576 :
3088 1521 3313 1594 quidam
3346 1539 3480 1578 vero
3511 1523 3573 1578 in
3606 1541 3732 1596 per-

2130 1609 2330 1666 tinacia
2377 1617 2681 1677 manentes,
2732 1609 3079 1666 severitatem
3126 1611 3413 1668 sententiae
3445 1629 3562 1669 non
3593 1631 3730 1671 eva-

424 1713 506 1768 νίι
533 1715 696 1769 θεας,
745 1711 851 1776 Qui
886 1710 1035 1764 enim
1063 1717 1418 1780 susceperunt
1460 1710 1740 1767 Christum
1773 1713 1924 1782 quasi
1960 1713 2015 1768 in
2045 1720 2090 1780 Β
2129 1708 2318 1756 serunt
2365 1701 2424 1755 in
2473 1709 2799 1772 perpetuum
2845 1701 3083 1768 curvati,
3136 1701 3242 1758 hoc
3281 1711 3382 1770 est,
3426 1706 3726 1771 excecati;

425 1804 542 1873 lege
583 1799 940 1874 promissum,
1000 1798 1039 1852 ii
1095 1797 1151 1853 in
1191 1799 1306 1868 lege
1359 1806 1627 1853 steterunt
1662 1818 1672 1854 :
1710 1801 1803 1873 qui
1836 1809 2018 1859 autem

425 1905 538 1946 non
569 1889 728 1944 illum
759 1895 1104 1959 receperunt,
1143 1905 1174 1944 a
1203 1889 1317 1958 lege
1345 1895 1702 1944 recesserunt.
1737 1889 1864 1945 Ideo
1892 1909 2019 1948 cre-

425 1978 615 2038 dentes
656 1975 903 2049 reliquire
947 1975 1228 2045 dicuntur,
1284 1976 1389 2034 hoc
1430 1985 1531 2047 est,
1591 1988 1934 2036 remanentes
1962 1982 2020 2037 in

429 2068 561 2140 lege.

501 2157 681 2227 (Vers.
712 2156 792 2227 6.)
849 2180 865 2202 ε
895 2156 952 2212 Si
999 2163 1180 2210 autem
1209 2153 1402 2226 gratia,
1427 2154 1541 2226 jam
1584 2171 1694 2210 non
1724 2171 1793 2211 ex
1822 2157 2021 2228 operi-

428 2245 550 2301 bus.
585 2271 602 2292 ιι
667 2244 1017 2302 Manifestum
1050 2252 1131 2300 est
1187 2243 1319 2316 quia
1348 2244 1518 2315 gratia
1546 2244 1752 2300 donum
1788 2246 1885 2301 Dei
1915 2255 2020 2313 est,

433 2351 543 2392 non
599 2335 784 2391 debita
826 2351 1032 2391 merces
1089 2333 1366 2406 operibus,
1395 2333 1490 2389 sed
1520 2335 1758 2406 gratuita
1789 2335 2021 2404 ratione,

428 2423 804 2482 misericordia
826 2424 1245 2491 interveniente,
1281 2441 1553 2481 concessa.

514 2539 532 2560 ι
573 2515 836 2588 Alioquin
865 2515 1036 2587 gratia
1049 2514 1161 2586 jam
1187 2532 1297 2571 non
1327 2524 1409 2570 est
1431 2515 1623 2588 gratia.
1649 2540 1666 2562 ι
1710 2515 1914 2572 Verum
1941 2522 2024 2571 est

429 2604 558 2677 quia
586 2604 632 2661 si
666 2622 869 2661 merces
898 2613 998 2673 est,
1044 2622 1153 2660 non
1185 2613 1266 2661 est
1297 2606 1499 2677 gratia:
1533 2605 1627 2661 sed
1659 2605 1789 2679 quia
1822 2622 2025 2662 merces

429 2712 540 2751 non
594 2706 694 2764 est,
749 2697 866 2752 sine
895 2695 1066 2753 dubio
1107 2697 1277 2768 gratia
1323 2706 1403 2752 est
1437 2715 1450 2764 ;
1483 2696 1612 2769 quia
1642 2697 1860 2752 veniam
1894 2695 2024 2752 dare

430 2785 781 2857 peccantibus
820 2803 929 2841 non
977 2795 1059 2842 est
1105 2786 1257 2843 aliud
1295 2803 1458 2858 quam
1499 2786 1673 2856 gratia
1705 2803 1715 2839 :
1748 2792 1802 2839 et
1832 2784 1901 2839 iis
1931 2785 2022 2856 qui

431 2891 542 2928 non
587 2875 873 2945 requirunt
919 2874 1059 2943 (59),
1103 2874 1197 2928 sed
1245 2874 1473 2928 offertur
1512 2873 1646 2940 illis,
1680 2881 1741 2927 ut
1777 2873 2021 2928 credant.

432 2962 649 3032 Duplex
698 2978 822 3031 ergo
859 2962 1031 3031 gratia
1059 2969 1160 3028 est,
1190 2963 1320 3033 quia
1349 2962 1454 3016 hoc
1481 2961 1743 3032 competit
1773 2965 1904 3030 Deo,
1931 2962 2025 3035 qui

433 3051 675 3106 abundat
721 3049 1130 3117 misericordia;
1181 3060 1243 3106 ut
1290 3059 1343 3106 et
1385 3051 1648 3124 requirat,
1685 3068 1821 3125 quos
1861 3053 2027 3124 gratis
2062 3088 2106 3149 Ο

433 3148 604 3197 curet.

508 3231 688 3301 (Vers.
716 3229 793 3301 7.)
841 3255 858 3276 ‹
887 3229 1031 3298 Quid
1060 3246 1186 3302 ergo
1203 3229 1232 3285 ‘i'
1251 3229 1398 3302 quod
1419 3230 1696 3303 quaerebat
1715 3231 1900 3295 Israel,
1922 3230 2029 3286 hoc

433 3336 543 3375 non
584 3327 665 3376 est
705 3330 1018 3387 assecutus;
1057 3321 1252 3376 electio
1286 3330 1467 3376 autem
1502 3328 1796 3376 consecuta
1837 3321 1966 3376 est?
1996 3345 2012 3367 ι

433 3411 693 3466 Israelita
724 3410 761 3464 ii
791 3411 1036 3466 carnales
1065 3417 1213 3476 sunt,
1249 3411 1345 3480 qui
1377 3426 1445 3463 ex
1475 3409 1734 3478 operibus
1761 3409 1896 3480 legis
1928 3407 2031 3479 ju-

432 3498 656 3555 stiﬁcari
705 3515 760 3552 se
808 3505 1080 3567 putantes,
1112 3514 1223 3552 non
1270 3506 1400 3551 sunt
1429 3497 1634 3568 adepti,
1666 3506 1726 3552 ut
1761 3497 1898 3568 justi
1937 3515 2032 3553 es-

435 3594 555 3642 sent
597 3602 692 3656 per
722 3585 881 3638 ﬁdem
916 3584 1060 3654 apud
1102 3586 1296 3639 Deum.
1337 3585 1626 3654 PrOpterea
1668 3603 1794 3642 cum
1843 3603 2032 3643 omnes

437 3676 516 3730 rei
561 3675 674 3729 sint
716 3689 811 3744 per
843 3673 1052 3745 legem;
1101 3673 1230 3745 quia
1283 3698 1300 3719 ι
1345 3673 1671 3730 maledictus
1715 3677 1898 3731 omnis
1937 3677 2031 3750 qui

435 3779 547 3818 non
595 3762 956 3834 permanserit
999 3763 1055 3817 in
1098 3760 1375 3829 omnibus,
1410 3779 1530 3834 qua:
1569 3765 1771 3836 scripta
1815 3765 2031 3821 suntin

438 3850 579 3907 libro
613 3851 764 3923 legis,
794 3859 853 3907 ut
899 3852 1064 3908 faciat
1107 3867 1223 3906 eam
1262 3851 1440 3921 (Deut.
1476 3869 1658 3920 xxvn,
1692 3853 1806 3923 26).
1850 3877 1868 3900 ι
1924 3854 2029 3920 Qui

436 3951 613 3998 autem
657 3958 752 4014 per
792 3942 954 3998 ﬁdem
991 3941 1284 4014 justiﬁcari
1331 3957 1388 3997 se
1428 3941 1799 4010 credilerunt,
1831 3958 2030 3998 conse—

437 4034 548 4090 cuti
581 4042 710 4090 sunt
753 4034 1099 4100 electionem,
1133 4042 1195 4089 ut
1218 4033 1505 4105 justiﬁcati
1551 4034 1651 4089 ﬁlii
1683 4034 1782 4089 Dei
1815 4032 2029 4101 ﬁerent,

437 4139 704 4179 memores
733 4124 1026 4194 Scriptura:
1057 4123 1329 4180 dicentis:
1380 4149 1398 4171 ι
1437 4123 1580 4191 Quia
1607 4122 1792 4194 justus
1829 4139 1899 4178 ex
1927 4123 2034 4179 ﬁde

437 4209 580 4266 vivit
606 4210 828 4280 (Habac.
864 4227 922 4277 ii,
956 4210 1038 4280 li),
1068 4235 1085 4256 -
1135 4211 1192 4265 id
1222 4219 1323 4278 est,
1360 4228 1472 4267 non
1505 4228 1574 4266 ex
1601 4213 1718 4283 lege
1751 4212 1890 4284 (60).

512 4297 694 4368 (Veis.
727 4296 780 4363 εἴ,
807 4298 860 4364 9,
887 4298 999 4367 10.)
1033 4322 1050 4343 ι
1072 4296 1265 4352 Caeteri
1286 4315 1418 4353 vero
1439 4301 1696 4354 excaecati
1719 4308 1868 4366 sunt,
1893 4299 2036 4354 sicut

438 4387 702 4458 scriptum
725 4393 838 4451 est;
871 4409 889 4431 ι
930 4386 1035 4441 hoc
1053 4385 1360 4457 subjectum
1383 4387 1441 4441 in
1461 4388 1600 4443 Isaia
1620 4388 1820 4460 legitur
1845 4407 1856 4443 :
1895 4413 1912 4436 ι
1934 4389 2034 4444 De-

440 4476 523 4532 dit
561 4475 673 4531 illis
699 4477 844 4532 Deus
863 4475 1117 4546 spiritum
1139 4477 1602 4547 compunctionis,
1625 4477 1814 4533 oculos
1835 4487 1896 4534 ut
1921 4494 2031 4534 non
2067 4449 2114 4507 Β

442 4565 686 4634 videant,
709 4573 761 4620 et
790 4581 948 4620 aures
969 4571 1161 4619 utnon
1185 4563 1410 4620 audiant
1431 4581 1602 4638 usque
1623 4565 1680 4621 in
1702 4565 2032 4623 hodiernum

439 4655 584 4712 diem
601 4657 734 4726 (Isa.
754 4671 832 4722 vr,
851 4654 934 4726 9).
949 4679 967 4701 ι
999 4680 1016 4701 ι
1036 4654 1107 4710 Et
1125 4653 1300 4710 David
1323 4653 1484 4712 dicit:
1506 4655 1626 4712 Fiat
1647 4671 1830 4711 mensa
1845 4672 2033 4714 eorum

439 4746 498 4802 in
519 4745 897 4819 laqueum,90
918 4752 972 4801 et
986 4743 1046 4799 in
1067 4741 1456 4816 captionem,et
1476 4744 1534 4800 in
1553 4743 1954 4814 scandalum,et
1975 4747 2033 4802 in

513 4899 628 4980 (59)
675 4901 833 4958 Rom.
864 4898 1036 4980 Oedit-.,
1081 4915 1188 4980 non
1232 4897 1387 4980 aliud
1426 4915 1588 4970 quam
1623 4900 1806 4980 gratia
1829 4906 1907 4980 est
1929 4901 2032 4980 liis,

438 4971 531 5041 qui
575 4987 681 5053 non
715 4971 1068 5053 Maii-iiut”:
1105 4971 1330 5053 Imple;
1360 4988 1480 5052 ergo
1527 4973 1705 5053 gratia
1735 4979 1827 5053 est,
1863 4979 1911 5053 et
1941 4974 2034 5027 hoc

439 5041 679 5112 competit
705 5042 836 5106 Deo,
867 5048 925 5094 ut
961 5042 1079 5112 quis
1107 5042 1333 5097 abundet
1360 5041 1746 5110 misericordia,
1780 5051 1827 5097 et
1854 5049 1913 5097 ut
1939 5061 2035 5098 re—

439 5111 642 5182 quirat,
692 5119 796 5168 etc.
829 5130 841 5168 :
875 5111 985 5169 vet.
1038 5121 1218 5169 autem
1255 5113 1387 5170 edit.
1441 5132 1502 5172 ac
1548 5130 1679 5169 mss.
1722 5123 1782 5168 ut
1825 5129 1924 5169 nos
1976 5113 2033 5168 in

440 5193 617 5241 textu.

514 5255 631 5328 (60)
687 5255 848 5314 Corb.
903 5254 1097 5328 codex,
1151 5263 1208 5310 ut
1240 5255 1425 5328 faciat
1473 5271 1554 5310 ea.
1603 5255 1854 5328 Quamvis
1903 5261 1953 5311 et
1979 5255 2034 5328 si

439 5325 710 5383 manerent
737 5328 804 5406 in
843 5327 1081 5406 omnibus
1131 5326 1447 5406 Scriptaris,
1488 5326 1627 5395 quod
1657 5325 1749 5406 via:
1781 5327 2035 5406 possibile

439 5407 532 5466 est,
575 5417 679 5455 non
717 5399 1143 5470 justificarentur
1187 5396 1330 5470 apud
1362 5396 1529 5450 Deum
1548 5414 1564 5470 _:
1604 5397 1730 5466 quia
1760 5396 1943 5466 fastus
1969 5416 2034 5452 ea:

441 5469 542 5598 ﬁde
589 5465 739 5528 vivit:
795 5465 896 5528 Ille
947 5469 1084 5524 enim
1137 5465 1484 5537 ad_prcesens
1529 5465 1708 5538 justus
1765 5465 1840 5525 est
1889 5470 2036 5544 apud

492 5557 625 5598 eum.

492 5557 625 5598 eum.

2132 1814 2198 1852 ne
2242 1797 2309 1852 de
2344 1805 2539 1853 cetero
2568 1796 2780 1869 possint
2810 1797 3058 1853 veritatis
3089 1798 3234 1853 viam
3264 1798 3509 1870 aspicere
3548 1798 3729 1872 (quam

2134 1886 2517 1943 malevolentia
2567 1886 2838 1959 aspernati
2886 1887 3125 1955 fuerant,
3156 1887 3499 1945 declinantes
3546 1889 3618 1946 ab
3648 1891 3728 1961 ea)

2131 1985 2184 2033 et
2217 1977 2285 2032 ad
2316 1977 2509 2033 salutis
2538 1975 2768 2048 gratiam
2800 1977 3085 2048 pervenire
3118 1977 3257 2049 (63).
3289 1977 3393 2044 Qui
3425 1978 3581 2034 enim
3610 1997 3726 2035 cum

2133 2066 2515 2135 intellexisset,
2580 2066 2800 2122 credere
2874 2067 3075 2134 noluit,
3135 2066 3192 2122 id
3249 2065 3411 2122 debet
3467 2069 3728 2142 consequi

2133 2156 2281 2229 quod
2312 2159 2472 2224 vult;
2524 2172 2592 2211 ne
2639 2157 2707 2213 de
2753 2166 2949 2213 caetero
2986 2156 3158 2229 possit
3189 2155 3351 2212 ﬁdem
3381 2156 3650 2230 recipere,
3680 2168 3730 2215 et

2131 2246 2351 2302 salvari.
2410 2247 2679 2318 Exempla
2734 2245 2903 2318 igitur
2958 2246 3347 2318 prophetarum
3400 2247 3719 2318 supradicta

2132 2335 2409 2408 duplicem
2455 2337 2740 2392 continent
2784 2352 3042 2402 sensum;
3097 2335 3314 2392 duobus
3354 2335 3506 2391 enim
3558 2335 3728 2392 modis

2133 2425 2349 2482 decreta
2377 2433 2527 2493 sunt,
2561 2435 2615 2481 et
2644 2425 2866 2497 scripta.
2901 2427 3022 2480 Duo
3068 2424 3272 2481 etenim
3313 2441 3514 2496 genera
3541 2425 3726 2482 homi-

2134 2535 2268 2574 num
2302 2517 2394 2572 hic
2423 2515 2797 2572 continentur.
2837 2515 3016 2570 Unum
3045 2522 3127 2569 est
3151 2514 3298 2586 quod
3328 2515 3724 2572 malevolentia:

2135 2625 2244 2663 suae
2282 2623 2445 2664 causa
2473 2613 2779 2661 excaecatur
2818 2604 2874 2659 in
2907 2604 3323 2676 sempiternum,
3353 2622 3421 2660 ne
3447 2606 3720 2670 salvetur;

2135 2704 2264 2753 sunt
2310 2695 2513 2752 etenim
2571 2694 2820 2766 pessima:
2878 2694 3200 2761 voluntatis,
3257 2709 3428 2765 usque
3482 2694 3621 2750 adeo
3671 2702 3727 2748 ut

2137 2786 2506 2858 intelligentes
2548 2784 2736 2840 dicant
2777 2799 2834 2838 se
2877 2784 3087 2838 nescire
3136 2783 3282 2856 quod
3330 2782 3586 2838 audiunt.
3619 2785 3725 2839 De—

2136 2877 2302 2949 nique
2344 2874 2601 2931 dicebant
2650 2873 2716 2929 de
2746 2873 3028 2928 Salvatore
3063 2891 3074 2927 :
3123 2898 3140 2919 ε
3171 2871 3314 2940 Quid
3354 2879 3435 2927 est
3464 2872 3613 2944 quod
3639 2871 3726 2927 di-

2136 2967 2259 3023 cit?
2306 2965 2590 3022 Nescimus
2638 2963 2770 3034 quid
2820 2963 3080 3035 loquitur.
3132 2962 3277 3030 Quid
3319 2979 3443 3019 eum
3491 2962 3725 3018 auditis?

2136 3054 2480 3111 Daemonium
2529 3053 2711 3119 habet,
2741 3061 2794 3108 et
2840 3052 3046 3108 insanit
3091 3052 3270 3122 (Joan.
3304 3069 3364 3119 x,
3392 3050 3514 3121 20).
3548 3077 3565 3099 ι
3610 3051 3723 3106 Alia

2137 3157 2317 3203 autem
2348 3163 2470 3218 pars
2490 3162 2610 3216 qua:
2639 3159 2766 3198 vere
2795 3143 2958 3199 Israel
2991 3150 3093 3208 est,
3123 3141 3542 3199 contradicebat
3571 3141 3678 3198 illis
3703 3159 3715 3197 :

2152 3260 2169 3282 ι
2219 3237 2344 3291 Haec
2373 3235 2538 3290 verba
2576 3250 2686 3288 non
2718 3239 2847 3287 sunt
2875 3231 3208 3287 daemonium
3246 3230 3523 3287 habentis.
3553 3231 3725 3286 Num-

2139 3326 2270 3398 quid
2319 3326 2652 3380 daamonium
2712 3330 2889 3394 potest
2943 3339 3215 3378 caecorum
3271 3322 3460 3378 oculos
3523 3322 3722 3395 aperire

2142 3417 2305 3484 (Ibid.
2338 3415 2428 3481 21)
2455 3416 2480 3470 ?
2510 3440 2527 3461 ›
2573 3416 2715 3469 Dum
2747 3411 3068 3468 invidebant
3097 3429 3224 3483 ergo
3253 3412 3551 3480 Sahatori,
3585 3412 3722 3468 nole-

2137 3507 2272 3562 bant
2316 3505 2492 3560 xideri
2542 3505 2846 3576 intelligere
2898 3520 3018 3576 qua;
3060 3502 3392 3569 audiebant;
3432 3511 3495 3558 ut
3537 3503 3665 3558 dum
3696 3517 3727 3556 a

2142 3592 2468 3664 legisperitis
2510 3600 2564 3646 et
2609 3592 2897 3647 Pharisaeis
2944 3607 3055 3646 non
3098 3590 3333 3662 intelligi
3378 3589 3618 3658 videtur,
3649 3606 3726 3645 res

2141 3683 2424 3751 absurdas,
2471 3689 2524 3738 et
2572 3699 2692 3754 quae
2739 3690 2896 3737 extra
2942 3682 3114 3753 legem
3169 3687 3366 3746 essent,
3399 3680 3553 3753 loqui
3575 3688 3728 3752 puta-

2143 3783 2292 3829 retur
2338 3791 2349 3828 :
2398 3789 2517 3844 quae
2561 3789 2647 3827 res
2685 3772 2847 3828 etiam
2899 3771 3034 3827 alios
3065 3789 3097 3826 a
3126 3771 3230 3828 ﬁde
3259 3771 3432 3843 possit
3469 3779 3724 3827 avertere.

2143 3862 2298 3918 Unde
2343 3861 2577 3918 audiunt
2623 3879 2653 3917 a
2699 3862 3026 3917 Salvatore:
3076 3886 3093 3908 ε
3123 3862 3235 3917 Vos
3283 3860 3495 3916 habetis
3528 3861 3725 3916 clavem

2142 3951 2406 4018 scientiae,
2434 3958 2489 4005 et
2531 3966 2708 4022 neque
2755 3967 2855 4005 vos
2898 3949 3136 4017 intratis,
3170 3965 3346 4021 neque
3383 3949 3524 4005 alios
3554 3951 3728 4005 sinitis

2144 4041 2374 4097 introire
2425 4042 2576 4112 (Luc.
2627 4058 2709 4109 χι,
2757 4042 2874 4112 52).
2924 4065 2942 4088 ι
3003 4039 3136 4108 Quis
3183 4040 3331 4094 enim
3362 4056 3474 4094 non
3508 4039 3726 4107 levium,

2143 4131 2237 4186 sed
2285 4132 2447 4203 paulo
2497 4132 2832 4204 graviorum,
2869 4130 3306 4203 legisperitorum
3349 4136 3404 4184 et
3432 4128 3729 4200 pbarisaao-

2143 4235 2266 4274 rum
2315 4220 2609 4276 consilium
2658 4229 2711 4276 et
2763 4219 3093 4275 sententiam
3140 4235 3252 4273 non
3303 4225 3641 4290 sequeretur,
3681 4227 3728 4274 et

2145 4308 2238 4383 qui
2284 4310 2607 4366 viderentur
2657 4310 2790 4380 legis
2837 4308 3204 4365 defensores?
3251 4307 3498 4378 Denique
3537 4306 3608 4362 iis
3641 4305 3728 4379 qui

2146 4415 2271 4455 vere
2318 4400 2576 4456 Israelitze
2605 4407 2755 4467 sunt,
2792 4397 3055 4454 dixerunt
3087 4414 3098 4452 :
3131 4393 3412 4467 Numquid
3439 4394 3639 4467 aliquis
3666 4411 3729 4449 ex

2144 4491 2488 4562 principibus
2534 4489 2650 4562 (64)
2695 4488 2930 4546 credidit
2972 4488 3031 4543 in
3076 4486 3285 4542 illum?
3336 4493 3398 4541 ut
3444 4484 3575 4541 inde
3593 4485 3731 4556 juste

2147 4579 2464 4636 viderentur
2500 4595 2612 4633 non
2653 4576 2970 4643 credidisse,
3003 4576 3049 4631 si
3083 4576 3288 4631 multos
3316 4573 3734 4645 conspirationis

2143 4685 2254 4724 suae
2295 4668 2474 4724 socios
2521 4667 2810 4732 fecissent;
2861 4665 2991 4738 quia
3019 4663 3165 4737 quod
3195 4680 3224 4719 a
3262 4663 3450 4735 paucis
3479 4662 3734 4718 defendi-

2142 4765 2253 4825 tur,
2281 4756 2418 4812 solet
2443 4772 2555 4811 non
2583 4754 2874 4827 probatum
2910 4751 3106 4809 videri.
3139 4751 3268 4808 Ideo
3297 4750 3558 4807 excaicati
3587 4756 3730 4819 sunt,

2218 4899 2332 4971 (61)
2387 4901 2495 4956 Hoc
2559 4896 2842 4967 subjectum
2901 4895 2959 4951 in
3014 4896 3168 4971 Isaia
3221 4893 3449 4971 legitur,’
3481 4891 3730 4971 ab__edit.

2142 4961 2325 5026 Ro‘m.’
2346 4961 2674 5043 jugulatuni
2704 4978 2822 5043 est;
2872 4967 3126 5043 quamvis
3156 4966 3213 5021 in
3253 4961 3481 5036 reliquis
3519 4961 3652 5020 edit.
3684 4969 3734 5019 et

2144 5058 2274 5098 mss.
2307 5039 2482 5097 multo
2513 5040 2765 5113 pluribus
2794 5039 3132 5113 inveniatur.

2217 5113 2333 5184 (62)
2366 5105 2529 5168 Rom:
2556 5112 2686 5184 edit.
2733 5112 2869 5184 sola,
2928 5111 2984 5163 in
3011 5115 3168 5184 caput
3203 5106 3428 5184 Joannis
3456 5105 3731 5184 Baptista.

2217 5179 2334 5257 (63)
2383 5185 2538 5240 Rom.
2588 5183 2720 5239 edit.
2760 5183 2894 5257 sola,
2921 5179 3154 5257 gratiam
3182 5179 3518 5257 dedignantes
3543 5194 3735 5257 pervej

2143 5249 2277 5311 nire.
2313 5249 2479 5328 Infra
2508 5272 2662 5328 vero
2703 5253 2889 5308 eadem
2924 5249 3070 5328 'edit.
3123 5268 3248 5308 cum
3281 5249 3436 5328 _Gill.
3498 5256 3640 5328 post,
3683 5254 3731 5328 et

2142 5326 2369 5394 salvari,
2402 5325 2712 5398 subjunxit,
2744 5341 2914 5398 quani
2949 5323 3112 5398 scieris
3149 5321 3730 5398 p‘rudgensquaabnuit.

2216 5398 2330 5469 (64)
2354 5389 2518 5469 ⁷Υοοῖ
2572 5415 2636 5450 ex
2660 5389 2993 5466 principibus
3021 5389 3222 5467 adjecit
3261 5392 3420 5449 Rom.
3452 5389 3609 5459 edit.,
3642 5396 3735 5447 aut

2142 5486 2206 5526 ex
2237 5468 2546 5524 Phariswis.
