3932 6210
262 230 371 287 157

1366 221 1730 280 COMMENT.
1769 221 1843 279 IN
1879 220 2097 278 EPIST.
2141 223 2236 279 AD
2277 222 2442 278 ROM.

3464 223 3564 281 158

255 373 332 414 ne
377 355 443 412 de
485 355 684 412 caetero
713 352 928 426 possint
955 351 1197 420 credere,
1224 356 1278 406 et
1305 349 1526 406 salvari.
1552 350 1613 404 In
1654 348 1864 404 volun-
1892 351 1941 409 A
1973 347 2226 405 Ostendit
2256 348 2506 419 gentibus
2536 365 2645 422 quo
2683 350 2878 406 affectu
2917 348 3114 421 diligat
3139 349 3357 407 Iudaeos
3385 368 3397 406 :
3435 368 3560 408 nam

255 454 374 502 tate
425 462 554 518 ergo
599 460 697 501 sua
743 441 918 515 adjuli
969 451 1129 499 sunt:
1198 448 1261 496 ut
1315 438 1575 512 quoniam
1628 436 1864 494 scientes

255 553 478 604 verum,
515 534 773 590 dicebant
803 548 919 588 esse
959 531 1184 598 falsum,
1215 529 1282 584 de
1318 535 1514 584 caetero
1541 543 1652 582 non
1691 527 1864 582 intel-

255 626 498 698 ligerent
545 623 690 699 quod
743 630 824 678 est
871 637 1104 686 verum;
1143 628 1204 674 ut
1233 634 1424 673 verum
1463 616 1727 672 haberent
1755 617 1867 671 fal-

255 731 383 770 sum
418 714 560 784 (65),
589 711 737 786 quod
784 708 1068 764 volebant.
1099 708 1348 762 Alterum
1393 723 1560 779 genus
1586 713 1686 771 est,
1719 706 1865 777 quod

255 819 390 858 cum
431 801 680 873 justitias
726 798 863 870 legis
903 804 1164 863 sectatur,
1191 794 1464 866 justitiam
1501 793 1705 851 Christi
1753 811 1864 850 non

255 890 504 962 recipit:
538 906 608 944 ex
656 904 766 960 quo
801 885 914 957 jam
963 902 1074 940 non
1122 900 1218 956 per
1261 883 1530 938 invidiam
1573 883 1727 938 malae
1761 900 1867 938 vo-

256 978 498 1034 luntatis
527 977 633 1033 hoc
663 976 793 1048 agit,
827 974 919 1030 sed
954 989 1135 1029 errore
1168 972 1478 1028 mmulando
1508 971 1865 1030 traditionem

258 1069 514 1135 Patrum,
536 1076 809 1124 caecantur
838 1063 905 1120 ad
935 1073 1182 1134 tempus;
1213 1062 1342 1134 quia
1361 1061 1622 1117 deberent
1647 1077 1865 1133 magna-

260 1157 413 1212 libus
468 1155 672 1214 Christi
729 1153 1007 1209 addiscere
1064 1151 1214 1207 hunc
1266 1167 1376 1206 non
1435 1167 1595 1222 posse
1655 1150 1862 1217 fallere,

259 1246 429 1319 cujus
461 1256 566 1302 tam
605 1245 894 1317 magnifica
938 1244 1117 1299 virtus
1149 1245 1202 1297 in
1236 1241 1399 1297 rebus
1429 1242 1592 1312 gestis
1620 1248 1864 1312 apparet,

256 1343 315 1390 et
357 1334 803 1408 praedicationem
847 1333 967 1405 ejus
1007 1339 1336 1388 testamento
1393 1345 1539 1386 novo
1591 1329 1866 1402 promisso

254 1441 357 1496 per
385 1423 675 1496 prophetas
715 1440 1052 1496 comparare,
1093 1430 1147 1479 et
1193 1422 1395 1478 exinde
1425 1420 1670 1494 proﬁteri
1718 1419 1868 1476 hunc

255 1532 394 1583 esse,
430 1514 524 1588 qui
563 1513 868 1586 promissus
907 1522 1026 1579 est;
1070 1512 1406 1584 negligentes
1447 1519 1639 1566 contra
1665 1511 1864 1574 Deum,

257 1614 314 1662 et
366 1605 689 1660 hominibus
736 1603 1096 1660 assentientes
1139 1603 1354 1659 inventi
1395 1611 1543 1658 sunt.
1600 1601 1866 1670 Propter-

259 1711 324 1750 ea
373 1711 498 1766 ergo
542 1700 833 1760 czecantur,
868 1699 929 1747 ut
973 1691 1411 1748 admiscentibus
1437 1708 1493 1747 se
1523 1689 1589 1746 ad
1620 1687 1864 1761 promis-

259 1782 475 1838 sionem
552 1798 741 1837 eorum
815 1780 932 1852 ipsa
991 1780 1363 1847 aemulatione,
1420 1779 1552 1836 dum
1612 1777 1866 1834 invident

261 1871 544 1945 gentibus,
575 1879 923 1926 revertantur
948 1869 1016 1924 ad
1047 1869 1210 1925 ﬁdem
1243 1869 1363 1925 Dei.

341 1962 523 2034 (Vers.
577 1962 686 2033 11.)
735 1987 753 2008 ι
795 1961 932 2017 Dico
971 1976 1100 2031 ergo
1135 1978 1146 2015 :
1181 1957 1462 2032 Numquid
1504 1957 1584 2014 sic
1612 1955 1867 2012 offende-

263 2057 425 2118 runt,
469 2057 532 2104 ut
569 2049 866 2106 caderent?
906 2049 1084 2105 Absit.
1119 2073 1137 2096 ι
1183 2049 1297 2104 Hoc
1324 2048 1481 2116 dicit,
1525 2045 1672 2118 quod
1703 2061 1867 2117 supra

268 2140 599 2208 memoravi,
631 2139 758 2212 quia
801 2156 912 2194 non
956 2140 1034 2195 sic
1079 2138 1421 2205 dididerunt,
1473 2144 1535 2192 ut
1582 2151 1864 2207 nunquam

260 2230 382 2303 jam
422 2228 723 2297 crederent,
759 2229 814 2284 id
853 2238 954 2297 est,
1003 2246 1112 2284 non
1161 2228 1238 2284 ita
1267 2235 1491 2300 propter
1535 2226 1867 2298 improbita-

267 2329 379 2377 tem
415 2335 564 2373 suam
597 2316 785 2374 caecati
826 2325 977 2386 sunt,
1013 2326 1073 2373 ut
1103 2316 1284 2373 curari
1315 2333 1426 2372 non
1454 2323 1694 2387 possent,
1726 2314 1868 2370 sicut

264 2417 321 2465 et
367 2407 648 2464 diabolum
697 2407 928 2479 legimus
970 2406 1252 2473 cecidisse,
1287 2405 1503 2460 dicente
1551 2405 1688 2460 Isaia
1733 2420 1869 2475 pro—

265 2499 432 2571 pheta
482 2517 493 2553 :
560 2523 578 2544 ι
622 2497 907 2564 Quomodo
946 2496 1145 2552 cecidit
1189 2495 1255 2550 de
1300 2495 1439 2551 cmlo
1479 2493 1701 2549 Lucifer
1729 2495 1866 2563 (Isa.

269 2605 391 2652 xiv,
426 2587 566 2655 IS)?
595 2609 613 2633 ι
657 2603 841 2642 casum
888 2594 941 2641 et
983 2586 1308 2658 apostasiam
1357 2583 1694 2657 signiﬁcans.
1746 2583 1866 2639 Non

271 2693 400 2749 ergo
427 2675 527 2732 hos
558 2676 637 2732 sic
665 2676 958 2732 offendisse
992 2676 1151 2744 dicit,
1177 2683 1239 2730 ut
1268 2675 1544 2742 caderent,
1577 2672 1670 2729 sed
1701 2673 1868 2728 oﬁ‘en-

270 2764 442 2820 sionis
469 2783 579 2820 suae
609 2783 770 2821 causa
791 2765 857 2820 ad
888 2773 1104 2836 tempus
1133 2765 1376 2820 obtusos.

357 2881 372 2900 -
426 2855 530 2910 Sed
585 2855 807 2910 illorum
866 2855 1069 2911 delicto
1121 2855 1268 2910 salus
1321 2853 1595 2925 gentibus,
1636 2860 1698 2908 ut
1745 2851 1870 2907 illos

270 2945 618 2999 aemulentur.
671 2970 687 2990 ι
751 2945 866 3000 lIoc
921 2953 1000 2999 est
1049 2942 1196 3015 quod
1243 2941 1408 3010 dixit,
1461 2941 1589 3014 quia
1651 2949 1872 3013 propter

272 3042 556 3106 peccatum
608 3032 828 3087 illorum
891 3031 1146 3103 gentibus
1204 3031 1350 3085 salus
1407 3029 1533 3085 data
1583 3037 1682 3084 est.
1734 3027 1871 3094 Quia

284 3121 432 3176 enim
465 3121 672 3176 donum
703 3120 798 3176 Dei
825 3126 1218 3174 recusaverunt
1238 3117 1435 3184 Judaei,
1458 3116 1780 3171 translatum
1799 3122 1879 3170 est

279 3211 388 3266 hoc
428 3210 496 3265 ad
529 3217 746 3282 gentes;
803 3215 866 3261 ut
905 3205 1255 3261 aemulatione
1303 3206 1403 3260 zeli
1454 3203 1666 3258 accensi
1707 3201 1880 3257 Judaei

277 3305 741 3356 converterentur
775 3295 841 3350 ad
879 3294 1185 3359 Christum,
1223 3293 1338 3365 (66)
1371 3293 1608 3346 zelantes
1641 3291 1884 3363 promis-

272 3390 493 3446 sionem
521 3389 766 3442 Patrum.

356 3476 543 3548 (Vers.
582 3474 694 3545 12.)
742 3499 758 3520 ε
789 3471 946 3539 Quod
994 3471 1040 3527 si
1084 3469 1347 3527 delictum
1397 3470 1620 3524 illorum
1671 3468 1880 3525 divitia:

273 3574 407 3623 sunt
438 3564 654 3632 mundi,
707 3571 757 3619 et
789 3561 1089 3619 diminutio
1134 3577 1323 3616 eorum
1355 3560 1568 3616 divitiae
1598 3559 1839 3632 gentium
1867 3577 1880 3626 ;

277 3665 488 3730 quanto
542 3655 714 3726 magis
780 3652 1068 3725 plenitudo
1126 3652 1387 3707 illorum!
1454 3675 1474 3698 ι
1544 3654 1633 3712 91
1695 3649 1881 3706 Mani-

279 3754 476 3811 festum
509 3763 588 3810 est
617 3753 745 3826 quia
775 3753 820 3808 si
850 3751 1114 3807 delictum
1152 3750 1375 3804 illorum
1408 3748 1621 3821 profuit
1648 3747 1876 3816 mundo,

281 3845 413 3901 dum
467 3843 666 3899 horum
709 3841 997 3914 dispendio
1043 3841 1225 3912 plures
1275 3838 1439 3895 habet
1486 3837 1695 3905 bonos;
1752 3837 1879 3909 quia

281 3935 457 3991 multo
486 3933 668 4005 plures
697 3939 826 3987 sunt
858 3937 1064 4002 gentes,
1100 3945 1262 4002 quam
1293 3928 1466 3983 Judaei
1498 3946 1508 3983 :
1545 3935 1598 3982 et
1623 3926 1880 3983 diminu-

281 4024 360 4080 tio
407 4039 618 4090 eorum,
645 4019 791 4094 quod
820 4026 902 4074 est
947 4018 1209 4074 damnum
1255 4016 1637 4088 promissionis
1667 4016 1878 4071 divitiae

281 4112 546 4185 gentium,
587 4127 681 4182 per
711 4108 767 4165 id
795 4107 941 4181 quod
975 4108 1168 4164 lucrati
1201 4117 1330 4163 sunt
1361 4107 1531 4162 vitam
1577 4114 1836 4162 aeternam
1864 4124 1877 4172 ;

282 4209 488 4275 quanto
519 4199 690 4270 magis
737 4197 1023 4270 plenitudo
1073 4198 1291 4251 eorum!
1326 4196 1591 4268 Apertum
1642 4203 1723 4250 est
1753 4193 1882 4266 quia

282 4289 455 4361 magis
500 4287 656 4343 dives
687 4286 793 4342 erit
838 4283 1078 4339 mundus
1106 4283 1428 4339 hominibus
1467 4281 1646 4348 bonis,
1679 4281 1724 4337 si
1756 4289 1810 4336 et
1841 4279 1879 4334 ii

283 4380 377 4452 qui
428 4378 685 4434 excrecati
734 4382 882 4441 sunt,
931 4381 1355 4441 convertantur;
1401 4389 1470 4428 ex
1510 4387 1702 4444 magna
1734 4370 1878 4426 enim

281 4429 436 4540 parte
465 4463 769 4521 salvabitur
799 4429 1061 4517 mundus.
1087 4461 1296 4518 Mundo
1315 4429 1566 4516 homines
1585 4429 1882 4531 signiﬁcat,
1916 4429 1964 4487 Β

286 4558 428 4614 sicut
457 4556 669 4612 dictum
699 4562 780 4610 est
809 4552 875 4609 de
905 4553 1184 4608 Salvatore
1218 4569 1229 4606 :
1275 4576 1292 4597 ι
1311 4551 1453 4607 Ecce
1475 4549 1716 4606 mundus
1736 4555 1886 4604 totus

288 4648 404 4705 abit
434 4655 557 4720 post
587 4647 746 4703 illum
781 4647 960 4718 (Joan.
993 4661 1097 4713 xu,
1130 4645 1242 4716 19).
1278 4669 1295 4690 ι

361 4749 543 4820 (Vers.
610 4750 694 4816 13,
756 4747 870 4819 14.)
933 4770 952 4793 ι
1000 4747 1174 4804 Vobis
1219 4746 1367 4803 enim
1425 4745 1550 4802 dico
1610 4742 1883 4817 gentibus,

295 4838 542 4912 quandiu
591 4836 812 4911 quidem
858 4853 955 4909 ego
986 4853 1106 4891 sum
1148 4836 1391 4907 gentium
1439 4834 1739 4907 apostolus,
1772 4833 1888 4888 mi-

290 4927 583 4984 nisterium
613 4943 796 4983 meum
827 4923 1226 4991 honoriﬁcabo,
1249 4923 1297 4978 si
1327 4940 1435 4996 quo
1465 4923 1630 4979 modo
1659 4921 1887 4979 zemuler

283 5033 505 5076 carnem
557 5033 755 5086 meam,
787 5024 849 5073 ut
895 5015 1078 5072 salvos
1116 5013 1314 5070 faciam
1342 5012 1556 5086 aliquos
1586 5027 1658 5068 ex
1687 5009 1821 5066 illis.
1853 5035 1872 5057 ι

353 5239 472 5310 (65)
503 5238 595 5310 Sic
621 5235 862 5310 Amerb._
881 5251 1007 5292 cum
1033 5250 1166 5310 mss.
1189 5249 1221 5310 a
1241 5231 1444 5310 quibus
1477 5244 1588 5310 non
1617 5227 1887 5310 dissident

282 5298 525 5366 Eras.'et
569 5308 726 5376 Gill.,
757 5305 865 5363 nisi
912 5307 1060 5380 quod
1104 5298 1273 5380 verbo
1317 5302 1584 5380 hqberent,
1621 5298 1884 5377 subdunt,
1935 5363 1938 5365 Α

283 5383 369 5437 sed
399 5381 602 5450 falsum
633 5398 650 5435 :
682 5369 738 5435 at
767 5369 1086 5435 Romfedit.
1121 5375 1226 5431 hoc
1262 5373 1426 5450 modo
1457 5373 1641 5450 locum
1675 5369 1887 5450 immu-_

283 5442 439 5521 tavit,
489 5469 598 5507 non
645 5450 994 5521 intelligerent
1033 5463 1238 5511 verum,
1283 5444 1426 5514 quod
1478 5442 1746 5505 haberent,
1799 5442 1887 5496 sed

284 5505 671 5596 Ῑῖιιέιιίηξάιιοιζ
694 5505 960 5596 volebant.
1113 5587 1128 5596 _
1379 5593 1388 5596 _
1733 5583 1742 5594 .

357 5587 501 5667 (66)
538 5587 714 5651 Ἐστι).
795 5589 990 5658 codex,
1057 5587 1129 5645 ad
1212 5587 1478 5644 Christum
1563 5587 1888 5658 promissum

1974 437 2343 492 ministerium
2411 456 2594 508 suum,
2647 456 2756 512 quo
2824 440 3102 511 apostolus
3157 443 3403 511 gentium
3459 446 3559 506 est,

1975 525 2335 594 bonoriﬁcat;
2385 527 2430 583 si
2468 535 2690 600 propter
2740 529 2994 585 affectum
3044 529 3258 602 generis
3309 529 3394 585 sui
3437 529 3562 585 data

1975 632 2139 687 opera
2180 616 2343 671 etiam
2392 615 2608 672 Iudaeos
2653 617 2899 690 acquirat
2941 619 3008 674 ad
3046 619 3230 675 ﬁdem.
3273 618 3562 674 Honoriﬁ-

1975 704 2186 760 centior
2225 704 2370 760 enim
2421 704 2532 771 ﬁet,
2564 704 2610 758 si
2657 713 2710 759 et
2748 706 2892 775 illos,
2923 708 2989 762 ad
3037 724 3172 778 quos
3214 725 3324 764 non
3365 709 3563 765 missus

1975 801 2078 859 est,
2125 793 2367 851 lucretur
2408 793 2477 849 ad
2530 794 2704 849 vitam
2753 812 2765 848 :
2818 796 3070 851 Patribus
3112 797 3258 852 enim
3308 797 3365 852 in
3404 797 3563 854 laude

1977 883 2220 939 maxima
2244 884 2367 952 erit,
2391 883 2438 939 si
2473 883 2667 938 fratres
2699 883 2992 952 invenerit,
3027 885 3120 956 qui
3151 885 3441 956 perierant.

2050 973 2232 1044 (Vers.
2259 973 2371 1043 15.)
2417 996 2434 1018 ε
2465 973 2523 1028 Si
2553 973 2700 1028 enim
2731 973 2954 1028 amissio
2974 989 3162 1028 eorum
3190 973 3565 1030 reconciliatio

1976 1068 2058 1116 est
2101 1062 2316 1130 mundi,
2351 1079 2471 1134 quae
2517 1070 2600 1118 est
2647 1063 2969 1135 assumptio,
3014 1063 3121 1118 nisi
3169 1063 3286 1118 vita
3314 1080 3382 1118 ex
3411 1079 3568 1120 mor-

1977 1155 2087 1210 tuis
2107 1154 2134 1210 ?
2183 1179 2200 1202 ι
2263 1155 2378 1210 Hoc
2415 1153 2574 1221 dicit,
2605 1153 2736 1226 quia
2763 1154 2808 1209 si
2840 1171 2952 1209 non
2981 1154 3332 1210 credentibus
3366 1154 3569 1210 Iudaeis

1977 1253 2162 1315 gentes
2224 1243 2594 1300 reconciliatae
2669 1251 2798 1300 sunt
2853 1247 2988 1310 Deo,
3043 1245 3109 1300 ad
3167 1247 3567 1301 incrementum

1978 1333 2169 1389 mundi
2221 1333 2369 1388 circa
2397 1332 2561 1389 ﬁdem
2595 1332 2834 1400 Christi;
2876 1350 2995 1405 quae
3031 1333 3138 1390 erit
3175 1334 3233 1388 in
3264 1333 3366 1390 hac
3395 1341 3566 1406 parte,

1977 1429 2030 1477 ct
2073 1431 2278 1494 quanta
2317 1421 2604 1494 plenitudo
2648 1422 2862 1490 salutis,
2911 1422 2958 1477 si
3003 1429 3353 1477 assumantur
3393 1420 3568 1476 Judaei

1977 1511 2044 1566 ad
2092 1511 2254 1566 ﬁdem
2314 1510 2550 1578 Christi,
2607 1511 2715 1567 nisi
2768 1519 2828 1567 ut
2880 1527 2948 1566 ex
3000 1511 3230 1567 mortuis
3261 1509 3571 1566 viviﬁcetur

1979 1601 2219 1657 mundus
2264 1602 2321 1657 in
2375 1601 2739 1658 hominibus?
2785 1602 2926 1669 Quia
2981 1619 3108 1673 ergo
3144 1601 3420 1674 profectus
3468 1607 3568 1667 est,

1896 1714 1940 1774 Β
1978 1691 2213 1748 dandam
2259 1691 2395 1748 dicit
2441 1708 2682 1762 operam,
2716 1699 2777 1746 ut
2816 1691 3041 1747 credant
3068 1710 3081 1758 ;
3114 1689 3372 1762 quoniam
3403 1688 3573 1744 caeci-

1974 1781 2103 1840 tatis
2146 1780 2366 1836 obtusio
2413 1788 2657 1852 tempore
2704 1780 3042 1852 compensati
3073 1779 3264 1834 delicti
3302 1778 3569 1844 aufertur,

1974 1881 2036 1928 ut
2074 1873 2378 1928 voluntatis
2399 1889 2509 1928 suae
2540 1872 2810 1944 recipiant
2844 1872 3079 1928 liberum
3112 1871 3426 1927 arbitrium.

2049 1963 2229 2033 (Vers.
2285 1963 2396 2033 16.)
2464 1988 2482 2008 ε
2527 1961 2683 2030 Quod
2737 1962 2782 2018 si
2832 1961 3094 2018 delibatio
3139 1968 3324 2017 sancta
3375 1967 3474 2028 est,
3517 1967 3571 2014 et

1976 2069 2170 2108 massa.
2204 2078 2222 2100 ι
2266 2051 2616 2108 Manifestum
2646 2060 2748 2120 est,
2781 2051 2908 2124 quia
2937 2051 3084 2124 quod
3113 2051 3277 2106 unius
3305 2050 3571 2105 substan—

1976 2142 2065 2198 tiae
2106 2151 2204 2210 est,
2237 2160 2409 2199 unum
2440 2151 2522 2199 est
2554 2162 2564 2198 :
2594 2159 2658 2200 ac
2698 2159 2794 2215 per
2824 2143 2928 2198 hoc
2957 2159 3070 2197 non
3104 2149 3278 2214 potest
3308 2140 3571 2198 delibatio

1977 2239 2163 2289 sancta
2191 2249 2328 2299 esse,
2361 2240 2414 2288 et
2459 2249 2636 2288 massa
2663 2231 2986 2298 immtmda;
3028 2231 3292 2287 delibatio
3321 2230 3468 2286 enim
3504 2229 3572 2284 de

1978 2338 2156 2377 massa
2187 2329 2268 2378 est
2300 2323 2440 2394 (67).
2467 2321 2704 2395 Ideoque
2724 2322 2964 2378 ostendit
2993 2338 3104 2377 non
3133 2337 3289 2392 posse
3315 2319 3572 2393 indignos

1977 2411 2085 2468 dici
2123 2412 2190 2467 ad
2239 2411 2402 2468 ﬁdem
2449 2413 2569 2480 hos,
2603 2429 2838 2485 quorum
2881 2410 2995 2482 jam
3026 2419 3204 2482 patres
3234 2411 3415 2482 adepti
3445 2418 3574 2465 sunt

1978 2500 2142 2555 ﬁdem
2170 2519 2183 2566 ;
2220 2501 2348 2573 quia
2387 2501 2432 2556 si
2464 2519 2587 2574 pars
2617 2501 2930 2556 Iudaeorum
2971 2500 3225 2568 credidit,
3257 2516 3354 2555 cur
3383 2515 3494 2554 non
3521 2505 3574 2555 et

1979 2591 2087 2646 alia
2121 2609 2244 2664 pars
2277 2609 2432 2664 posse
2469 2592 2688 2648 credere
2716 2593 2970 2648 dicatur?

2053 2683 2235 2753 (Vers.
2299 2683 2412 2747 17.)
2486 2706 2503 2727 ι
2559 2683 2629 2738 Εῑ
2684 2681 2728 2736 si
2778 2680 2938 2735 radix
2988 2686 3195 2748 sancta,
3240 2687 3293 2735 et
3342 2678 3496 2734 rami.
3544 2704 3560 2724 ι

1980 2772 2293 2827 Immutatis
2335 2770 2538 2838 verbis,
2571 2771 2758 2827 eadem
2810 2770 3026 2842 repetit,
3060 2778 3120 2824 ut
3166 2784 3384 2824 sensum
3415 2784 3576 2823 com-

1980 2863 2201 2918 mendet
2232 2861 2448 2917 duobus
2478 2861 2764 2933 exemplis.
2812 2886 2829 2906 ι
2857 2859 3013 2928 Quod
3043 2859 3086 2914 si
3116 2859 3284 2932 aliqui
3318 2875 3385 2913 ex
3413 2858 3579 2913 ramis

1985 2952 2144 3008 fracti
2193 2958 2344 3019 sunt,
2391 2970 2417 3003 ι)
2474 2951 2528 3005 id
2571 2958 2676 3019 est,
2706 2950 2750 3005 si
2782 2949 2954 3022 aliqui
2989 2965 3099 3004 non
3127 2947 3478 3004 crediderunt
3507 2962 3577 3002 ex

1989 3041 2088 3108 eis,
2122 3040 2296 3096 excisi
2341 3056 2370 3094 a
2415 3039 2798 3110 promissione.
2863 3063 2880 3084 ι
2919 3039 3001 3092 Tu
3041 3045 3222 3093 autem
3265 3051 3390 3093 cum
3437 3051 3580 3091 esses

1991 3131 2241 3196 oleaster,
2293 3129 2530 3184 insertus
2567 3145 2625 3184 es
2672 3129 2729 3182 in
2783 3128 2931 3194 illos,
2983 3135 3038 3182 et
3079 3128 3261 3182 socius
3309 3128 3484 3182 factus
3523 3143 3579 3181 es

1993 3215 2197 3272 radicis
2227 3223 2287 3269 ut
2326 3213 2676 3286 pinguedinis
2707 3213 2888 3268 olivae.
2917 3239 2934 3260 ι
2987 3216 3101 3270 Hoc
3129 3214 3424 3284 signiﬁcat,
3455 3213 3584 3285 quia

1992 3321 2102 3360 non
2143 3303 2498 3359 credentibus
2543 3302 2732 3357 multis
2780 3301 3002 3369 Iudaeis,
3036 3311 3221 3374 gentes
3251 3301 3425 3356 insita:
3456 3309 3583 3357 sunt

1993 3410 2089 3466 per
2135 3393 2299 3448 ﬁdem
2349 3393 2404 3446 in
2451 3408 2601 3463 spem
2651 3389 3065 3462 promissionis;
3117 3400 3177 3446 ut
3223 3389 3398 3445 dolori
3447 3397 3585 3446 esset

1991 3482 2194 3538 Iudaeis
2250 3501 2261 3537 :
2313 3480 2405 3536 sed
2452 3497 2560 3535 non
2605 3478 2769 3550 juxta
2815 3479 2985 3551 legem
3034 3479 3403 3550 agriculturae,
3457 3479 3585 3552 quia

1992 3571 2196 3626 bonum
2229 3569 2507 3626 surculum
2543 3568 2794 3624 inserunt
2833 3568 2890 3622 in
2921 3584 3031 3623 non
3063 3567 3260 3624 bonam
3293 3567 3579 3634 arborem;

1989 3661 2048 3716 lii
2093 3661 2239 3716 enim
2288 3677 2411 3716 cum
2461 3667 2642 3714 essent
2683 3659 2740 3712 in
2790 3657 2972 3714 radice
3014 3657 3176 3725 mala,
3223 3657 3412 3713 inserti
3457 3664 3585 3713 sunt

1991 3751 2046 3805 in
2094 3751 2296 3806 bonam
2329 3749 2600 3805 arborem.
2635 3748 2762 3804 Ideo
2792 3750 3084 3803 oleastrum
3117 3747 3254 3803 dicit
3293 3747 3582 3814 insertum,

1990 3849 2048 3897 ut
2098 3841 2339 3897 fructum
2388 3840 2643 3896 surculus
2709 3837 2908 3894 radicis
2965 3838 3174 3901 afferat,
3231 3835 3412 3890 socius
3468 3835 3585 3906 ejus

1989 3930 2233 3986 effectus.

2064 4019 2246 4088 (Vers.
2301 4017 2414 4088 18.)
2481 4040 2499 4062 ι
2556 4015 2678 4071 Noli
2727 4013 2950 4086 gloriari
3007 4011 3271 4069 adversus
3317 4029 3518 4080 ramos,
3553 4038 3571 4059 ι

1992 4106 2098 4163 hoc
2153 4115 2255 4174 est,
2312 4105 2428 4160 noli
2486 4104 2717 4176 gaudere
2776 4104 2832 4158 in
2882 4102 3266 4159 incredulitate
3316 4102 3578 4170 illorum;

1991 4196 2249 4267 displicet
2295 4194 2443 4250 enim
2487 4196 2622 4261 Deo,
2654 4194 2701 4250 si
2748 4193 2872 4266 quis
2900 4193 3138 4249 exsultet
3166 4191 3224 4247 in
3260 4192 3418 4248 malis
3444 4193 3589 4249 alte-

1991 4287 2125 4354 rius,
2157 4287 2298 4342 sicut
2325 4285 2459 4342 dicit
2491 4285 2744 4341 Salomon
2781 4286 2967 4357 (Prov.
2998 4301 3157 4352 XXIV,
3193 4284 3420 4354 i7).Nec
3439 4282 3584 4340 enim

1993 4393 2155 4433 causa
2201 4377 2444 4450 gentium
2476 4375 2673 4448 abjecti
2705 4386 2852 4444 sunt,
2883 4383 2945 4431 ut
2973 4375 3277 4448 gaudeant;
3328 4375 3422 4432 sed
3461 4373 3588 4448 quia

1995 4485 2104 4523 non
2129 4467 2502 4538 crediderunt,
2534 4467 2876 4524 occasionem
2908 4466 3196 4535 dederunt,
3226 4472 3286 4521 ut
3316 4463 3589 4538 pradica—

1996 4567 2146 4614 retur
2165 4557 2436 4629 gentibus.

2080 4670 2098 4692 ι
2133 4646 2291 4714 Quod
2337 4645 2382 4701 si
2437 4653 2498 4700 tu
2549 4645 2818 4717 gloriaris.
2854 4659 2968 4699 non
3009 4651 3070 4698 tu
3110 4641 3348 4698 radicem
3381 4649 3583 4710 portas,

1996 4734 2090 4790 sed
2119 4735 2280 4789 radix
2311 4741 2380 4789 te.
2415 4759 2434 4781 ι
2476 4733 2537 4788 Id
2570 4743 2670 4799 est,
2702 4733 2746 4787 si
2779 4741 2830 4787 te
2855 4730 3119 4786 extuleris
3149 4743 3312 4799 super
3340 4727 3486 4795 illos,
3529 4727 3585 4782 in

1997 4839 2230 4895 quorum
2262 4823 2502 4877 insertus
2545 4837 2601 4876 es
2642 4819 2904 4886 radicem,
2933 4818 3162 4872 insultes
3193 4814 3398 4887 generi,
3430 4815 3577 4888 quod

1996 4921 2073 4979 te,
2106 4918 2167 4966 ut
2193 4928 2262 4968 ex
2292 4909 2435 4965 malo
2464 4909 2643 4964 bonus
2668 4923 2831 4974 esses,
2863 4906 3101 4978 suscepit
3138 4924 3149 4962 :
3184 4921 3285 4963 nec
3313 4903 3505 4973 stabis,
3540 4903 3584 4960 si

1998 5000 2138 5060 illud
2167 5018 2263 5076 per
2285 4999 2431 5073 quod
2455 5007 2585 5067 stas,
2607 4995 2866 5053 destruis.

1996 5226 2244 5282 Abrahae.
2279 5225 2431 5292 Quod
2459 5223 2526 5297 si,
2556 5231 2692 5297 etc,

2069 5298 2184 5368 (67)
2246 5289 2520 5353 Delibatio’
2555 5291 2692 5369 enim
2727 5291 2804 5369 _de
2847 5305 3026 5369 massa.
3071 5295 3164 5369 est,
3197 5289 3253 5345 in
3302 5305 3430 5346 mss.
3463 5293 3591 5364 ple-

1998 5363 2182 5439 risque
2229 5369 2491 5441 omissum
2550 5364 2676 5420 fuit.
2722 5363 2987 5432 Sequenti
3042 5368 3223 5441 autem
3276 5377 3436 5441 versu
3473 5363 3592 5436 ’pro

1997 5434 2223 5517 quorum
2243 5438 2362 5506 jam
2387 5444 2588 5509 patres,
2629 5451 2757 5490 mss.
2791 5447 2902 5486 non
2937 5434 3097 5504 pauci
3132 5434 3337 5506 legunt,
3367 5434 3593 5507 quorum

1987 5524 2108 5578 1am
2131 5524 2310 5579 pares.
