3932 6210
449 242 550 298 I59

431 471 529 527 ego
560 457 790 516 inserar.
807 485 826 509 ι
863 463 946 518 Ex
965 481 1196 536 persona
1218 474 1441 542 gentilis
1457 477 1728 535 credentis
1751 481 2029 555 loquitur;

429 545 556 616 quia
602 549 997 608 exsultandum
1053 567 1207 627 putat
1251 562 1309 616 in
1355 581 1484 620 casu
1521 545 1837 627 Iudaeorum
1875 545 2033 631 (Ῐίίῖἰ-ζ

427 633 698 706 dentium,
748 639 940 698 dicens
974 661 985 698 :
1019 646 1248 704 Illorum
1299 655 1611 723 reprobatio
1667 659 1845 717 locum
1899 665 2030 720 fecit

426 725 744 794 gentilibus.
775 729 880 786 Sed
912 748 1022 788 non
1053 746 1182 794 sunt
1212 742 1488 811 reprobati
1529 762 1561 799 a
1590 748 1722 816 Deo,
1753 758 1814 805 ut
1844 763 2030 823 gentes

426 813 697 874 intrarent
730 839 742 877 :
776 823 869 879 sed
897 841 954 880 se
984 827 1131 900 ipsos
1161 833 1422 901 reprobos
1453 836 1724 907 fecerunt,
1755 859 2027 912 spernen-

425 911 506 961 tes
555 908 761 966 donum
833 915 973 982 Dei;
1040 919 1184 974 unde
1241 930 1294 976 et
1354 927 1697 983 occasionem
1757 931 2026 991 dederunt

424 997 676 1064 gentibus
723 1002 788 1057 ad
836 1005 1090 1062 salutem.
1135 1010 1312 1076 Quam
1362 1015 1745 1073 extollentiam
1799 1024 2023 1093 reprimi

424 1086 560 1153 vult,
593 1096 654 1143 ut
694 1092 865 1163 magis
899 1095 1064 1151 saluti
1099 1100 1531 1170 congaudeatur,
1565 1122 1675 1161 non
1706 1086 2021 1179 atgritudini

416 1175 750 1243 insultetur;
801 1182 962 1238 facile
1001 1186 1148 1243 enim
1199 1188 1474 1260 decipitur
1519 1194 1661 1267 (68),
1692 1175 1785 1270 qui
1826 1202 2021 1273 gaudet

417 1263 614 1321 alienis
643 1269 824 1326 malis.

484 1374 666 1443 (Vers.
723 1378 839 1449 20.)
888 1405 906 1428 ε
937 1381 1106 1451 Bene,
1153 1407 1172 1432 ι
1232 1385 1288 1441 id
1337 1397 1438 1455 est,
1491 1398 1636 1446 recte
1682 1393 1844 1463 dicis,
1890 1397 2019 1467 quia

408 1461 598 1519 fractis
647 1468 814 1524 ramis
860 1470 1098 1528 insertus
1147 1489 1206 1529 es
1257 1492 1271 1531 :
1331 1499 1351 1523 ‹
1393 1478 1484 1533 sed
1535 1479 1593 1534 in
1633 1482 2015 1542 incredulitate

406 1550 566 1608 fracti
624 1564 792 1624 sunt;
833 1582 852 1606 ι
915 1559 1022 1616 hoc
1081 1571 1161 1618 est
1217 1579 1328 1620 non
1375 1577 1599 1639 propter
1660 1579 1732 1640 te,
1791 1573 1883 1629 sed
1915 1592 2014 1630 suo

404 1642 576 1710 vitio;
638 1647 769 1718 quia
837 1648 949 1706 illis
1013 1650 1414 1723 difﬁdentibus,
1477 1658 1544 1714 ad
1601 1663 2011 1720 aemulationem

403 1730 628 1789 illorum
682 1743 745 1791 tu
800 1747 1028 1795 vocatus
1078 1759 1137 1798 es
1187 1744 1254 1798 ad
1311 1747 1565 1803 salutem.
1625 1751 1754 1807 Ideo
1810 1756 2084 1825 gratias];

403 1813 579 1876 debes.
613 1839 768 1894 agere
814 1826 961 1883 dono
1008 1831 1106 1885 Dei
1157 1849 1253 1903 per
1292 1833 1600 1905 Christum,
1636 1856 1748 1895 non
1782 1813 1893 1898 illis
1924 1843 2002 1898 in-

401 1911 604 1967 sultare
666 1930 679 1968 :
741 1915 834 1970 sed
892 1925 945 1973 et
1000 1927 1200 1990 petere,
1259 1923 1305 1979 si
1360 1927 1563 1982 malum
1625 1927 1847 1986 illorum
1899 1933 2000 1990 tibi

399 2004 636 2060 contulit
681 2005 749 2061 ad
792 2009 1062 2079 salutem;
1116 2022 1178 2070 ut
1216 2022 1269 2070 et
1318 2017 1422 2088 ipsi
1472 2017 1696 2077 redeant
1735 2021 1800 2077 ad
1838 2025 2000 2096 origi-

403 2107 549 2149 nem.
585 2095 738 2153 Tunc
765 2099 1008 2170 placebis
1037 2105 1173 2172 Deo,
1206 2106 1300 2176 qui
1331 2107 1412 2161 tui
1439 2110 1697 2165 misertus
1727 2122 1806 2168 est
1831 2132 1844 2180 ;
1876 2113 1998 2172 ideo

400 2183 546 2238 enim
578 2193 630 2241 te
658 2187 972 2256 advocavit,
1002 2200 1063 2247 ut
1094 2209 1188 2265 per
1215 2204 1367 2251 tuam
1396 2200 1807 2258 aemulationem
1839 2204 1994 2261 redu-

392 2282 538 2330 ceret
567 2284 620 2331 et
647 2275 773 2334 illos
801 2279 870 2334 ad
903 2281 1158 2353 gratiam.

413 2360 425 2374 ’
471 2367 564 2424 92
616 2390 634 2416 ι
665 2367 747 2423 Τιι
801 2377 984 2426 autem
1042 2370 1151 2427 ﬁde
1208 2383 1338 2430 stas.
1395 2399 1414 2424 ι
1483 2375 1624 2444 Quia
1670 2379 1846 2437 Judwi
1895 2398 1994 2455 per

388 2460 752 2520 difﬁdentiam
791 2465 928 2538 lapsi
981 2477 1131 2536 sunt,
1177 2469 1278 2526 hos
1325 2471 1430 2528 ﬁde
1478 2473 1616 2531 dicit
1645 2485 1821 2544 stare;
1863 2481 1991 2552 quia

389 2566 513 2605 cum
563 2552 715 2623 prius
759 2555 1004 2627 perﬁdiae
1052 2575 1213 2614 causa
1249 2559 1515 2632 jacerent,
1544 2566 1816 2623 credendo
1847 2576 1990 2625 stare

385 2649 688 2712 cmperunt.
750 2668 769 2693 ι
795 2646 920 2702 Noli
950 2649 1124 2704 altum
1167 2665 1372 2722 sapere,
1405 2653 1499 2708 sed
1547 2655 1700 2712 time.
1736 2684 1753 2704 ι
1795 2659 1856 2714 Id
1885 2669 1983 2727 est,

385 2729 496 2785 noli
528 2732 794 2803 superbus
822 2751 958 2805 esse,
993 2737 1089 2793 sed
1121 2754 1271 2800 cave.
1306 2757 1372 2796 ne
1403 2750 1456 2797 et
1485 2751 1542 2798 tu
1579 2745 1841 2802 oﬁ‘endas.

454 2836 635 2906 (Vers.
687 2840 803 2909 21.)
874 2865 892 2888 ι
938 2841 994 2895 Si
1036 2843 1184 2897 enim
1231 2846 1377 2900 Deus
1426 2848 1770 2904 naturalibus
1817 2853 1984 2910 ramis

379 2938 490 2976 non
538 2927 815 2994 pepercit;
868 2941 938 2980 ne
988 2928 1129 2984 forte
1177 2947 1276 2986 nec
1320 2932 1422 2987 tibi
1467 2945 1670 3006 parcat.
1704 2961 1721 2984 ι
1775 2939 1979 2998 Verum

385 3019 488 3076 est,
523 3012 653 3083 quia
703 3015 747 3069 si
803 3014 949 3084 illos,
995 3019 1086 3090 qui
1143 3022 1504 3093 praerogativa
1561 3026 1779 3084 Patrum
1827 3031 1977 3104 digni

1457 264 1554 318 AD
1594 265 1828 324 OPEBA
1870 269 1924 325 S.
1968 272 2302 334 AMBROSII
2340 281 2725 345 APPENDIX.

506 367 689 437 (Vers.
726 371 841 443 19.)
890 396 908 421 ‹
938 376 1090 432 Dicis
1119 380 1341 454 itaque:
1391 386 1570 442 Fracti
1600 398 1728 445 sunt
1764 395 1925 463 rami,
1969 406 2031 452 ut
2067 403 2112 460 A
2146 418 2396 461 severum

3683 318 3792 374 166

2457 410 2632 466 Deum
2693 413 2750 469 in
2809 434 2900 474 eos
2957 421 3144 493 fuisse,
3192 436 3252 484 ut
3298 429 3356 487 in
3414 448 3776 511 perpetuum

2143 497 2328 551 caecati
2360 508 2539 555 essent
2569 513 2850 573 apostatae.

2215 593 2395 661 (Vers.
2428 596 2544 668 23.)
2591 625 2608 646 ε
2638 601 2741 658 Sed
2789 613 2842 660 et
2892 607 2973 664 illi
3023 612 3067 666 si
3103 629 3214 673 non
3244 628 3675 688 permanserint
3713 633 3775 688 in

2139 677 2544 754 incredulitate,
2595 690 2944 765 inserentur;
3005 711 3199 771 potens
3253 716 3334 762 est
3387 714 3540 770 enim
3605 720 3770 778 Deus

2138 770 2337 829 iterum
2388 777 2625 836 inserere
2662 783 2808 841 illos.
2840 812 2856 833 ι
2900 770 3154 850 Ostendit
3189 795 3468 866 justitiam
3498 808 3605 864 Dei
3644 829 3766 868 non

2137 861 2194 916 in
2224 866 2512 924 severitate
2543 887 2761 929 manere
2791 877 2936 934 circa
2983 880 3129 952 illos,
3161 902 3298 958 quos
3341 900 3655 955 excaecavit
3690 905 3760 960 ad

2136 958 2383 1024 tempus;
2444 959 2574 1029 quia
2630 978 2741 1018 non
2793 965 2873 1022 sic
2928 968 3054 1028 illos
3108 978 3318 1036 excidit
3350 983 3489 1054 (70),
3525 996 3588 1044 ut
3623 958 3747 1049 non

2133 1042 2304 1110 possit
2348 1044 2473 1101 illos
2524 1048 2724 1106 iterum
2776 1054 3034 1127 inserere,
3085 1063 3131 1118 si
3183 1079 3607 1146 convertantur,
3650 1084 3751 1154 qui

2133 1146 2228 1200 per
2265 1136 2585 1206 prophetam
2616 1140 2762 1200 dixit
2791 1163 2802 1200 :
2851 1173 2868 1193 ι
2897 1149 3252 1213 Revertentes
3280 1160 3347 1216 ad
3381 1179 3466 1218 me
3508 1136 3749 1240 repleuit:

2130 1221 2256 1277 tabo
2290 1224 2504 1294 (Jerem.
2538 1246 2694 1300 xxn',
2729 1235 2785 1305 6)
2813 1255 2825 1303 ;
2859 1262 2876 1283 ι
2922 1249 2983 1295 ut
3022 1240 3126 1298 hoc
3167 1247 3401 1306 scientes
3429 1221 3745 1318 Christiani

2130 1312 2358 1382 gentiles
2403 1333 2514 1372 non
2554 1319 2822 1380 insultent
2869 1326 3092 1400 Judmis,
3125 1337 3260 1391 certi
3303 1347 3575 1402 reservari
3625 1349 3742 1407 illis

2127 1403 2278 1474 quasi
2313 1406 2480 1477 lapsis
2511 1410 2946 1475 misericordiam
2977 1423 3096 1478 Dei.

2195 1501 2382 1570 (Vers.
2435 1505 2549 1578 24.)
2614 1535 2632 1556 ι
2677 1512 2816 1569 Nam
2865 1518 2909 1572 si
2944 1527 3004 1574 tu
3042 1536 3109 1576 ex
3150 1528 3386 1584 naturali
3421 1534 3648 1593 excisus
3678 1554 3734 1596 es

2125 1589 2376 1662 oleastro,
2425 1603 2478 1650 et
2524 1608 2716 1656 contra
2757 1614 3006 1664 naturam
3049 1611 3287 1674 insertus
3324 1637 3380 1677 es
3418 1623 3479 1680 in
3519 1626 3725 1688 bonam

2122 1679 2327 1737 olivam
2363 1702 2375 1739 :
2409 1696 2613 1758 quanto
2664 1695 2834 1765 magis
2865 1696 2943 1766 hi,
2977 1702 3069 1772 qui
3101 1711 3400 1768 secundum
3444 1727 3726 1792 naturam,

2117 1766 2430 1828 inserentur
2475 1792 2585 1832 suae
2631 1781 2828 1839 olivae!
2881 1812 2898 1833 ι
2949 1788 3164 1849 Olivam
3196 1796 3356 1856 ﬁdem
3390 1819 3489 1874 per
3544 1786 3710 1882 quam

2129 1856 2384 1882 AL_-L--.-
2442 1863 2454 1882 ε
2534 1867 2609 1882 --η
2688 1878 2697 1882 -
3067 1880 3075 1882 “

2115 1856 2392 1917 Abraham
2433 1863 2770 1934 justiﬁcatus
2812 1883 2912 1943 est,
2964 1880 3297 1954 accipiamus
3348 1856 3716 1958 :‘oleasjtrum

2113 1963 2262 2014 vero,
2296 1952 2425 2022 quia
2454 1959 2680 2024 agrestis
2718 1969 2770 2016 et
2802 1952 3144 2028 infructuosa
3173 1983 3368 2035 natura
3400 1991 3502 2051 est,
3539 1989 3717 2058 perﬁ-

2113 2033 2252 2058 ’12----
2302 2037 2477 2058 -2,,,°n
2555 2051 2565 2058 .
2722 2050 2822 2058 ι-..

2111 2033 2256 2090 diam
2297 2037 2660 2111 signiﬁcatam
2714 2050 2830 2122 (71)
2891 2070 2905 2109 :
2953 2071 3016 2112 ac
3073 2075 3168 2130 per
3223 2033 3712 2150 hocﬂsin’iifuqbi

2109 2140 2322 2196 semper
2379 2129 2595 2189 inimici
2656 2138 2754 2193 Dei
2811 2141 3056 2215 fuerunt,
3116 2157 3369 2212 conversi
3428 2160 3487 2216 in
3543 2129 3706 2224 ﬁdem

2107 2212 2343 2273 Abrahae
2393 2219 2583 2278 inserti
2627 2237 2775 2298 sunt,
2819 2247 2887 2288 ex
2939 2236 3097 2308 cujus
3143 2242 3351 2314 urigine
3394 2265 3504 2306 non
3537 2267 3703 2327 sunt;

2105 2312 2311 2374 quanto
2355 2311 2526 2380 magis
2575 2315 2774 2387 Judaei,
2805 2321 2850 2376 si
2894 2333 3016 2395 post
3054 2311 3415 2392 difﬁdentiam
3449 2311 3701 2416 credant:

2104 2403 2340 2464 paternae
2384 2401 2648 2462 reddendi
2699 2419 2827 2466 sunt
2870 2423 3103 2485 naturaa,
3147 2418 3339 2479 inserti
3383 2426 3590 2488 iterum
3641 2401 3694 2490 in

2102 2499 2254 2540 suam
2281 2491 2702 2558 promissionem
2724 2498 2735 2553 l

2173 2584 2354 2656 (Vers.
2409 2589 2495 2656 25,
2547 2590 2661 2663 26.)
2717 2619 2733 2639 -
2763 2595 2900 2652 Nolo
2938 2599 3086 2656 enim
3125 2601 3376 2674 ignorare
3425 2626 3547 2680 vos,
3582 2613 3701 2670 fra—

2098 2680 2224 2742 tres,
2274 2678 2599 2749 mysterium
2634 2681 2770 2751 hoc;
2821 2694 2883 2742 ut
2927 2705 3036 2744 non
3077 2692 3198 2750 sitis
3243 2696 3346 2768 ipsi
3396 2700 3556 2759 vobis
3604 2722 3699 2760 sa-

2095 2763 2342 2833 pientes;
2399 2769 2527 2840 quia
2579 2771 2800 2829 obtusio
2861 2779 3110 2849 quzedam
3175 2763 3462 2858 ex-parte
3527 2794 3695 2851 Israel

2092 2851 2235 2908 facta
2291 2861 2391 2923 est,
2449 2857 2625 2914 donec
2680 2863 2967 2934 plenitudo
3020 2871 3268 2941 gentium
3309 2851 3559 2938 intraret
3600 2891 3698 2940 :et

2091 2941 2170 3000 sic
2207 2946 2387 3002 omnis
2417 2949 2580 3005 Israel
2611 2953 2796 3010 salvus
2835 2956 3008 3014 ﬁeret.
3043 2985 3060 3006 ι
3105 2962 3224 3018 Non
3255 2973 3338 3021 est
3366 2969 3686 3042 obscurum,

2089 3033 2217 3103 quia
2264 3034 2330 3090 ad
2379 3045 2594 3110 tempus
2634 3044 2898 3101 caecitatis
2938 3047 3157 3107 obtusio
3198 3054 3323 3110 data
3363 3068 3445 3115 est
3484 3033 3692 3119 Iudaeis

378 3106 532 3154 erant
569 3100 710 3172 (69),
745 3102 944 3175 quibus
978 3105 1141 3162 etiam
1174 3107 1317 3165 facta
1359 3115 1710 3184 repromissio
1739 3127 1819 3173 est
1861 3100 1974 3177 Deo
2008 3128 2056 3190 C
2091 3100 2209 3194 (’72)
2245 3125 2331 3194 iis,
2364 3128 2458 3198 qui
2494 3100 2638 3186 ldum
2688 3136 2872 3190 aemuli
2913 3137 3070 3212 Legis
3098 3151 3246 3210 sunt,
3281 3161 3389 3201 non
3423 3148 3688 3209 viderunt

382 3185 433 3212 ,η
491 3187 630 3212 ηιμ,
988 3195 998 3205 .
1157 3199 1166 3212 .
1321 3201 1354 3212 -.
1898 3211 1905 3212 κ

380 3185 436 3241 in
489 3187 633 3246 ﬁlios
679 3190 949 3264 adeptari,
984 3195 1385 3256 incredulitatis
1429 3220 1590 3260 causa
1638 3211 1972 3278 excazcavit;

380 3277 511 3349 quid
544 3277 629 3336 his
659 3280 704 3337 si
729 3282 1127 3356 dubitaverint,
1156 3297 1250 3344 aut
1281 3291 1325 3346 si
1358 3309 1413 3348 se
1443 3296 1766 3366 extulerint,
1791 3299 1972 3368 faciet,

371 3366 464 3440 qui
503 3369 660 3426 nulla
707 3375 1186 3434 commendatione
1230 3381 1513 3439 sublimati
1563 3396 1733 3442 sunt:
1771 3366 1973 3463 quippe

367 3471 490 3512 cum
525 3459 737 3516 nullius
767 3461 1052 3532 dignitatis
1083 3477 1284 3536 essent,
1321 3470 1571 3528 honorati
1601 3478 1781 3532 sunt?

438 3566 621 3635 (Vers.
668 3568 783 3638 22.)
831 3593 849 3615 ι
878 3570 1020 3627 Vide
1049 3589 1176 3646 ergo
1207 3576 1507 3635 bonitatem
1540 3590 1592 3637 et
1620 3595 1967 3643 severitatem

363 3654 460 3708 Dei
499 3671 510 3708 :
545 3654 603 3708 in
651 3672 744 3712 eos
791 3659 1012 3730 quidem
1061 3666 1154 3736 qui
1196 3667 1532 3738 ceciderunt,
1564 3675 1912 3732 severitatem
1951 3696 1962 3734 :

362 3741 419 3794 in
443 3748 494 3796 te
523 3750 727 3812 autem,
752 3745 1054 3807 bonitatem
1084 3771 1098 3821 ;
1125 3754 1172 3809 si
1203 3761 1567 3828 permanseris
1596 3763 1651 3818 in
1682 3763 1961 3824 bonitate:

360 3830 606 3904 alioquin
660 3843 714 3891 et
751 3844 811 3893 tu
853 3841 1144 3900 excideris.
1175 3870 1195 3893 ι
1239 3847 1454 3906 Bonum
1498 3854 1673 3910 Deum
1706 3858 1965 3928 gentibus

358 3935 473 3978 esse
516 3930 779 3997 testatur;
823 3931 953 4004 quia
997 3951 1126 3991 cum
1171 3935 1322 3994 idola
1368 3953 1747 4016 sequerentur,
1809 3947 1962 4020 digni

355 4011 544 4086 utique
597 4019 810 4089 mortis,
861 4023 1127 4093 patientia
1178 4045 1276 4085 sua
1321 4011 1661 4104 exspectavit
1719 4011 1961 4106 illos,vet

351 4116 452 4157 nec
508 4103 688 4163 adhuc
740 4112 1082 4183 requirentes
1122 4133 1201 4186 se,
1253 4103 1674 4181 ultroivocavit
1707 4127 1853 4183 illos.
1904 4137 1957 4186 et

347 4202 566 4263 peccata
616 4197 695 4253 eis
760 4202 993 4258 remisit.
1051 4207 1255 4264 Iudaeis
1311 4220 1496 4268 autem
1554 4232 1776 4273 severus
1832 4227 1950 4288 est;

346 4286 645 4340 exczecavit
687 4287 837 4342 enim
887 4306 1002 4356 eos,
1039 4295 1168 4364 quia
1213 4296 1420 4353 donum
1471 4303 1568 4358 Dei
1606 4316 1949 4374 spreverunt.

342 4370 454 4425 Hos
496 4379 680 4427 tamen
739 4391 886 4433 nunc
937 4379 1217 4451 signiﬁcat
1275 4386 1535 4457 Judaos,
1586 4370 1679 4464 qui
1733 4405 1952 4466 propter

343 4459 788 4517 malevolentiam
849 4481 1002 4521 suam
1062 4469 1117 4524 in
1173 4483 1493 4546 perpetuum
1539 4482 1724 4539 caecati
1778 4494 1939 4560 sunt;
1974 4489 2022 4547 D

341 4547 488 4601 unde
544 4555 597 4603 et
650 4551 912 4609 cecidisse
981 4572 1074 4614 eos
1128 4559 1266 4618 dicit
1323 4581 1336 4620 :
1394 4565 1523 4623 illos
1576 4579 1758 4628 autem
1810 4591 1946 4647 quos

343 4651 508 4705 supra
553 4642 905 4712 memoravit,
937 4645 1250 4719 offendisse,
1283 4668 1390 4709 non
1419 4662 1600 4714 tamen
1643 4661 1938 4731 cecidisse;

340 4726 472 4796 quia
521 4729 590 4785 ad
642 4737 862 4806 tempus
892 4745 1122 4797 caecatos
1148 4740 1275 4800 illos
1304 4747 1581 4820 ostendit;
1613 4769 1677 4811 ac
1712 4769 1810 4827 per
1836 4726 1941 4814 hoc

559 4961 728 5056 1'C.orb.
771 4967 966 5056 codex,
998 4972 1260 5056 decipitur
1285 4982 1653 5056 quiinsultat
1677 4991 1929 5056 peccanti.

408 5029 526 5127 (6?)
559 5034 640 5127 Ita
672 5051 801 5092 mss.
838 5029 998 5120 longe
1037 5029 1260 5127 plnr‘imi
1335 5054 1467 5110 edit.
1504 5073 1654 5122 vero,
1677 5029 1934 5127 ldignitosi

327 5107 501 5194 erant,
534 5104 966 5194 adquas-etiam
1014 5104 1301 5194 accedunt,
1333 5104 1588 5180 nonnulli
1642 5104 1804 5194 iussi,
1836 5131 1930 5185 ubi

329 5171 531 5271 lLegitur
571 5171 720 5271 dig'qi
771 5184 906 5238 tonsi
945 5171 1117 5245 erant.
1170 5193 1378 5248 Rursus
1421 5204 1624 5271 autem,
1658 5198 1751 5254 ubi
1787 5171 1929 5271 lege-

366 5251 489 5271 ηθει..
533 5246 585 5271 ζ...
638 5264 660 5271 ,ι
707 5250 746 5271 ΪΑ
815 5269 823 5271 Α
940 5256 972 5271 οι
1139 5269 1147 5271 .
1431 5266 1463 5271 --

325 5241 489 5337 batur
531 5246 590 5337 in
629 5241 766 5333 cdit:
801 5241 1154 5337 omnibuset
1185 5279 1315 5318 mss.
1351 5241 1701 5337 quibusdam,
1732 5241 1928 5328 Deoain

320 5315 464 5412 ﬁljos
519 5319 777 5404 adoptati:
817 5335 910 5382 aut
957 5343 1017 5412 ιιι
1068 5315 1148 5410 in
1177 5315 1463 5412 nonnullis
1511 5315 1923 5412 paulo’melius,

318 5387 636 5477 adoptans;
660 5394 868 5477 optime
895 5400 1093 5477 reliqui
1117 5401 1266 5477 cod.,
1297 5387 1564 5477 adoptari:

392 5458 508 5529 (70)
550 5458 830 5551 .Nonnulli
878 5458 1030 5551 cod‘.,'
1056 5473 1129 5526 ad
1179 5458 1752 5551 tempusfnec'quidem
1780 5487 1923 5544 circa

315 5533 579 5623 eoshqm"
613 5537 807 5623 qolunt
843 5533 1087 5623 Acrede're,
1144 5543 1191 5596 .ςί
1221 5533 1456 5618 credant,
1513 5533 1640 5623 qiu'a
1694 5574 1800 5612 non
1847 5560 1922 5614 sic

313 5601 513 5658 excidit
539 5605 776 5674 Judteos,
807 5615 912 5663 etc.

2088 3213 2294 3270 donum
2352 3219 2566 3275 venisse
2610 3228 2940 3294 promissum
2991 3246 3022 3284 a
3067 3233 3196 3300 Deo,
3228 3237 3375 3306 quod
3409 3241 3685 3310 praedica-

2087 3301 2247 3358 batur
2296 3322 2327 3360 a
2368 3307 2608 3365 Christo.
2646 3313 2774 3370 Zelo
2817 3317 2963 3373 enim
2999 3301 3260 3378 excaecati
3287 3301 3438 3393 sunt,
3472 3341 3683 3400 putan-

2086 3397 2165 3445 tes
2229 3393 2398 3465 legem
2477 3397 2745 3456 factorum
2827 3420 3110 3479 nunquam
3177 3410 3372 3469 debere
3428 3432 3680 3489 cessare;

2084 3482 2228 3538 unde
2259 3486 2544 3544 sabbatum
2575 3492 2914 3552 zelabantur.
2949 3499 3064 3566 Qua
3094 3502 3398 3562 offensione
3429 3525 3498 3564 ex
3528 3482 3680 3582 parte

2081 3571 2260 3628 obtusi
2303 3585 2454 3642 sunt,
2497 3587 2557 3634 ut
2601 3597 2699 3652 pro
2739 3585 3119 3646 incredulitate
3148 3608 3246 3648 sua
3274 3596 3675 3670 cruciarentur,

2080 3658 2330 3717 videntes
2379 3674 2567 3736 gentes
2616 3672 2860 3742 proﬁteri
2908 3693 3033 3733 cum
3092 3681 3291 3751 gaudio
3348 3699 3676 3748 consecutos

2077 3762 2132 3800 se
2177 3752 2652 3820 repromissionem
2703 3761 2936 3819 Abrahae
2971 3783 2982 3821 :
3019 3769 3176 3840 copia
3223 3777 3402 3828 tamen
3433 3776 3674 3835 admissa

2075 3839 2341 3908 gentium.
2375 3843 2775 3918 abstergeretur
2802 3854 2978 3926 caligo
3011 3839 3101 3912 ab,
3125 3861 3300 3917 oculis
3340 3867 3541 3922 mentis
3567 3885 3670 3924 eo-

2074 3942 2218 3996 rum,
2261 3937 2320 3984 ut
2357 3933 2566 4001 possint
2605 3937 2859 4008 credere;
2902 3951 2961 3998 ut
2990 3945 3246 4016 spiritum
3277 3957 3670 4024 compunctio-

2070 4019 2156 4075 nis
2207 4023 2507 4093 prohibens
2550 4046 2580 4084 a
2635 4032 2895 4091 cordibus
2937 4052 3147 4108 eorum,
3181 4041 3274 4114 qui
3324 4045 3403 4100 eis
3441 4059 3664 4118 praestat

2068 4111 2391 4182 caecitatem,
2416 4117 2606 4176 reddat
2631 4121 2710 4178 eis
2740 4122 3030 4182 arbitrium
3062 4111 3297 4188 liberum
3320 4111 3658 4208 voluntatis;

2065 4202 2198 4272 quia
2260 4221 2372 4261 non
2442 4208 2509 4264 de
2593 4214 2982 4275 malevolentia
3059 4229 3175 4278 erat
3265 4202 3659 4300 incredulitas,

2062 4291 2157 4348 sed
2223 4293 2290 4351 de
2343 4313 2546 4368 errore,
2613 4305 3056 4379 emendarentur,
3123 4319 3186 4368 ut
3246 4324 3434 4387 postea
3483 4321 3656 4377 salva-

2143 4515 2160 4538 α
2212 4492 2366 4550 Sicut
2407 4497 2675 4570 scriptum
2705 4510 2805 4559 est.
2837 4529 2856 4554 ι
2901 4505 2972 4563 Ut
2999 4509 3254 4580 probaret
3289 4512 3500 4574 donum
3536 4519 3652 4580 illis

2055 4592 2389 4641 reservatum
2441 4601 2472 4640 a
2513 4589 2648 4657 Deo,
2700 4595 3015 4666 exemplum
3063 4599 3215 4657 Isaiae
3263 4604 3541 4677 prophetae
3588 4611 3646 4666 in

2051 4669 2313 4740 subjectis
2361 4676 2523 4745 ponit
2567 4695 2579 4733 :
2630 4687 2692 4736 ut
2743 4681 2845 4739 hac
2894 4688 3066 4757 gratia
3108 4708 3214 4764 qua
3263 4669 3478 4752 liberati
3516 4709 3648 4757 sunt

2049 4759 2224 4816 Judaei
2282 4762 2585 4837 credentes,
2630 4776 2684 4824 et
2743 4787 2845 4829 nos
2898 4759 3139 4835 liberari
3169 4797 3330 4854 posse
3379 4784 3639 4857 doceret;

2119 4996 2235 5069 (71)
2291 4999 2470 5079 Eras._
2507 5009 2561 5079 et
2605 5021 2719 5079 seq.
2783 5007 2914 5064 edit.
2942 5053 2955 5076 ,
3006 5011 3221 5071 olivam.
3271 5016 3429 5074 Rom.
3471 5021 3639 5077 oleam

2041 5067 2287 5162 fidenti...
2361 5067 2698 5162 a‘ccipiiinusf
2747 5067 2971 5135 oleaster
3052 5099 3288 5162 uero...”
3351 5092 3639 5162 perﬁdiam

2039 5138 2336 5219 significat;
2367 5138 2590 5221 Ani—eri).
2623 5138 2802 5221 autem
2832 5158 2885 5205 et
2907 5168 3033 5206 mss.
3069 5138 3635 5221 lectionemrno'stram

2039 5211 2406 5280 constituunt,
2448 5215 2554 5270 nisi
2605 5219 2749 5290 quod
2804 5223 3057 5302 nonnulli
3101 5225 3326 5302 habent,
3363 5238 3410 5286 et
3438 5232 3634 5302 infru-

2036 5286 2246 5336 ctuosus
2291 5291 2490 5364 natura.
2531 5286 2635 5355 est;
2656 5291 2911 5345 nonnulli
2951 5299 2998 5348 et
3034 5286 3381 5364 infructuosa:
3421 5286 3634 5362 natura:

2034 5359 2162 5446 est;
2185 5360 2239 5446 et
2292 5356 2558 5446 continuo
2613 5368 2730 5431 post
2786 5363 3012 5421 Amerb.
3069 5356 3194 5424 cum
3245 5356 3628 5446 pauCisinss.,

2025 5425 2312 5498 perﬁdiam
2343 5425 2623 5498 signiﬁcat:

2105 5495 2221 5581 (72)
2255 5496 2349 5581 Sic
2372 5495 2623 5568 Anierb.,
2654 5503 2807 5560 Eras.
2840 5523 2902 5564 ac
2932 5511 3114 5580 plures
3143 5530 3299 5581 mss.,
3331 5516 3462 5572 Gill.
3492 5534 3626 5576 vero

2028 5571 2101 5688 ett
2121 5565 2260 5691 3d6iit.
2289 5567 2468 5647 .Itom.
2522 5565 2648 5628 cum
2696 5591 2824 5632 mss.
2869 5565 3624 5658 qdibuskiaiiiféicis'ib'ra'cii

2028 5651 2076 5689 es
2159 5653 2192 5690 ιι
2233 5653 2343 5691 τετε.

2026 5651 2101 5689 est
2121 5651 2343 5694 Juawts.
2890 5651 2897 5652 “
3073 5699 3078 5704 .
