3932 6210
153 348 247 406 isi
1257 351 1619 411 COMMENT.
1664 355 1735 412 1N
1773 324 1994 412 EPlST.
2037 357 2133 414 an
2173 357 2344 417 non.

3362 368 3464 428 162

142 475 269 547 quia
329 493 441 532 non
505 488 620 535 erat
695 477 1003 546 exinanita,
1077 478 1173 535 sed
1225 495 1435 552 semper
1480 480 1746 540 abundat.
1780 497 1831 555 Α
1866 481 2136 553 jactarent
2183 485 2504 542 insultantes
2555 487 2776 556 Iudaeis,
2825 487 2921 561 qui
2962 505 3074 545 non
3115 491 3463 549 crediderant

142 564 290 620 Dicit
319 582 478 637 ergo:

217 654 397 723 (Vers.
442 657 556 729 27.)
627 683 645 705 ι
695 657 896 714 Veniet
956 674 1025 713 ex
1081 657 1236 727 Sion,
1281 658 1376 730 qui
1419 659 1638 731 eripiat,
1695 669 1748 716 et

141 752 352 802 avertat
397 747 737 819 impietatem
784 749 853 804 ab
909 747 1120 804 Jacob:
1174 757 1228 804 et
1271 748 1376 806 hoc
1420 749 1533 804 illis
1587 767 1617 805 a
1664 768 1749 806 me

141 839 558 906 testamentum,
606 853 733 892 cum
778 836 1060 894 abstulero
1106 847 1326 909 peccata
1373 854 1558 894 eorum
1613 841 1746 910 (Isa.

143 938 258 990 LIX,
324 924 441 994 28).
475 950 492 972 ι
555 927 816 998 Exempli
864 925 1030 997 hujus
1088 928 1228 981 ratio
1282 943 1496 999 semper
1544 937 1748 998 manet,

143 1013 395 1084 quandiu
457 1022 607 1082 sunt,
667 1016 760 1087 qui
817 1016 1060 1071 credant.
1119 1016 1221 1071 Hic
1276 1018 1421 1072 enim
1481 1019 1751 1074 Dominus

143 1101 323 1169 Jesus,
369 1103 464 1175 qui
499 1104 566 1160 de
611 1105 763 1161 caelis
801 1114 1065 1161 venturus
1097 1106 1398 1177 promissus
1445 1116 1525 1162 est
1573 1108 1638 1163 ad
1672 1109 1751 1164 li—

143 1188 489 1248 berationem
524 1192 748 1248 humani
796 1194 1028 1265 generis,
1082 1193 1196 1265 ipse
1241 1195 1489 1267 quotidie
1518 1198 1752 1254 remittit

146 1288 372 1352 peccata
410 1283 687 1338 conversis
717 1281 784 1338 ad
814 1300 892 1351 se,
938 1299 1040 1338 nec
1069 1285 1252 1339 statim
1303 1301 1412 1340 non
1468 1286 1750 1344 credentes

148 1368 500 1437 condemnat,
545 1371 638 1428 sed
672 1379 970 1444 exspectat,
995 1373 1171 1429 sciens
1205 1390 1359 1446 posse
1390 1375 1652 1447 proﬁcere
1681 1377 1750 1434 ad

145 1455 486 1528 agnitionem
518 1457 638 1514 Dei.

216 1543 398 1617 (Vers.
430 1546 546 1620 28.)
590 1571 608 1593 α
640 1547 954 1604 Secundum
998 1551 1362 1623 Evangelium
1393 1552 1613 1626 quidem
1647 1554 1748 1611 ini.

143 1633 277 1690 mici
325 1645 548 1708 propter
594 1652 713 1693 vos.
758 1663 775 1686 ι
840 1638 1014 1696 Causa
1062 1639 1468 1700 incredulitatis
1499 1649 1593 1708 93
1630 1644 1752 1701 ini-

143 1730 277 1786 mici
307 1740 435 1788 sunt
468 1734 782 1807 Evangelii,
822 1744 883 1793 ut
926 1753 1080 1793 error
1123 1748 1177 1795 et
1217 1739 1482 1798 delictum
1523 1743 1746 1800 illorum

149 1819 407 1922 gentibus
453 1823 691 1896 aperiret
735 1825 878 1880 viam
929 1835 1056 1883 ante
1112 1835 1329 1901 tempus
1383 1831 1627 1888 intrandi
1679 1833 1817 1922 adB

145 1909 336 1979 ﬁdem,
377 1912 520 1968 sicut
562 1931 726 1987 supra
774 1917 1114 1987 memoravi;
1173 1920 1327 1991 prius
1356 1922 1504 1978 enim
1543 1923 1746 1997 ubique

145 2000 406 2058 omnibus
444 2002 648 2060 Judagis
698 2006 1105 2077 praedicandum
1156 2019 1292 2079 erat,
1343 2019 1477 2070 tunc
1523 2013 1744 2070 demum

149 2098 203 2148 et
232 2092 487 2164 gentibus
517 2095 800 2166 oportebat
847 2099 993 2154 credi
1025 2101 1255 2156 verbum
1295 2102 1416 2158 Dei.
1469 2105 1574 2161 Sed
1619 2105 1748 2178 quia

146 2195 259 2236 non
291 2182 668 2250 crediderunt,
697 2185 936 2244 ablatum
982 2189 1050 2245 ab
1085 2190 1163 2246 eis
1193 2207 1420 2263 regnum
1451 2192 1638 2248 datum
1669 2204 1749 2251 est

148 2271 428 2344 gentibus.
485 2274 672 2346 Itaque
699 2292 811 2332 non
859 2279 1233 2338 insultandum
1287 2283 1374 2338 his
1424 2295 1748 2356 praemonet,

151 2375 391 2432 quorum
426 2361 684 2420 delictum
718 2366 925 2438 profuit
953 2371 1238 2442 gentibus;
1273 2372 1351 2428 ibi
1382 2374 1530 2429 enim
1563 2375 1750 2431 insul-

148 2452 380 2508 tandum
411 2464 509 2523 est,
557 2455 713 2528 cujus
746 2468 1027 2530 peccatum
1072 2463 1252 2520 obfuit
1281 2465 1580 2537 aliquibus.
1629 2469 1750 2523 Non

151 2543 301 2598 enim
334 2543 390 2598 in
421 2543 650 2616 perﬁdia
679 2547 903 2605 illorum
942 2552 1325 2622 gratulandum
1357 2565 1462 2620 est,
1513 2555 1611 2612 sed
1641 2557 1750 2612 do—

152 2631 406 2701 landum,
449 2634 494 2689 si
541 2635 760 2692 tardant
789 2640 1078 2709 converti;
1121 2650 1182 2697 ut
1211 2645 1488 2715 quomodo
1531 2654 1751 2717 peccato

154 2722 380 2779 illorum
402 2727 657 2797 gravissae
687 2736 815 2784 sunt
845 2737 1052 2802 gentes,
1083 2733 1211 2806 quia
1234 2735 1456 2792 salvatze
1486 2747 1642 2804 sunt;
1672 2738 1753 2795 sic

156 2813 518 2870 conversione
551 2832 740 2872 eorum
775 2818 1048 2888 laetentur,
1100 2821 1346 2893 ipsorum
1393 2825 1541 2881 enim
1586 2842 1752 2883 occa-

157 2899 313 2957 sione
340 2903 436 2957 Dei
468 2905 695 2974 gratiam
728 2905 895 2962 citius
925 2921 1302 2981 perceperunt.

241 3015 262 3037 ι
301 2991 614 3049 Secundum
670 2995 996 3052 electionem
1052 3008 1232 3056 autem
1292 3001 1478 3059 dilecti
1535 3011 1756 3076 propter

149 3076 362 3135 Patres.
394 3105 412 3128 ι
468 3080 732 3148 Quamvis
772 3086 1015 3156 graviter
1045 3091 1393 3159 peccaverint
1437 3090 1611 3146 ,Ιιιάωἰ
1656 3107 1755 3146 re-

146 3169 434 3244 probando
464 3170 670 3229 donum
720 3175 838 3243 Dei,
886 3183 941 3231 et
975 3175 1127 3248 digni
1157 3177 1268 3233 sint
1317 3189 1530 3246 morte;
1578 3188 1758 3236 tamen

144 3261 281 3332 quia
336 3259 439 3314 ﬁlii
495 3269 624 3316 sunt
673 3262 973 3331 honorum,
1023 3282 1257 3336 quorum
1306 3270 1668 3338 praerogativa
1704 3278 1758 3324 et

140 3351 348 3406 merito
407 3349 649 3421 plurima
691 3366 724 3404 a
776 3352 891 3406 Deo
936 3351 1202 3409 beneﬁcia
1256 3364 1634 3427 perceperunt,
1678 3374 1758 3413 re-

140 3441 315 3515 gressi
375 3440 447 3496 ad
502 3439 669 3494 ﬁdem
721 3441 1095 3512 suscipientur
1157 3461 1283 3501 cum
1347 3446 1573 3513 laetitia;
1630 3448 1760 3520 quia

139 3529 379 3586 dilectio
447 3527 506 3584 in
573 3527 664 3586 his
717 3529 818 3586 Dei
882 3534 1255 3593 exsuscitatur
1317 3539 1586 3596 memoria
1646 3540 1757 3595 Pa—

139 3628 318 3678 trum.

217 3713 406 3785 (Vers.
436 3712 551 3786 29.)
595 3739 613 3760 ε
644 3712 774 3770 Sine
816 3713 1143 3786 poenitentia
1187 3718 1334 3774 enim
1363 3727 1493 3775 sunt
1526 3718 1669 3776 dona
1701 3727 1754 3776 et

140 3809 370 3864 vacatio
399 3806 519 3863 Dei.
551 3830 570 3854 ι
607 3807 813 3864 Verum
842 3815 944 3876 est,
975 3808 1104 3882 quia
1133 3809 1305 3882 gratia
1331 3811 1432 3866 Dei
1461 3811 1519 3866 in
1550 3812 1754 3885 baptis-

141 3905 296 3953 mate
325 3911 437 3952 non
464 3897 661 3969 quaerit
691 3897 981 3970 gemitum,
1031 3906 1125 3954 aut
1151 3902 1457 3972 planctum,
1492 3909 1586 3958 aut
1615 3919 1752 3976 opus

142 3985 407 4059 aliquod;
457 3986 564 4043 nisi
609 3988 788 4043 solum
818 4005 887 4044 ex
916 3988 1080 4045 corde
1108 3991 1526 4062 professionem.
1569 3994 1756 4066 Neque

143 4076 304 4132 enim
375 4075 504 4148 quia
567 4078 808 4148 graviter
869 4077 1215 4152 deliquerant
1271 4098 1383 4137 non
1438 4081 1756 4154 recipiendo

144 4163 484 4237 promissum
528 4165 650 4234 Dei,
698 4174 752 4223 et
799 4167 929 4238 quia
974 4183 1095 4239 quae
1140 4170 1382 4241 graviter
1437 4180 1754 4244 peccantur,

144 4269 263 4309 non
299 4251 408 4308 nisi
449 4251 581 4310 ﬂetu
609 4262 664 4310 et
709 4255 918 4327 gemitu
967 4256 1036 4312 ad
1065 4260 1284 4315 veniam
1325 4261 1638 4332 pertinent;
1687 4277 1757 4317 ne

146 4341 278 4398 ideo
312 4341 439 4398 illos
488 4359 598 4398 non
641 4360 799 4416 posse
847 4343 963 4416 jam
1021 4346 1264 4418 accipere
1321 4347 1757 4405 misericordiam

146 4439 434 4503 putarent,
478 4432 607 4504 quia
634 4432 819 4489 dolere
852 4435 977 4489 illos
1021 4451 1132 4491 non
1166 4435 1466 4506 videbant;
1517 4437 1759 4494 ostendit

148 4521 257 4578 hoc
287 4521 436 4578 inter
462 4523 765 4594 primordia
791 4523 919 4580 ﬁdei
950 4541 1060 4580 non
1093 4525 1297 4598 requiri
1323 4543 1336 4594 ;
1371 4526 1578 4583 donum
1608 4527 1753 4584 enim

147 4611 252 4668 Dei
283 4611 454 4683 gratis
480 4611 650 4668 donat
681 4623 899 4684 peccata
927 4616 985 4670 in
1015 4614 1314 4686 baptismo.

223 4700 415 4773 (Vers.
461 4700 552 4768 30,
601 4701 715 4774 31.)
786 4728 802 4749 -
837 4703 991 4760 Sicut
1037 4703 1186 4760 enim
1228 4715 1281 4762 et
1315 4722 1412 4762 vos
1460 4705 1758 4780 aliquando

147 4781 264 4847 non
330 4788 643 4847 credidistis
692 4793 827 4860 Deo,
879 4809 1028 4849 nunc
1081 4804 1263 4850 autem
1323 4795 1756 4852 misericordiam

149 4880 441 4936 consecuti
479 4878 608 4935 estis
637 4888 857 4952 propter
901 4881 1123 4937 illorum
1167 4881 1564 4953 diﬂidentiam;
1600 4885 1677 4941 ita
1703 4893 1758 4941 et

149 4968 245 5026 isti
292 4984 448 5024 nunc
491 4985 601 5024 non
646 4970 999 5025 crediderunt
1049 4969 1107 5024 in
1154 4979 1336 5026 vestra
1383 4972 1754 5042 miseratione,

152 5068 214 5116 ut
244 5066 304 5119 et
336 5058 442 5131 ipsi
472 5058 905 5116 misericordiam
941 5070 1370 5134 consequantur.
1408 5087 1425 5109 ιι
1486 5063 1759 5119 lncredu-

152 5149 371 5208 litatem
413 5150 660 5223 gentium
703 5159 988 5220 memorat,
1031 5160 1094 5209 ut
1136 5151 1257 5224 ipso
1302 5150 1500 5207 rubore
1547 5169 1659 5208 non
1705 5169 1761 5209 se

225 5374 350 5450 (73)
390 5377 554 5435 Rom.
605 5372 762 5446 edit.,
809 5384 870 5432 ut
912 5376 1119 5448 perfusi
1165 5374 1448 5450 rubore...
1497 5375 1599 5450 s_ed_
1631 5375 1764 5450 obte-

154 5446 359 5506 stor-ent
411 5450 556 5515 illos,
620 5456 682 5529 με
734 5446 1445 5529 agnoscerent‘promissuin
1476 5447 1764 5529 _Dei.“Se-

156 5530 419 5598 quentem
453 5536 585 5598 vero
618 5517 796 5598 locum
825 5519 950 5598 cod_.
983 5517 1147 5598 _Co_rh.
1177 5519 1255 5572 ita
1279 5517 1589 5598 contrahit:
1614 5520 1765 5598 Quia

157 5591 292 5649 inim
327 5609 441 5660 vos,
473 5592 670 5661 inquit,
712 5599 881 5663 gentes
908 5591 1121 5662 fuistis;
1153 5605 1293 5644 nunc
1331 5593 1506 5643 autem
1549 5591 1767 5645 miseri—

157 5667 592 5742 θοῗίέέαπιρβίθι.
662 5733 677 5742 .
854 5739 862 5742 .
1074 5733 1086 5741 .
1144 5731 1181 5742 ..
1220 5737 1231 5742 -
1400 5732 1447 5742 -.

229 5737 347 5806 (74)
390 5731 499 5792 Ms.
554 5733 746 5803 Corb.,
806 5739 866 5788 ut
913 5750 1012 5805 per
1063 5731 1342 5790 indictum.
1400 5732 1520 5791 Non
1578 5733 1770 5789 multis

1786 4582 1835 4640 D

1854 571 1948 626 sed
2003 571 2340 628 oblectarent
2392 576 2516 630 illos
2579 592 2867 647 agnoscere
2946 580 3284 649 promissum
3339 583 3458 638 Dei.

1859 660 1975 731 (73)
2009 659 2148 726 Quia
2191 662 2338 717 enim
2389 679 2504 731 vos,
2553 664 2754 736 inquit,
2811 675 3022 738 gentes,
3066 686 3189 725 cum
3238 669 3326 726 his
3354 671 3462 726 elo-

1858 749 1986 818 quia
2033 749 2132 804 Dei
2191 749 2397 805 credita
2443 751 2576 818 sint,
2627 762 2998 825 repugnantes
3050 754 3268 826 fuistis;
3313 775 3462 815 nunc

1857 845 2038 893 autem
2075 839 2511 896 misericordiam
2543 844 2853 913 accepistis,
2893 860 3002 898 non
3031 854 3214 902 vestro
3242 849 3462 917 merito,

1857 927 1951 982 sed
1993 927 2061 984 ad
2091 927 2291 984 horum
2331 929 2726 1002 opprobrium;
2778 947 2940 1003 quare
2981 949 3093 988 non
3155 937 3326 1007 magis
3371 937 3464 992 isti

1857 1017 2111 1073 conversi
2140 1019 2415 1090 accipiant
2450 1019 2909 1088 misericordiam,
2953 1021 3046 1093 qui
3078 1022 3233 1093 prius
3263 1027 3319 1078 in
3351 1025 3466 1096 lege

1857 1107 1956 1164 Dei
2017 1110 2328 1165 conversati
2381 1117 2547 1178 sunt,
2605 1117 2660 1166 et
2716 1110 2919 1183 quibus
2977 1111 3119 1167 facta
3176 1113 3466 1184 promissio

1859 1207 1940 1253 est
1961 1196 1990 1253 ?

1933 1286 2115 1357 (Vers.
2149 1286 2266 1359 32.)
2329 1313 2346 1336 ι
2377 1287 2664 1345 Conclusit
2694 1288 2841 1343 enim
2885 1289 3034 1346 Deus
3064 1290 3340 1353 omniain
3372 1289 3467 1346 in—

1859 1375 2203 1445 credulitate,
2247 1386 2308 1433 ut
2335 1377 2587 1433 omnium
2625 1378 2970 1434 misereatur.
3003 1403 3022 1424 ι
3067 1378 3270 1434 Gentes
3300 1397 3467 1451 porro

1857 1465 1926 1520 ab
1955 1466 2196 1538 antiquis
2241 1467 2584 1539 temporibus
2628 1468 2686 1523 in
2731 1468 3014 1540 impietate
3059 1477 3114 1525 et
3157 1469 3467 1541 ignorantia

1860 1554 2241 1624 versabantur,
2282 1563 2342 1610 ut
2370 1565 2497 1628 pote
2529 1557 2648 1612 sine
2692 1558 2844 1612 Deo:
2891 1565 3113 1630 propter
3144 1558 3292 1632 quod
3341 1576 3466 1614 nia-

1859 1643 2115 1700 nifestata
2145 1645 2236 1700 lex
2265 1645 2324 1700 in
2366 1645 2566 1701 litteris
2623 1653 2726 1714 est,
2777 1663 2883 1719 qua
2928 1657 3148 1718 possent
3200 1648 3466 1704 inl'renari

1858 1733 2186 1806 praecipites.
2234 1735 2305 1790 Et
2332 1734 2592 1806 quoniam
2646 1737 2892 1791 versutia
2933 1736 3210 1793 adversari
3261 1754 3468 1794 cumu—

1858 1822 1960 1877 lari
2016 1831 2240 1895 peccata
2290 1834 2598 1896 coeperunt,
2657 1833 2719 1880 ut
2775 1842 2870 1896 per
2929 1825 3285 1882 interdictum
3346 1826 3462 1898 (74)

1861 1913 2032 1985 magis
2088 1931 2212 1971 reus
2257 1913 2422 1970 homo
2471 1916 2933 1983 constitueretur;
2987 1917 3138 1972 Deus
3175 1917 3466 1972 clementia

1855 2005 2125 2063 bonitatis
2153 2024 2264 2063 suae
2296 2025 2514 2080 semper
2542 2008 2758 2065 homini
2793 2025 3114 2081 procurans,
3145 2018 3206 2065 ut
3233 2017 3288 2065 et
3317 2009 3464 2082 quod

1857 2094 1976 2150 sine
2021 2095 2135 2167 lege
2186 2105 2468 2168 peccatum
2502 2108 2638 2167 erat,
2686 2107 2742 2154 et
2791 2099 2849 2153 in
2882 2098 2996 2171 lege
3046 2109 3228 2170 posset
3257 2098 3460 2166 deleri;

1811 2229 1814 2232 .
1866 2184 1975 2243 hoc
2021 2186 2266 2244 decrevit
2318 2198 2381 2245 ut
2431 2190 2603 2246 solam
2652 2189 2817 2244 ﬁdem
2859 2198 3106 2262 poneret,
3161 2205 3256 2262 per
3297 2205 3462 2262 quam

1859 2276 2111 2332 omnium
2160 2287 2381 2350 peccata
2427 2279 2825 2334 abolerentur:
2878 2289 2939 2336 ut
2981 2280 3111 2352 quia
3140 2280 3294 2334 nulla
3336 2290 3458 2350 spes

1860 2382 1955 2437 per
1985 2368 2157 2439 legem
2189 2369 2447 2424 omnibus
2479 2368 2802 2424 hominibus
2830 2377 2969 2437 erat,
3008 2370 3106 2425 Dei
3137 2369 3460 2424 misericor—

1861 2454 1952 2511 dia
1985 2459 2349 2513 salvarentur.
2401 2460 2515 2514 Hoc
2561 2467 2643 2514 est
2690 2459 2876 2514 omnia
2917 2459 3251 2516 conclusisse
3295 2459 3351 2514 in
3385 2458 3466 2514 in-

1862 2546 2210 2614 credulitate,
2261 2557 2321 2602 ut
2368 2556 2501 2603 tunc
2553 2547 2832 2604 decretum
2884 2547 3091 2604 donum
3129 2565 3160 2603 a
3215 2550 3329 2605 Deo
3377 2565 3464 2602 ve-

1864 2634 2031 2702 niret,
2089 2635 2311 2705 quando
2377 2652 2569 2691 omnes
2617 2635 2927 2691 difﬁdentia
2991 2637 3335 2704 laborarent;
3407 2647 3467 2693 ut

1864 2725 2041 2796 gratia
2097 2724 2346 2781 muneris
2398 2732 2537 2779 esset
2591 2723 2920 2795 gratissima.
2966 2725 3155 2796 Itaque
3194 2740 3358 2779 nemo
3411 2741 3466 2780 se

1857 2814 2060 2888 jactet;
2125 2815 2387 2870 miserum
2421 2821 2502 2870 est
2529 2814 2678 2870 enim
2717 2813 3014 2886 superbum
3052 2829 3168 2870 esse
3197 2830 3346 2881 eum,
3376 2816 3466 2870 cui
3509 2877 3515 2882 _

1865 2905 2115 2977 ignotum
2145 2913 2247 2961 est.

1940 2995 2121 3067 (Vers.
2154 2995 2270 3064 33.)
2317 3019 2333 3042 ι
2365 2995 2409 3051 O
2439 2994 2675 3050 altitudo
2718 2992 3046 3050 divitiarum
3097 2990 3385 3064 sapientiae
3413 2997 3466 3046 et

1866 3084 2108 3140 scientiae
2137 3085 2234 3140 Dei
2263 3086 2274 3139 l
2309 3085 2481 3152 Quam
2516 3084 2900 3140 inscrutabilia
2926 3090 3055 3138 sunt
3079 3080 3294 3153 judicia
3321 3079 3462 3151 ejus,

1867 3183 1921 3230 et
1973 3173 2385 3244 investigabiles
2430 3174 2536 3228 vita
2593 3173 2799 3243 ipsiusl
2845 3196 2861 3217 ι
2923 3171 3216 3225 Excelsum
3259 3177 3315 3224 et
3361 3170 3461 3224 im-

1866 3279 2120 3318 mensum
2151 3265 2322 3317 Deum
2353 3263 2412 3316 in
2440 3261 2657 3316 divitiis
2684 3260 2965 3330 sapientiae
2995 3267 3048 3314 et
3077 3257 3319 3314 scientiae
3351 3274 3460 3314 sure

1865 3368 1990 3408 cum
2027 3351 2180 3405 omni
2232 3349 2392 3404 laude
2444 3350 2738 3420 gratiarum
2792 3345 3026 3401 actionis
3069 3353 3334 3412 testatur;
3387 3353 3468 3400 est

1865 3439 2012 3495 enim
2040 3438 2335 3496 consilium
2367 3445 2420 3494 et
2443 3436 2721 3508 judicium
2753 3433 3461 3507 ejusincompreliensibile.

1864 3531 1998 3588 Nam
2031 3529 2207 3586 sciens
2258 3528 2326 3584 ab
2369 3528 2534 3583 initio
2581 3526 3023 3582 conversationes
3068 3535 3122 3582 et
3162 3542 3325 3598 opera
3355 3525 3466 3582 ho-

1864 3622 2077 3676 minum
2103 3639 2117 3688 ;
2175 3621 2303 3694 quia
2332 3636 2508 3692 neque
2535 3620 2649 3675 sola
2677 3618 2964 3675 severitate
3003 3617 3233 3690 justitiae
3264 3619 3462 3674 salvari

1863 3713 2038 3785 possit
2093 3711 2384 3768 hominum
2439 3726 2628 3784 genus,
2690 3726 2865 3782 neque
2913 3710 3030 3766 sola
3085 3709 3467 3766 misericordia

1864 3803 1931 3859 ad
1979 3803 2287 3876 profectum
2339 3802 2663 3856 meritorum
2705 3800 2823 3871 (75)
2868 3798 3176 3871 pervenire,
3221 3816 3465 3870 unoquo-

1863 3909 1968 3965 que
2030 3900 2273 3963 tempore
2327 3890 2572 3946 decrevit
2627 3887 2762 3960 quid
2820 3894 2960 3942 esset
3015 3885 3462 3958 praedicandum;

1866 3992 1993 4039 ante
2022 3991 2207 4038 tamen
2242 3980 2569 4052 permittens
2592 3991 3047 4047 unumquemque
3075 3991 3174 4031 suo
3215 3973 3463 4045 judicio;

1865 4071 1998 4145 quia
2057 4077 2259 4127 natura
2308 4069 2424 4141 ipsa
2478 4066 2638 4135 duce,
2700 4063 3052 4136 cognoscitur
3101 4061 3339 4134 justitia.
3399 4065 3470 4120 Et

1865 4161 1998 4234 quia
2024 4160 2324 4216 auctoritas
2364 4155 2632 4213 naturalis
2673 4151 2907 4225 justitiae
2955 4152 3309 4227 obtorpuerat
3339 4170 3466 4211 con-

1865 4249 2155 4306 suetudine
2201 4247 2578 4321 delinquendi,
2627 4244 2752 4302 data
2779 4252 2861 4302 est
2891 4245 3020 4314 lex;
3072 4251 3133 4300 ut
3162 4244 3466 4302 humanum

1867 4357 2037 4413 genus
2098 4349 2306 4396 terrore
2363 4338 2726 4395 manifestata
2782 4336 2918 4409 legis
2971 4335 3299 4393 frenaretur.
3362 4335 3468 4392 Sed

1867 4429 1999 4501 quia
2051 4444 2160 4484 non
2219 4444 2277 4484 se
2330 4427 2672 4496 cohibentes,
2729 4427 2809 4483 rei
2861 4426 3190 4484 tenebantur
3245 4444 3276 4482 a
3330 4425 3466 4498 lege,

1867 4520 2161 4592 praedicata
2207 4518 2584 4576 misericordia
2614 4525 2715 4588 est,
2777 4533 2896 4590 quae
2941 4516 3010 4572 ad
3050 4533 3107 4572 se
3150 4515 3468 4588 confugien-

1866 4618 1947 4666 tes
1977 4611 2232 4680 salvaret,
2280 4611 2584 4670 refutantes
2627 4619 2809 4666 autem
2852 4614 3080 4664 cacaret
3109 4607 3181 4662 ad
3227 4615 3464 4679 tempus,

1868 4703 1934 4758 ad
1990 4702 2412 4774 promissionem
2486 4715 2677 4756 eorum
2733 4705 2919 4770 gentes
2995 4696 3273 4765 invitans,
3351 4709 3470 4766 quae

1869 4792 2022 4864 prius
2046 4791 2322 4862 justitiam
2371 4790 2470 4844 Dei
2513 4806 2610 4860 per
2637 4789 2865 4858 Moysen
2896 4786 3078 4841 datam
3110 4784 3262 4856 sequi
3296 4785 3470 4838 nolu-

1869 4887 2066 4946 erunt;
2127 4887 2188 4933 ut
2234 4878 2432 4932 horum
2486 4873 2652 4930 saluti
2696 4875 2829 4929 dum
2886 4872 3163 4939 invident,
3214 4877 3311 4934 94
3354 4871 3471 4944 ipso

1867 4979 1984 5034 zelo
2047 4977 2116 5032 ad
2173 4975 2374 5032 radicis
2427 4973 2731 5031 Salvatoris
2781 4971 3050 5044 originem
3109 4987 3165 5027 se
3213 4971 3470 5028 reforma-

1869 5076 1993 5125 rent
2021 5067 2301 5139 promissae
2333 5065 2392 5120 in
2423 5064 2559 5137 lege.
2608 5062 2736 5118 Haec
2767 5069 2848 5118 est
2887 5063 3113 5118 altitudo
3157 5062 3471 5119 divitiarum

1870 5161 2144 5234 sapientia:
2187 5165 2236 5215 et
2279 5158 2504 5217 scientia:
2559 5155 2680 5222 Dei,
2734 5156 2828 5229 qui
2878 5162 2989 5212 tam
3049 5155 3267 5212 Judaeos
3308 5170 3471 5228 quam

1872 5371 2055 5432 autem
2085 5372 2390 5443 interjectis
2432 5372 2512 5429 sic
2539 5370 2740 5443 legitur
2770 5368 2828 5426 in
2859 5369 3018 5428 Rom.
3062 5365 3222 5437 edit.,
3273 5368 3474 5426 homini

1872 5450 2094 5503 salutem
2132 5441 2452 5515 procurans,
2485 5441 2711 5499 decrevit
2740 5444 2965 5515 utquod
3005 5443 3117 5497 sine
3157 5443 3260 5512 lege
3282 5458 3476 5512 pecca—

1877 5525 1984 5573 tum
2011 5514 2158 5597 erat";
2212 5521 2258 5568 et
2286 5517 2394 5570 sine
2438 5518 2541 5586 tege
2581 5519 2755 5584 posset
2797 5514 2982 5583 deteri,
3028 5520 3074 5570 et
3112 5515 3282 5570 solam
3324 5515 3478 5586 ﬁdem

1868 5595 2070 5731 pagg),
2103 5593 2274 5715 33in
2323 5674 2387 5716 ac
2431 5656 2649 5714 Thuan.
2693 5653 2891 5727 codex,
2936 5657 3008 5716 ad
3047 5656 3332 5731 perfectum
3375 5671 3474 5711 me-

1877 5732 2060 5787 ritum.
2333 5735 2341 5741 ’
