3932 6210
445 376 546 440 163

1446 367 1541 423 AD
1582 351 1814 422 orans.
1851 361 1906 416 s.
1947 342 2280 416 aMBnosn
2317 339 2696 409 APPENDIX.

3693 324 3806 389 16’:

443 517 628 583 gentes
682 502 988 561 multifaria
1055 494 1404 573 providentia
1465 491 1762 565 acquisivit
1810 488 1877 544 ad
1933 493 2034 542 vl-
2062 488 2113 547 Α
2142 484 2239 540 Dei
2267 481 2393 536 illos
2419 477 2743 534 adhortatur
2775 472 2890 546 (78)
2941 485 3036 543 per
3071 484 3238 542 quam
3277 465 3533 522 salvatur
3567 462 3806 518 huma-

2553 569 2592 583 τε
2663 574 2676 583 ι
2725 569 3009 583 Ain-Ann
3051 557 3192 583 -..ιη
3239 556 3373 583 ιηηε-
3421 563 3471 583 ..ι
3509 553 3654 583 can:
3698 569 3777 583 ,ιη

445 610 701 762 ta(giers.
740 682 827 750 34,
869 681 986 753 35.)
1055 705 1074 728 α
1113 677 1247 746 Quis
1302 675 1448 732 enim
1507 671 1767 744 cognovit
1821 682 2040 724 sensum

447 756 721 836 Domini?
758 781 850 829 aut
881 771 1003 844 quis
1031 766 1381 827 consiliarius
1439 763 1520 818 illi
1569 761 1728 817 fuit?
1785 767 1878 814 aut
1921 756 2044 829 quis

449 866 600 940 prior
645 862 797 919 dedit
826 861 929 927 illi,
970 865 1024 912 et
1065 855 1406 912 retribuetur
1435 852 1484 906 ei
1531 851 1668 922 (Isa.
1701 867 1794 916 XL,
1837 845 1972 917 i3)?
2012 869 2028 891 ι

450 957 566 1012 Hoc
622 955 678 1008 in
736 951 876 1008 Isaia
931 949 1194 1020 scriptum
1252 944 1507 1000 habetur.
1564 941 1917 997 Manifestum
1966 944 2045 992 est

451 1049 626 1104 solum
672 1047 846 1101 Deum
888 1057 1002 1096 esse
1047 1038 1143 1112 qui
1192 1037 1410 1092 noverit
1459 1033 1644 1089 omnia
1695 1029 1945 1094 consilia,
1993 1033 2046 1081 et

452 1135 600 1192 hunc
639 1149 811 1189 unum
863 1146 978 1185 esse
1011 1127 1105 1201 qui
1147 1123 1358 1180 nullius
1408 1129 1598 1194 egeat;
1650 1119 1779 1190 quia
1819 1117 1884 1171 ab
1931 1114 2048 1186 ipso

453 1232 581 1281 sunt
610 1222 824 1286 omnia;
885 1235 947 1274 ac
1000 1231 1096 1289 per
1147 1213 1254 1270 hoc
1313 1209 1611 1268 consilium
1655 1206 1772 1278 ejus
1819 1221 1851 1258 a
1895 1202 2049 1258 nullo

455 1331 558 1371 nec
609 1305 1121 1382 comprehenditur,
1170 1318 1272 1357 nec
1320 1299 1578 1360 metitur;
1641 1296 1770 1367 quia
1813 1291 1869 1346 in
1904 1291 2052 1346 infe-

455 1405 603 1460 riora
656 1397 954 1471 superioris
1007 1394 1124 1465 (76)
1185 1405 1404 1447 sensum
1458 1387 1597 1443 scire
1644 1401 1755 1440 non
1804 1388 2049 1455 possunt.

456 1470 948 1562 Deniqueiludaeis
989 1480 1342 1540 credentibus
1392 1474 1734 1547 impossibile
1763 1470 2056 1527 videbatur

459 1557 752 1639 consilium
802 1589 916 1630 esse
969 1580 1023 1628 et
1079 1570 1420 1624 voluntatem
1480 1563 1578 1620 Dei
1627 1562 1694 1617 ad
1725 1557 2054 1631 redemptio-

461 1686 587 1726 nem
631 1665 875 1739 gentium
910 1680 921 1718 :
969 1659 1142 1716 simili
1171 1656 1334 1713 modo
1364 1663 1417 1710 et
1460 1651 1714 1726 gentibus
1742 1649 1974 1706 arduum
2005 1654 2058 1701 et

462 1738 811 1814 incredulum
840 1749 1133 1806 videbatur
1161 1746 1396 1812 Iudaeos,
1427 1742 1521 1816 qui
1543 1758 1653 1797 non
1685 1738 2057 1805 crediderunt,

2152 591 2282 630 num
2316 587 2504 644 genus.
2553 569 2682 623 Post
2724 569 3011 620 tractatum
3047 557 3196 614 enim
3239 556 3376 629 legis
3418 563 3476 611 et
3508 553 3657 609 ﬁdei
3698 569 3802 625 po-

2153 662 2268 736 puli
2313 642 2564 715 naturam
2605 652 2821 710 Judaici
2861 658 2914 706 et
2962 646 3184 720 gentilis
3226 662 3289 701 ac
3330 644 3538 700 bonam
3593 642 3797 696 vitam

2153 731 2418 825 agendam
2448 749 2727 823 hortatur;
2777 758 2877 814 per
2916 740 3058 795 hanc
3101 737 3247 792 enim
3279 751 3402 806 spes
3446 731 3582 788 ﬁdei
3621 731 3802 786 obti-

2155 850 2336 899 netur.
2380 834 2752 896 Commonitio
2783 839 2863 888 est
2893 846 3020 902 ergo
3050 827 3186 894 hinc,
3237 832 3299 880 ut
3346 839 3630 879 memores
3665 823 3794 876 sint

2155 931 2284 1003 quia
2343 923 2780 982 misericordiam
2831 923 3196 990 acceperunt;
3247 922 3301 968 et
3342 912 3587 983 vigilent
3633 910 3798 965 circa

2157 1023 2482 1095 obsequium
2529 1020 2668 1094 ejus,
2718 1036 2749 1074 a
2779 1033 2886 1090 quo
2923 1015 3037 1070 illis
3068 1012 3195 1068 data
3223 1017 3326 1077 est,
3377 1024 3474 1080 per
3506 1022 3682 1078 quem
3723 1021 3792 1060 ex

2158 1113 2346 1185 impiis
2401 1111 2569 1184 gratis
2621 1105 2913 1181 justiﬁcati
2969 1110 3119 1169 sunt,
3178 1099 3418 1156 scientes
3469 1095 3627 1151 hanc
3666 1109 3792 1150 esse

2162 1204 2402 1260 hostiam
2462 1203 2668 1269 vivam,
2727 1205 2996 1263 sanctam,
3056 1200 3108 1249 et
3166 1193 3279 1246 Deo
3353 1185 3791 1264 acceptabilem,

2161 1293 2206 1350 si
2250 1308 2478 1364 corpora
2522 1297 2708 1346 nostra
2766 1281 3200 1343 incontaminata
3255 1291 3568 1340 servemus,
3601 1273 3791 1328 dissi-

2164 1383 2323 1440 miles
2387 1399 2418 1437 a
2483 1378 2857 1446 saecularibus,
2925 1374 3021 1448 qui
3079 1369 3458 1442 voluptatibus
3530 1366 3786 1425 student.

2179 1499 2197 1520 ι
2229 1473 2356 1528 Haec
2376 1477 2458 1527 est
2477 1471 2734 1526 voluntas
2764 1467 2884 1534 Dei,
2917 1460 3281 1520 sanctiﬁcatio
3302 1465 3484 1513 vestra
3517 1457 3578 1527 (Ι
3603 1456 3784 1512 Thess.

2166 1579 2244 1631 Iv,
2276 1562 2356 1634 3).
2389 1587 2406 1608 ι
2468 1561 2604 1616 Nam
2644 1572 2872 1629 corpora
2921 1552 3168 1624 subjecta
3210 1546 3447 1622 peccatis
3494 1560 3616 1600 non
3657 1544 3787 1597 viva

2167 1651 2460 1719 habentur,
2495 1648 2589 1704 sed
2620 1655 2877 1712 mortua;
2927 1643 3029 1700 sub
3059 1639 3440 1714 desperatione
3475 1635 3631 1691 enim
3665 1647 3790 1706 pro-

2170 1742 2349 1798 missae
2399 1741 2526 1795 vita:
2579 1745 2728 1794 sunt.
2775 1736 2862 1792 Ad
2901 1735 3007 1790 hoc
3041 1733 3191 1788 enim
3223 1727 3461 1803 peccatis
3490 1725 3647 1782 dono
3688 1723 3787 1780 Dei

464 1863 620 1922 posse
647 1841 920 1909 converti,
964 1846 1058 1894 aut
1088 1835 1371 1894 credentes
1410 1832 1636 1905 suscipi,
1686 1839 1748 1886 ut
1786 1829 2059 1885 salvaren~
2095 1853 2140 1913 Β
2171 1831 2471 1899 εὼιιιίιῃιπ,
2529 1838 2592 1886 ιιι
2637 1827 2704 1883 de
2752 1834 2948 1883 σείετο
2997 1821 3260 1878 mundam
3310 1819 3485 1874 vitam
3534 1821 3784 1887 agentes,

466 1918 575 1994 tur.
609 1937 756 1991 Inter
797 1938 991 1988 caetera
1033 1929 1138 1984 hoc
1182 1934 1264 1982 est
1310 1924 1606 1982 consilium
1648 1921 1768 1989 Dei,
1804 1918 1950 1992 quod
1983 1919 2062 1972 la-

467 2028 597 2096 tuit,
630 2041 729 2080 nec
759 2021 938 2096 potuit
968 2014 1382 2090 comprehendi.

545 2116 726 2189 (Vers.
759 2114 874 2184 36.)
941 2135 958 2157 ε
990 2108 1262 2176 Quoniam
1311 2121 1382 2160 ex
1432 2104 1571 2176 ipso,
1629 2108 1683 2157 et
1727 2115 1824 2172 per
1865 2098 2068 2180 ipsum,

471 2216 524 2265 et
555 2207 612 2262 in
659 2205 776 2276 ipso
822 2209 951 2258 sunt
988 2198 1212 2264 omnia;
1257 2195 1360 2267 ipsi
1395 2193 1586 2265 gloria.
1623 2216 1641 2240 ι
1697 2191 1815 2258 Qua
1863 2189 2072 2244 ratione

469 2311 663 2354 sensus
719 2300 773 2348 et
815 2289 1110 2347 consilium
1170 2285 1268 2340 Dei
1328 2280 1650 2352 investigari
1704 2295 1815 2333 non
1873 2285 2072 2350 potest,

471 2381 774 2440 declaravit
807 2399 818 2436 :
882 2404 900 2426 ι
937 2379 1023 2433 Ex
1054 2377 1172 2448 ipso
1204 2373 1376 2441 enim,
1423 2370 1629 2443 inquit,
1661 2376 1716 2425 et
1744 2383 1841 2441 per
1870 2367 2072 2438 ipsum,

473 2481 527 2529 et
565 2473 622 2528 in
667 2473 785 2543 ipso
830 2475 960 2525 sunt
1012 2465 1233 2530 omnia;
1297 2461 1401 2534 ipsi
1449 2458 1640 2531 gloria.
1689 2483 1708 2505 ι
1767 2457 1882 2512 Hoc
1927 2455 2076 2510 dicto

475 2561 688 2634 aperuit
743 2574 984 2624 sensum,
1046 2553 1139 2627 qui
1189 2553 1439 2608 occultus
1488 2558 1604 2605 erat
1653 2545 1894 2611 mundo;
1949 2543 2078 2618 quia

479 2652 626 2708 enim
688 2649 938 2706 omnium
995 2653 1210 2702 creator
1263 2650 1344 2697 est
1395 2641 1539 2696 Deus
1598 2637 1754 2710 (fecit
1808 2635 1956 2690 enim
2017 2650 2079 2688 ea

480 2758 600 2815 quae
649 2756 760 2795 non
813 2744 990 2805 erant,
1023 2742 1083 2790 ut
1111 2732 1338 2800 essent),
1389 2730 1514 2785 ideo
1544 2744 1613 2783 ex
1647 2728 1764 2797 ipso
1807 2733 1934 2779 sunt
1966 2739 2077 2778 om-

483 2810 594 2888 nia.
649 2831 721 2885 Et
765 2827 1026 2900 quoniam
1064 2823 1132 2878 ab
1183 2823 1303 2893 ipso
1351 2827 1500 2886 sunt,
1543 2832 1639 2888 per
1682 2814 1885 2869 Filium
1938 2810 2076 2882 ejus,

483 2919 578 2991 qui
611 2915 856 2987 ejusdem
897 2913 1089 2983 utique
1140 2906 1460 2963 substantiae
1492 2912 1594 2972 est,
1631 2919 1745 2958 esse
1773 2909 2077 2973 coeperunt,

483 3006 641 3078 cujus
670 3019 810 3075 opus
837 3000 1014 3056 Patris
1040 3005 1123 3053 est
1152 3013 1310 3068 opus.
1360 2994 1502 3062 Quia
1529 3009 1658 3064 ergo
1685 2992 1798 3064 ipse
1827 2997 2084 3062 operatur

486 3110 582 3167 per
623 3092 850 3158 Filium,
912 3104 1006 3160 per
1047 3085 1226 3158 ipsum
1277 3090 1408 3139 sunt
1457 3083 1663 3138 omnia.
1724 3081 1792 3135 Et
1823 3078 2082 3152 quoniam

489 3166 609 3257 quae
642 3189 771 3238 sunt
809 3196 878 3236 ex
909 3180 1045 3243 Deo,
1097 3193 1193 3249 per
1219 3177 1397 3231 Deum
1444 3181 1592 3240 sunt,
1643 3177 1765 3243 post
1808 3175 1995 3224 renata
2027 3166 2083 3220 in

485 3275 694 3347 Spiritu
741 3279 930 3330 sancto
977 3276 1131 3337 sunt,
1180 3270 1238 3324 in
1292 3267 1411 3339 ipso
1459 3273 1588 3321 sunt
1617 3261 1826 3331 omnia,
1876 3259 2005 3333 quia
2033 3268 2087 3314 et

485 3366 726 3439 Spiritus
755 3371 976 3419 sanctus
1004 3360 1071 3416 de
1099 3362 1212 3415 Deo
1247 3365 1328 3413 est
1357 3357 1547 3422 Patre;
1580 3351 1726 3409 unde
1756 3359 1809 3407 et
1835 3350 1938 3407 scit
1967 3365 2086 3420 qua)

489 3456 548 3513 in
575 3456 689 3511 Deo
737 3461 886 3508 sunt.
939 3451 1055 3520 Ego
1101 3455 1154 3503 et
1198 3447 1257 3502 in
1303 3445 1515 3516 Spiritu
1559 3449 1747 3498 sancto
1786 3441 1944 3495 Pater
1971 3447 2118 3514 est;

487 3547 618 3620 quia
645 3543 793 3616 quod
823 3553 890 3596 ue
921 3542 1079 3595 Patre
1128 3545 1210 3594 est
1239 3537 1375 3603 Deo,
1421 3550 1532 3589 non
1563 3539 1741 3605 potest
1769 3529 1918 3585 aliud
1950 3545 2087 3597 esse,

489 3650 654 3707 quam
685 3639 767 3687 est
799 3632 949 3687 Deus
976 3628 1154 3682 Pater.

562 3723 642 3778 Ac
671 3735 768 3792 per
819 3718 923 3774 hoc
982 3739 1000 3763 ι
1048 3714 1151 3787 ipsi
1196 3713 1393 3786 gloria,
1443 3711 1574 3784 quia
1617 3726 1686 3766 ex
1723 3710 1863 3782 ipso,
1913 3717 1967 3765 et
1997 3724 2092 3781 per

493 3813 698 3886 ipsum,
730 3818 784 3865 et
813 3809 872 3864 in
904 3807 1024 3880 ipso
1054 3812 1185 3861 sunt
1213 3803 1419 3859 omnia.
1453 3827 1471 3849 ι
1508 3802 1693 3874 Itaque
1713 3816 1834 3873 quas
1854 3816 1923 3855 ex
1951 3799 2089 3871 ipso,

493 3910 546 3958 et
575 3917 670 3974 per
697 3900 900 3972 ipsum,
942 3904 996 3953 et
1027 3895 1086 3950 in
1117 3894 1237 3966 ipso
1282 3901 1344 3948 ut
1371 3900 1574 3959 essent,
1627 3891 1744 3963 (77)
1775 3903 1891 3944 esse
1921 3904 2093 3959 coepe-

493 3999 644 4060 runt,
678 4005 899 4046 sensum
930 3993 986 4042 et
1017 3983 1314 4042 consilium
1359 3981 1478 4054 ejus
1507 3981 1647 4038 scire
1686 3994 1798 4036 non
1844 3987 2091 4051 possunt.

494 4085 614 4156 Ipse
642 4088 828 4137 autem
878 4077 981 4134 scit
1009 4075 1221 4144 omnia,
1267 4072 1397 4148 quia
1438 4071 1496 4127 in
1539 4070 1659 4142 ipso
1705 4075 1835 4125 sunt
1875 4077 2092 4125 cuncta.

495 4174 760 4232 Patefecit
789 4175 1115 4245 mysterium
1150 4171 1273 4239 Dei,
1320 4168 1469 4241 quod
1517 4165 1772 4239 superius
1809 4162 1955 4220 dixit
1984 4178 2096 4218 non

499 4263 567 4319 ab
594 4265 674 4319 eis
704 4261 948 4334 ignorari
975 4260 1194 4316 debere.

1096 4412 1323 4473 CAPUT
1365 4410 1490 4469 XII.

579 4553 760 4630 (Vers.
802 4549 938 4625 1-3.)
1000 4579 1018 4600 ι
1067 4551 1306 4646 Qbsecro
1346 4549 1530 4646 itaque
1573 4562 1691 4614 vos,
1742 4544 1957 4615 fratres,
2007 4561 2101 4618 per
2131 4587 2179 4646 Β

505 4645 942 4706 misericordiam
1002 4644 1124 4712 Dei,
1184 4650 1246 4699 ut
1292 4638 1596 4699 exhibeatis
1649 4653 1878 4710 corpora
1922 4644 2102 4692 vestra

506 4739 741 4796 hostiam
772 4737 981 4802 vivam,
1029 4741 1294 4802 sanctam,
1345 4732 1460 4788 Deo
1489 4730 1815 4803 placentem,
1860 4727 2102 4782 rationa-

506 4829 618 4886 bile
643 4826 965 4901 obsequium
998 4833 1264 4882 vestrum.
1309 4824 1381 4878 Et
1408 4821 1581 4878 nolite
1610 4816 1944 4877 conformari
1975 4814 2106 4870 huic

507 4921 709 4978 saculo
743 4940 755 4977 :
788 4919 883 4976 sed
914 4915 1292 4975 reformamini
1325 4915 1382 4971 in
1413 4915 1658 4971 novitate
1688 4927 1877 4967 sensus
1903 4905 2100 4973 vestri;

508 5020 570 5066 ut
617 5007 854 5081 probetis
896 5025 1014 5082 quae
1059 5009 1131 5064 sit
1161 5008 1417 5063 voluntas
1447 5004 1570 5073 Dei,
1605 5001 1753 5076 quod
1783 5002 2010 5066 bonum,
2054 5002 2107 5049 et

511 5100 796 5173 placitum,
853 5108 906 5154 et
952 5099 1254 5171 perfectum
1295 5104 1396 5154 est.
1428 5121 1447 5144 ι
1517 5095 1620 5150 Per
1673 5087 2106 5147 misericordiam

586 5244 704 5329 (76)
745 5243 894 5329 Edit.
920 5261 1133 5329 omnes,
1172 5261 1236 5301 ac
1276 5238 1442 5329 pauci
1484 5255 1640 5320 mss,
1675 5235 1802 5306 quia
1835 5230 2108 5329 inferiora

511 5302 802 5392 super-{oris
819 5336 839 5382 ;
881 5302 1159 5392 nonnulli,
1196 5302 1324 5385 quia
1353 5302 1637 5380 inferiores
1664 5302 1978 5378 saperioris,
2011 5302 2107 5359 alii

514 5389 691 5448 multo
718 5391 920 5462 plures,
951 5396 1012 5462 ut
1049 5389 1105 5442 in
1136 5391 1423 5462 contextu.

587 5447 1089 5535 (77)‘Rom.'edit.,
1131 5459 1318 5526 Itaque
1345 5452 1474 5523 quia
1502 5468 1566 5507 ea:
1593 5451 1798 5523 ipso...
1846 5447 2024 5503 omnia
2052 5452 2111 5500 ut

514 5541 699 5599 essent,
730 5540 834 5587 etc.

588 5590 707 5687 (78)
740 5604 978 5687 Τιιῑιειιι.¹
993 5599 1138 5666 cod.,
1321 5594 1577 5687 _et‘edit._
1587 5594 1744 5687 Porri.
1757 5590 2110 5687 ,Lofqtdilﬂojs-i

515 5659 712 5733 ultima
743 5689 874 5728 vero
901 5671 1035 5736 sola,
1072 5659 1194 5740 post
1223 5673 1505 5740 tractatam
1546 5671 1720 5720 autem
1762 5663 1885 5734 legis
1912 5669 1960 5716 et
1989 5659 2113 5732 ﬁdei

517 5747 774 5802 credentes
806 5743 878 5798 ad
916 5738 1124 5806 bonam,
1168 5749 1273 5796 etc.
1322 5738 1474 5795 Edit.
1515 5746 1699 5794 autem
1726 5743 1836 5792 vet.
1878 5742 1932 5790 et
1976 5748 2108 5788 mss.

2180 1922 2277 1979 Dei
2309 1936 2549 1977 amorem
2601 1919 2658 1974 in
2689 1935 2789 1973 nos
2836 1928 3215 1989 provocemus,
3263 1926 3375 1965 non
3418 1907 3648 1962 irritum
3697 1903 3788 1957 fa-

2181 2015 2386 2071 cientes
2429 2026 2566 2082 opus
2610 2007 2796 2080 gratias
2844 2004 2982 2076 ejus.
3034 2003 3171 2059 Nam
3216 1998 3360 2072 apud
3404 2003 3622 2051 veteres
3668 1992 3788 2047 ideo

2183 2105 2366 2160 oblata
2397 2100 2751 2159 occidebatur
2775 2097 2978 2162 hostia,
3006 2103 3069 2150 ut
3093 2091 3348 2148 homines
3377 2085 3592 2162 peccati
3626 2098 3789 2140 causa

2184 2193 2349 2251 morti
2392 2190 2671 2263 subjectos
2714 2187 3070 2261 signiﬁcaret.
3108 2183 3267 2240 Nunc
3306 2188 3489 2237 autem
3533 2175 3670 2249 quia
3699 2190 3791 2247 per

2185 2283 2392 2340 donum
2440 2282 2538 2338 Dei
2583 2279 2860 2353 puriﬁcati
2911 2283 3041 2332 sunt
3097 2272 3376 2338 homines,
3430 2275 3486 2324 et
3533 2283 3568 2322 a
3617 2273 3789 2320 morte

2185 2372 2426 2430 secunda
2474 2369 2714 2438 liberati,
2772 2368 2958 2425 vivam
3016 2363 3254 2420 hostiam
3315 2357 3517 2414 debent
3567 2355 3784 2418 oﬂ'erre,

2185 2470 2246 2517 ut
2275 2461 2494 2534 signum
2526 2460 2598 2515 sit
2630 2458 2759 2513 vitae
2803 2465 3037 2512 aeternae.
3087 2452 3208 2508 Non
3251 2447 3419 2514 enim,
3460 2444 3610 2500 sicut
3639 2452 3787 2505 tunc,

2187 2571 2417 2626 corpora
2464 2569 2563 2625 pro
2618 2549 2943 2622 corporibus
2995 2544 3376 2607 immolantur,
3434 2553 3587 2593 nunc
3641 2550 3788 2598 vero,

2188 2661 2298 2700 non
2355 2659 2605 2715 corpora,
2663 2640 2757 2696 sed
2817 2638 2955 2693 vitia
3013 2635 3130 2708 (79)
3181 2630 3426 2704 corporis
3472 2624 3792 2701 perimenda

2188 2741 2337 2790 sunt.
2391 2733 2461 2789 Ut
2517 2739 2699 2787 autem
2757 2727 3008 2800 obsequii
3061 2723 3237 2781 nostri
3295 2721 3547 2776 effectum
3592 2716 3789 2772 habere

2189 2824 2484 2897 possimus,
2541 2828 2756 2876 servata
2791 2817 3028 2890 justitia,
3077 2815 3340 2887 pudorem
3382 2807 3789 2867 custodiamus;

2201 2916 2345 2972 nihil
2379 2915 2526 2971 enim
2574 2913 2792 2986 prolicit
2832 2909 3027 2984 pudor,
3081 2923 3180 2962 nec
3224 2900 3573 2961 rationabilis
3620 2904 3792 2970 potest

2192 3005 2392 3074 videri,
2449 3004 2693 3076 neglecta
2733 3001 2971 3072 justitia.
3026 2998 3140 3052 Hoc
3166 2995 3269 3050 erit
3298 2992 3643 3050 conformem
3675 2983 3789 3040 ﬁeri

2195 3075 2591 3168 spiritualium,
2623 3099 2946 3148 renovatum
2980 3087 3037 3142 in
3065 3085 3262 3157 spiritu
3292 3101 3353 3139 ac
3380 3080 3488 3136 ﬁde
3517 3079 3627 3134 hoc
3654 3075 3790 3131 scire

2195 3185 2342 3261 quod
2384 3185 2593 3257 placeat
2640 3185 2773 3250 Deo,
2820 3195 2920 3235 nec
2965 3175 3118 3232 aliud
3161 3174 3370 3230 bonum
3401 3178 3455 3226 et
3487 3169 3788 3242 perfectum

2196 3291 2311 3332 esse
2319 3319 2330 3330 .

2283 3393 2300 3414 ι
2337 3365 2474 3422 Dico
2515 3362 2663 3419 enim
2710 3377 2805 3434 per
2862 3359 3112 3433 gratiam,
3161 3371 3280 3430 qum
3327 3351 3456 3408 data
3511 3357 3597 3406 est
3638 3341 3793 3410 mihi,

2198 3455 2456 3515 omnibus
2480 3454 2574 3528 qui
2603 3462 2733 3509 sunt
2762 3453 2906 3508 inter
2934 3467 3054 3519 vos,
3103 3464 3213 3504 non
3248 3447 3372 3519 plus
3415 3455 3608 3514 sapere
3641 3451 3796 3510 quam

2199 3553 2412 3618 oportet
2477 3559 2697 3616 sapere,
2761 3541 2854 3597 sed
2919 3556 3105 3612 sapere
3165 3536 3233 3592 ad
3290 3533 3650 3590 sobrietatem
3673 3572 3689 3597 ,
3750 3530 3799 3579 et

2198 3633 2501 3704 unicuique
2533 3632 2677 3688 sicut
2705 3628 2899 3685 divisit
2926 3630 3072 3684 Deus
3105 3637 3416 3680 mensuram
3452 3619 3606 3675 ﬁdei.
3641 3642 3658 3664 ι
3711 3619 3800 3676 95

2201 3733 2402 3802 Aperte
2452 3726 2696 3784 ostendit
2730 3723 2838 3781 hoc
2889 3723 3084 3780 debere
3132 3734 3232 3776 nos
3277 3732 3484 3789 sapere,
3539 3712 3688 3787 quod
3719 3711 3802 3783 ju-

2202 3819 2367 3876 stitiaa
2395 3817 2660 3873 terminos
2691 3831 2802 3871 non
2840 3811 3171 3885 egrediatur,
3216 3816 3277 3864 ut
3318 3821 3429 3862 non
3479 3803 3647 3859 nobis
3676 3799 3806 3857 solis

2203 3909 2340 3966 utile
2387 3909 2480 3977 sit,
2533 3906 2628 3964 sed
2675 3915 2731 3961 et
2777 3902 2918 3959 nulli
2964 3901 3128 3957 obsit.
3184 3898 3312 3954 Haec
3355 3902 3437 3950 est
3483 3893 3637 3949 enim
3686 3906 3804 3963 pru-

2204 3999 2412 4068 dentia,
2470 3997 2726 4070 prodesse
2779 3992 2952 4064 magis
3009 3988 3310 4062 aliquibus,
3368 4000 3535 4058 quam
3596 3981 3804 4070 obesse,

2205 4099 2260 4149 et
2305 4096 2625 4147 contentum
2673 4101 2789 4142 esse
2831 4083 3028 4150 debere
3075 4087 3244 4144 sorte,
3293 4091 3400 4149 qua
3451 4051 3808 4128 mensus‘est

2204 4187 2370 4254 Deus,
2416 4192 2469 4240 et
2499 4181 2696 4237 merito
2725 4175 2853 4235 ﬁdei
2889 4175 3003 4248 (80)
3055 4169 3519 4243 uniuscujusque;
3572 4182 3679 4222 nec
3709 4163 3808 4220 sibi

2208 4274 2528 4342 defendere,
2552 4271 2699 4345 quod
2729 4283 2840 4325 non
2872 4266 2978 4322 sibi
3009 4277 3325 4322 concessum
3358 4257 3537 4323 videt;
3573 4255 3685 4312 hoc
3714 4262 3810 4318 est,

2207 4381 2319 4424 non
2351 4365 2477 4438 plus
2519 4375 2726 4433 sapere,
2777 4357 2906 4432 quia
2937 4354 3034 4410 uni
3064 4361 3242 4409 totum
3286 4345 3515 4406 concedi
3567 4360 3682 4400 non
3719 4357 3813 4414 po-

2208 4464 2332 4514 test.
2385 4453 2497 4511 Nec
2543 4431 2690 4508 enim
2737 4449 2782 4504 si
2814 4446 2938 4521 quis
2977 4444 3135 4501 bonae
3177 4441 3306 4497 vitae
3348 4445 3449 4503 est,
3503 4449 3576 4490 ex
3615 4451 3681 4490 eo
3711 4431 3814 4488 sibi

2211 4547 2377 4603 etiam
2421 4541 2685 4599 doctrinae
2732 4535 3080 4610 prudentiam
3126 4529 3287 4587 debet
3330 4523 3664 4589 defendere;
3726 4529 3815 4575 aut

2213 4636 2342 4710 quia
2374 4632 2626 4706 peritiam
2674 4629 2837 4685 habet
2881 4625 3034 4698 legis,
3073 4620 3366 4678 levitarum
3413 4613 3519 4670 sibi
3553 4611 3820 4685 obsequia

2214 4705 2500 4781 vindicare
2530 4713 2767 4777 debebit.
2816 4717 3076 4772 Hortatur
3106 4727 3253 4782 ergo,
3291 4714 3344 4762 et
3373 4705 3532 4761 docet
3574 4718 3677 4774 per
3706 4716 3816 4773 gra-

2213 4815 2350 4870 tiam
2397 4811 2506 4868 sibi
2555 4809 2758 4865 datam.
2820 4805 2948 4860 Haec
3007 4800 3179 4875 gratia
3234 4794 3429 4870 peritia
3485 4790 3820 4861 intelligitur

2215 4900 2522 4960 Dominicae
2552 4894 2884 4967 disciplinae,
2916 4907 3013 4964 per
3040 4904 3203 4962 quam
3235 4879 3541 4940 humilitati
3578 4887 3634 4934 et
3658 4877 3819 4950 justi-

2218 4992 2309 5048 tiae
2339 4986 2670 5045 studendum
2701 4983 2891 5040 tradit.

2293 5080 2474 5154 (Vers.
2506 5076 2561 5146 4,
2593 5076 2674 5147 5.)
2723 5100 2740 5122 ι
2769 5072 2924 5130 Sicut
2963 5067 3112 5125 enim
3151 5065 3208 5120 in
3244 5079 3355 5120 uno
3383 5073 3616 5131 corpore
3648 5055 3822 5112 multa

2217 5229 2323 5286 hoc
2351 5226 2468 5284 solo
2509 5223 2717 5280 distant
2760 5215 2906 5292 quod
2945 5229 3041 5292 pro
3079 5216 3335 5266 naturam
3363 5202 3622 5269 Amerb.,
3664 5202 3820 5256 Eras.

2217 5309 2272 5356 et
2301 5299 2524 5426 qluidam
2553 5312 2684 5351 mss.
2717 5295 2905 5362 legunt
2933 5291 3154 5340 natura.
3213 5353 3222 5364 .
3357 5349 3367 5360 .

2261 5374 2315 5454 η(
2350 5373 2408 5441 9)
2437 5371 2608 5454 _Bom.
2659 5363 2818 5430 edit.,
2858 5375 2962 5431 pro
3009 5351 3319 5427 corporibus
3346 5346 3707 5412 immolanda,
3739 5341 3826 5398 sed

2217 5448 2774 5584 vltzgﬁftg’.et.uedit._
2808 5512 2862 5560 et
2904 5517 3047 5584 mss,
3084 5510 3290 5584 magno.
3334 5507 3589 5584 npmero,
3640 5487 3827 5584 querito

2220 5591 2266 5641 et
2293 5562 2698 5656 \ﬁife'i;_vnielius
2740 5579 2897 5633 Rom.
2941 5572 3098 5639 edit.,
3135 5562 3326 5624 mizrita
3359 5563 3522 5636 ﬁdei;
3565 5562 3658 5618 vel
3694 5573 3826 5615 mss.

2221 5651 2498 5721 nonnulli,
2532 5659 2593 5708 ut
2619 5651 2676 5706 in
2707 5656 2884 5705 textu.
