3932 6210
201 368 305 431 163

1310 366 1672 430 COMMENT.
1715 371 1784 428 IN
1823 370 2039 427 EPIST.
2083 364 2178 427 AD
2218 363 2383 428 ROM.
3405 369 3506 436 166

198 501 445 558 membra
474 500 763 569 habemus,
791 500 980 556 omnia
1009 508 1190 557 autem
1220 500 1468 556 membra
1488 518 1597 556 non
1615 501 1800 557 eadem
1832 503 1881 560 A
1913 508 1972 554 ut
2003 501 2187 571 praesit
2215 499 2492 565 fratribus,
2514 502 2763 574 suscipit,
2789 501 2952 574 juxta
2981 503 3143 561 ﬁdem
3173 521 3328 561 suam
3358 505 3505 562 acci-

198 590 404 646 habent
459 591 672 654 oﬂicia;
736 593 814 648 ita
857 591 1019 646 multi
1065 607 1237 646 unum
1278 608 1475 663 corpus
1517 609 1705 646 sumus
1747 590 1804 645 in

199 677 448 746 Christo,
505 681 714 752 singuli
773 687 955 737 autem
1005 681 1142 736 alter
1193 680 1420 736 alterius
1459 680 1718 735 membra.
1775 707 1792 728 -

196 767 472 842 Exemplo
502 769 750 840 corporis
778 768 940 824 docet
969 785 1080 824 non
1113 785 1266 841 posse
1291 756 1395 824 nos
1427 767 1669 839 singulos
1694 785 1805 823 om-

197 859 313 927 nia,
344 862 474 933 quia
504 878 699 917 sumus
729 860 972 916 invicem
1007 860 1270 929 membra,
1311 869 1373 916 ut
1410 861 1548 915 alter
1585 859 1807 916 alterius

200 947 322 1020 (81)
357 966 469 1005 non
501 959 656 1024 egeat
688 969 699 1004 :
733 966 796 1006 ac
825 967 921 1022 per
963 949 1068 1006 hoc
1117 966 1302 1005 curam
1352 949 1523 1004 nostri
1569 949 1805 1005 invicem

198 1053 304 1094 nos
334 1055 492 1111 agere
520 1039 736 1107 debere,
786 1056 886 1095 nec
931 1040 1164 1095 alterum
1207 1038 1301 1094 alii
1351 1039 1646 1095 obsistere:
1681 1041 1809 1111 quia

197 1127 450 1184 invicem
481 1128 678 1185 oﬁiciis
707 1129 908 1184 nostris
935 1145 1072 1200 Opus
1103 1127 1388 1183 habemus.
1435 1128 1547 1183 Hoc
1575 1127 1681 1183 erit
1711 1128 1807 1182 di-

199 1215 377 1288 ligere
409 1217 710 1286 Christum,
745 1219 792 1274 si
822 1218 1059 1274 invicem
1080 1234 1136 1273 se
1155 1216 1398 1272 membra
1422 1217 1806 1272 exhortentur,

199 1316 267 1363 ut
295 1307 564 1380 impleant
593 1307 841 1376 modum,
883 1323 991 1380 quo
1016 1323 1213 1379 corpus
1243 1306 1301 1361 in
1328 1305 1547 1363 Christo
1588 1305 1808 1378 perfec-

196 1406 323 1454 tum
354 1399 445 1453 sit.

279 1487 460 1559 (Vers.
487 1487 566 1560 6.)
586 1513 604 1535 ι
629 1486 904 1544 Habentes
930 1493 1114 1542 autem
1150 1483 1474 1541 donationes
1502 1483 1600 1540 Dei
1631 1484 1808 1539 diver-

200 1593 290 1634 sas
316 1577 619 1634 secundum
659 1579 913 1651 gratiam,
955 1594 1076 1650 quae
1106 1576 1230 1633 data
1276 1583 1356 1632 est
1392 1575 1553 1631 nobis
1600 1574 1739 1646 (82).
1779 1600 1796 1622 ι

201 1668 364 1725 Nunc
400 1677 582 1726 autem
618 1667 735 1741 ipsa
786 1668 965 1724 oﬁicia
1004 1667 1261 1739 deputata
1307 1666 1570 1724 membris
1617 1663 1810 1720 merito

204 1756 335 1813 ﬁdei
365 1766 673 1826 enumerat,
704 1768 764 1815 ut
790 1775 916 1815 cum
947 1757 1152 1813 viderit
1184 1755 1491 1812 membrum
1520 1753 1666 1827 quod
1705 1752 1810 1808 sibi

1916 609 2042 666 pere
2091 591 2435 663 vigilantiam
2487 601 2541 648 et
2591 595 2992 665 auctoritatem,
3050 605 3111 652 ut
3144 598 3395 670 proﬁciat
3448 599 3506 656 in

1917 701 2027 757 quo
2079 681 2350 739 sollicitus
2380 691 2478 750 est,
2515 682 2720 740 habens
2755 685 2812 740 in
2858 686 2970 741 illis
3011 685 3273 756 fructum,
3305 688 3506 760 quibus

1917 781 2133 846 praeest.

2002 886 2019 908 ι
2051 863 2154 929 Qui
2189 862 2480 918 miseretur
2510 863 2566 918 in
2597 862 2892 919 hilaritate.
2926 890 2944 912 ι
2987 865 3143 921 llunc
3173 883 3386 938 quoque
3413 883 3510 923 se-

1919 951 2160 1008 cundum
2193 970 2411 1008 sensum
2444 971 2626 1021 suum,
2665 953 2760 1026 qui
2809 953 2935 1008 lzeto
2971 953 3156 1008 animo
3195 955 3511 1011 misericor—

1919 1040 2065 1096 diam
2099 1041 2249 1110 facit,
2293 1059 2402 1097 non
2434 1043 2586 1114 quasi
2617 1043 2822 1098 nolenti
2856 1049 3262 1114 extorqueatur,
3295 1041 3511 1099 fundari

1919 1139 1972 1186 et
2002 1131 2246 1186 roborari
2277 1148 2307 1186 a
2335 1134 2468 1198 Deo,
2501 1140 2560 1186 ut
2590 1132 2647 1186 in
2679 1131 2780 1187 hac
2812 1148 2867 1186 re
2897 1132 3106 1187 nullam
3138 1131 3510 1188 inﬁrmitatem

1920 1219 2178 1290 patiatur,
2211 1220 2388 1276 sciens
2426 1219 2634 1276 dictum
2662 1237 2691 1275 a
2722 1220 3049 1276 Salomone:
3101 1245 3118 1266 ι
3164 1222 3304 1276 Dum
3351 1221 3515 1278 habes

1919 1311 2282 1378 occasionem,
2313 1309 2538 1366 benefac
2575 1313 2763 1382 (Prov.
2790 1329 2873 1376 III,
2895 1312 3036 1382 27).-
3055 1311 3157 1367 Sed
3189 1311 3292 1368 hoc
3313 1311 3516 1367 multi-

1919 1398 2055 1454 farie
2079 1399 2494 1470 intelligendum
2521 1408 2602 1457 est
2634 1419 2646 1467 ;
2681 1400 2973 1472 multiplex
2999 1409 3078 1456 est
3108 1400 3256 1455 enim
3289 1401 3513 1456 miseri-

1921 1487 2108 1544 cordia
2140 1489 2255 1559 (86)
2288 1490 2389 1544 sub
2420 1508 2530 1545 uno
2563 1490 2848 1546 vocabulo.
2892 1491 3028 1546 Nam
3059 1490 3102 1544 si
3142 1507 3304 1562 supra
3332 1489 3511 1546 dixit:

1935 1601 1953 1622 ι
1985 1574 2089 1642 Qui
2121 1577 2350 1648 largitur
2379 1577 2435 1632 in
2466 1579 2856 1650 simplicitate;
2886 1603 2903 1625 ι
2949 1578 3081 1651 quid
3111 1585 3225 1633 erat
3255 1594 3393 1649 opus
3421 1577 3516 1632 ite-

1923 1681 2065 1729 rare,
2089 1665 2196 1720 nisi
2229 1667 2360 1738 quia
2393 1667 2495 1722 sub
2525 1685 2636 1722 uno
2667 1667 3059 1724 misericordia:
3092 1667 3313 1721 nomine
3346 1666 3517 1721 multa

1921 1752 2065 1809 bona
2091 1772 2253 1827 opera
2281 1756 2657 1828 signiﬁcavit?
2694 1755 3054 1812 Peccantibus
3099 1755 3301 1810 etenim
3352 1755 3518 1826 igno—

203 1845 533 1919 deputatum
564 1847 805 1904 oﬁicium
839 1856 938 1916 est,
989 1864 1101 1904 non
1146 1855 1449 1919 perstrepat
1493 1844 1671 1912 alteri,
1719 1839 1809 1898 cui
1845 1873 1889 1932 B
1924 1862 2073 1902 scere
2104 1846 2481 1902 misericordia
2510 1855 2625 1902 est:
2672 1854 2726 1902 et
2762 1846 2819 1900 in
2851 1846 3169 1901 necessitate
3199 1845 3383 1917 aliqua
3411 1861 3518 1916 po-

205 1935 415 1993 viderit
443 1937 597 1993 aliud
630 1937 918 2006 traditum,
949 1937 1044 1993 sed
1073 1935 1414 2009 congaudeat
1445 1935 1587 2006 (83),
1609 1942 1669 1989 ut
1694 1949 1811 1990 cor-

207 2041 312 2098 pus
349 2027 610 2084 Ecclesiae
641 2029 712 2084 sit
740 2027 1064 2100 perfectum.

294 2141 313 2162 ι
343 2118 472 2174 Sive
517 2119 862 2190 prophetiam
914 2117 1214 2174 secundum
1270 2115 1538 2171 rationem
1588 2111 1736 2168 ﬁdei.
1782 2139 1798 2160 -

208 2207 258 2261 A
292 2205 585 2278 prophetia
613 2206 831 2277 incipit,
857 2222 974 2278 quae
1005 2206 1180 2278 prima
1220 2203 1470 2276 probatio
1515 2211 1598 2258 est
1635 2201 1815 2256 ratio-

209 2294 458 2350 nabilem
514 2311 630 2352 esse
681 2294 843 2352 ﬁdem
893 2303 1152 2351 nostram.
1213 2293 1461 2367 Denique
1507 2291 1812 2360 credentes,

209 2394 438 2459 accepto
491 2386 698 2459 Spiritu
734 2386 1148 2459 prophetabant.
1196 2385 1324 2440 Haec
1370 2400 1497 2455 ergo
1526 2383 1689 2438 datur
1716 2397 1814 2452 pro

211 2476 382 2533 modo
425 2478 765 2550 accipientis,
818 2477 922 2536 hoc
950 2487 1050 2546 est,
1097 2484 1364 2550 quantum
1412 2490 1576 2530 causa
1621 2471 1814 2542 exigit,

211 2575 437 2638 propter
463 2583 625 2640 quam
653 2567 833 2624 datur.

289 2657 469 2726 (Vers.
502 2659 580 2730 7.)
627 2683 644 2704 ‹
684 2659 810 2715 Sive
849 2658 1217 2714 ministerium
1265 2656 1321 2711 in
1370 2652 1758 2710 ministrando.
1786 2677 1803 2699 ι

212 2745 303 2801 Ad
335 2747 654 2822 obsequium
689 2749 1050 2805 fraternitatis
1081 2746 1198 2820 (84)
1232 2745 1584 2818 praebendum
1614 2744 1670 2798 in
1700 2749 1814 2798 tan-

211 2845 338 2893 tum
384 2839 635 2896 minister
684 2839 954 2909 ﬁrmatur,
1005 2848 1270 2914 quantum
1308 2837 1484 2894 credit
1526 2835 1719 2891 debere
1760 2849 1817 2889 se

213 2928 442 3002 obsequi
469 2949 482 2995 ;
520 2947 587 2985 ne
612 2931 758 2986 ultra
788 2930 951 2986 ﬁdem
983 2930 1238 2984 laborans
1274 2927 1330 2982 in
1361 2927 1646 2999 obsequio,
1677 2925 1816 2981 fati-

212 3026 376 3092 getur
403 3019 714 3089 incassum;
757 3021 883 3093 quia
927 3019 1034 3077 hoc
1068 3019 1319 3092 sequitur
1347 3033 1815 3090 unumquemque,

213 3106 366 3181 quod
394 3119 623 3166 conatur
651 3125 718 3165 ex
756 3111 940 3167 corde.

1923 1937 2030 1992 sito
2061 1938 2145 1993 vel
2199 1955 2456 2010 oppresso
2497 1953 2653 2010 opem
2699 1937 2840 1993 ferre
2890 1933 3265 1990 misericordia
3314 1940 3426 1999 est;
3465 1939 3518 1988 et

1924 2025 2130 2082 nudum
2164 2027 2385 2095 vestire,
2414 2035 2468 2084 et
2496 2026 2759 2082 esurienti
2792 2041 2985 2097 panem
3008 2025 3276 2096 frangere,
3307 2029 3360 2077 et
3386 2037 3519 2093 par—

1924 2118 2115 2173 vulum
2148 2118 2460 2190 expositum
2501 2116 2779 2188 colligere,
2821 2123 2876 2170 et
2912 2113 3144 2170 cadaver
3190 2113 3422 2185 Operire,
3467 2118 3519 2166 et

1925 2207 2030 2261 alia
2085 2207 2297 2279 operari
2359 2209 2474 2280 (87)
2535 2205 2912 2262 misericordia
2967 2213 3066 2260 est.
3127 2202 3254 2259 Ideo
3305 2203 3350 2258 si
3404 2201 3520 2257 haec

1926 2305 2176 2376 impigre,
2216 2313 2269 2361 et
2307 2305 2424 2361 sine
2457 2304 2619 2360 taedio
2651 2303 2818 2359 fuerit
2852 2311 3127 2375 operatus,
3172 2299 3397 2356 habebit
3427 2296 3520 2354 96

1925 2395 2093 2468 hujus
2132 2397 2311 2468 operis
2341 2402 2392 2451 et
2419 2395 2476 2450 in
2508 2395 2763 2468 praesenti
2795 2400 2848 2448 et
2877 2393 2933 2447 in
2966 2394 3155 2447 futuro
3193 2390 3516 2446 mercedem.

1926 2484 2120 2539 Omnis
2177 2501 2303 2555 ergo
2359 2483 2736 2540 misericordia
2793 2491 2845 2537 et
2891 2481 3238 2552 simpliciter,
3296 2487 3349 2534 et
3396 2495 3520 2535 cum

1928 2573 2126 2645 gaudio
2184 2573 2301 2627 ﬁeri
2355 2574 2551 2640 debet;
2599 2581 2660 2627 ut
2696 2570 3022 2643 simplicitas
3048 2569 3305 2625 excludat
3335 2569 3524 2640 hypo-

1927 2661 2135 2730 crisim,
2170 2661 2431 2734 gaudium
2468 2678 2598 2717 vero
2637 2662 2840 2717 fretum
2889 2661 3087 2716 futurae
3137 2658 3252 2730 spei
3296 2664 3526 2712 testatur

1928 2768 2181 2808 examen.

2001 2843 2184 2915 (Vers.
2233 2842 2314 2913 9.)
2375 2868 2392 2890 ι
2441 2841 2674 2899 Dilectio
2719 2841 2837 2898 sine
2881 2839 3254 2897 simulatione.
3310 2865 3327 2886 ι
3388 2832 3525 2893 lluic

1930 2931 2122 2999 menti,
2154 2949 2273 3004 quae
2306 2931 2410 2987 hoc
2440 2931 2737 2988 meditatur
2769 2930 2908 3003 (88),
2941 2937 3002 2984 ut
3031 2928 3154 2984 ideo
3184 2927 3374 3000 diligat
3404 2927 3524 2981 fra-

1927 3030 2087 3088 trem,
2120 3018 2247 3092 quia
2277 3021 2380 3076 scit
2410 3020 2513 3078 hoc
2543 3023 2754 3093 placere
2792 3019 3002 3076 auctori
3045 3020 3177 3086 Deo,
3223 3025 3284 3073 ut
3325 3033 3436 3072 nou
3469 3017 3524 3070 in

1929 3110 2244 3166 adulatione
2275 3111 2559 3183 praesentis
2589 3111 2716 3164 vitae
2747 3109 2852 3164 hoc
2879 3117 3020 3179 agat,
3055 3107 3312 3162 subvenit
3340 3105 3526 3177 Spiri—

304 3221 322 3243 ι
355 3197 481 3254 Sive
505 3200 602 3272 qui
632 3199 791 3256 docet
821 3201 875 3254 in
905 3198 1177 3255 doctrina.
1212 3223 1230 3244 ι
1270 3195 1540 3251 Similiter
1569 3193 1703 3250 dicit
1730 3193 1818 3248 ad-
1853 3232 1896 3293 Ο
1931 3206 2039 3266 tus,
2087 3206 2147 3252 ut
2187 3199 2315 3270 quia
2360 3199 2464 3253 hoc
2513 3199 2712 3252 devota
2769 3205 2948 3250 mente
3005 3195 3218 3266 quaerit,
3251 3192 3527 3264 obsequiis

205 3285 402 3361 juvari
441 3287 722 3344 doctorem
753 3287 810 3342 in
848 3287 1132 3352 doctrina;
1181 3294 1244 3340 ut
1281 3285 1340 3339 in
1379 3290 1644 3355 quantum
1690 3281 1822 3336 ﬁdes

208 3377 338 3451 ejus
367 3387 452 3434 est
479 3377 547 3434 ad
575 3375 911 3443 docendum,
952 3375 1009 3429 in
1039 3382 1255 3430 tantum
1291 3372 1590 3444 inspiretur
1622 3371 1690 3428 ad
1719 3379 1823 3427 tra-

211 3469 462 3528 dendam
492 3466 844 3539 disciplinam
872 3465 1169 3521 caelestem.

293 3565 484 3638 (Vers.
519 3564 602 3631 8.)
639 3586 657 3610 ‹
689 3561 814 3617 Sive
839 3563 933 3635 qui
963 3561 1288 3616 exhortatur
1316 3561 1374 3615 in
1404 3558 1764 3615 exhortando.
1792 3584 1809 3606 ι

212 3655 292 3712 Et
322 3653 477 3709 hunc
515 3651 709 3708 eodem
742 3650 904 3707 modo
927 3650 984 3706 in
1014 3667 1078 3707 eo
1109 3651 1248 3722 ipso,
1273 3651 1329 3704 in
1353 3666 1460 3723 quo
1485 3647 1658 3702 tendit
1681 3647 1820 3719 (85),

215 3741 438 3798 auxilio
467 3740 706 3813 Spiritus
736 3739 1049 3813 praeparari,
1092 3746 1155 3794 ut
1184 3738 1377 3794 habeat
1407 3737 1654 3811 gratiam,
1689 3735 1819 3791 dum

213 3837 505 3905 provocat.
538 3829 780 3887 Lacessit
809 3830 955 3886 enim
991 3828 1185 3885 fratres
1226 3827 1294 3884 ad
1333 3827 1562 3893 bonum,
1603 3834 1694 3882 aut
1727 3826 1823 3882 in—

216 3919 478 3978 credulos
507 3918 574 3974 ad
601 3918 788 3975 ﬁdem.

308 4042 326 4065 σ
373 4016 480 4085 Qui
513 4017 742 4090 largitur
776 4017 834 4072 in
864 4014 1237 4088 simplicitate.
1286 4041 1304 4064 ι
1362 4013 1505 4072 Huic
1535 4013 1690 4083 dicit,
1726 4014 1823 4087 qui

219 4107 372 4165 bono
402 4106 589 4161 animo
619 4105 816 4162 tribuit
838 4105 1046 4162 auxilia
1075 4120 1288 4178 semper
1315 4102 1682 4176 suppeditare,
1702 4120 1823 4176 pro-

220 4205 452 4256 curante
483 4197 711 4270 Spiritu,
743 4206 805 4254 ut
835 4213 946 4254 non
979 4196 1120 4254 desit
1166 4195 1433 4252 tribuenti
1475 4195 1822 4268 simpliciter,

223 4287 444 4344 dicente
478 4286 800 4343 Salomone:
849 4311 866 4333 ι
917 4286 1023 4354 Qui
1067 4286 1265 4343 tribuit
1314 4285 1662 4359 pauperibus,
1714 4301 1825 4341 non

225 4378 499 4450 indigebit
528 4380 714 4451 (Prov.
739 4395 942 4444 xxviii,
968 4377 1084 4449 27).
1105 4402 1123 4425 ι
1158 4377 1260 4432 Hic
1289 4393 1415 4448 ergo
1457 4375 1653 4432 tribuit
1698 4374 1824 4430 sim-
1861 4440 1867 4446 ι

225 4467 468 4540 pliciter,
501 4469 594 4540 qui
629 4483 739 4524 non
773 4468 830 4523 in
859 4467 1210 4524 simulatione
1241 4465 1346 4521 hoc
1375 4465 1506 4537 agit,
1539 4471 1597 4519 ut
1628 4465 1745 4520 laus
1775 4463 1827 4519 ei

226 4557 293 4614 ab
319 4557 642 4615 horninibus
669 4559 850 4628 detur,
883 4557 976 4614 sed
1006 4566 1066 4614 ut
1092 4573 1124 4612 a
1152 4558 1265 4613 Deo
1296 4572 1394 4629 pro
1421 4555 1525 4612 hoc
1564 4554 1683 4628 ipso
1716 4569 1825 4609 me-

227 4648 396 4704 ritum
427 4657 816 4722 consequatur.

310 4762 330 4787 ι
359 4738 468 4807 Qui
495 4750 689 4813 praeest
717 4741 776 4796 in
809 4739 1199 4798 sollicitudine.
1244 4765 1262 4789 ι
1306 4737 1449 4795 Eum
1498 4734 1593 4812 qui
1641 4750 1826 4794 curam

325 4954 421 5025 81)
456 4954 614 5010 Rom.
646 4952 778 5010 edit.
807 4953 942 5022 sola,
972 4971 1036 5009 ne
1063 4953 1201 5008 alter
1237 4952 1483 5025 alterius,
1515 4959 1620 5025 etc.

325 5023 583 5099 82))AMss.
613 5025 824 5099 aliquot
852 5028 975 5082 voci
1019 5025 1168 5080 nobis
1216 5023 1447 5092 addunt,
1495 5024 1829 5092 differentes;

228 5097 321 5153 alii
353 5097 674 5167 di/ferentia.

301 5165 584 5241 (83)'Vet.
632 5167 764 5224 edit.
810 5184 874 5241 ac
912 5167 1072 5241 pauci
1114 5183 1268 5234 mss.,
1323 5165 1409 5220 sed
1453 5165 1832 5241 _congeral.__Et

228 5235 480 5314 sequenti
511 5247 667 5295 textu
695 5235 929 5314 Amerbf
942 5251 1005 5314 et
1033 5240 1186 5314 Eras.
1211 5254 1336 5294 cum
1367 5236 1488 5292 cod.
1527 5235 1828 5314 nonnullis,

234 5305 519 5368 secundum
549 5313 902 5382 operationem
922 5311 1062 5382 ﬁdei.
1085 5313 1350 5366 Neutrum
1381 5305 1690 5382 commode.

300 5383 419 5454 (84)
453 5379 596 5439 Mss.—
617 5382 847 5456 aliquot,
877 5379 948 5456 ad
974 5379 1564 5456 obsequiurn_Eccles_t'w.

441 5447 892 5529 Nonnulli'mss.,
910 5454 967 5529 in
989 5447 1382 5529 quo—ostendit;
1402 5449 1505 5529 alii
1521 5463 1630 5503 non
1652 5447 1833 5529 pauci,

228 5527 281 5581 in
304 5521 410 5598 quo
439 5545 495 5582 re
527 5527 732 5591 tendit;
757 5526 964 5593 caeteri,
995 5521 1048 5579 et
1078 5539 1268 5579 omnes
1297 5523 1454 5590 edit.,
1486 5521 1543 5576 in
1580 5535 1682 5589 quo
1716 5525 1836 5572 ten—

230 5600 323 5656 dit.

298 5672 416 5801 (86)
449 5668 726 5730 Nonnulli
760 5685 914 5737 mss.,
944 5668 1037 5722 sub
1085 5683 1190 5722 uno
1228 5665 1365 5720 enim
1399 5663 1650 5722 vocabulo
1688 5661 1838 5718 mul-

298 5769 300 5784 ›
347 5761 389 5800 ,τ
415 5750 496 5801 εει
523 5741 892 5801 intelligentia.
921 5739 1148 5799 Minime
1177 5739 1340 5795 male.

233 5739 496 5816 tiplex'est
523 5741 892 5811 intelligentia.
921 5739 1148 5799 Minime
1177 5739 1340 5795 male.

1933 3287 2103 3358 possit
2131 3286 2378 3357 implere.
2424 3285 2674 3341 Audiunt
2717 3284 2863 3338 enim
2909 3283 3118 3338 dictum
3168 3299 3199 3336 a
3243 3281 3523 3337 Domino:

1948 3400 1965 3422 ι
1995 3376 2328 3446 Praeceptum
2360 3390 2567 3432 novum
2597 3373 2668 3429 do
2699 3371 2876 3442 vobis,
2909 3379 2970 3428 ut
3002 3370 3244 3444 diligatis
3282 3369 3521 3427 invicem

1933 3466 2112 3539 (Joan.
2144 3481 2267 3532 xui,
2299 3465 2411 3535 3i).
2448 3489 2465 3512 ι

2008 3555 2189 3627 (Vers.
2241 3554 2473 3626 10,11.)
2531 3578 2548 3600 ι
2597 3553 2856 3610 Odientes
2909 3553 3136 3622 malum,
3189 3550 3528 3609 adhaerentes

1931 3645 2094 3713 bono,
2129 3645 2488 3701 fraternitatis
2515 3659 2699 3700 amore
2735 3643 2972 3700 invicem
3022 3643 3266 3716 benigni,
3319 3642 3528 3698 honore

1934 3743 2130 3790 mutuo
2173 3735 2586 3807 praevenientes.
2623 3761 2640 3783 ι
2701 3735 2821 3790 Non
2870 3748 3127 3803 magnum
3158 3733 3295 3787 dicit
3323 3731 3528 3786 evitare

1933 3825 2160 3894 malum,
2190 3825 2296 3881 nisi
2329 3824 2674 3881 adhaereatur
2694 3825 2870 3889 bono;
2908 3821 3047 3877 illud
3075 3823 3222 3876 enim
3244 3821 3310 3876 de
3332 3821 3529 3874 timore

1933 3917 2016 3987 ﬁt,
2051 3918 2197 3974 istud
2227 3917 2292 3973 de
2317 3933 2501 3973 amore
2527 3936 2537 3972 :
2572 3929 2672 3971 nec
2701 3914 3002 3984 benignum
3033 3926 3168 3979 esse,
3198 3926 3298 3966 nec
3326 3910 3532 3964 frater-

1933 4007 2121 4064 nitatis
2150 4024 2390 4063 amorem
2425 4007 2542 4079 (89)
2575 4014 2759 4060 tenere
2799 4002 3026 4070 dicitur,
3073 4000 3120 4056 si
3166 4013 3279 4055 non
3326 3998 3532 4052 mutuis

1933 4113 1989 4153 se
2019 4096 2295 4170 obsequiis
2324 4093 2712 4168 pravenerint.

1931 4197 1934 4200 ‘
2021 4183 2448 4239 «Sollicitudine
2497 4199 2609 4237 non
2655 4178 2816 4254 pigri.
2850 4206 2868 4227 ι
2919 4178 3033 4236 Hoc
3079 4185 3161 4235 est
3209 4177 3357 4252 quod
3397 4176 3532 4233 dicit

1935 4273 2199 4348 propheta
2228 4271 2733 4341 Jeremias(Jerem.
2769 4285 2963 4338 vaur,
3016 4268 3128 4341 10),
3176 4266 3304 4340 quia
3352 4267 3532 4322 male—

1935 4363 2114 4420 dictus
2161 4362 2256 4436 qui
2304 4362 2434 4419 facit
2483 4377 2648 4434 opera
2693 4359 2917 4416 Domini
2971 4357 3326 4430 negligenter.
3375 4355 3534 4426 Piger

1934 4454 2080 4510 enim
2130 4453 2188 4508 in
2231 4452 2648 4510 conversatione
2693 4449 2886 4506 divina
2933 4451 3051 4506 sine
3092 4462 3187 4519 spe
3235 4453 3351 4514 est;
3409 4444 3533 4499 ideo

1937 4544 2168 4617 subjecit
2193 4563 2204 4601 :

2022 4664 2039 4685 ε
2070 4637 2277 4711 Spiritu
2306 4636 2596 4694 ferventes.
2629 4659 2645 4683 ι
2686 4632 2802 4688 Hoc
2829 4639 2929 4699 est,
2963 4639 3024 4687 ut
3054 4631 3110 4685 in
3144 4627 3410 4684 exercitio
3437 4621 3534 4680 did

1939 4728 2055 4784 vini
2105 4729 2283 4801 operis
2333 4735 2425 4783 aut
2481 4725 2615 4796 legis
2645 4737 2757 4778 non
2783 4721 2855 4775 sit
2896 4718 3130 4792 tepidus,
3161 4716 3306 4774 sicut
3331 4715 3536 4772 dicitur

2012 4940 2128 5014 (87)
2160 4943 2318 4998 Rom.
2361 4939 2516 5007 edit.,
2563 4943 2611 4993 et
2659 4933 2792 4989 talia
2833 4934 3068 5004 operari.
3112 4927 3269 4987 Haud
3316 4933 3538 4988 incom—

1939 5014 2130 5156 ωῖίέὲ)
2163 5083 2288 5140 Vet.
2317 5081 2449 5138 edit.
2478 5077 3019 5156 et_m5§-.“°ml“”iz.
3046 5076 3183 5132 Ηυίσ
3206 5074 3413 5140 "‘"m’
3435 5077 3538 5156 -Ψά

1938 5147 2263 5213 meditatur:
2297 5156 2452 5211 Rom.
2484 5151 2616 5208 edit.
2654 5149 2784 5204 hinc
2820 5149 3051 5205 abstulit
3093 5162 3280 5202 vocem
3311 5147 3533 5203 merito:

1940 5245 2206 5310 nos.ve.ro
2238 5227 2420 5282 locum
2446 5241 2516 5280 ex
2545 5221 2796 5295 pluribus
2842 5219 3358 5294 prohatioribusque
3409 5217 3534 5275 cod.

1941 5309 2301 5356 restituunus.

2016 5374 2132 5442 (89)
2167 5372 2247 5426 Ita
2278 5371 2454 5442 locum
2487 5366 2781 5442 emendant
2809 5365 2931 5442 cod.
2961 5365 3130 5442 Prat.,
3159 5361 3338 5428 Gem.,
3367 5357 3536 5422 Mich.

1943 5452 1998 5498 et
2026 5437 2168 5498 Vall.
2202 5457 2327 5498 cum
2360 5441 2512 5513 prius
2543 5439 2833 5513 haberetur
2870 5439 2925 5493 in
2966 5437 3116 5513 edit:
3146 5450 3209 5490 ac
3253 5450 3428 5513 mss.,
3451 5451 3540 5513 nec

1945 5515 2221 5586 benignum
2249 5506 2734 5586 esse-fraternitate:
2769 5513 3037 5576 honorem,
3069 5507 3116 5562 si
3142 5523 3281 5571 non;
3320 5506 3451 5586 Gill.
3482 5508 3541 5565 in

1945 5579 2116 5658 marg.
2149 5595 2202 5641 et
2233 5579 2388 5643 Rom.
2421 5584 2554 5639 edit.
2588 5584 2646 5638 in
2691 5600 2842 5657 corp.
2897 5597 3023 5640 cum
3056 5595 3168 5637 uno
3219 5586 3314 5636 aut
3368 5579 3542 5638 altero

1946 5657 2098 5727 mss.,
2123 5657 2481 5730 fraternitatis
2509 5672 2760 5713 amorem.
