3952 6202
415 372 516 434 167

1427 372 1521 432 AD
1562 371 1797 433 OPERA
1837 370 1892 432 S.
1937 371 2269 432 AMBROSII
2308 369 2688 432 APPENDIX.

3649 374 3764 434 188

416 505 473 560 in
503 503 833 574 Apocalypsi
860 503 1122 559 Joannis:
1172 529 1188 549 ι
1221 503 1490 570 Quoniam
1528 502 1743 574 tepidus
1787 519 1862 570 es,
1912 502 2009 557 in-
2041 505 2088 562 A
2117 500 2334 556 incitati
2381 500 2534 572 prius
2565 499 2726 556 facile
2773 497 3101 555 maledicere
3130 498 3350 568 velint;
3396 500 3499 557 sed
3530 511 3592 558 ut
3616 520 3760 559 ma-

413 592 553 666 quit,
585 607 834 648 evomam
866 599 918 647 te
947 609 1016 648 ex
1048 609 1140 647 ore
1171 609 1292 648 meo
1325 594 1512 664 (Apoc.
1546 610 1632 658 III,
1667 593 1754 662 16)
1779 611 1791 659 ;
1818 618 1835 642 ι
1879 609 2010 665 quo-

412 682 624 738 tidiana
654 681 800 737 enim
842 680 1128 737 meditatio
1161 683 1310 738 tollit
1339 698 1612 754 soporem,
1644 689 1697 736 et
1731 681 1809 740 cit
1855 699 1889 736 v
1911 681 2010 753 igi-

415 774 639 829 lantem.
671 773 846 844 Opera
875 788 1006 826 vero
1037 773 1261 828 Domini
1301 782 1449 841 sunt,
1491 790 1611 846 quas
1644 774 1866 831 mandat
1894 773 2011 830 fieri

415 879 516 934 pro
546 861 785 918 utilitate
816 861 1095 927 Ecclesiae,
1133 861 1186 916 id
1225 872 1326 930 est,
1362 863 1616 918 fratrum.

500 977 517 999 ε
549 951 801 1024 Tempori
831 953 1154 1008 servientes.
1197 978 1214 999 ι
1267 953 1329 1008 In
1362 954 1552 1008 Grzeco
1580 952 1786 1009 dicitur
1816 953 2014 1009 habere

413 1043 528 1101 sic:
575 1068 592 1090 ι
624 1046 736 1100 Deo
767 1045 1095 1112 servientes;
1129 1070 1146 1092 ι
1189 1042 1336 1116 quod
1370 1061 1470 1099 nec
1501 1045 1621 1100 loco
1651 1044 1753 1116 ipsi
1785 1060 2016 1117 compe—

414 1133 500 1189 tit.
556 1132 698 1200 Quid
745 1133 891 1189 enim
942 1151 1078 1206 opus
1123 1142 1240 1190 erat
1291 1150 1562 1190 summam
1621 1131 1763 1190 hanc
1816 1150 2015 1206 ponere

411 1224 582 1280 totius
606 1223 938 1292 devotionis,
972 1242 1096 1281 cum
1130 1224 1350 1297 quando
1369 1224 1584 1298 singula
1602 1223 1865 1293 membra,
1896 1241 2015 1297 quae

413 1313 478 1370 ad
507 1313 769 1387 obsequia
799 1324 854 1370 et
882 1314 1110 1370 servitia
1137 1313 1233 1370 Dei
1266 1313 1567 1386 pertinent,
1601 1316 1914 1371 memoret?
1955 1316 2016 1370 In

413 1405 675 1460 omnibus
715 1404 862 1458 enim
895 1403 962 1458 iis
992 1420 1113 1476 quae
1157 1411 1460 1472 enumerat,
1512 1403 1732 1475 plenum
1780 1402 2016 1459 Domino

413 1491 699 1548 servitium
732 1491 1046 1547 exhibetur.
1091 1492 1225 1548 Nam
1259 1493 1468 1548 servire
1499 1492 1730 1564 tempori
1758 1492 1891 1565 quid
1923 1491 2013 1559 sit,

414 1582 546 1638 alibi
577 1582 764 1652 solvit,
797 1600 922 1639 cum
949 1582 1116 1640 dicit:
1167 1608 1185 1632 ε
1225 1582 1574 1640 Redimentes
1604 1593 1837 1655 tempus,
1869 1599 2019 1656 quo-

415 1672 566 1727 niam
618 1672 736 1728 dies
791 1672 921 1728 mali
967 1680 1141 1740 sunt;
1201 1682 1262 1728 ut
1317 1672 1504 1729 sciatis
1553 1671 2016 1746 quemadmodum

417 1760 716 1834 unicuique
745 1761 1119 1834 respondeatis
1151 1763 1376 1833 (Ephes.
1411 1779 1466 1830 v,
1503 1763 1614 1833 16).
1665 1787 1684 1809 ι
1742 1763 2014 1830 Quoniam

419 1858 603 1906 autem
632 1850 882 1908 dixerat:
934 1877 950 1898 ε
989 1852 1202 1924 Spiritu
1240 1852 1547 1920 ferventes;
1595 1879 1612 1900 ι

415 1940 744 2012 acciperent,
773 1950 833 1996 ut
861 1942 1061 2014 passim
1092 1950 1144 1997 et
1173 1942 1488 2014 importune
1528 1941 1693 1998 verba
1734 1942 2016 2014 religionis

416 2031 724 2104 ingererent
756 2040 997 2105 tempore
1026 2032 1276 2100 inimico,
1312 2049 1410 2104 per
1431 2032 1579 2106 quod
1610 2032 1748 2089 forte
1779 2032 2016 2088 scanda-

417 2123 531 2179 lum
562 2125 883 2191 excitarent,
916 2123 1101 2180 statim
1130 2122 1365 2194 subjecit
1395 2141 1406 2178 :
1452 2148 1469 2169 ι
1493 2123 1750 2194 Tempori
1777 2123 2017 2178 servien-

418 2219 518 2281 tes,
549 2238 567 2261 ι
612 2221 673 2268 ut
712 2213 956 2271 modeste
986 2221 1039 2270 et
1065 2230 1191 2270 cum
1225 2212 1507 2268 honestate
1537 2210 1679 2282 aptis
1711 2219 1761 2268 et
1792 2211 1929 2268 locis
1965 2219 2020 2267 et

414 2303 682 2375 personis,
718 2310 768 2357 et
798 2311 924 2375 apto
952 2311 1196 2374 tempore
1227 2301 1510 2374 religionis
1540 2299 1704 2357 ﬁdem
1729 2300 2018 2374 loqueren-

417 2401 526 2448 tur.
567 2391 707 2446 Sunt
735 2392 882 2446 enim
913 2391 1140 2464 quidam
1169 2391 1335 2448 etiam
1379 2391 1436 2446 in
1481 2390 1586 2447 hoc
1625 2398 1867 2462 tempore
1912 2407 2020 2463 quo

417 2499 523 2555 pax
553 2491 655 2550 est,
687 2484 779 2556 qui
816 2483 896 2540 sic
927 2484 1253 2556 perhorrent
1281 2483 1447 2539 verba
1475 2482 1598 2550 Dei,
1636 2490 1697 2538 ut
1735 2482 2021 2538 audientes

417 2589 543 2628 cum
581 2589 774 2645 magna
803 2573 882 2628 ira
921 2571 1309 2646 blasphement
1345 2573 1488 2628 viam
1521 2572 1747 2631 Christi.
1801 2573 1936 2629 Nam
1967 2579 2021 2627 et

417 2663 532 2735 ipse
579 2663 811 2718 servivit
851 2664 1108 2736 tempori,
1159 2662 1378 2736 quando
1426 2662 1573 2736 quod
1622 2663 1803 2718 noluit
1858 2662 2017 2728 fecit;

417 2753 629 2810 invitus
657 2755 804 2810 enim
835 2754 1186 2812 circumcidit
1213 2755 1586 2821 Timotheum,
1614 2761 1668 2809 et
1698 2770 1818 2808 raso
1839 2753 2018 2826 capite

415 2844 738 2913 puriﬁcatus
767 2845 1069 2900 secundum
1121 2845 1293 2915 legem
1324 2844 1572 2901 ascendit
1619 2843 1908 2915 templum,
1958 2850 2021 2897 ut

418 2933 731 2989 Iudaeorum
764 2935 970 3005 sopiret
1002 2933 1294 2988 insaniam.

491 3024 675 3095 (Vers.
715 3022 828 3095 12.)
876 3046 893 3069 ε
925 3022 1027 3094 Spe
1054 3022 1369 3094 gaudentes.
1425 3048 1444 3073 ι
1503 3023 1796 3096 Postquam
1833 3023 2016 3081 dixit:

431 3137 449 3160 ι
481 3113 733 3185 Tempori
770 3112 1092 3182 servientes,
1118 3139 1136 3162 ι
1177 3112 1409 3186 adjecit:
1444 3135 1467 3160 ε
1497 3112 1600 3186 Spe
1631 3113 1957 3185 gaudentes;
1989 3139 2007 3162 ι

418 3211 479 3260 ut
507 3203 552 3259 si
584 3202 724 3260 forte
767 3211 986 3276 propter
1030 3203 1379 3278 iniquitatem
1427 3205 1690 3276 temporis
1719 3220 1830 3260 non
1862 3203 2022 3259 liceat
2050 3225 2093 3284 ρ

417 3291 482 3348 de
503 3292 610 3348 fide
636 3293 853 3365 publice
874 3294 1046 3368 loqui,
1080 3293 1171 3350 sed
1205 3310 1318 3350 esse
1350 3293 1409 3349 in
1439 3303 1611 3364 metu,
1641 3311 1734 3368 spe
1763 3293 2013 3368 gaudeat;

415 3383 544 3455 quia
572 3383 687 3440 haec
714 3383 944 3440 tristitia
973 3385 1117 3456 parit
1147 3384 1417 3440 laetitiam.

499 3495 516 3518 ι
549 3473 610 3526 In
645 3472 1002 3528 tribulatione
1053 3473 1345 3544 patientes.
1390 3497 1408 3520 ι
1459 3473 1575 3530 Hoc
1617 3479 1698 3529 est
1742 3489 1836 3544 spe
1875 3488 2019 3544 gau-

415 3561 566 3628 dere,
599 3561 654 3615 in
685 3561 1041 3617 tribulatione
1064 3563 1358 3633 patientem
1382 3579 1495 3619 esse
1520 3582 1533 3630 ;
1565 3562 1632 3618 de
1649 3563 1846 3636 gaudio
1868 3563 2015 3618 enim

419 3651 533 3720 spei
564 3649 762 3704 tolerat
797 3648 1233 3718 tribulationem,
1264 3650 1441 3706 sciens
1461 3651 1637 3707 multo
1657 3650 1865 3724 majora
1879 3668 2013 3721 esse,

421 3753 542 3809 quas
573 3751 672 3808 pro
703 3735 789 3792 his
819 3738 1088 3810 promissa
1109 3746 1257 3794 sunt.

500 3848 519 3873 ι
547 3826 796 3884 Orationi
825 3825 1112 3884 instantes.
1130 3853 1148 3876 ι
1181 3826 1496 3886 Necessaria
1522 3835 1605 3886 est
1632 3829 1794 3887 valde
1815 3831 1994 3888 oratio

415 3918 544 3992 quia
573 3927 635 3976 ut
671 3919 960 3977 tribulatio
984 3919 1159 3993 possit
1188 3919 1429 3989 tolerari,
1462 3920 1716 3994 precibus
1746 3921 2016 3978 insisten-

413 4008 542 4065 dum
578 4017 680 4067 est.

485 4100 669 4171 (Vera.
703 4100 816 4172 13.)
859 4125 877 4150 ι
915 4101 1196 4159 Memoriis
1225 4111 1539 4161 sanctorum
1589 4103 2016 4161 communicati-

411 4197 510 4244 tes.
546 4215 564 4238 ι
603 4190 956 4246 Manifestum
983 4201 1064 4248 est
1095 4193 1225 4265 quia
1255 4194 1350 4266 qui
1380 4211 1567 4267 preces
1593 4211 1718 4252 suas
1756 4194 2013 4253 exaudiri

415 4281 556 4348 vult,
585 4279 817 4335 aemulus
849 4279 1010 4335 debet
1037 4297 1153 4338 esse
1182 4284 1310 4338 vitze
1340 4291 1651 4340 sanctorum
1677 4303 1692 4352 ;
1729 4303 1856 4343 cum
1890 4283 2010 4341 imi-

413 4375 564 4423 tatur
591 4367 760 4434 enim,
785 4369 1193 4438 communicat;
1225 4378 1285 4425 ut
1317 4371 1422 4429 hoc
1457 4373 1504 4428 si
1547 4389 1844 4430 memorem
1891 4393 2006 4434 esse

413 4465 468 4513 et
498 4457 1052 4527 communicatorem,
1098 4457 1306 4515 imitari
1353 4469 1506 4517 actus
1553 4462 1777 4518 illorum
1814 4482 1825 4519 :
1889 4467 2014 4523 etsi

413 4545 727 4618 sumptibus
758 4546 1026 4618 indigent,
1071 4547 1589 4607 communicandum
1627 4558 1707 4607 est
1737 4551 1835 4621 eis,
1865 4554 2010 4612 sicut

412 4641 550 4698 dicit
577 4639 687 4698 alio
710 4643 861 4699 loco:
899 4651 937 4690 ‘-
965 4645 1043 4700 De
1086 4643 1333 4700 collectis
1377 4653 1559 4700 autem
1597 4662 1716 4719 qua
1761 4647 1902 4705 fiunt
1944 4649 2002 4704 in

411 4738 632 4788 sanctos
665 4731 723 4804 (Ι
749 4731 879 4788 Cor.
909 4749 1026 4801 XVI,
1061 4732 1116 4804 1)
1143 4751 1156 4800 ;
1190 4757 1208 4780 ι
1248 4740 1301 4790 et
1321 4732 1389 4790 ad
1419 4733 1672 4792 Galatas:
1722 4762 1738 4784 -
1771 4737 1840 4794 Ut
1860 4754 2004 4811 pau—

411 4835 600 4894 perum
635 4837 902 4877 memores
930 4837 1171 4878 essemus
1199 4823 1406 4893 (Galat.
1440 4840 1500 4892 It,
1535 4824 1646 4896 10).
1681 4849 1699 4874 ι

484 4911 667 4980 (Vers.
703 4910 816 4982 14.)
854 4935 872 4958 ι
904 4911 1342 4983 Hospitalitatem
1371 4921 1662 4971 sectantes.
1687 4941 1704 4962 ι
1749 4916 2004 4974 Imitator

410 5008 462 5055 et
485 5008 697 5054 amator
723 5009 1038 5056 sanctorum
1069 5000 1496 5074 hospitalitatem
1541 5013 1780 5062 sectatur
1805 5023 2002 5062 exem—

410 5089 516 5161 plis
544 5089 717 5144 sancti
750 5089 1006 5158 Abrahae,
1040 5098 1094 5146 et
1125 5092 1225 5150 Lot
1254 5093 1358 5148 viri
1382 5091 1543 5164 justi.

494 5201 513 5226 ι
543 5177 855 5235 Benedicite
886 5183 1336 5253 persequentibus
1393 5200 1514 5249 vos,
1561 5183 1890 5252 benedicite,
1948 5193 2002 5242 et

410 5267 584 5325 nolite
615 5268 958 5326 maledicere.
991 5295 1010 5318 -
1054 5271 1123 5328 Ut
1157 5271 1504 5328 Christianos
1552 5289 1649 5344 per
1676 5275 1862 5329 omnia
1892 5291 2002 5330 no-

409 5374 507 5415 vos
536 5358 720 5428 faciat,
749 5359 911 5415 etiam
944 5360 1012 5416 ab
1043 5359 1146 5417 hac
1187 5361 1313 5415 illos
1361 5361 1758 5418 consuetudine
1789 5363 2002 5420 auferre

410 5449 548 5518 vult,
581 5467 700 5524 qua:
750 5451 1010 5507 omnibus
1047 5450 1361 5508 communis
1397 5459 1498 5519 est,
1539 5468 1606 5508 ne
1640 5453 1780 5510 irato
1815 5456 2002 5512 animo

471 5593 598 5678 (90)
631 5595 758 5652 Mss.
790 5596 1024 5668 aliquot,
1054 5601 1103 5650 et
1138 5592 1425 5651 laudabilis
1469 5596 1540 5653 sit
1570 5597 1850 5672 disciplina
1880 5599 2002 5655 Do-

409 5683 790 5810 7ηῑῗὸῗῖἰὶοιιὶ.
836 5735 970 5795 edit.
1019 5755 1145 5796 cum
1175 5737 1363 5810 paucis
1395 5756 1548 5810 mss.,
1580 5741 1734 5798 illum
1762 5742 1832 5798 ad
1861 5743 2000 5813 alie-

2123 589 2227 660 gis,
2260 590 2406 645 victa
2438 589 2744 656 iracundia,
2794 587 3148 658 benedicant,
3179 597 3233 644 et
3263 589 3422 646 laudi
3457 592 3533 646 sit
3561 592 3758 650 disci-

2127 678 2279 750 plina
2309 679 2602 735 Dominica
2634 677 2774 748 (90).

2205 773 2299 829 97
2329 769 2511 839 (Vers.
2546 768 2658 837 15.)
2709 793 2726 814 ε
2756 767 3004 824 Gaudere
3029 785 3153 825 cum
3179 768 3577 842 gaudentibus,
3607 771 3751 828 ﬂere

2124 881 2249 922 cum
2286 865 2566 921 flentibus.
2600 890 2617 911 »
2687 865 2802 921 lloc
2849 873 2950 932 est,
3014 865 3162 937 quod
3215 866 3326 928 alio
3384 867 3512 923 loco
3543 868 3693 923 dicit
3733 889 3746 924 :

2139 979 2156 1002 ι
2186 955 2241 1009 Si
2275 955 2407 1027 quid
2440 956 2646 1028 patitur
2696 972 2869 1010 unum
2919 955 3250 1024 membrum,
3309 957 3750 1028 compatiuntur

2125 1043 2310 1097 omnia
2359 1043 2636 1110 membra;
2688 1051 2742 1099 et
2788 1043 2834 1098 si
2897 1043 3113 1100 letatur
3151 1060 3323 1100 unum
3392 1046 3742 1116 membrum,

2124 1131 2473 1203 congaudent
2504 1132 2690 1187 omnia
2728 1131 2972 1188 membra
3004 1135 3061 1204 (Ι
3092 1133 3216 1190 Cor.
3250 1150 3352 1199 xu,
3385 1133 3505 1203 26).
3540 1160 3560 1181 ι
3596 1135 3740 1194 Cum

2125 1223 2271 1276 enim
2305 1223 2428 1294 quis
2455 1221 2604 1278 fideli
2655 1223 2853 1278 solatio
2909 1231 2990 1279 est
3043 1224 3101 1279 in
3159 1225 3511 1294 necessitate,
3569 1227 3737 1299 erigit

2125 1309 2373 1366 animum
2415 1311 2554 1384 ejus,
2577 1319 2629 1368 et
2656 1311 2800 1384 apud
2829 1314 3004 1368 Deum
3027 1312 3135 1369 sibi
3163 1314 3400 1370 collocat
3431 1315 3734 1378 meritum;

2126 1401 2256 1474 quia
2289 1401 2595 1457 membrum
2629 1402 2813 1473 diligit
2843 1403 3088 1474 corporis
3129 1403 3332 1460 Christi
3371 1422 3382 1460 :
3437 1413 3493 1460 et
3521 1405 3571 1460 si
3610 1422 3736 1462 cum

2128 1490 2340 1547 infideli
2372 1490 2683 1559 condoleat,
2734 1500 2996 1564 provocat
3027 1492 3198 1564 magis
3244 1493 3404 1550 illum
3438 1492 3511 1550 ad
3541 1496 3738 1567 profe-

2125 1584 2276 1635 ctum
2310 1580 2427 1650 (91)
2461 1578 2768 1650 disciplinae
2797 1579 3123 1636 DOlllllllCiB.
3683 1580 3686 1583 ’

2202 1667 2384 1738 (Vers.
2419 1667 2530 1737 16.)
2570 1693 2586 1714 ι
2617 1668 2862 1740 ldipsum
2910 1669 3147 1725 invicem
3177 1671 3503 1729 sentientes.
3550 1699 3568 1720 ι
3615 1674 3728 1732 Hoc

2127 1765 2228 1823 est,
2259 1756 2406 1830 quod
2478 1757 2690 1814 dictum
2739 1768 2842 1827 est,
2903 1759 3141 1832 compati
3190 1759 3388 1818 debere
3438 1763 3499 1818 in
3542 1763 3730 1821 fratris

1669 1868 1738 1908 ne
1786 1853 1891 1909 hoc
1936 1852 2017 1908 sic
2052 1862 2096 1922 Β
2129 1845 2507 1914 tribulatione,
2539 1847 2681 1904 sicut
2712 1857 2766 1904 et
2799 1847 2856 1902 in
2888 1849 2996 1903 alia
3025 1848 3161 1904 dicit
3192 1849 3424 1922 epistola
3459 1868 3472 1906 :
3523 1877 3543 1900 ι
3575 1852 3727 1910 Con.

2125 1933 2372 1991 siderans
2401 1945 2454 1992 te
2503 1936 2705 2008 ipsum,
2742 1953 2811 1992 ne
2855 1945 2907 1992 et
2939 1943 2997 1992 tu
3048 1937 3271 1994 teneris.
3306 1940 3464 1996 Alter
3504 1941 3730 1998 alterius

2127 2048 2294 2089 onera
2323 2033 2587 2089 sustinete
2621 2035 2830 2105 (Galat.
2866 2053 2946 2104 vr,
2980 2037 3028 2103 1,
3061 2035 3145 2106 2).
3175 2061 3194 2083 ι

2213 2147 2232 2169 ι
2255 2123 2375 2178 Non
2404 2124 2515 2177 alta
2543 2123 2832 2194 sapientes.
2861 2149 2877 2171 ›
2921 2124 3047 2180 Alta
3098 2141 3286 2197 sapere
3313 2127 3574 2198 superbia
3605 2139 3682 2187 est
3714 2149 3728 2196 ;

2129 2228 2256 2268 nam
2285 2220 2339 2268 et
2376 2211 2631 2268 diabolus
2683 2231 2809 2270 cum
2864 2214 2975 2270 alta
3021 2216 3226 2287 sapuit,
3256 2220 3615 2288 apostatavit.
3656 2220 3731 2276 Ne

2129 2311 2296 2367 elatio
2328 2312 2400 2368 sit
2427 2311 2482 2367 in
2523 2312 2730 2381 animo,
2763 2321 2819 2369 et
2861 2329 3196 2384 praesumens
3224 2315 3364 2371 forte
3400 2315 3467 2372 de
3500 2318 3729 2374 incolu-

2132 2401 2322 2457 mitate
2350 2411 2504 2458 actus
2534 2401 2643 2470 sui,
2674 2419 2784 2458 non
2814 2403 3104 2459 condoleat
3143 2404 3298 2460 flatri
3344 2421 3466 2473 suo,
3509 2408 3606 2464 sed
3637 2424 3729 2464 ex-

2130 2491 2352 2562 probret
2403 2491 2558 2563 quasi
2616 2492 2907 2564 peccatori,
2977 2491 3095 2549 haec
3146 2493 3403 2565 superbia
3458 2506 3565 2564 est,
3609 2515 3726 2571 qua

2130 2597 2256 2636 cum
2288 2598 2343 2637 se
2375 2581 2666 2653 praeponit,
2699 2581 2950 2638 offendit.
2984 2581 3142 2649 Quod
3174 2592 3227 2639 et
3255 2584 3530 2642 Dominus
3559 2586 3723 2642 deno-

2131 2677 2228 2736 tat,
2261 2670 2451 2725 dicens
2485 2688 2497 2724 :
2546 2695 2563 2716 ι
2594 2669 2746 2740 Ejice
2785 2670 2994 2726 trabem
3045 2671 3198 2742 prius
3229 2670 3296 2726 de
3326 2673 3491 2728 oculo
3521 2683 3642 2742 tuo,
3671 2685 3723 2730 et

2131 2767 2264 2815 tunc
2294 2759 2510 2814 videbis
2540 2757 2736 2830 ejicere
2791 2760 3056 2815 festucam
3114 2759 3182 2815 de
3211 2761 3373 2816 oculo
3429 2761 3621 2819 fratris
3653 2763 3727 2818 tui

2135 2847 2286 2919 (Luc.
2316 2867 2396 2916 vi,
2433 2847 2550 2921 42).
2584 2874 2602 2898 ι
2666 2851 2786 2921 Ipsa
2814 2850 2959 2905 enim
3009 2850 3175 2906 elatio
3224 2858 3509 2922 peccatum
3541 2862 3644 2919 est,
3673 2869 3729 2908 ac

2131 2937 2177 2993 si
2209 2954 2319 2994 non
2348 2937 2420 2993 sit
2465 2945 2737 3010 peccator,
2787 2938 2934 3011 quod
2983 2938 3321 3010 impossibile
3351 2949 3452 3007 est,
3505 2940 3572 2996 ﬁt
3601 2958 3730 3014 pec-

2133 3035 2304 3096 cator,
2329 3029 2461 3085 dum
2495 3028 2760 3102 superbit.
2798 3029 3043 3102 Denique
3072 3028 3208 3085 dicit
3233 3029 3493 3086 Salomon
3527 3051 3539 3088 :
3586 3055 3602 3079 ε
3635 3033 3725 3090 Su-

2133 3116 2316 3188 perhis
2347 3119 2492 3173 Deus
2532 3118 2737 3173 resistit
2769 3119 2955 3189 (Prov.
2990 3135 3072 3186 Ill,
3110 3117 3226 3190 34).
3258 3144 3276 3165 ι

2219 3231 2236 3254 ι
2267 3204 2370 3261 Sed
2405 3203 2713 3263 humilibus
2734 3208 3157 3264 consentientes.
3183 3234 3201 3255 ι
3240 3208 3356 3265 Hoc
3384 3217 3468 3266 est
3519 3219 3584 3268 ut
3614 3209 3717 3268 de-

2132 3295 2308 3368 posita
2343 3297 2618 3369 superbia,
2662 3297 2895 3353 alienam
2950 3315 3167 3354 causam
3225 3315 3380 3354 suam
3427 3300 3616 3369 faciat,
3671 3309 3720 3358 et

2128 3401 2284 3441 suam
2316 3386 2471 3458 quasi
2497 3387 2766 3452 alienam;
2793 3394 2853 3442 ut
2874 3386 3072 3444 habeat
3099 3388 3324 3460 gratiam
3355 3390 3504 3462 apud
3526 3393 3717 3457 Deum,

2129 3475 2257 3547 quia
2300 3501 2318 3524 ι
2340 3476 2435 3550 qui
2488 3494 2543 3534 se
2569 3477 2918 3547 exaltaverit,
2948 3476 3340 3534 humiliabitur
3375 3479 3532 3551 (Luc.
3584 3498 3699 3548 xxv,

2131 3567 2294 3638 11).»

2213 3682 2232 3706 ι
2260 3657 2441 3714 Nolite
2487 3675 2602 3715 esse
2649 3657 2946 3732 prudentes
2987 3656 3130 3731 apud
3167 3659 3536 3733 vosmetipsos
3591 3664 3716 3735 (Isa.

2127 3764 2185 3816 v,
2217 3745 2331 3819 21).
2359 3771 2378 3794 ι
2423 3747 2537 3804 Hoc
2570 3747 2629 3804 in
2660 3748 2800 3804 Isaia
2831 3747 3098 3821 propheta
3139 3748 3408 3822 scriptum
3434 3759 3539 3820 est,
3573 3751 3716 3826 quod

2128 3833 2220 3892 hic
2248 3835 2405 3909 quasi
2433 3837 2717 3909 proprium
2748 3836 2938 3909 ponit;
2971 3845 3032 3893 ut
3046 3835 3265 3909 justitia
3293 3841 3614 3897 communis
3639 3841 3722 3896 ba-

2127 3921 2342 3994 beatur,
2377 3941 2488 3980 non
2541 3932 2604 3982 ut
2631 3925 2736 3982 sibi
2783 3926 2907 3998 quis
2930 3925 3113 3999 justus
3160 3927 3254 3996 sit,
3303 3929 3522 3986 caeteris
3545 3938 3719 3987 autem

2129 4013 2204 4086 inj
2214 4023 2387 4072 ustus.

2201 4105 2382 4178 (Vers.
2418 4106 2530 4179 17.)
2577 4131 2595 4154 ι
2641 4106 2858 4164 Nemini
2913 4107 3118 4163 malum
3167 4123 3266 4181 pro
3319 4107 3470 4165 malo
3497 4107 3721 4167 reddenc

2125 4211 2225 4260 tes.
2259 4227 2277 4251 ι
2320 4202 2434 4259 Hoc
2455 4210 2556 4273 est,
2595 4203 2742 4277 quod
2775 4205 3046 4262 Dominus
3074 4204 3210 4261 dicit
3243 4223 3256 4262 :
3319 4228 3339 4254 ‹
3386 4205 3510 4262 Nisi
3539 4205 3722 4264 abun-

2127 4292 2342 4350 daverit
2361 4291 2580 4364 justitia
2611 4301 2791 4350 vestra
2813 4294 3101 4367 plusquam
3131 4293 3450 4352 Scribarum
3485 4303 3541 4352 et
3572 4296 3721 4352 Pha-

2128 4383 2435 4451 risaeorum,
2469 4399 2580 4440 non
2608 4383 2889 4440 intrabitis
2936 4383 2993 4440 in
3024 4401 3253 4457 regnum
3282 4384 3382 4440 Dei
3417 4385 3638 4456 (Matth.
3666 4402 3718 4454 v,

2126 4472 2240 4544 20).
2271 4498 2293 4522 ι.
2334 4471 2648 4529 Mandatum
2682 4473 2830 4529 enim
2863 4473 2919 4528 in
2950 4473 3066 4546 lege
3096 4481 3245 4528 erat:
3293 4498 3312 4521 ι
3340 4473 3556 4546 Diliges
3587 4489 3721 4548 pro-

2125 4562 2340 4618 ximum
2364 4571 2540 4631 tuum,
2559 4571 2612 4620 et
2632 4562 2761 4619 odio
2787 4562 3013 4619 habebis
3033 4562 3323 4618 inimicum
3347 4571 3509 4618 tuum
3529 4564 3717 4634 (Levii.

2118 4667 2236 4720 XIX,
2271 4652 2383 4723 18).
2411 4677 2429 4699 ιι
2473 4652 2618 4720 llaec,
2650 4661 2919 4726 quantum
2957 4651 3192 4718 videtur,
3219 4649 3444 4724 justitia
3472 4661 3594 4709 est:
3628 4651 3718 4709 sed

2113 4746 2175 4795 ut
2201 4739 2445 4796 abundet
2495 4739 2714 4812 justitia
2771 4739 3236 4807 Christianorum,
3295 4739 3572 4798 docentur
3600 4759 3707 4798 non

2113 4827 2338 4884 reddere
2378 4828 2578 4883 malum
2611 4845 2708 4901 pro
2748 4829 2932 4885 malo:
2985 4836 3045 4884 ut
3081 4828 3305 4900 perfecti
3338 4829 3472 4896 sint,
3532 4839 3588 4886 et
3615 4848 3710 4903 pro

2112 4917 2218 4974 hoc
2249 4933 2454 4974 merces
2483 4917 2596 4973 illis
2623 4917 2886 4973 reddatur
2906 4917 2962 4971 in
2976 4915 3190 4988 judicio
3220 4917 3341 4973 Dei.
3373 4916 3710 4991 Supergredi

2110 5006 2256 5062 enim
2288 5006 2509 5062 videtur
2539 5005 2710 5078 ipsam
2762 5005 3060 5077 justitiam,
3092 5022 3218 5061 cum
3275 5005 3424 5078 quod
3476 5008 3627 5076 licet,
3659 5017 3720 5064 ut

2109 5096 2306 5150 melior
2371 5095 2464 5164 sit,
2522 5112 2633 5151 non
2673 5095 2807 5152 facit
2861 5095 3098 5151 cmlestis
3147 5093 3379 5166 justitia:
3441 5095 3718 5156 imitator.

2107 5184 2298 5241 Mundi
2330 5201 2458 5258 ergo
2485 5184 2705 5256 justitia
2732 5202 2764 5240 a
2790 5186 2904 5241 Deo
2942 5183 3026 5240 illi
3058 5200 3315 5240 concessa
3359 5184 3717 5250 innocentem

2110 5272 2242 5330 facit
2273 5273 2391 5345 (92)
2428 5291 2439 5329 :
2471 5273 2706 5330 caelestis
2763 5279 2945 5331 autem
2999 5272 3322 5346 perfectum,
3355 5281 3420 5330 ut
3452 5275 3718 5332 meritum

2111 5361 2309 5419 habeat
2337 5363 2480 5434 apud
2509 5366 2704 5420 Deum.

2196 5478 2213 5500 ι
2241 5453 2600 5511 Providentes
2626 5452 2771 5511 bona
2818 5469 2930 5510 non
2980 5461 3192 5510 tantum
3223 5469 3414 5510 coram
3443 5454 3588 5522 Deo,
3619 5453 3714 5512 sed

2108 5605 2284 5665 ctum;
2316 5599 2537 5667 quidam
2571 5617 2700 5658 mss.
2733 5601 2805 5656 ad
2833 5597 3086 5667 e/Tectum,
3129 5603 3236 5653 etc.

2181 5617 2284 5665 im;
2353 5617 2537 5656 uiuam
2571 5617 2700 5658 mss.
2733 5617 2805 5656 aa
2833 5617 3086 5667 enectum,
3129 5617 3236 5653 διο.

2181 5671 2298 5741 (92)
2316 5617 2493 5746 (llam.
2526 5672 2660 5729 edit.
2698 5667 3023 5746 etquidem
3065 5684 3220 5738 αλιι,
3251 5669 3339 5727 illi
3370 5687 3617 5738 concessa
3643 5671 3714 5732 ad

2109 5748 2307 5816 tempus
2338 5743 2652 5801 innocentem
2680 5743 2832 5813 facit:
