3952 6202
148 296 258 362 469

1259 299 1622 362 COMMENT.
1664 304 1736 360 IN
1775 293 1992 362 EPIST.
2033 306 2130 362 AD
2170 307 2336 365 BOM.

3360 312 3464 371 170

146 430 316 486 etiam
357 444 542 486 coram
587 426 849 484 omnibus
893 426 1234 484 hominibus.
1266 452 1285 476 ι
1349 427 1645 484 Providere
1674 439 1759 487 est
1787 431 1837 489 Α
1869 436 2107 499 praestat,
2163 429 2210 485 si
2241 431 2489 502 graviora
2535 442 2758 505 peccata
2786 433 3183 508 incompetenti
3213 435 3465 495 vindicta

147 516 298 573 bona
339 517 523 573 futura
560 522 685 572 ante
729 516 920 572 oculos
966 514 1206 582 habere;
1266 525 1327 572 ut
1378 533 1442 572 ea
1474 526 1752 589 gerantur,

151 624 276 680 quae
310 609 541 680 possint,
593 616 881 680 postquam
913 607 1057 662 facta
1099 606 1328 674 fuerint,
1361 607 1418 662 in
1453 609 1757 680 reprehen-

151 705 366 762 sionem
395 721 506 761 non
535 702 746 769 venire,
778 699 872 756 sed
912 699 1085 770 magis
1123 698 1273 754 laudi
1304 715 1440 766 esse,
1473 701 1590 755 sive
1613 700 1758 773 apud

150 795 354 860 Deum,
414 795 532 849 sive
575 789 721 863 apud
768 788 1041 844 homines.
1072 786 1149 842 Ne
1194 788 1316 860 quis
1357 789 1591 845 aestimet
1631 792 1760 862 quia

148 882 268 938 Deo
297 882 450 938 licita
480 897 591 936 non
612 878 931 950 displicent,
968 875 1178 932 idcirco
1212 892 1321 930 non
1344 876 1676 942 curandum,
1712 878 1759 932 si

153 970 316 1026 fratri
341 968 660 1027 scandalum
687 966 830 1031 sint;
865 964 969 1020 hoc
999 972 1296 1035 praemonet
1321 965 1452 1035 quia
1472 966 1610 1021 illud
1641 965 1759 1021 fieri

152 1058 344 1126 debet,
376 1057 525 1131 quod
553 1064 607 1112 et
644 1057 755 1111 Deo
787 1070 894 1110 non
923 1052 1228 1124 displiceat,
1263 1062 1316 1108 et
1343 1053 1500 1109 fratri
1521 1054 1760 1110 scanda-

153 1149 279 1204 lum
307 1164 420 1204 non
459 1147 550 1203 sit.
583 1145 700 1200 Etsi
732 1144 892 1199 liceat
923 1143 1096 1209 enim,
1145 1149 1198 1197 et
1237 1142 1467 1199 fratrem
1519 1143 1761 1200 scanda—

153 1237 312 1302 lizet,
344 1236 457 1291 Deo
501 1250 609 1290 non
640 1233 850 1304 placet;
895 1231 1026 1302 quia
1054 1232 1199 1286 Deus
1230 1231 1395 1286 saluti
1426 1231 1760 1287 studendum

153 1331 369 1381 monet.
420 1322 513 1379 Sic
541 1337 667 1392 ergo
720 1318 1084 1392 providentur
1112 1318 1257 1374 bona
1303 1335 1486 1376 coram
1543 1321 1656 1375 Deo
1707 1325 1761 1373 et

152 1409 502 1477 hominibus,
534 1408 579 1464 si
609 1423 674 1464 ea
703 1424 825 1481 qua;
850 1407 1018 1463 licent
1044 1407 1126 1465 sic
1152 1416 1404 1480 agantur,
1439 1422 1508 1463 ne
1538 1405 1760 1463 scanda-

156 1502 283 1557 lum
313 1498 538 1556 faciant.
1760 1489 1767 1496 ’

240 1680 421 1753 (Vers.
464 1679 578 1752 18.)
633 1701 652 1726 ε
681 1678 740 1734 Si
783 1677 901 1735 ﬁeri
932 1685 1130 1750 potest,
1186 1677 1332 1750 quod
1361 1694 1430 1734 ex
1477 1677 1635 1734 vobis
1663 1685 1764 1746 est,

161 1787 294 1828 cum
328 1769 584 1826 omnibus
611 1767 935 1824 hominibus
966 1783 1154 1840 pacem
1178 1766 1462 1824 habentes.
1501 1794 1519 1816 ι
1564 1767 1769 1824 Omnes
1797 1770 1844 1830 B

164 1859 292 1916 vult
349 1858 604 1930 paciﬁcos
663 1873 800 1926 esse,
876 1856 971 1928 qui
1029 1855 1279 1912 divinam
1339 1863 1560 1912 servant
1608 1856 1768 1928 justi-

163 1949 305 2006 tiam
338 1949 477 2020 (93).
509 1947 725 2004 Viderit
761 1946 806 2002 si
843 1946 968 2018 quis
998 1945 1142 2002 hanc
1170 1961 1358 2017 pacem
1389 1946 1679 2018 spreverit,
1710 1953 1774 2002 ut

166 2039 245 2096 sit
281 2037 380 2095 tali
420 2037 543 2092 viro
569 2036 850 2104 inimicus,
882 2053 1008 2092 cum
1038 2043 1132 2091 aut
1183 2035 1506 2108 reprehendi
1535 2036 1676 2091 forte
1706 2037 1772 2092 ab

169 2131 274 2188 illo
325 2145 440 2185 non
469 2129 610 2197 vult,
665 2136 757 2183 aut
802 2127 1014 2183 invidet
1070 2127 1234 2183 bonis
1288 2126 1441 2199 ejus;
1501 2127 1650 2200 quod
1705 2126 1774 2182 ad

173 2221 341 2276 illum
366 2225 551 2273 tamen
579 2216 836 2288 pertinet,
866 2232 975 2272 non
1006 2215 1286 2273 discordat
1309 2233 1341 2272 a
1388 2215 1526 2272 bene
1553 2216 1776 2288 agenti-

171 2309 305 2366 bus.
367 2307 471 2363 Hic
514 2313 594 2362 est
646 2305 794 2362 enim
850 2305 1204 2377 impaciﬁcus,
1263 2306 1359 2380 qui
1414 2305 1777 2378 praetermissa

175 2399 470 2454 voluntate
524 2397 676 2468 legis,
746 2412 907 2452 suum
958 2395 1050 2467 jus
1099 2396 1396 2468 sequitur;
1457 2411 1775 2467 quanquam

172 2488 327 2546 dicat
363 2485 574 2542 David:
634 2510 651 2532 ι
684 2483 818 2542 Cum
869 2485 937 2540 iis
966 2485 1062 2557 qui
1117 2484 1354 2540 oderunt
1384 2499 1594 2555 pacem,
1628 2499 1776 2539 eram

174 2575 439 2650 paciﬁcus
471 2576 822 2646 (Psal.cx1x,
851 2575 930 2644 7).
964 2599 982 2621 ι
1024 2573 1130 2629 Sed
1153 2573 1258 2630 hoc
1285 2573 1630 2631 necessitatis
1663 2581 1778 2628 erat

177 2671 404 2736 propter
450 2661 748 2735 potentiam
807 2675 1184 2733 personarum,
1244 2669 1305 2716 ut
1353 2661 1439 2716 vel
1497 2659 1778 2732 obsequiis

176 2751 511 2807 humilitatis
542 2752 817 2820 vincatur,
846 2765 1007 2823 quem
1035 2749 1117 2806 sic
1155 2749 1375 2805 extollit
1401 2748 1681 2820 superbia,
1717 2755 1780 2803 ut

176 2840 436 2897 mandata
466 2841 600 2912 legis
639 2849 878 2912 spernat.
910 2840 1095 2895 Potest
1141 2839 1259 2894 ﬁeri
1297 2848 1358 2894 ut
1386 2847 1441 2894 et
1470 2837 1537 2894 de
1580 2837 1779 2892 timore

175 2930 283 2985 Dei
315 2928 596 3000 paciﬁcum
640 2945 696 2984 se
743 2929 867 3000 quis
909 2928 1145 3000 praebeat
1177 2927 1257 2982 illi
1294 2927 1389 3000 qui
1423 2926 1540 2982 odit
1568 2942 1775 2998 pacem.

179 3018 415 3086 Quando
445 3018 592 3072 enim
626 3016 802 3072 vicem
851 3016 1010 3071 malis
1048 3015 1273 3071 reddere
1305 3031 1414 3070 non
1443 3015 1583 3083 vult,
1617 3015 1779 3086 paci-

178 3107 322 3163 ﬁcus
363 3114 462 3175 est,
493 3107 598 3162 hoc
627 3114 726 3173 est,
768 3105 834 3160 de
864 3105 1010 3160 bono
1043 3105 1264 3160 vincere
1314 3104 1543 3171 malum,
1591 3111 1652 3159 ut
1694 3119 1780 3178 vel
1823 3124 1866 3183 ο

180 3196 463 3269 obsequiis
509 3197 783 3259 vincatur,
831 3209 992 3265 quem
1049 3192 1306 3247 mandata
1347 3192 1479 3263 legis
1513 3209 1624 3247 non
1653 3193 1790 3247 vin-

178 3293 337 3341 cunt.
371 3285 539 3355 Ergo,
585 3306 603 3328 ε
634 3281 680 3337 si
711 3279 832 3336 ﬁeri
863 3287 1060 3348 potest,
1094 3277 1299 3349 inquit,
1331 3279 1480 3350 quod
1523 3295 1594 3334 ex
1633 3280 1793 3336 vobis

178 3381 305 3440 est;
360 3400 378 3421 ι
426 3382 489 3428 ut
547 3371 687 3426 bene
733 3375 952 3439 agentes
995 3383 1182 3439 pacem
1229 3367 1429 3422 habere
1485 3367 1790 3426 videamur.

175 3463 306 3518 Jam
336 3459 384 3516 si
420 3475 534 3514 non
578 3455 746 3512 fuerit
773 3465 984 3512 amator
1026 3455 1194 3527 pacis,
1225 3463 1286 3510 tu
1333 3463 1537 3512 tamem
1568 3457 1653 3514 vis
1679 3474 1794 3514 esse

176 3548 472 3624 paciﬁcus,
503 3553 771 3618 quantum
801 3543 870 3599 ad
898 3552 950 3600 te
979 3543 1236 3616 pertinet.
1269 3543 1325 3600 Si
1356 3553 1538 3601 autem
1570 3545 1789 3602 irreve-

179 3643 414 3708 rens,et
469 3631 824 3704 blasphemus
867 3633 991 3706 quis
1037 3634 1130 3701 sit,
1185 3640 1239 3688 et
1280 3649 1467 3704 pacem
1514 3651 1640 3690 cum
1698 3634 1794 3690 illo

181 3727 389 3782 habere
422 3740 534 3781 non
583 3722 776 3795 possis,
829 3739 941 3779 non
991 3723 1183 3796 utique
1239 3723 1341 3779 tibi
1397 3723 1789 3780 ascribendum

183 3815 332 3881 erit;
388 3813 519 3886 quia
567 3817 662 3874 98
691 3812 926 3868 Joannes
954 3813 1236 3884 apostolus
1265 3812 1415 3882 illos,
1450 3813 1544 3885 qui
1593 3819 1795 3885 negant

187 3911 246 3965 in
295 3925 458 3966 carne
491 3909 772 3966 Christum
831 3909 1068 3978 venisse,
1120 3925 1221 3966 nec
1251 3910 1480 3966 salutari
1538 3909 1794 3981 permisit

191 4000 285 4068 (II
323 4000 480 4054 Joan.
515 4016 616 4068 vn,
658 3999 771 4065 10).
801 3998 912 4054 Nos
939 4014 1068 4070 ergo
1104 3998 1279 4069 parati
1327 4014 1540 4067 sumus,
1584 3999 1632 4055 si
1675 3998 1797 4067 ﬁeri

191 4095 394 4160 potest,
453 4095 516 4143 ut
567 4103 693 4144 cum
740 4086 1000 4143 omnibus
1055 4102 1242 4158 pacem
1273 4085 1608 4143 habeamus:
1672 4087 1798 4144 aliis

191 4184 380 4232 autem
423 4175 860 4248 repugnantibus
910 4174 1004 4231 ﬁet
1038 4174 1405 4246 impossibile,
1433 4192 1548 4231 non
1573 4192 1644 4232 ex
1685 4193 1796 4232 no-

1866 519 1988 572 vult
2029 517 2288 590 exsequi;
2343 519 2578 577 debilem
2629 521 2778 579 enim
2825 523 3016 593 efﬁcit,
3065 542 3228 598 quem
3282 527 3466 598 potuit

1869 606 2217 661 emendatum
2260 606 2457 663 habere
2503 617 2556 664 et
2603 627 2816 668 sanum.
2851 612 3004 670 Unde
3059 621 3114 670 et
3167 615 3461 673 Salomon:

1885 717 1903 740 ‹
1941 696 2089 762 Noli,
2134 697 2228 763 ait,
2256 695 2441 766 justus
2478 714 2593 754 esse
2621 701 2896 768 multum;
2943 710 3026 758 est
3055 703 3225 772 enim,
3261 705 3464 777 inquit,

1872 783 1967 855 qui
1999 783 2140 855 perit
2173 784 2229 838 in
2271 801 2371 839 sua
2410 785 2629 856 justitia
2663 787 2858 858 (Eccte.
2891 806 2990 854 v11,
3043 792 3155 862 l7).
3199 819 3217 841 ι
3263 793 3470 849 Volens

1872 871 2018 925 enim
2051 870 2283 942 singulis
2329 873 2568 942 peccatis
2598 874 2947 944 respondere,
2983 876 3132 932 circa
3159 877 3464 936 vindictam

1873 967 2106 1014 mortem
2162 969 2339 1030 potest
2385 960 2638 1016 invenire
2686 969 2798 1018 tam
2845 961 2974 1030 sibi,
3003 979 3164 1034 quam
3213 967 3263 1020 ei
3310 983 3471 1037 quem

1873 1048 2047 1121 plagis
2088 1048 2309 1122 afﬂigit;
2361 1051 2541 1106 solent
2589 1051 2735 1106 enim
2789 1052 2846 1106 in
2897 1067 3084 1123 pmnas
3137 1052 3472 1125 delinquere.

1872 1137 1993 1193 Non
2024 1137 2201 1194 solum
2236 1149 2419 1196 autem
2449 1139 2516 1195 de
2565 1139 2828 1211 subjectis
2878 1140 3184 1197 vindictam
3225 1142 3479 1212 prohibet

1873 1236 2295 1298 competentem,
2327 1229 2421 1285 sed
2451 1238 2505 1284 et
2531 1229 2598 1285 de
2631 1230 2855 1301 paribus
2891 1239 2944 1286 et
2975 1231 3206 1303 magnis,
3240 1231 3345 1289 hoc
3373 1241 3477 1302 est,

1874 1313 1942 1370 de
1969 1315 2136 1371 fratre
2167 1317 2305 1372 forte
2335 1319 2392 1373 in
2425 1334 2524 1374 nos
2555 1326 2812 1390 peccante
2863 1334 2976 1374 non
3007 1335 3317 1392 quaeramus
3346 1322 3483 1376 vin-

1874 1401 2068 1473 dicari,
2127 1406 2222 1462 sed
2278 1406 2643 1476 remittamus,
2701 1406 2800 1462 Dei
2843 1406 3062 1478 judicio
3117 1415 3481 1477 reservantes,

1875 1507 1964 1560 ne,
1994 1492 2127 1550 dum
2147 1495 2216 1551 ab
2244 1495 2326 1550 ira
2340 1487 2672 1564 detinemur,
2696 1495 2945 1552 inveniat
2966 1496 3149 1554 locum
3177 1498 3464 1565 inimicus,

1877 1581 1936 1637 in
1965 1601 2074 1658 quo
2102 1595 2353 1660 suggerat
2380 1597 2435 1644 et
2462 1586 2708 1657 suadeat,
2748 1587 2897 1661 quod
2917 1597 3111 1645 contra
3139 1605 3240 1646 nos
3268 1599 3370 1646 est.

1962 1731 1980 1753 ι
2011 1707 2286 1780 Scriptum
2370 1719 2452 1766 est
2505 1710 2674 1766 enim.
2713 1735 2731 1759 ι
2827 1710 2898 1766 Ut
2955 1710 3154 1767 fortius
3225 1711 3477 1778 suadeat,

1878 1797 2133 1868 exemplo
2184 1797 2318 1869 legis
2350 1798 2454 1854 hoc
2485 1798 2797 1865 conﬁrmat,
2851 1797 3078 1855 dicens:
3151 1823 3168 1845 ε
3206 1799 3485 1872 Scriptum

1881 1894 1962 1942 est
1990 1885 2160 1954 enim,
2191 1911 2208 1934 ι
2272 1887 2331 1942 in
2362 1887 2675 1943 Proverbiis
2704 1888 2823 1959 (95)
2852 1905 2864 1942 :
2931 1911 2950 1933 α
2980 1887 3118 1944 Mihi
3148 1887 3479 1957 vindictam,

1881 1981 1934 2030 et
1962 1990 2060 2047 ego
2075 1973 2552 2043 retribuam,dicit
2580 1977 2855 2032 Dominus
2882 1975 3066 2047 (Deut,
3089 1992 3272 2044 xxxu,
3300 1976 3422 2048 35).
3457 2002 3475 2024 ι

1889 2065 1957 2120 Ut
1983 2065 2030 2119 si
2082 2065 2312 2121 minime
2355 2082 2386 2121 a
2431 2065 2590 2122 nobis
2647 2066 2763 2135 ﬁat,
2815 2066 2962 2138 quod
3010 2066 3192 2135 docet,
3237 2069 3415 2123 Deum
3459 2082 3492 2123 a

1885 2155 2042 2210 nobis
2080 2162 2455 2227 contemptum
2511 2156 2781 2212 ostendat.
2842 2156 3062 2228 Duplici
3121 2171 3249 2228 ergo
3298 2172 3492 2230 genere

1885 2242 2191 2316 proﬁcitur,
2236 2245 2282 2300 si
2312 2246 2425 2301 Deo
2473 2245 2788 2301 remittatur
2820 2244 3089 2314 vindicta,
3121 2245 3251 2318 quia
3280 2252 3334 2300 et
3364 2260 3490 2302 cum

1885 2331 2227 2388 iracundiam
2285 2333 2481 2400 vincit,
2543 2335 2820 2405 perfectus
2876 2333 2960 2402 ﬁt,
3018 2342 3072 2390 et
3127 2333 3228 2390 Dei
3276 2332 3492 2405 judicio

1888 2422 2288 2480 vindicabitur.

1962 2530 2145 2603 (Vers.
2204 2529 2320 2600 20.)
2393 2553 2410 2575 ι
2442 2530 2499 2586 Si
2543 2531 2801 2588 esurierit
2847 2531 3110 2588 inimicus
3160 2540 3312 2602 tuus,
3372 2530 3496 2589 ciba

1888 2619 2088 2675 illum:
2127 2617 2174 2673 si
2229 2617 2369 2686 sitit,
2418 2627 2610 2689 potum
2641 2619 2710 2674 da
2739 2620 2864 2686 illi;
2927 2619 3034 2674 hoc
3083 2621 3232 2674 enim
3265 2621 3492 2688 faciens,

1889 2709 2156 2767 carbones
2206 2706 2352 2778 ignis
2406 2723 2664 2780 congeres
2722 2723 2888 2779 super
2915 2717 3081 2780 caput
3133 2709 3251 2781 ejus
3303 2712 3490 2782 (Prov.

1889 2815 2026 2865 xxv,
2070 2796 2186 2867 2i).
2219 2821 2237 2844 ι
2305 2796 2427 2852 Νοιι
2478 2795 2682 2851 nudam
2727 2795 3032 2852 vindictam
3064 2798 3178 2853 Deo
3226 2800 3494 2854 reservari

1888 2887 2085 2943 debere
2113 2884 2372 2952 ostendit,
2422 2883 2517 2940 sed
2549 2892 2601 2940 et
2642 2884 2910 2942 beneﬁcia
2937 2885 3057 2941 dari
3116 2885 3396 2955 inimicis;
3434 2896 3496 2944 ut

1891 2989 2019 3029 vere
2073 2971 2424 3029 ostendamus
2479 2989 2589 3028 non
2646 2973 2858 3030 meritis
2907 2975 3108 3030 nostris
3138 2973 3337 3031 habere
3393 2991 3494 3030 nos

1892 3061 2170 3127 inimicos,
2199 3078 2336 3133 quos
2380 3071 2440 3116 ut
2473 3061 2540 3116 ab
2571 3062 2885 3119 inimicitiis
2922 3063 3178 3118 desinant
3210 3065 3351 3135 (96),
3382 3063 3492 3119 ob—

1898 3150 2103 3222 sequiis
2149 3150 2369 3204 vincere
2418 3149 2670 3205 nitimur.
2702 3151 2808 3217 Qui
2839 3152 2886 3206 si
2922 3153 2980 3206 in
3013 3151 3328 3208 inimicitiis
3355 3168 3490 3223 per-

1901 3237 2222 3294 duraverint
2267 3235 2550 3307 impietate
2579 3237 2780 3292 mentis
2809 3254 2940 3305 suae,
2998 3247 3185 3294 nostra
3233 3240 3495 3311 obsequia

1902 3325 2193 3398 proﬁcient
2231 3324 2343 3378 illis
2385 3322 2454 3378 ad
2484 3339 2738 3395 prauam:
2785 3331 2880 3378 aut
2917 3332 3062 3380 certe
3108 3326 3497 3398 obsequiorum

1904 3423 2221 3472 nostrorum
2275 3413 2564 3469 sedulitate
2619 3415 2958 3485 compuncti,
3012 3415 3184 3470 veluti
3240 3415 3502 3472 carbones

1907 3503 2113 3560 mortui
2163 3501 2519 3559 reviviscent.
2572 3503 2642 3558 Ut
2697 3517 2824 3574 ergo
2855 3519 2954 3559 nos
3001 3503 3060 3558 in
3105 3510 3319 3559 tantum
3367 3519 3500 3575 per-

1904 3594 2078 3650 fectos
2105 3591 2291 3660 faciat,
2323 3599 2384 3646 ut
2433 3607 2542 3646 non
2573 3591 2752 3647 solum
2800 3607 2902 3646 nos
2935 3591 3102 3664 ipsos,
3133 3593 3227 3649 sed
3282 3601 3336 3648 et
3363 3594 3502 3649 alios

1904 3682 2252 3754 acquiramus
2280 3680 2347 3736 ad
2395 3680 2591 3748 vitam,
2646 3680 2891 3736 inimicis
2946 3698 3057 3738 non
3106 3683 3286 3738 solum
3323 3683 3500 3739 vicem

1904 3770 2130 3826 reddere
2158 3769 2412 3842 prohibet
2440 3769 2710 3826 Dominus
2736 3783 2830 3841 per
2855 3770 3246 3837 Salomonem;
3278 3787 3499 3840 ,verum

1902 3861 2070 3917 etiam
2100 3861 2413 3916 humilitate
2457 3860 2525 3916 ad
2553 3860 2861 3916 amicitiam
2891 3876 3192 3931 provocare
3226 3859 3498 3915 hortatur.

1980 3986 2163 4060 (Vers.
2193 3985 2308 4057 21.)
2345 4011 2362 4033 ι
2392 3985 2517 4042 Noli
2540 3984 2919 4051 vinciamalo,
2954 3983 3047 4040 sed
3075 3983 3236 4041 vince
3267 3983 3326 4039 iu
3355 3983 3503 4040 bono

1908 4078 2138 4133 malum.
2169 4101 2186 4124 ι
2232 4077 2358 4132 Haec
2395 4073 2775 4146 interpretatio
2805 4073 3055 4145 Apostoli
3083 4081 3168 4129 est
3212 4073 3502 4131 cohortan-

1910 4167 2002 4236 tis,
2051 4183 2119 4222 ne
2137 4167 2314 4223 vicem
2362 4164 2657 4220 reddamus
2684 4163 2950 4233 inimicis,
2979 4165 3124 4222 sicut
3152 4164 3365 4221 dictum
3397 4175 3497 4222 est.

192 4269 309 4335 bis;
343 4267 388 4322 si
426 4267 496 4322 de
524 4267 684 4323 nobis
715 4273 899 4323 tamen
925 4266 1150 4338 querela
1179 4265 1486 4337 deponatur
1524 4265 1665 4337 (94).
1695 4266 1803 4334 Qui
1911 4257 2148 4315 Multum
2179 4256 2326 4312 enim
2380 4253 2625 4326 proderit
2656 4253 2835 4323 nobis,
2867 4253 2912 4310 si
2946 4254 3173 4310 malitiae
3203 4254 3498 4322 cedamus;

191 4357 346 4414 enim
377 4355 592 4413 nullum
622 4355 792 4424 laedit,
821 4363 1042 4426 apparet
1062 4371 1175 4410 esse
1197 4354 1477 4426 paciﬁcus.

271 4535 458 4606 (Vers.
542 4534 653 4608 l9.)
745 4558 763 4580 ι
791 4534 912 4590 Non
989 4533 1352 4607 vosmetipsos
1419 4533 1792 4612 defendentes,

196 4623 534 4694 charissimi,
572 4624 666 4680 sed
717 4623 841 4681 date
885 4625 1066 4682 locum
1099 4625 1212 4680 irae.
1247 4651 1264 4672 ι
1327 4625 1394 4681 Ut
1419 4626 1570 4698 pacis
1599 4626 1808 4685 fmdera

199 4713 413 4770 servari
495 4713 726 4785 possint,
787 4713 856 4769 ab
927 4715 1007 4770 ira
1067 4712 1535 4770 dissimulandum
1595 4725 1802 4785 monet,

201 4803 447 4858 maxime
502 4802 761 4874 quoniam
819 4803 955 4858 solet
1023 4819 1121 4874 por
1185 4804 1320 4858 iram
1372 4804 1604 4875 peccari,
1680 4821 1807 4860 cum

202 4891 427 4966 quando
480 4891 606 4964 quis
657 4891 842 4949 furore
888 4899 1221 4961 commotus,
1255 4893 1377 4963 plus
1407 4892 1600 4964 exigit,
1638 4909 1805 4966 quam

206 4981 451 5052 postulet
504 4996 668 5036 causa
695 4980 921 5039 delicti:
971 4987 1068 5037 aut
1095 4979 1200 5035 sibi
1232 4979 1337 5052 ipsi
1394 4979 1808 5038 incommodum

279 5195 400 5270 (93)
452 5195 536 5252 Ita
577 5195 710 5252 edit.
741 5211 932 5252 omnes
960 5211 1092 5252 cum
1133 5189 1666 5270 mss._quibusdam:
1717 5191 1812 5247 alii

208 5263 338 5324 vero
379 5263 514 5324 mss.
547 5283 660 5322 non
697 5283 868 5339 parvo
899 5281 1151 5339 numero,
1192 5265 1286 5334 qui
1316 5263 1578 5339 divinam_
1603 5276 1814 5318 servare

201 5340 472 5410 justitiam
528 5334 788 5410 videmur.
846 5339 915 5410 Si
950 5338 1092 5408 quis,
1142 5344 1228 5410 etc
1269 5353 1283 5401 ;
1335 5334 1603 5410 sequenti
1631 5340 1813 5410 autem

212 5404 395 5482 versu,
442 5426 546 5484 pro
591 5409 860 5464 inimicus.
895 5404 1056 5464 Rom.
1112 5406 1246 5462 edit.
1298 5404 1542 5476 reposuit
1583 5404 1816 5475 impaci—

277 5500 356 5540 ιω.

211 5484 356 5554 ﬁcus.

282 5555 402 5627 (94)
451 5554 660 5627 Omnes
706 5552 842 5609 edit.
876 5567 946 5627 _ac
999 5565 1132 5605 mss.
1180 5547 1421 5627 aliquot,
1467 5545 1513 5600 si
1552 5545 1617 5600 de
1668 5544 1817 5627 nobis

217 5613 421 5686 tanturn
471 5625 695 5699 querela
720 5641 828 5680 non
855 5624 1154 5695 deponatur
1179 5637 1191 5676 :
1241 5613 1426 5676 deteri
1455 5631 1587 5674 mss.
1620 5613 1818 5671 nobis-

536 5723 782 5782 ΡΑι-ιιοι.
823 5720 1000 5781 XVII.

1914 4347 2090 4402 vincit
2133 4345 2279 4402 enim
2329 4346 2560 4414 malum,
2609 4345 2706 4418 qui
2739 4345 2807 4400 ad
2837 4352 3052 4418 tempus
3103 4345 3252 4400 vinci
3286 4343 3506 4399 videtur

1835 4475 1886 4535 Β
1915 4435 1983 4492 ab
2011 4437 2131 4494 illo.
2163 4435 2381 4491 Etenim
2411 4435 2663 4492 Salvator
2688 4434 2767 4493 sic
2794 4434 2934 4491 vicit
2962 4435 3194 4502 malum,
3225 4432 3358 4489 dum
3390 4449 3501 4489 non

1915 4525 2148 4592 restitit;
2181 4533 2371 4581 contra
2399 4541 2455 4580 se
2483 4526 2631 4580 enim
2653 4523 2766 4596 agit
2795 4523 3026 4591 malitia,
3072 4530 3126 4577 et
3153 4521 3286 4577 dum
3316 4521 3507 4576 vinci-

1915 4624 2026 4684 tur,
2063 4615 2280 4673 vincere
2311 4633 2368 4672 se
2400 4623 2572 4688 putat.
2606 4614 2668 4677 1d
2714 4614 2862 4668 enim
2896 4613 3008 4684 agit
3045 4610 3328 4677 inimicus,
3363 4618 3424 4664 ut
3452 4619 3506 4664 et

1915 4720 2016 4761 nos
2092 4703 2160 4760 de
2221 4705 2506 4778 proposito
2562 4709 2750 4757 nostro
2801 4699 3101 4766 abstrahat,
3160 4696 3504 4752 occasionem

1916 4809 2164 4865 quaerens
2210 4791 2486 4864 quomodo
2533 4804 2839 4862 peccemus.
2872 4786 3000 4841 Ideo
3028 4785 3074 4840 si
3130 4783 3411 4854 provocati
3441 4783 3508 4837 ab

1917 4881 2037 4950 illo,
2081 4882 2255 4936 vicem
2287 4879 2372 4934 illi
2411 4894 2521 4933 non
2569 4875 2884 4942 reddamus,
2927 4873 3205 4930 vincimus
3247 4871 3408 4927 illum
3451 4873 3507 4927 in

1917 4971 2064 5026 bono
2091 4987 2106 5037 ;
2138 4969 2260 5024 ideo
2289 4967 2436 5025 enim
2468 4983 2578 5021 non
2608 4963 2937 5028 resistimus,
2966 4971 3028 5019 ut
3083 4961 3290 5019 bonum
3319 4978 3514 5018 serve-

1917 5203 2045 5244 cum
2101 5184 2332 5242 faciunt.
2381 5184 2455 5238 At
2501 5179 2752 5254 sequenti
2801 5187 2956 5237 textu
3009 5195 3107 5253 pro
3163 5178 3510 5254 defendentes,

1919 5259 2077 5316 Rom.
2109 5256 2266 5324 edit.,
2317 5255 2446 5312 licet
2472 5251 2595 5310 sine
2632 5253 2749 5308 ullo
2779 5269 2945 5310 sensu
2974 5251 3287 5318 commodo,
3319 5251 3516 5307 maluit

1918 5328 2262 5385 vindicantes.

1981 5400 2112 5527 ί(95)
2163 5401 2322 5455 Rom.
2375 5395 2509 5452 edit.
2556 5393 2896 5464 confoderat,
2946 5395 3004 5450 in
3036 5393 3362 5452 Proverbiis.
3395 5392 3515 5462 Quo

2021 5472 2182 5526 elicet
2204 5473 2260 5525 in
2288 5467 2716 5525 Deuteronomio
2747 5465 2864 5523 haec
2891 5467 3058 5524 verba
3086 5473 3326 5524 exstant.

1920 5465 2182 5528 videlicet
2204 5473 2260 5525 in
2288 5467 2716 5525 Deuteronomio
2747 5465 2864 5523 haec
2891 5467 3058 5524 verba
3086 5473 3326 5524 exstant.

1996 5542 2113 5614 (96)
2144 5541 2279 5614 Cod.
2315 5538 2481 5597 Corb.
2507 5544 2562 5594 et
2588 5537 2811 5610 quidam
2844 5538 2962 5608 alii,
2991 5555 3124 5612 quos
3153 5545 3212 5594 ut
3227 5539 3294 5594 ab
3323 5537 3520 5610 iniqui-

1926 5612 2030 5670 tate
2057 5612 2319 5670 desinant.
