3952 6202
140 320 256 381 173

135 449 358 522 Diliges
429 450 750 524 proximum
803 457 963 507 tuum
1017 449 1162 506 sicut
1200 457 1256 507 te
1299 449 1528 523 ipsum;
1559 475 1578 500 ι

141 537 419 610 scriptum
449 548 531 595 est
561 539 619 594 in
647 537 897 594 Levitico
929 538 1118 610 (Leuit.
1160 554 1280 607 xxx,
1321 538 1435 610 18).
1471 539 1760 597 Manenti-

144 626 256 684 bus
288 627 470 702 itaque
503 627 838 702 supradictis
871 627 1164 695 mandatis,
1216 628 1274 682 in
1318 627 1620 685 dilectione
1662 629 1761 685 im-

147 719 294 790 pleri
337 721 512 792 legem
544 718 844 792 signiﬁcat,
876 719 1024 775 sicut
1051 717 1238 774 dixit:
1293 735 1357 775 ac
1412 718 1460 772 si
1502 718 1614 774 sint
1656 719 1764 774 alia

147 807 434 877 mandata,
476 824 598 881 qua)
656 822 806 862 nunc
864 805 1059 874 tacuit,
1108 814 1291 862 tamen
1345 823 1444 879 pro
1504 807 1762 863 omnibus

149 895 436 952 mandatis
491 896 724 953 dilectio
763 895 1053 951 satisfacit.
1085 896 1221 951 Nam
1267 895 1310 950 si
1357 911 1414 951 se
1457 895 1761 951 humanum

151 1003 330 1060 genus
377 988 446 1044 ab
482 993 623 1050 100
655 986 820 1042 initio
873 985 1176 1053 dilexisset,
1210 987 1474 1059 iniquitas
1513 988 1572 1043 in
1603 985 1765 1043 terris

153 1100 270 1140 non
300 1093 444 1142 esset
469 1103 482 1152 ;
531 1083 822 1140 exordium
854 1084 1002 1138 enim
1042 1082 1327 1154 injustitiai
1354 1083 1631 1140 discordia
1659 1093 1760 1141 est.

152 1171 399 1246 Ideoque
427 1172 743 1246 iniquitatis
771 1172 998 1229 dilectio
1029 1171 1296 1246 iniquitas
1319 1181 1422 1240 est,
1453 1171 1586 1245 quia
1613 1169 1764 1246 quod

151 1263 311 1320 malo
337 1263 546 1320 malum
573 1271 674 1332 est,
706 1263 854 1320 bono
882 1262 1094 1319 bonum
1123 1270 1208 1319 est
1241 1263 1350 1336 (4).

233 1387 417 1459 (Vers.
455 1385 567 1459 10.)
614 1409 632 1433 ε
662 1384 899 1442 Dilectio
930 1386 1172 1458 proximi
1204 1387 1409 1443 malum
1438 1403 1548 1442 non
1571 1403 1765 1460 opera-

153 1485 252 1533 tur
276 1495 288 1545 ;
326 1475 615 1549 plenitudo
635 1476 786 1532 enim
820 1476 956 1548 legis
985 1483 1068 1532 est
1096 1476 1341 1533 dilectio.
1372 1503 1390 1523 ι
1425 1477 1629 1535 Malum
1652 1493 1764 1534 non

157 1573 446 1639 operatur,
486 1566 616 1639 quia
641 1565 788 1622 bona
815 1574 897 1622 est
926 1565 1172 1636 dilectio,
1206 1583 1307 1624 nec
1335 1582 1558 1640 peccare
1588 1576 1766 1641 potest

154 1656 262 1713 illa
293 1656 396 1728 (5),
429 1671 550 1728 quae
581 1654 718 1727 legis
743 1663 825 1711 est
855 1656 1140 1728 perfectio.
1174 1657 1276 1712 Per
1328 1657 1462 1728 legis
1501 1657 1670 1712 verba
1697 1656 1764 1714 ad

156 1760 385 1801 sensum
404 1744 782 1815 evangelicum
813 1745 935 1801 vult
964 1745 1270 1816 pervenire.
1292 1744 1424 1802 Ideo
1445 1745 1592 1801 enim
1618 1743 1766 1818 quod

1248 321 1615 385 COMMENT.
1661 323 1733 382 IN
1772 323 1991 383 EPIST.
2031 327 2130 383 AD
2169 327 2336 386 ROM.

3358 331 3463 392 174.

1645 449 1754 508 hoc
1785 451 1829 514 Α
1859 451 2171 524 piuquavit.
2205 477 2225 501 ι
2256 452 2482 511 Noctem
2506 463 2746 512 veterem
2775 457 3061 514 hominem
3091 457 3462 529 signiﬁcavit’

1870 540 1966 612 qui
1997 556 2094 612 per
2121 540 2455 616 baptismum
2479 544 2777 604 innovatus
2806 555 2906 604 est.
2933 547 3095 604 Hunc
3124 549 3462 621 praecessisse

1871 626 2009 684 dicit
2053 630 2208 704 quasi
2265 641 2504 703 noctem,
2552 634 2697 693 diem
2749 645 2930 694 autem
2973 639 3462 712 apprOpinquasse,

1872 714 2032 786 cujus
2062 718 2271 776 lumine
2313 721 2394 793 (8)
2445 723 2648 780 veritas
2689 724 2852 783 nobis
2889 728 3160 800 apparuit,
3192 737 3254 786 ut
3283 729 3462 786 scire-

1873 822 1996 862 mus
2047 809 2180 881 quid
2223 827 2380 882 agere
2435 811 2747 884 debeamus,
2779 816 2937 872 Prius
2965 819 3114 874 enim
3155 819 3466 892 ignorantes

1874 893 2178 967 Christum,
2209 900 2266 954 in
2294 901 2538 958 tenebris
2575 919 2793 959 eramus
2826 920 2838 958 :
2890 914 2945 960 at
2999 905 3094 961 ubi
3149 906 3464 979 didicimus,

1874 982 1973 1038 lux
2003 985 2061 1040 in
2090 987 2248 1044 nobis
2279 997 2399 1045 orta
2425 997 2548 1060 est;
2596 991 2959 1050 transivimus
2987 995 3136 1051 enim
3165 1012 3198 1052 a
3232 995 3372 1052 falso
3401 997 3469 1054 ad

1877 1090 2069 1133 verum
2079 1121 2091 1133 .

1959 1181 1978 1212 ι
2008 1166 2350 1239 Abjiciamus
2371 1187 2499 1244 ergo
2527 1180 2693 1246 opera
2711 1175 3085 1248 tenebrarum,
3101 1186 3156 1235 et
3175 1178 3472 1236 induamur

1873 1269 2026 1310 arma
2076 1257 2235 1315 lucis.
2295 1286 2314 1309 ι
2356 1261 2727 1320 Tenebrarum
2777 1283 2941 1339 opera
2978 1277 3110 1324 sunt
3140 1268 3257 1324 vita
3288 1285 3473 1326 carna-

1875 1342 1946 1398 lis
2002 1345 2108 1417 (9),
2163 1365 2292 1420 quae
2341 1350 2616 1409 illecebris
2661 1355 2844 1426 agitur
2891 1356 3245 1413 saecularibus
3285 1377 3297 1414 :
3355 1358 3474 1416 haec

1873 1433 2038 1507 digna
2066 1446 2148 1493 est
2177 1438 2436 1509 tenebris,
2469 1441 2614 1499 sicut
2652 1443 2788 1500 dicit
2818 1446 3089 1503 Dominus
3124 1464 3135 1500 :
3203 1472 3222 1494 ι
3273 1447 3472 1506 Tollite

1875 1525 2058 1596 illum,
2090 1535 2144 1582 et
2183 1528 2364 1602 ligatis
2415 1533 2672 1590 manibus
2699 1542 2754 1590 et
2782 1535 3033 1609 pedibus,
3062 1537 3264 1595 mittite
3290 1538 3349 1594 in
3377 1545 3472 1594 te-

1875 1615 2072 1674 nebras
2102 1620 2404 1678 exteriores
2439 1621 2655 1695 (Matth.
2689 1642 2831 1696 xxu,
2864 1627 2980 1700 13).
3024 1654 3042 1676 ι
3084 1627 3316 1684 Induere
3347 1644 3477 1685 vero

1875 1722 2028 1761 arma
2059 1707 2199 1764 lucis
2225 1719 2376 1781 gesta
2403 1721 2534 1768 sunt
2564 1714 2742 1783 bona;
2805 1717 2934 1789 quia
2975 1717 3118 1773 sicut
3165 1716 3296 1774 mali
3325 1725 3479 1773 actus

154 1795 786 1906 LiEILEn'ZsTng—i;
827 1795 1383 1903 ὧὲὶηόλῖειιξᾟὶἰιῖἶέ
1397 1795 1766 1906 niis—Mill};
1799 1814 1847 1878 B
1875 1795 2119 1906 ίθηξθδτίδ
2146 1797 2662 1906 ἀθρυιειξξιιιτιβιιιίῆ
2689 1807 2922 1906 ecculm
2969 1805 3111 1906 ﬁgunt
3152 1805 3231 1906 ab
3278 1805 3348 1862 iis
3386 1807 3480 1879 qui

151 1923 359 1991 societ,
392 1921 684 1979 ostendens
731 1923 900 1978 unius
946 1939 1063 1979 esse
1109 1940 1328 1980 sensum
1374 1923 1632 1980 auctoris.
1663 1923 1769 1980 Sed

163 2011 300 2084 quia
350 2019 597 2083 tempore
639 2010 847 2069 Christi
887 2011 1086 2068 addere
1115 2012 1327 2086 aliquid
1356 2011 1621 2084 oportuit,
1655 2027 1769 2068 non

165 2101 351 2158 solum
407 2101 718 2174 proximos,
778 2102 874 2157 sed
939 2103 1197 2160 inimicos
1277 2103 1433 2176 diligi
1512 2104 1772 2176 praecepit

178 2189 400 2263 (Matth.
427 2208 486 2259 v,
518 2189 635 2263 44).
667 2190 824 2246 Unde
875 2192 1130 2248 subditur
1163 2212 1174 2249 :
1245 2217 1263 2239 ι
1303 2193 1596 2249 Plenitudo
1638 2194 1772 2266 legis

169 2290 263 2336 est
318 2279 584 2346 dilectio;
647 2305 665 2329 ι
733 2289 796 2336 ιιι
820 2279 1035 2351 justitia
1062 2283 1133 2339 sit
1161 2282 1388 2355 diligere
1428 2283 1768 2356 proximum,

165 2371 463 2430 abundans
497 2389 624 2429 vero
664 2381 718 2428 et
754 2373 993 2445 perfecta
1036 2373 1254 2446 justitia
1297 2375 1462 2430 etiam
1512 2374 1768 2431 inimicos

159 2463 420 2534 diligere.
477 2461 771 2519 Inimicum
820 2471 1002 2518 autem
1050 2464 1280 2536 diligere
1319 2465 1454 2538 quid
1483 2464 1634 2521 aliud
1664 2472 1766 2533 est,

163 2567 334 2626 quam
367 2557 552 2624 optare
585 2551 832 2608 desinere
863 2553 1022 2608 illum
1062 2553 1129 2608 ab
1158 2553 1306 2621 odio,
1351 2561 1406 2609 et
1435 2553 1579 2608 nihil
1625 2569 1773 2626 aspe-

163 2658 295 2698 rum
327 2649 510 2714 petere
539 2641 800 2698 adversus
829 2641 1033 2699 illum?
1063 2643 1182 2699 Hoc
1219 2654 1300 2700 est
1358 2660 1539 2700 amare
1594 2643 1774 2714 illum,

175 2747 247 2788 ea
275 2731 356 2787 illi
387 2742 643 2805 exoptare
675 2749 768 2806 per
799 2749 918 2806 quae
948 2735 1123 2790 Deum
1173 2733 1370 2792 habeat
1420 2734 1723 2808 propitium
1762 2752 1774 2792 :

176 2819 303 2878 haec
351 2822 586 2878 ccelestis
618 2821 854 2894 justitia,
904 2821 1024 2880 haec
1054 2824 1167 2879 Deo
1201 2823 1349 2879 Patri
1386 2824 1597 2880 similes
1624 2823 1776 2894 facit,

177 2909 280 2984 qui
309 2926 419 2966 non
449 2912 761 2968 colentibus
791 2929 848 2968 se
876 2928 1059 2969 annua
1106 2912 1252 2968 dona
1285 2912 1538 2986 largitur.
1565 2915 1700 2970 Nam
1727 2921 1782 2969 et

173 2999 451 3058 Dominus
506 3001 563 3057 in
616 3017 778 3058 cruce
830 3001 1042 3074 positus
1103 3003 1346 3074 postulat
1392 3019 1492 3075 pro
1540 3002 1782 3060 inimicis

177 3089 337 3160 (Luc.
370 3105 532 3159 xxiii,
566 3089 680 3162 34),
713 3099 774 3147 ιιι
802 3091 1206 3163 plenitudinem
1232 3091 1464 3164 justitiae
1493 3109 1658 3167 quam
1689 3092 1781 3149 do-

174 3186 390 3248 cuerat,
423 3178 846 3236 demonstraret.

248 3285 436 3368 (Vers.
471 3296 584 3367 11.)
637 3319 654 3342 ι
683 3296 755 3349 Ει
792 3293 900 3349 hoc
944 3294 1180 3350 scientes
1227 3301 1463 3367 tempus,
1513 3293 1781 3368 quoniam

168 3384 312 3441 hora
341 3393 424 3441 est
455 3401 556 3441 nos
580 3382 697 3457 jam
727 3381 794 3438 de
825 3398 1040 3438 sommo
1069 3398 1301 3455 surgere.
1340 3408 1359 3431 ι
1402 3383 1641 3455 Tempus
1670 3400 1784 3440 esse

167 3473 337 3543 dicit,
381 3489 494 3545 quo
522 3471 592 3526 ad
619 3471 878 3526 meritum
909 3470 1175 3544 proficere
1199 3470 1511 3529 debeamus.
1536 3473 1652 3531 Hoc
1680 3482 1781 3544 est,

179 3588 198 3612 ι
228 3563 299 3621 de
337 3577 538 3618 somno
567 3577 807 3633 surgere,
842 3587 860 3610 ι
911 3561 1126 3634 operari
1157 3561 1384 3633 bonum,
1409 3563 1564 3638 quasi
1581 3564 1638 3620 in
1669 3563 1779 3634 die,

167 3653 274 3710 hoc
303 3660 413 3721 est,
435 3651 611 3725 palam
635 3669 648 3718 ;
683 3650 879 3708 illicita
907 3651 1057 3708 enim
1082 3661 1262 3719 nocte,
1287 3653 1344 3710 id
1362 3661 1444 3710 est
1464 3654 1521 3710 in
1553 3653 1777 3712 abscon-

169 3742 312 3812 dito,
345 3741 511 3798 ﬁunt.
535 3741 653 3797 Iam
682 3741 832 3798 enim
862 3741 922 3798 in
951 3741 1396 3800 manifestatione
1425 3742 1611 3816 positi,
1632 3743 1780 3818 quod

171 3843 253 3890 est
282 3834 343 3890 in
373 3831 576 3888 notitia
603 3832 704 3890 Dei
733 3833 838 3906 (6),
862 3843 1216 3906 agnoscentes
1247 3833 1380 3907 quid
1410 3834 1564 3909 sequi
1586 3835 1778 3892 debea-

174 3939 317 3992 mus,
349 3921 481 3978 dare
512 3921 744 3996 operam'
765 3921 1050 3991 debemus,
1099 3931 1161 3979 ut
1213 3938 1350 3995 pure
1405 3922 1657 3979 viventes
1710 3922 1779 3980 ad

173 4012 510 4086 promissum
540 4013 829 4086 praemium
870 4013 1182 4083 veniamus,
1212 4029 1444 4071 excusso
1472 4030 1689 4083 somno,
1720 4011 1778 4070 id

176 4111 255 4158 est
283 4101 595 4177 ignorantia
627 4102 746 4158 sive
776 4102 1131 4176 negligentia.

259 4245 278 4268 ι
307 4217 542 4291 Propior
569 4219 716 4276 enim
746 4225 828 4276 est
857 4235 1006 4276 nunc
1034 4225 1223 4275 nostra
1253 4220 1424 4289 salus,
1454 4235 1621 4293 quam
1650 4236 1778 4278 cum

180 4299 534 4365 credidimus.
561 4333 604 4374 ,ι
647 4308 1005 4367 Manifestum
1045 4317 1150 4377 est,
1182 4307 1312 4381 quia
1341 4316 1464 4381 post
1495 4310 1778 4365 lavacrum

180 4394 314 4454 bene
370 4398 643 4466 viventes,
699 4405 756 4453 et
808 4396 1068 4454 charitati
1107 4396 1410 4466 studentes,
1452 4414 1564 4454 non
1618 4398 1779 4470 longe

183 4493 306 4542 sunt
339 4504 372 4543 a
401 4497 600 4544 merito
647 4487 1068 4544 resurrectionis
1112 4486 1415 4560 promissae.
1449 4488 1600 4544 Bona
1626 4487 1778 4545 enim

185 4576 293 4632 vita
320 4577 626 4636 Christiani
653 4577 874 4650 signum
901 4585 982 4633 est
1008 4576 1205 4633 salutis
1233 4577 1431 4633 futura:
1451 4578 1557 4651 (7).

257 4685 442 4758 (Vere.
474 4686 589 4759 12.)
636 4709 654 4735 ι
701 4687 824 4744 Nox
877 4688 1172 4760 pracessit,
1203 4686 1323 4744 dies
1359 4693 1542 4743 autem
1569 4702 1776 4760 appro-

255 4803 332 4879 (ᾇ)
362 4805 458 4860 Sic
483 4821 673 4879 omnes
700 4804 832 4879 edit.
862 4813 915 4879 et
950 4807 1173 4879 quidam
1221 4823 1387 4879 mss.;
1439 4805 1536 4862 alii
1584 4815 1774 4863 autem

187 4875 353 4932 multo
396 4879 603 4948 plures,
641 4878 940 4947 iniquitatis
964 4875 1190 4933 'dilectio
1236 4878 1450 4933 inimica
1495 4885 1610 4942 est;
1647 4879 1776 4948 quia

86 4967 89 4974 ι
190 4948 316 5020 quod
367 4949 562 5003 bonum
620 4956 714 5014 est,
767 4950 957 5003 bonum
1005 4957 1098 5016 est,
1139 4957 1186 5004 et
1233 4951 1372 5020 quod
1423 4952 1624 5005 malum
1679 4957 1774 5016 est,

189 5019 376 5090 malum
405 5027 518 5084 est;
564 5020 820 5075 nonnulli
866 5021 1052 5088 etiam,
1083 5019 1379 5090 iniquitatis
1416 5020 1629 5076 dilectio
1658 5021 1776 5075 ini-

192 5089 351 5154 quitas
401 5098 501 5160 est,
549 5091 636 5148 sed
683 5093 809 5162 quia
863 5094 1003 5148 malo
1050 5089 1253 5149 malum
1281 5098 1376 5157 est,
1426 5090 1556 5146 bono
1586 5092 1776 5146 bonum

191 5163 272 5214 est.

257 5231 331 5305 (5)
363 5232 496 5289 Gill.
519 5241 574 5290 et
600 5233 758 5290 Rom.
791 5232 923 5292 edit.
947 5242 1080 5292 Cum
1111 5249 1224 5289 uno
1255 5232 1340 5287 vel
1367 5231 1564 5305 altero
1615 5246 1770 5305 mss_.,

193 5313 270 5378 nec
299 5303 732 5378 peccariipotest
766 5323 866 5378 per
893 5307 1111 5363 illam...
1143 5303 1492 5375 evangelicam
1515 5303 1771 5378 pervenit,

197 5370 406 5456 Amérb.
425 5383 484 5433 et
511 5370 818 5456 Eras._cuin
848 5379 1216 5456 paucis_mss.,
1241 5370 1330 5431 nec
1352 5370 1770 5456 peccari(l*3ras.,

194 5451 410 5522 gestare)
430 5455 602 5522 potest
621 5449 793 5522 illa...
823 5444 1175 5520 evangelicum
1201 5444 1480 5518 parve—nit;
1513 5444 1612 5500 alii
1640 5460 1770 5502 mss.

201 5510 495 5578 fretinentes
524 5528 586 5578 ut
617 5521 672 5576 in
705 5525 881 5576 textu.

261 5585 328 5728 ἑὸ)
355 5593 482 5649 Mss.
513 5585 748 5665 aliquot,
778 5591 919 5663 quod
945 5595 1018 5646 est
1043 5588 1338 5670 innocentia
1361 5587 1485 5670 Dei.

284 5657 333 5728 7)
365 5664 523 5720 Haud
578 5664 738 5728 pauci
789 5669 917 5718 mss.
950 5661 1181 5718 vocibus
1208 5661 1370 5714 saluti
1400 5658 1485 5728 fut

284 5657 333 5730 7)
365 5664 523 5720 Haud
578 5657 743 5730 pauci
786 5657 917 5718 inss.
950 5661 1181 5718 vocibus
1208 5659 1371 5714 saluti
1400 5658 1604 5730 futurae
1632 5657 1773 5730 sub-

202 5725 545 5796 iex'uutmum
573 5725 883 5808 baptizatur
910 5750 1032 5808 ergo
1069 5725 1448 5804 unusquisque,
1469 5725 1544 5787 ad
1568 5729 1774 5786 veniam

1878 1891 2019 1946 male
2075 1902 2285 1964 agunt;
2345 1893 2420 1948 ita
2468 1901 2524 1949 et
2565 1893 2658 1968 qui
2688 1896 2826 1952 bene
2856 1904 3044 1968 agunt,
3081 1896 3257 1968 palam
3289 1907 3477 1970 agunt,

1879 1980 2008 2053 quia
2037 1997 2147 2036 non
2177 1989 2456 2050 verentur,
2490 1982 2585 2038 sed
2616 1983 2870 2055 gaudent.
2896 1984 3036 2040 Boni
3066 2001 3194 2059 ergo
3223 1993 3376 2042 actus
3397 2002 3479 2044 ar-

1881 2087 1970 2125 ma
1995 2070 2134 2127 lucis
2163 2081 2314 2142 sunt,
2346 2072 2733 2148 impugnantes
2755 2075 3030 2145 tenebras,
3045 2093 3166 2151 quae
3190 2088 3324 2137 sunt
3343 2080 3482 2136 vitia

1883 2176 2084 2216 carnis.

1957 2248 2140 2320 (Vers.
2175 2250 2288 2323 13.)
2333 2276 2352 2300 ι
2392 2252 2547 2310 Sicut
2578 2254 2636 2310 in
2665 2254 2754 2312 die
2784 2255 3014 2316 honeste
3042 2258 3406 2320 ambulemus.
3449 2287 3468 2313 ι

1885 2337 2093 2396 Verum
2125 2349 2208 2396 est
2233 2359 2246 2410 ;
2280 2351 2340 2398 ut
2369 2344 2498 2416 quia
2526 2345 2746 2417 publice
2777 2365 2887 2404 non
2917 2361 3195 2423 peccatur,
3221 2353 3302 2410 sic
3346 2370 3485 2427 aga-

1886 2442 2010 2515 mus
2041 2429 2319 2500 quomodo
2349 2433 2529 2504 agitur
2559 2433 2779 2506 publice
2803 2454 2818 2504 ;
2877 2437 3021 2494 nihil
3050 2439 3198 2496 enim
3229 2449 3340 2498 tam
3371 2458 3485 2515 pu-

1887 2513 2117 2585 blicum,
2151 2535 2314 2591 quam
2349 2522 2574 2578 veritas.

1972 2628 1992 2653 ι
2032 2606 2153 2661 Νοιι
2181 2607 2239 2662 in
2269 2611 2762 2669 comessationibus
2790 2622 2844 2670 et
2887 2615 3262 2677 ebrietatibus.
3311 2645 3329 2669 ι
3369 2620 3486 2678 Co—

1890 2698 2249 2756 messationes
2278 2709 2408 2757 sunt
2437 2703 2726 2766 luxuriosa
2752 2707 3032 2778 convivia,
3062 2725 3184 2782 quae
3233 2720 3329 2767 aut
3377 2712 3486 2768 col-

1889 2787 2096 2846 latione
2135 2792 2385 2850 omnium
2439 2794 2808 2866 celebrantur,
2853 2805 2947 2854 aut
2992 2799 3208 2857 vicibus
3251 2801 3429 2858 solent
3456 2819 3489 2860 a

1889 2880 2378 2940 contubernalibus
2417 2884 2693 2956 exhiberi,
2736 2895 2796 2944 ut
2824 2889 3104 2946 neminem
3135 2891 3253 2948 illic
3287 2891 3489 2964 pudeat

1891 2968 2103 3041 aliquid
2129 2971 2416 3032 inhoneste
2442 2975 2624 3033 dicere
2647 2985 2742 3032 aut
2769 2977 2979 3046 facere;
3015 2980 3145 3053 quia
3193 2983 3485 3055 unusquis-

1893 3075 1998 3134 que
2055 3067 2359 3134 prassumit,
2405 3067 2554 3140 quod
2605 3084 2767 3126 suum
2814 3069 3136 3127 convivium
3177 3073 3274 3128 sit.
3299 3073 3489 3131 Solent

1811 3186 1856 3247 Ο
1893 3149 2042 3247 enim
2073 3151 2131 3206 in
2161 3153 2339 3210 aliena
2365 3172 2554 3212 mensa
2599 3158 2808 3229 pudore
2854 3162 3117 3229 coerceri,
3146 3162 3241 3217 sed
3284 3162 3378 3218 hic
3419 3163 3490 3220 ad
3520 3211 3522 3214 .

1892 3236 1998 3293 hoc
2015 3242 2432 3310 convenitur,ut
2449 3243 2592 3300 fmda
2613 3246 2731 3303 illic
2751 3255 3010 3318 gerantur
3033 3249 3191 3320 copia
3213 3249 3332 3305 vini
3346 3251 3487 3322 (10),

1893 3335 1948 3384 et
1976 3327 2240 3386 incitetur
2280 3331 2532 3388 libidinis
2560 3333 2782 3392 diversa
2810 3337 3081 3410 voluptas.
3122 3337 3334 3396 Idcirco
3371 3339 3489 3395 evi-

1896 3417 2064 3473 tanda
2089 3419 2339 3493 praecipit
2368 3421 2692 3494 hujusmodi
2719 3425 2996 3484 convivia.

1977 3532 1996 3557 ι
2021 3509 2145 3566 Νοιι
2173 3511 2232 3566 in
2260 3512 2542 3570 cubilibus
2567 3521 2620 3571 et
2648 3501 3034 3588 impudicitiis.
3089 3544 3108 3567 ι
3151 3518 3280 3576 Post
3316 3519 3491 3576 luxu-

1891 3597 2102 3657 riosum
2131 3602 2454 3660 convivium
2489 3612 2543 3660 et
2568 3603 2888 3662 ebrietatem
2919 3605 3024 3664 hoc
3051 3605 3310 3679 subjecit,
3341 3609 3487 3682 quod

1890 3688 2157 3761 sequitur,
2190 3689 2247 3745 id
2295 3699 2376 3748 est
2422 3692 2752 3750 concubitus
2797 3694 3148 3769 impudicus;
3197 3697 3290 3758 hic
3337 3699 3485 3756 enim

1888 3777 2056 3851 hujus
2082 3780 2409 3840 lascivitatis
2439 3783 2556 3854 (11)
2587 3790 2670 3840 est
2697 3782 2932 3842 fructus.

1972 3893 1991 3915 ι
2019 3869 2141 3926 Νοιι
2172 3870 2232 3926 in
2261 3873 2616 3929 contentione
2645 3879 2699 3928 et
2727 3875 3098 3939 aemulatione.
3148 3901 3168 3925 ι
3213 3878 3378 3935 Recte
3419 3877 3488 3934 ab

1888 3955 1977 4014 bis
2015 3959 2254 4018 coerceri
2302 3969 2510 4030 monet,
2543 3961 2675 4034 quia
2719 3964 2903 4019 omnis
2942 3964 3230 4022 contentio
3259 3973 3314 4022 et
3339 3965 3488 4022 zelus

1886 4045 2242 4105 inimicitiam
2271 4050 2434 4121 parit,
2467 4065 2603 4123 quas
2634 4049 2884 4107 tenebras
2914 4039 3112 4122 voeat;
3145 4053 3273 4127 quia
3307 4052 3376 4111 ad
3405 4053 3486 4110 lu-

1886 4136 1967 4195 cis
1990 4140 2282 4212 praemium
2311 4140 2599 4213 pervenire
2625 4157 2743 4198 non
2773 4151 3020 4214 possunt.

1972 4233 2108 4290 101
2155 4251 2176 4277 ‹
2223 4229 2338 4287 Sed
2385 4229 2608 4287 induite
2634 4231 2932 4290 Dominum
2959 4233 3146 4292 Iesum
3175 4233 3482 4305 Christum,

1886 4331 1943 4382 et
1966 4325 2148 4383 carnis
2183 4344 2370 4384 curam
2417 4345 2487 4386 ne
2534 4331 2776 4389 feceritis
2824 4331 2882 4388 in
2925 4331 3409 4406 concupiscentiis.
3453 4359 3472 4382 ι

1886 4411 2086 4473 Curam
2114 4417 2294 4474 carnis
2323 4419 2598 4494 prohibet,
2632 4421 2688 4478 id
2717 4429 2799 4478 est
2821 4423 3197 4496 voluptatem;
3231 4429 3292 4479 ut
3321 4438 3485 4480 omne

1885 4505 2032 4576 quod
2088 4508 2412 4580 prohibetur
2469 4527 2564 4584 per
2617 4512 2810 4585 legem,
2841 4529 2956 4569 non
2994 4513 3360 4582 desideretur,
3390 4523 3485 4570 aut

1882 4608 2027 4657 certe
2072 4601 2443 4660 desideratum
2487 4605 2762 4662 vincatur.
2798 4606 2919 4677 Ipsa
2948 4613 3078 4661 sunt
3125 4606 3274 4661 enim
3319 4621 3483 4676 opera

1885 4695 2100 4762 carnis;
2133 4706 2195 4753 ut
2225 4698 2313 4754 his
2342 4699 2499 4755 exuti
2527 4699 2762 4755 induant
2792 4699 3093 4754 Dominum
3123 4698 3309 4752 Iesum
3327 4695 3482 4752 Chri-

1880 4803 2129 4874 pertinet,
2160 4820 2266 4857 non
2295 4805 2365 4860 ad.
2393 4821 2641 4860 coronam
2662 4823 2683 4869 ;
2709 4810 2766 4857 ut
2795 4810 2975 4875 postea
3016 4803 3073 4875 in
3109 4802 3339 4875 novitate
3366 4801 3484 4875 vita:

1884 4871 2186 4942 ambulans,
2216 4875 2420 4929 vicinus
2448 4876 2519 4928 sit
2540 4875 2659 4930 vitae
2686 4871 2910 4929 (eterna.
2929 4873 3164 4941 Quidam
3195 4872 3361 4928 etiam
3392 4871 3480 4928 ad-

1885 4943 2045 5012 dunt,
2080 4962 2206 4999 nam
2238 4946 2571 5016 signiﬁcavit.

1958 5015 2040 5088 (8)
2072 5014 2337 5072 Nonnulli
2371 5014 2523 5084 mss.,
2563 5014 3043 5088 appropinquasse,
3087 5016 3144 5071 id
3189 5021 3264 5071 est
3307 5017 3479 5074 Solem

1874 5085 2122 5156 justitiaa,
2152 5088 2326 5159 cujus,
2355 5095 2459 5159 etc.

1958 5158 2289 5242 (9)._lta_‘vet.
2323 5158 2463 5242 edit.,
2498 5167 2552 5215 et
2584 5175 2712 5240 mss.
2747 5158 3026 5242 ιιοιιιιιιμίζ
3055 5175 3087 5215 a
3121 5159 3323 5242 quibus
3364 5177 3476 5242 non

1883 5230 2090 5303 recedit
2138 5233 2294 5288 Rom.
2357 5231 2514 5299 edit.,
2547 5230 2664 5303 nisi
2698 5230 2844 5303 quod
2879 5231 3054 5300 effert,
3101 5230 3232 5286 vitia
3260 5233 3473 5288 carnis:

1882 5301 1979 5356 alii
2032 5310 2213 5358 autem
2279 5321 2407 5361 mss.
2467 5303 2600 5360 satis
2645 5301 2976 5372 frequentes,
3032 5304 3164 5360 vitia
3231 5305 3477 5361 carnalia

1882 5389 1998 5443 quia
2032 5373 2288 5431 illecebris
2317 5382 2482 5448 agunt
2506 5373 2872 5442 saecularibus,
2901 5376 3007 5431 haec
3038 5375 3262 5432 tenebris
3290 5375 3472 5448 digna,

1883 5450 2021 5499 sunt.
2923 5454 2925 5456 ’

1983 5515 2072 5590 1ο)
2101 5517 2456 5590 Βοιῐικθάίιη
2487 5518 2601 5575 illic
2628 5525 2944 5590 congeratur
2981 5519 3133 5590 copia
3161 5519 3292 5578 vini.

1983 5586 2085 5664 il)
2105 5588 2348 5664 Αιιιριι)Ἴ
2380 5586 2544 5664 Eras.
2564 5599 2620 5646 et
2651 5586 2778 5647 mss.
2811 5606 2934 5664 non
2954 5586 3136 5664 pauci,
3169 5593 3262 5648 hoc
3309 5608 3474 5664 genus

1880 5655 2406 5734 hujus'tascivitatis;
2439 5662 2569 5719 Gill.
2599 5670 2652 5718 et
2669 5664 2827 5720 Rom.
2852 5655 2984 5720 edii.
3009 5655 3133 5720 cum
3154 5664 3279 5721 aliis
3301 5655 3461 5734 ὦδε..

1879 5728 1962 5785 hic
1986 5729 2124 5786 enim
2151 5731 2308 5804 hujus
2338 5733 2675 5802 lascivitatis;
2705 5735 2887 5806 Rom.,
2919 5735 3164 5794 lascivia.
