3952 6202
517 334 622 403 178

514 479 685 540 stum,
716 468 774 526 id
801 477 904 538 est,
947 467 1198 526 innovati
1227 481 1324 540 per
1353 464 1656 532 Christum,
1700 463 1769 519 ab
1820 461 1909 518 bis
1951 459 2111 516 malis
2139 462 2190 520 A

514 581 573 622 se
609 562 902 620 retineant.
934 560 1038 618 Hic
1063 560 1209 616 enim
1241 558 1427 616 induit
1475 555 1780 622 Christum,
1809 553 1905 628 qui
1942 570 1998 610 se
2040 553 2110 609 ab

514 651 672 710 omni
697 665 884 708 errore
909 657 964 707 et
993 647 1336 722 turpitudine
1366 644 1730 719 separaverit;
1772 659 1839 699 ne
1879 642 1936 698 in
1965 657 2111 700 con-

513 741 671 799 vivio
700 739 1016 813 nuptiarum
1051 739 1171 794 sine
1201 744 1350 793 veste
1379 751 1524 791 nova
1551 733 1888 800 inveniatur,
1921 730 2110 804 turpi-

514 839 708 905 terque
762 827 1004 901 ahjectus
1057 827 1170 899 (12)
1229 824 1470 882 tenebris
1518 822 1862 895 mancipetur
1891 821 2106 892 (Matth.

514 937 660 989 χχιι,
686 919 776 990 11)
804 935 816 972 :
843 918 890 975 si
917 916 1238 991 quominus,
1255 930 1367 971 non
1397 921 1528 970 sunt
1554 911 1737 969 induti
1753 911 1936 967 Iesum
1955 908 2109 968 Chri-

513 1017 660 1067 stum
687 1008 1011 1077 Dominum,
1044 1022 1207 1080 super
1235 1004 1395 1077 cujus
1423 1020 1621 1059 novam
1664 1008 1870 1057 vestem
1902 1007 2111 1056 veteres

513 1116 726 1174 pannos
749 1098 1028 1168 induunt;
1073 1096 1258 1155 exutis
1286 1096 1436 1152 enim
1466 1101 1708 1151 veterem
1738 1091 2021 1148 hominem
2054 1089 2111 1146 in

514 1189 763 1246 novitate
790 1188 920 1245 vita:
949 1186 1283 1244 manendum
1316 1193 1398 1242 est
1429 1183 1572 1256 (13).

1102 1393 1330 1453 CAPUT
1360 1391 1510 1450 XIV.

593 1570 776 1645 (Vers.
809 1569 885 1641 1.)
928 1591 947 1616 ε
1002 1567 1293 1624 Inﬁrmum
1349 1570 1536 1619 autem
1594 1559 1653 1615 in
1689 1557 1798 1614 ﬁde
1827 1555 2110 1626 assumite,

516 1679 631 1720 non
660 1664 721 1719 in
759 1660 1156 1733 disceptatione
1193 1655 1613 1730 cogitationum.
1667 1678 1686 1702 ι
1740 1650 2012 1720 Quoniam
2042 1665 2112 1706 ex

517 1751 723 1809 Judazis
751 1758 929 1819 erant,
959 1749 1055 1823 qui
1101 1750 1376 1805 Romanos
1413 1744 1483 1804 ad
1517 1757 1718 1800 nomen
1748 1740 1959 1798 Christi
1991 1738 2108 1811 (lli)

518 1847 946 1912 assumpserunt,
1028 1837 1262 1893 admista
1316 1835 1456 1908 lege,
1495 1833 1641 1890 sicut
1696 1831 1756 1886 in
1811 1827 2116 1902 primordio
2145 1843 2191 1904 Β

518 1931 765 2005 epistolae
795 1927 1127 1996 memoravi;
1161 1926 1286 1984 ideo
1315 1923 1646 2000 quibusdam
1676 1920 1967 1976 videbatur
1995 1935 2116 1992 pro-

519 2019 754 2077 hibitam
785 2033 1004 2075 carnem
1034 2015 1193 2072 edere
1222 2031 1334 2071 non
1365 2013 1596 2070 debere:
1626 2009 1908 2083 aliquibus
1935 2017 2115 2064 autem

516 2109 615 2184 qui
644 2107 762 2166 sine
791 2108 906 2180 lege
935 2106 1218 2165 Christum
1249 2102 1640 2177 sequebantur,
1672 2097 1963 2154 videbatur
1990 2113 2117 2153 con-

515 2207 604 2257 tra
628 2200 799 2272 legem
829 2198 996 2255 licere
1023 2196 1203 2253 edere.
1233 2195 1306 2250 Et
1335 2208 1432 2266 per
1460 2191 1566 2248 hoc
1611 2190 1794 2262 ipsum
1835 2187 2120 2259 discepta-

515 2289 697 2346 tiones
724 2294 880 2344 erant
908 2287 1053 2342 inter
1080 2300 1193 2353 eos,
1225 2299 1361 2357 quas
1388 2280 1708 2354 Apostolus,
1732 2275 2042 2335 concordiae
2067 2282 2120 2330 et

519 2377 685 2434 saluti
713 2375 959 2444 studens,
981 2373 1174 2430 divina
1203 2371 1577 2445 disputatione
1605 2367 1804 2435 aufert,
1826 2364 2120 2424 ostendens

520 2480 697 2538 neque
723 2463 907 2520 edenti
929 2462 1182 2534 prodesse
1211 2461 1357 2534 apud
1388 2463 1582 2527 Deum,
1604 2472 1780 2530 neque
1802 2471 1912 2511 non
1934 2454 2120 2511 edenti

519 2555 729 2613 obesse.
787 2552 1077 2610 Inﬁrmnm
1120 2569 1235 2609 esse
1288 2551 1444 2619 dicit,
1492 2548 1586 2623 qui
1640 2557 1924 2620 propterea
1973 2543 2121 2618 quod

517 2643 697 2702 Judaei
727 2641 994 2716 prohibiti
1025 2649 1176 2708 sunt,
1205 2641 1365 2698 timet
1395 2640 1574 2696 edere.
1608 2639 1767 2694 Hunc
1821 2651 1948 2708 ergo
2000 2633 2121 2690 vult

519 2732 730 2790 remitti
754 2731 968 2806 judicio
994 2747 1115 2799 suo,
1148 2746 1218 2786 ne
1245 2729 1564 2786 scandalum
1592 2742 1803 2798 passus,
1826 2740 1858 2778 a
1882 2721 2118 2778 charita-

521 2831 597 2891 te,
627 2839 749 2895 quae
777 2822 933 2894 quasi
978 2829 1150 2876 mater
1206 2825 1289 2873 est
1343 2817 1678 2882 animarum,
1727 2810 1944 2868 recedat
1992 2827 2119 2867 cum

519 2911 721 2965 mentis
769 2908 1205 2980 perturbatione,
1245 2921 1372 2962 cum
1415 2901 1717 2961 Christiani
1777 2899 1992 2973 paciﬁci
2029 2900 2118 2957 de-

516 2997 685 3054 beant
712 3012 829 3053 esse
857 3004 910 3051 et
939 2995 1136 3068 quieti.

592 3085 775 3159 (Vers.
811 3084 892 3158 2.)
938 3108 957 3132 ι
987 3082 1149 3144 Alius
1177 3081 1324 3140 enim
1353 3079 1530 3138 credit
1556 3079 1716 3137 edere
1740 3079 1946 3136 omnia.
1981 3077 2121 3137 illic

517 3175 722 3233 ﬁducia
761 3173 1018 3233 lectionis
1073 3189 1186 3229 non
1241 3170 1460 3228 dubitat
1511 3169 1698 3227 omnia
1734 3167 1971 3234 edenda,
1996 3183 2118 3241 quae

514 3266 641 3324 data
669 3275 799 3323 sunt
844 3262 1104 3322 humanis
1159 3262 1370 3320 usibus.
1413 3259 1570 3334 Legit
1622 3259 1769 3315 enim
1813 3256 1871 3313 in
1919 3257 2118 3319 Genesi

514 3358 703 3414 omnia
757 3356 901 3413 bona
959 3353 1119 3411 valde
1174 3368 1290 3411 esse
1327 3352 1485 3423 (Gen.
1517 3366 1559 3419 ι,
1590 3349 1707 3421 31),
1749 3364 1871 3421 quae
1910 3344 2118 3404 creavit

513 3449 696 3513 Deus;
758 3445 882 3501 ideo
928 3443 1072 3500 nihil
1118 3440 1503 3514 rejiciendum,
1535 3438 1666 3511 quia
1693 3452 1872 3510 neque
1899 3434 2115 3503 Enoch,

515 3535 611 3609 qui
639 3534 854 3606 primus
884 3534 997 3586 Deo
1024 3531 1233 3602 placuit
1269 3546 1280 3583 :
1316 3543 1493 3600 neque
1522 3527 1657 3595 Noe,
1690 3525 1788 3599 qui
1814 3525 1873 3580 in
1901 3523 2117 3580 diluvio

515 3624 666 3680 solus
691 3621 876 3692 justus
903 3619 1164 3675 inventus
1191 3624 1274 3674 est
1299 3633 1310 3671 :
1345 3631 1523 3688 neque
1551 3613 1830 3670 Abraham
1861 3613 1956 3669 ille
1982 3612 2115 3668 ami-

515 3726 615 3769 cus
642 3709 765 3777 Dei,
793 3715 888 3764 aut
935 3709 1103 3775 Isaac,
1148 3714 1244 3763 aut
1287 3703 1454 3761 Iacob
1488 3701 1628 3775 justi
1675 3710 1731 3758 et
1774 3701 1873 3759 Dei
1929 3701 2113 3771 amici,

514 3801 662 3858 inter
689 3814 826 3874 quos
855 3807 910 3856 et
935 3797 1042 3855 Lot
1068 3795 1196 3866 fuit,
1228 3803 1324 3852 aut
1350 3793 1536 3851 caeteri
1558 3791 1697 3864 justi
1725 3791 1794 3849 ab
1820 3790 1909 3848 his
1935 3791 2117 3848 absti-

514 3889 700 3948 nuisse
727 3888 1007 3962 leguntur.

598 4004 616 4027 ε
669 3977 722 4035 Is
775 3992 906 4034 vero
962 3975 1057 4050 qui
1113 3974 1370 4032 inﬁrmus
1393 3978 1494 4040 est,
1531 3969 1680 4026 olera
1733 3967 2102 4025 manducet.»

514 4067 687 4141 Igitur
712 4065 843 4140 quia
871 4065 977 4122 hoc
1005 4071 1183 4138 putat,
1214 4071 1277 4120 ut
1329 4062 1425 4118 ille
1451 4060 1602 4117 olera
1640 4058 1796 4116 edat:
1831 4055 1956 4112 ideo
1981 4069 2117 4110 sna-

515 4155 757 4211 dendum
787 4169 900 4210 non
928 4159 1030 4222 est,
1061 4160 1123 4210 ut
1159 4167 1380 4209 carnem
1409 4149 1554 4219 edat,
1605 4164 1673 4204 ne
1701 4164 1827 4206 cum
1856 4143 2116 4217 scrupulo

518 4243 665 4309 edat,
699 4248 754 4296 et
799 4240 1052 4297 videatur
1095 4256 1355 4313 peccare:
1395 4239 1526 4312 quia
1580 4236 1923 4310 propositum
1952 4247 2114 4289 suum

520 4345 633 4386 non
661 4327 921 4385 custodit.

594 4417 778 4492 (Vers.
807 4416 886 4488 3.)
949 4442 968 4464 ι
995 4417 1184 4489 Itaque
1235 4416 1330 4488 qui
1373 4415 1508 4485 edit,
1555 4431 1668 4472 non
1709 4412 1960 4470 edentem
2006 4425 2117 4465 non

521 4513 780 4580 spernat:
841 4513 894 4560 et
949 4505 1043 4577 qui
1071 4521 1183 4561 non
1212 4503 1346 4572 edit,
1380 4502 1631 4559 edentem
1674 4518 1786 4558 non
1828 4499 2060 4572 judicet.
2084 4521 2102 4544 ι

2142 3204 2193 3269 C

1579 340 1674 396 AD
1714 327 1949 396 OPERA
1987 323 2380 393 satrnnosn
2417 317 2798 387 APPENDIX.

3770 317 3878 380 176

2308 478 2327 503 ι
2346 455 2492 510 Deus
2527 451 2676 508 enim
2705 451 2865 508 illum
2893 447 3210 520 assumpsit.
3244 473 3262 496 ι
3326 449 3690 518 Assumptus
3722 453 3820 502 est
3845 462 3875 499 ι

2221 545 2358 612 Deo,
2384 542 2518 598 dum
2546 539 2616 596 ad
2649 539 2878 613 gratiam
2910 544 3136 594 vocatus
3157 542 3259 592 est.

2293 634 2475 707 (Vera.
2507 632 2590 706 4.)
2635 655 2654 678 ε
2685 631 2767 686 Tu
2787 629 2912 703 quis
2936 644 3014 697 es,
3046 627 3142 701 qui
3180 624 3400 697 judicas
3431 626 3700 682 alienum
3735 643 3871 683 ser-

2219 739 2353 778 vum
2374 721 2403 778 ?
2426 722 2538 777 Suo
2558 719 2785 776 domino
2813 725 2909 774 aut
2934 724 3062 785 stat,
3093 725 3188 772 aut
3214 715 3389 771 cadit.
3411 739 3428 763 ι
3477 716 3865 772 Manifestum

2139 810 2152 825 ‘
2218 816 2301 866 est
2341 825 2562 865 servum
2601 824 2713 865 non
2745 807 2942 863 debere
2993 803 3249 861 conservi
3280 803 3664 860 voluntatem
3700 803 3862 876 judi-

2219 913 2364 967 care,
2395 897 2485 954 cui
2514 897 2606 954 lex
2634 896 2692 952 in
2723 896 2826 952 hac
2845 902 2995 968 parte
3035 891 3239 949 tradita
3267 907 3381 948 non
3411 900 3539 959 est;
3576 907 3717 948 nam
3751 907 3863 964 qua

2220 986 2561 1044 conscientia
2614 985 2759 1055 edat,
2803 991 2899 1040 aut
2951 997 3063 1039 non
3118 979 3265 1050 edat,
3305 981 3454 1036 Deus
3507 978 3696 1051 judex
3749 988 3855 1049 est,

2222 1073 2382 1146 cujus
2412 1091 2605 1131 servus
2627 1081 2729 1131 est.

2308 1187 2327 1212 ι
2354 1163 2533 1220 Stabit
2560 1172 2782 1230 autem;
2826 1168 3024 1234 potens
3081 1167 3166 1216 est
3203 1157 3352 1215 enim
3406 1159 3560 1214 Deus
3606 1166 3850 1214 statuere

2223 1253 2406 1309 illum.
2437 1277 2456 1300 ι
2552 1250 2751 1319 Stabit,
2817 1249 3022 1322 inquit,
3079 1246 3309 1303 domino
3361 1260 3488 1314 suo,
3551 1253 3847 1318 propterea

2222 1341 2353 1414 quia
2381 1357 2556 1415 neque
2583 1340 2631 1396 si
2664 1340 2809 1408 edat,
2839 1354 2966 1404 reus
3011 1336 3137 1405 erit,
3188 1351 3366 1409 neque
3421 1333 3470 1392 si
3522 1350 3648 1391 non
3696 1334 3837 1400 edat,

2221 1430 2537 1504 culpabilis,
2567 1429 2614 1486 si
2661 1439 2846 1486 tamen
2890 1426 3184 1483 devotione
3214 1425 3322 1483 hoc
3365 1431 3515 1497 agat,
3561 1440 3687 1480 non
3732 1425 3838 1480 evi-

2221 1529 2344 1578 tans
2373 1520 2516 1577 hanc
2541 1520 2696 1576 velut
2737 1516 3094 1575 contrariam.

2296 1611 2479 1684 (Vers.
2511 1610 2595 1682 5.)
2635 1634 2653 1656 ι
2700 1609 2837 1666 Nam
2869 1607 3011 1664 alius
3031 1603 3253 1680 quidem
3276 1602 3490 1676 judicat
3512 1601 3670 1659 diem
3701 1604 3840 1658 inter

2222 1698 2393 1770 diem,
2419 1723 2437 1748 ι
2509 1697 2622 1754 hoc
2676 1705 2780 1766 est,
2825 1695 2993 1752 alicui
3040 1695 3218 1767 placet
3263 1691 3616 1764 interpositis
3645 1691 3834 1748 diebus

2222 1788 2402 1846 edere.
2459 1788 2597 1846 Nam
2647 1793 2777 1842 sunt
2839 1783 3084 1858 quidam,
3141 1781 3238 1856 qui
3283 1788 3478 1855 quarta
3524 1779 3671 1838 feria
3717 1780 3825 1851 (l5)

2225 1894 2445 1936 carnem
2475 1893 2589 1933 non
2607 1875 2878 1933 edendam
2901 1879 3246 1940 statuerunt;
3282 1878 3410 1927 sunt
3438 1869 3541 1942 qui
3562 1869 3826 1940 Sabbatis.

2225 1974 2356 2025 sunt
2409 1968 2614 2022 iterum
2667 1965 2829 2039 quia
2885 1961 3093 2020 Pascha
3143 1975 3316 2034 usque
3357 1956 3426 2014 ad
3471 1959 3823 2016 Pentecosten

2227 2057 2415 2113 edant.

2312 2170 2330 2192 ι
2351 2143 2512 2200 Alius
2533 2150 2717 2201 autem
2755 2140 2972 2214 judicat
3005 2154 3225 2196 omnem
3246 2133 3413 2192 diem.
3433 2159 3452 2182 ι
3487 2135 3598 2192 Hic
3611 2151 3822 2191 omnem

2228 2234 2375 2291 diem
2396 2233 2636 2307 judicat,
2680 2233 2776 2307 qui
2805 2245 3091 2305 nunquam
3120 2226 3256 2285 edit.
3303 2251 3322 2276 ‹
3351 2224 3745 2300 Unusquisque
3771 2226 3823 2281 in

2229 2339 2332 2380 suo
2382 2339 2547 2380 sensu
2602 2321 2866 2390 abundet,
2897 2345 2915 2368 ι
2990 2318 3096 2375 hoc
3143 2324 3245 2384 est,
3296 2315 3686 2388 unusquisque
3732 2329 3822 2371 suo

2228 2413 2466 2471 oonsilio
2495 2411 2832 2468 remittatur.

2302 2505 2487 2576 (Vers.
2547 2504 2628 2576 6.)
2674 2528 2692 2552 ε
2722 2503 2827 2572 Qui
2885 2501 3028 2574 sapit
3077 2499 3247 2568 diem,
3305 2494 3546 2554 Domino
3603 2496 3766 2569 sapit.
3794 2520 3810 2542 -

2228 2596 2436 2653 Verum
2486 2601 2587 2662 est,
2644 2592 2774 2665 quia
2821 2591 2918 2664 qui
2965 2605 3180 2661 semper
3221 2587 3504 2643 abstinens
3558 2595 3666 2654 est,
3716 2587 3820 2641 Deo

2228 2686 2442 2759 placere
2471 2700 2527 2741 se
2557 2690 2732 2756 putat.
2779 2705 2796 2729 ι
2827 2683 2898 2736 Et
2927 2679 3023 2754 qui
3053 2678 3190 2746 edit,
3223 2676 3462 2734 Domino
3486 2675 3625 2731 edit.
3667 2700 3688 2723 -
3731 2677 3825 2731 Do-

2227 2775 2382 2831 mino
2421 2775 2554 2842 edit,
2588 2771 2718 2846 quia
2744 2771 2946 2843 gratias
2991 2769 3103 2840 agit
3134 2765 3400 2825 Creatori.
3446 2789 3466 2813 ι
3490 2765 3565 2820 Et
3593 2765 3692 2837 qui
3723 2779 3826 2818 non

2228 2865 2362 2934 edit,
2397 2865 2636 2922 Domino
2684 2879 2796 2918 non
2829 2862 2965 2930 edit,
2999 2869 3052 2915 et
3083 2858 3285 2931 gratias
3332 2857 3444 2930 agit
3469 2858 3610 2912 Deo.
3644 2879 3664 2904 ι
3705 2855 3828 2910 Gra-

2226 2955 2334 3012 tias
2363 2955 2496 3026 agit,
2524 2952 2658 3009 dum
2689 2952 2893 3008 fatetur
2917 2948 3020 3007 Dei
3040 2965 3156 3005 esse
3177 2956 3512 3014 creaturam,
3544 2952 3604 3000 et
3631 2944 3828 3001 bonam

2227 3051 2468 3102 creatam
2497 3041 2618 3114 (16)
2647 3059 2660 3109 ;
2707 3041 2802 3098 sed
2832 3055 2889 3097 se
2947 3037 3308 3095 dissimulare
3347 3034 3416 3092 ab
3443 3050 3527 3103 ea,
3561 3049 3677 3090 non
3707 3049 3828 3090 con-

2227 3131 2509 3190 demnare.

2300 3225 2483 3298 (Vers.
2517 3224 2596 3295 7.)
2649 3247 2667 3270 ι
2692 3222 2866 3278 Nemo
2916 3221 3066 3277 enim
3113 3225 3367 3275 nostrum
3413 3215 3524 3273 sibi
3586 3219 3751 3291 vivit,
3782 3232 3830 3278 et

2227 3329 2392 3371 nemo
2421 3312 2528 3371 sibi
2558 3315 2814 3368 moritur.
2848 3335 2866 3358 ι
2924 3309 3044 3366 Sibi
3077 3313 3218 3371 102
3255 3304 3471 3362 viveret
3521 3307 3754 3382 aliquis,
3782 3312 3824 3367 si

2226 3430 2338 3471 non
2370 3419 2552 3486 ageret
2579 3411 2682 3467 sub
2716 3410 2832 3482 lege
2859 3427 2870 3464 :
2903 3416 2959 3465 at
2989 3406 3085 3480 qui
3121 3405 3280 3461 freno
3304 3403 3438 3476 legis
3469 3407 3831 3478 gubernatur,

2230 3523 2342 3562 non
2374 3505 2480 3562 sibi
2510 3504 2708 3577 utique
2739 3501 2904 3570 vivit,
2937 3499 3033 3556 sed
3062 3500 3175 3555 Deo
3205 3496 3300 3570 qui
3346 3496 3521 3569 legem
3569 3497 3748 3569 dedit,
3776 3508 3831 3556 ut

2225 3594 2531 3652 secundum
2575 3593 2918 3648 voluntatem
2963 3587 3084 3660 ejus
3119 3586 3293 3641 vivat.
3327 3584 3396 3640 Et
3422 3585 3521 3657 qui
3573 3588 3831 3652 moritur,

2225 3684 2398 3742 simili
2429 3682 2594 3739 modo
2645 3683 2762 3739 Deo
2817 3679 3074 3746 moritur,
3119 3691 3228 3748 quo
3251 3672 3439 3747 judice
3484 3682 3582 3731 aut
3608 3693 3832 3734 corona-

2223 3773 2376 3830 bitur
2401 3780 2496 3828 aut
2523 3769 3003 3828 condemnabitur.

2299 3863 2481 3936 (Vers.
2503 3862 2586 3935 8.)
2625 3885 2643 3908 ε
2670 3860 2798 3917 Sive
2816 3859 2968 3916 enim
2990 3857 3275 3925 vivimus,
3302 3856 3546 3913 Domino
3567 3857 3832 3923 vivimus,

2225 3953 2343 4011 sive
2400 3951 2693 4020 morimur,
2739 3949 2982 4007 Domino
3024 3947 3295 4004 morimur
3325 3946 3468 4018 (17).
3502 3970 3522 3996 ι
3558 3945 3713 4003 Idem
3757 3952 3832 4002 est

2225 4060 2435 4101 sensus.
2485 4068 2504 4091 ι
2532 4042 2661 4099 Sive
2688 4056 2819 4113 ergo
2838 4038 3104 4107 vivimus,
3135 4036 3252 4094 sive
3279 4036 3573 4103 morimur,
3607 4035 3830 4093 Domini

2224 4149 2435 4190 sumus.
2467 4157 2486 4179 ι
2533 4133 2748 4190 Verum
2789 4137 2872 4187 est
2899 4146 3090 4186 omnes
3137 4145 3238 4185 nos
3268 4125 3494 4183 Domini
3525 4143 3646 4183 esse
3673 4126 3827 4201 quasi

2225 4237 2413 4279 servos
2442 4221 2500 4278 in
2552 4219 2872 4278 conditione
2929 4226 2984 4276 et
3037 4215 3420 4289 Redemptoris
3472 4216 3750 4286 dominio,
3783 4222 3831 4272 et

2225 4327 2673 4386 unumquemque
2703 4326 2802 4383 pro
2828 4309 3028 4366 merito
3055 4325 3160 4364 suo
3189 4305 3440 4365 tractari.

2298 4402 2480 4475 (Vers.
2508 4401 2591 4473 9.)
2639 4425 2657 4447 ε
2685 4401 2748 4456 In
2778 4399 2885 4456 hoc
2912 4399 3061 4454 enim
3077 4396 3335 4456 Christus
3359 4402 3615 4452 mortuus
3642 4403 3747 4464 est,
3777 4401 3826 4450 et

2225 4489 2549 4558 resurrexit,
2575 4499 2637 4546 ut
2655 4498 2710 4546 et
2726 4495 3070 4544 mortuorum
3093 4494 3148 4542 et
3167 4486 3424 4541 vivorum
3451 4484 3814 4542 dominetur.-

523 4561 666 4666 éuia
708 4561 1013 4650 voluntatis
1059 4601 1142 4650 est
1186 4561 1368 4662 edere,
1410 4599 1504 4648 aut
1551 4607 1661 4648 non
1708 4561 1904 4657 edere;
1937 4605 2000 4644 ac
2027 4603 2123 4660 per
2151 4561 2201 4624 D
2228 4582 2331 4639 Per
2374 4580 2656 4638 Christum
2713 4577 3014 4635 Dominum
3072 4575 3216 4632 facta
3270 4581 3354 4631 est
3403 4585 3683 4645 creatura,
3715 4591 3828 4649 quae

523 4685 630 4744 hoc
657 4683 888 4760 quaestio
906 4682 1039 4740 hinc
1065 4681 1186 4739 ﬁeri
1208 4697 1319 4738 non
1345 4679 1527 4738 debet.
1560 4679 1645 4736 Ad
1669 4679 1772 4736 hoc
1800 4679 1947 4734 enim
1979 4677 2122 4734 facta

522 4783 656 4834 sunt
682 4772 890 4842 omnia,
921 4779 984 4828 ut
1011 4769 1287 4829 voluntati
1333 4767 1674 4843 subjaceant,
1706 4767 1836 4842 quia
1871 4765 2121 4824 dominio

527 4864 771 4922 humano
798 4860 1047 4935 subjecta
1073 4867 1224 4919 sunt.

603 5060 720 5140 (l2)
754 5059 837 5140 Ita
872 5075 1002 5115 mss.
1033 5059 1218 5140 plures
1247 5076 1308 5140 ac
1360 5059 1605 5140 potiores
1627 5076 1638 5114 :
1693 5055 1788 5113 alii
1821 5061 2057 5140 autem,‘
2070 5060 2124 5140 et

530 5125 785 5214 editu'ne
809 5133 868 5214 in
894 5125 1127 5212 convivio
1159 5125 1468 5212 nuptiarum
1496 5149 1517 5197 ;
1567 5131 1725 5210 Rom.
1776 5125 1935 5194 edit.,
1965 5125 2124 5214 calle-

529 5195 690 5261 stiurn
716 5203 1047 5274 nuptiarum,
1076 5202 1188 5258 sine
1226 5195 1370 5260 'veste
1421 5195 1534 5272 ejus
1583 5201 1841 5266 inventus,
1900 5195 2126 5266 turpiter

530 5275 781 5346 abjectus,
812 5282 918 5332 etc.

606 5336 722 5420 (I3)
763 5336 929 5404 Rom.
979 5345 1136 5415 edit.,
1196 5344 1254 5400 in
1305 5343 1534 5399 novitate
1570 5341 1690 5397 vitae
1742 5336 2125 5405 ambulandum

532 5425 626 5474 est.

607 5487 724 5560 (lli)
755 5487 959 5560 Eadem
991 5489 1148 5545 Rom.
1172 5484 1306 5560 edit.
1338 5485 1410 5560 ad
1437 5483 1591 5555 ﬁdem
1615 5483 1836 5560 Christi.

607 5551 726 5631 (15)
757 5559 884 5631 Mss.
916 5561 1082 5631 Carn.
1116 5567 1170 5631 et
1209 5555 1306 5611 alii
1337 5551 1568 5628 aliquot,
1608 5556 1720 5631 qui
1752 5552 1906 5608 tertia
1958 5551 2119 5622 feria.

532 5629 605 5686 Et
618 5626 812 5701 paucis
867 5629 1194 5701 interiectis,
1235 5642 1334 5699 pro
1363 5626 1524 5698 asilus
1551 5626 1623 5701 ad
1645 5628 1981 5701 _Pe_ntecosten_
2018 5639 2125 5677 non

531 5694 708 5772 edant,
740 5717 844 5756 ms.
874 5694 1037 5758 Corb".
1093 5694 1256 5772 legit;
1292 5694 1453 5770 usque
1506 5698 1576 5753 ad
1626 5694 2123 5768 Quinquagen'mam

2231 4686 2327 4744 per
2355 4676 2638 4742 peccatum
2669 4667 2906 4723 alienata
2929 4672 3013 4722 est
3040 4664 3110 4721 ab
3137 4671 3380 4732 auctore,
3399 4664 3550 4721 facta
3575 4664 3826 4737 captiva:

2231 4775 2396 4833 quam
2423 4759 2570 4815 Deus
2596 4757 2774 4824 Pater,
2807 4770 2876 4810 ne
2902 4770 3040 4828 opus
3067 4752 3186 4825 ejus
3216 4751 3437 4826 periret,
3489 4751 3666 4808 misso
3696 4751 3831 4809 Filio

2231 4865 2331 4906 suo
2360 4848 2428 4905 de
2455 4847 2609 4906 oculis
2638 4845 2708 4902 ad
2736 4852 2928 4914 terras,
2960 4842 3154 4902 docuit
3185 4841 3321 4915 quid
3355 4838 3616 4898 faciendo
3641 4856 3832 4898 manus

2231 5061 2336 5100 non
2365 5041 2706 5097 manducant.

2307 5114 2423 5186 (16)
2455 5114 2658 5169 Omnes
2687 5109 2821 5186 edit.
2861 5125 2926 5166 ac
2952 5108 3140 5186 plures
3169 5123 3326 5186 ms_s.,
3356 5113 3404 5161 et
3435 5105 3576 5162 bona
3621 5114 3830 5186 create:

2233 5179 2433 5260 melius
2462 5192 2645 5240 tamen
2695 5181 2801 5260 alii.
2823 5179 3103 5260 nonnulli,
3150 5186 3205 5260 et
3243 5180 3431 5260 bonurn
3478 5186 3745 5260 creatam,
3768 5181 3834 5235 Et

2232 5257 2498 5316 continuo
2529 5262 2672 5327 post,
2704 5251 2802 5308 ubi
2833 5249 2951 5308 vet.'
2983 5250 3116 5327 edit.
3157 5257 3214 5306 et
3243 5249 3407 5327 mu_lti
3459 5264 3620 5327 ιῐιδει.ξ
3655 5254 3746 5306 sed
3788 5267 3836 5327 se

2232 5321 2546 5386 dissimulat
2561 5328 2626 5382 ab
2656 5321 2715 5380 ea
2744 5339 2850 5378 non
2885 5322 3274 5387 condemnare;
3315 5322 3474 5377 Rom.
3527 5321 3741 5379 edit....
3774 5321 3833 5376 ob

2231 5417 2292 5458 ea
2317 5397 2656 5456 condemnari
2681 5413 2701 5459 ;
2729 5393 3078 5469 commodius
3107 5392 3204 5449 alii
3222 5400 3282 5448 ut
3312 5393 3370 5469 in
3386 5399 3688 5469 contentu.

2300 5473 2425 5596 ἰ(17)
2459 5471 2560 5526 Hic
2587 5474 2773 5523 textus
2801 5465 2859 5519 in
2889 5465 3024 5522 cod.
3064 5464 3204 5520 bene
3236 5463 3429 5519 multis
3457 5462 3830 5521 desideratur.

2324 5558 2384 5596 ra
2411 5557 2629 5596 anouue
2653 5537 2749 5593 ubi
2782 5544 2892 5592 vet.
2944 5535 3080 5592 edit.
3112 5551 3177 5592 ac
3206 5551 3338 5591 mss.
3386 5534 3626 5596 aliquot.
3661 5536 3830 5591 Chri-

2233 5534 2384 5599 Infra
2405 5534 2629 5614 quoque
2653 5537 2749 5593 ubi
2782 5544 2892 5592 vet.
2944 5535 3177 5614 edit._ac
3206 5551 3367 5614 mss.__
3386 5534 3628 5614 aliquot,
3661 5536 3833 5614 Citri—

2231 5621 2342 5668 stus
2370 5605 2579 5667 et'vizit
2605 5617 2653 5664 et
2677 5617 2922 5662 mortuus
2939 5613 3042 5679 εει,
3077 5607 3236 5664 Rom.
3260 5605 3394 5662 edit.
3418 5605 3548 5663 cum
3574 5605 3833 5679 pluribus

2232 5699 2362 5742 mss.
2391 5681 2656 5756 expungit
2682 5687 2743 5741 τὸ
2771 5685 2819 5732 et
2841 5671 3000 5773 viai-tt.
