3952 6202
143 357 250 416 177

1254 346 1618 410 COMMENT.
1659 345 1732 404 IN
1768 342 1986 402 EPIST.
2028 345 2125 402 AD
2163 345 2334 403 ROM.

3350 341 3453 400 178

143 501 451 575 piratarum
470 500 754 573 eﬁ'ugeret.
784 461 1017 570 Propter
1062 494 1211 570 quod
1236 501 1291 552 et
1318 491 1498 550 occidi
1527 507 1585 548 se
1611 506 1746 563 pas-
1775 469 1828 531 Α
1859 469 1990 575 Qui?
2019 485 2134 568 ξιοΠ
2183 467 2291 575 ὗες
2335 468 2718 575 εῑξρθηῑίίίοηθ
2764 467 2917 537 facii»
2970 466 3067 524 8θά
3096 465 3318 536 timore,
3348 483 3451 526 300

144 608 243 648 sus
261 599 346 649 est
380 591 448 648 ab
479 588 744 658 inimicis,
788 595 853 644 ut
885 582 1221 643 descendens
1265 582 1334 640 ad
1361 581 1589 650 inferos,
1619 580 1751 654 quia

145 680 418 739 innocens
463 688 580 737 erat
629 677 868 744 occisus,
917 691 1075 732 reum
1122 673 1324 731 faceret
1351 679 1657 744 peccatum,
1687 677 1750 725 ut

143 787 290 844 quos
361 768 587 826 tenebat
647 765 796 838 apud
836 764 1067 830 inferos,
1124 760 1417 818 amitteret.
1475 758 1747 826 Quoniam

141 874 278 931 ergo
308 856 459 914 vivis
487 855 734 912 ostendit
774 853 926 908 viam
970 850 1183 916 salutis,
1233 865 1297 905 ac
1324 863 1380 904 se
1409 846 1612 903 obtulit
1649 862 1748 919 pro

138 946 250 1013 eis,
283 952 534 1002 mortuos
554 959 686 999 vero
715 940 974 998 liberavit
995 939 1060 995 de
1090 938 1328 1006 inferno,
1346 946 1456 993 tam
1488 935 1746 991 vivorum

139 1050 316 1108 quam
368 1040 718 1091 mortuorum
774 1030 1127 1094 dominatur;
1186 1043 1256 1083 ex
1312 1025 1546 1099 perditis
1596 1023 1744 1080 enim

140 1124 354 1182 iterum
378 1121 704 1180 reformavit
732 1119 838 1178 sibi
869 1119 996 1174 illos
1026 1117 1083 1173 in
1109 1132 1315 1173 servos.

225 1213 412 1284 (Vera.
438 1212 553 1284 10.)
589 1235 607 1258 ι
635 1211 715 1266 Tu
730 1215 912 1266 autem
935 1205 1072 1281 quid
1081 1204 1304 1278 judicas
1329 1204 1556 1260 fratrem
1585 1209 1744 1259 tuum

141 1302 210 1357 in
240 1317 354 1358 non
384 1299 598 1358 edendo
629 1298 745 1370 (18)
775 1297 804 1352 ?
845 1303 941 1352 aut
974 1304 1034 1352 tu
1070 1311 1238 1367 quare
1273 1293 1489 1366 spernis
1518 1292 1743 1347 fratrem

139 1398 309 1448 tuum
340 1390 398 1446 in
423 1389 635 1447 edendo
651 1388 679 1444 7
708 1387 914 1444 Omnes
939 1384 1090 1441 enim
1116 1383 1386 1442 stabimus
1414 1391 1542 1439 ante
1571 1380 1746 1437 tribu-

141 1483 242 1538 nal
267 1480 496 1540 Christi.
530 1506 549 1529 ι
586 1482 758 1537 Docet
805 1493 919 1534 non
958 1483 1210 1548 oportere
1249 1473 1502 1546 judicare
1545 1473 1603 1528 in
1642 1470 1745 1527 hac

142 1589 231 1641 re,
258 1579 378 1629 tum
407 1571 538 1646 quia
559 1586 672 1626 non
700 1567 1021 1625 continetur
1049 1566 1108 1622 in
1150 1565 1291 1638 lege,
1324 1571 1588 1636 praeterea
1614 1579 1743 1620 cum

142 1664 323 1719 Deum
348 1659 594 1732 judicem
623 1664 1028 1730 exspectemus.

224 1750 404 1821 (Vers.
427 1750 540 1821 11.)
581 1771 599 1795 ι
634 1746 909 1820 Scriptum
928 1754 1011 1802 est
1061 1745 1212 1801 enim
1245 1762 1256 1800 :
1289 1745 1438 1802 Vivo
1455 1760 1573 1817 ego,
1607 1742 1746 1800 dicit

143 1816 449 1906 Dominus,
480 1816 612 1912 quia
642 1816 782 1892 mihi
820 1834 1074 1891 ﬂectetur
1107 1850 1270 1891 omne
1301 1850 1465 1907 genu,
1493 1816 1547 1890 et
1578 1831 1744 1889 conﬁ-

1876 1817 2107 1866 nortuus
2157 1816 2258 1866 est.
2293 1833 2310 1854 ι

149 1928 362 1984 tehitur
388 1927 571 1984 omnis
613 1928 802 1999 lingua
845 1927 960 1982 Deo
1008 1925 1143 1996 (Isa.
1176 1940 1307 1991 va,
1339 1923 1454 1996 24).
1485 1949 1502 1971 ι
1545 1923 1662 1980 Hoc
1689 1921 1750 1978 in

149 2016 295 2074 Isaia
333 2017 600 2089 scriptum
634 2023 735 2084 est,
768 2015 899 2088 quia
931 2014 1114 2070 omnis
1161 2012 1352 2086 lingua
1393 2011 1750 2069 confitebitur

147 2108 271 2164 Deo
299 2106 358 2162 in
387 2105 497 2162 ﬁde
525 2105 753 2162 Christi.
777 2107 912 2161 Nam
929 2103 1058 2178 quia
1073 2102 1288 2160 occisus
1305 2100 1606 2158 resurrexit
1629 2100 1746 2172 (19)

147 2194 386 2251 futurus
410 2193 608 2265 judex,
635 2201 778 2250 recte
807 2193 885 2250 ait
917 2211 928 2248 :
974 2216 993 2239 ‹
1021 2192 1170 2249 Vivo
1206 2207 1327 2264 ego,
1383 2189 1522 2247 dicit
1547 2188 1752 2246 Domi-

144 2300 300 2350 nus;
326 2309 344 2332 ι
380 2291 436 2339 et
462 2299 572 2339 non
602 2283 782 2339 solum
828 2282 979 2350 vivo,
1005 2282 1101 2338 sed
1131 2290 1186 2338 et
1221 2279 1578 2353 judicaturus
1601 2295 1748 2348 sum,

143 2381 207 2430 et
239 2371 457 2429 inimici
509 2371 808 2445 stupebunt
855 2372 913 2427 in
958 2387 1042 2427 me
1074 2371 1216 2443 (20),
1247 2377 1302 2426 et
1321 2385 1465 2442 genu
1507 2368 1750 2439 ﬂectent,

158 2469 561 2535 cognoscentes
583 2477 670 2518 me
699 2463 873 2518 Deum
900 2460 968 2518 de
993 2462 1128 2518 Deo.

231 2552 417 2624 (Vera.
445 2553 558 2622 12.)
601 2575 618 2599 ι
648 2553 837 2624 Itaque
863 2567 1008 2608 unus
1035 2550 1270 2624 quisque
1299 2557 1549 2606 nostrum
1577 2564 1676 2620 pro
1695 2563 1753 2605 se

162 2639 440 2697 rationem
469 2639 661 2697 reddet
703 2642 837 2698 Deo.
867 2665 886 2688 -
942 2639 1237 2707 Quoniam,
1286 2638 1492 2712 inquit,
1524 2653 1627 2694 nos
1655 2652 1754 2709 pro

153 2731 321 2788 nobis
340 2731 579 2789 invicem
610 2730 881 2788 reddituri
936 2746 1128 2786 sumus
1174 2728 1462 2797 rationem,
1513 2744 1625 2785 non
1655 2743 1756 2784 nos

157 2821 220 2878 in
266 2821 369 2879 hac
411 2829 582 2894 parte,
629 2837 750 2895 quae
791 2837 959 2894 supra
1002 2820 1208 2893 scripta
1261 2827 1364 2888 est,
1423 2819 1754 2875 alterutrum

155 2909 614 2968 condemnemus.

233 2999 418 3069 (Vers.
455 2999 568 3073 13.)
609 3023 626 3047 ι
656 3000 778 3057 Non
814 3014 944 3072 ergo
973 2996 1212 3070 amplius
1239 2994 1483 3054 invicem
1527 2993 1757 3068 judice-

153 3106 306 3156 mus,
332 3114 350 3138 ι
413 3089 471 3146 id
526 3097 628 3156 est,
658 3090 894 3148 scientes
923 3087 1049 3156 hoc,
1077 3102 1350 3143 cessemus
1379 3103 1413 3142 a
1456 3084 1754 3142 discordia.

172 3205 192 3228 ι
223 3179 333 3236 Sed
363 3179 420 3236 in
449 3179 556 3237 hoc
578 3179 829 3253 judicate
859 3178 1052 3249 magis,
1094 3192 1164 3232 ne
1189 3175 1410 3249 ponatis
1438 3173 1758 3230 offendicu-

152 3272 279 3326 lum
327 3269 512 3338 fratri,
561 3269 651 3325 vel
705 3267 1048 3324 scandalum.
1085 3291 1103 3314 ι
1167 3267 1229 3320 In
1280 3280 1345 3319 eo
1393 3261 1758 3334 judicandum

149 3367 371 3427 monet,
416 3357 565 3430 quod
607 3355 783 3429 prosit
813 3353 955 3424 (21),
975 3353 1122 3425 quod
1153 3358 1331 3424 potest
1350 3357 1406 3405 et
1432 3349 1760 3405 auctoritate

151 3448 297 3522 legis
326 3445 552 3503 defendi
578 3463 590 3501 :
621 3443 766 3499 nulli
802 3450 984 3498 autem
1031 3441 1265 3498 fratrum
1307 3454 1529 3497 carnem
1577 3437 1758 3495 edenti

148 3545 252 3593 aut
281 3550 398 3591 non
430 3533 613 3590 edenti
643 3532 737 3589 ﬁat
756 3530 1099 3588 scandalum.

233 3627 422 3698 (Vers.
475 3622 590 3694 14.)
641 3646 659 3671 ι
693 3623 819 3682 Scio
857 3629 912 3678 et
958 3621 1178 3678 conﬁdo
1226 3621 1285 3676 in
1344 3619 1584 3676 Domino
1631 3620 1762 3692 quia

154 3717 310 3774 nihil
339 3732 637 3772 commune
682 3731 778 3786 per
815 3714 1019 3787 ipsum.
1061 3737 1081 3764 ι
1135 3712 1488 3769 Manifestum
1521 3719 1602 3767 est
1630 3712 1761 3784 quia

153 3807 466 3866 Salvatoris
492 3805 765 3864 beneﬁcio
791 3805 980 3862 omnia
1004 3803 1212 3861 munda
1251 3810 1402 3871 sunt,
1435 3802 1530 3876 qui
1561 3801 1628 3858 de
1656 3801 1759 3858 sub

148 3899 296 3971 jugo
330 3895 487 3968 Legis
527 3911 724 3952 eruens
763 3893 1018 3950 homines
1051 3901 1106 3949 et
1146 3892 1477 3964 justiﬁcans,
1521 3889 1762 3947 reddidit

155 3995 370 4044 statum
402 3985 648 4058 pristinae
694 3983 997 4050 libertatis;
1057 3989 1120 4039 ut
1159 3981 1314 4054 digni
1362 3981 1475 4037 sint
1517 3980 1600 4037 uti
1646 3987 1762 4036 tota

157 4084 436 4144 creatura,
466 4075 610 4132 sicut
651 4082 707 4131 et
737 4082 946 4131 veteres
975 4074 1172 4132 sancti.
1229 4073 1336 4141 Qui
1365 4081 1548 4129 autem
1577 4071 1764 4128 adhuc

156 4167 266 4223 sub
311 4169 426 4239 lege
477 4174 627 4235 sunt,
683 4181 795 4221 non
843 4165 969 4221 licet
1025 4164 1139 4220 illis
1162 4164 1245 4221 uti
1294 4171 1390 4221 aut
1431 4162 1610 4232 edere,
1642 4179 1761 4235 quae

158 4255 421 4329 prohibet
454 4256 593 4323 Lex;
642 4253 773 4327 quia
800 4253 1205 4326 indulgentiam
1239 4253 1424 4310 datam
1471 4261 1759 4325 spernunt.

158 4346 286 4402 Non
315 4344 466 4399 enim
495 4343 798 4400 secundum
823 4351 1076 4397 naturam
1097 4358 1276 4410 suam,
1306 4340 1399 4398 sed
1417 4357 1542 4397 cum
1575 4347 1767 4398 contra

160 4434 411 4492 edictum
439 4433 701 4501 eduntur,
750 4432 1040 4489 immunda
1079 4439 1227 4488 sunt.
1258 4432 1506 4504 Denique
1538 4432 1597 4488 in
1628 4431 1766 4504 Lege

1855 557 2070 630 judicio
2101 558 2511 615 remittendum.

1935 648 2117 715 (Vers.
2155 647 2267 719 15.)
2313 671 2330 694 ι
2360 648 2496 704 Nam
2537 647 2584 703 si
2617 654 2838 720 propter
2881 663 3060 706 escam
3107 648 3276 706 frater
3318 655 3449 706 tuus

1859 736 2238 802 contristatur,
2263 733 2378 807 jam
2405 751 2518 790 non
2558 734 2859 792 secundum
2889 735 3212 794 charitatem
3241 737 3450 794 ambu-

1861 826 1958 881 las.
1993 850 2010 873 ι
2050 825 2113 881 In
2144 824 2253 880 alia
2280 823 2512 896 epistola
2527 821 2664 880 dicit
2689 841 2699 878 :
2742 847 2760 869 ι
2781 825 2922 881 Esca
2939 825 3144 894 ventri,
3171 834 3226 883 et
3253 834 3447 884 venter

1858 912 2025 980 escis;
2049 921 2104 968 et
2131 911 2285 969 hunc
2313 920 2367 967 et
2382 910 2480 968 has
2499 913 2646 968 Deus
2674 909 2917 968 destruet
2935 913 2990 983 (Ι
3020 914 3144 970 Cor.
3176 932 3258 981 v1,
3283 915 3394 986 19).
3414 940 3435 964 ι

1859 1001 2000 1069 Quia
2027 1018 2138 1061 non
2169 1001 2237 1057 de
2263 1017 2385 1057 esca
2413 1007 2506 1057 aut
2534 1000 2711 1072 placet
2740 1000 2865 1073 quis
2890 1003 3003 1056 Deo
3033 1007 3128 1056 aut
3158 1000 3444 1074 displicet;

1858 1095 1983 1150 ideo
2033 1090 2357 1149 charitatem
2409 1087 2723 1146 sectandam
2772 1095 2978 1156 monet,
3023 1103 3131 1162 qua
3175 1105 3274 1145 nos
3303 1091 3450 1149 Deus

1857 1183 2091 1240 liberare
2138 1180 2398 1252 dignatus
2445 1185 2564 1244 est;
2609 1177 2691 1234 sic
2710 1193 2742 1252 e
2762 1176 2880 1233 nim
2910 1176 3028 1233 ait:
3072 1178 3219 1234 Deus
3265 1186 3449 1236 autem

1857 1280 2081 1344 propter
2108 1269 2432 1326 charitatem
2455 1266 2684 1322 nimiam
2718 1265 2976 1322 misertus
3009 1274 3092 1322 est
3120 1266 3295 1323 nostri
3327 1267 3448 1340 (23)

1859 1363 2076 1435 (Ephes.
2111 1378 2171 1429 ri,
2203 1359 2282 1433 4).
2315 1358 2422 1426 Qui
2455 1373 2583 1431 ergo
2631 1356 2800 1430 hujus
2849 1355 3104 1413 beneﬁcii
3133 1375 3346 1415 memor
3367 1368 3452 1417 est

1857 1451 2000 1508 hanc
2028 1449 2254 1517 excolit,
2284 1465 2385 1504 nec
2430 1447 2513 1502 illi
2555 1445 2768 1519 aliquid
2809 1445 3131 1518 anteponit;
3173 1446 3269 1503 sed
3297 1462 3450 1520 pra-

1856 1539 2114 1597 termittit
2143 1539 2406 1603 maxima,
2438 1553 2558 1610 quae
2605 1536 2710 1593 scit
2753 1535 3177 1608 promissionem
3201 1551 3314 1592 non
3343 1551 3449 1610 pc-

1857 1647 1977 1687 rare
2006 1628 2155 1702 apud
2182 1630 2379 1685 Deum.

1942 1745 1960 1767 ι
1989 1719 2115 1776 Noli
2147 1718 2272 1775 cibo
2302 1725 2397 1774 tuo
2424 1715 2652 1790 perdere
2681 1715 2864 1784 illum,
2913 1733 3012 1789 pro
3057 1733 3166 1790 quo
3195 1715 3452 1776 Christus

2375 1807 2651 1875 Quantum
2698 1805 2878 1862 valeat
2929 1805 3076 1862 salus
3124 1805 3330 1875 fratris,
3379 1823 3450 1865 ex

1859 1907 2034 1957 morte
2080 1897 2288 1956 Christi
2342 1895 2710 1970 cognoscitur.
2765 1899 2906 1957 103
2962 1896 3148 1969 Itaque
3196 1894 3292 1970 qui
3347 1894 3453 1953 scit

1859 2005 2128 2072 quantum
2159 2002 2394 2063 constet,
2427 1993 2752 2052 conﬁrmare
2773 1991 2934 2048 illum
2954 1991 3137 2062 debet,
3165 2007 3278 2048 non
3294 2006 3450 2047 scan-

1859 2086 2116 2154 dalizare,
2150 2092 2213 2142 ut
2241 2100 2311 2140 ex
2355 2100 2412 2139 re
2443 2082 2642 2138 frivola
2682 2081 2847 2138 faciat
2891 2080 2975 2137 illi
3004 2079 3362 2154 scrupulum:
3396 2089 3452 2138 et

1859 2175 2088 2248 incipiat
2132 2173 2384 2230 haesitare
2429 2189 2498 2228 an
2547 2169 2927 2229 manducanda
2961 2186 3089 2228 caro
3117 2169 3209 2239 sit,
3240 2185 3435 2238 necne,

1861 2266 1955 2337 qui
1980 2264 2121 2321 forte
2140 2262 2470 2335 simpliciter
2496 2259 2711 2328 edebat,
2745 2275 2971 2317 securus
3015 2257 3083 2314 de
3110 2257 3453 2316 conscientia

1859 2371 1976 2411 sua.
2031 2353 2105 2409 At
2158 2369 2288 2408 vero
2337 2367 2466 2409 cum
2517 2349 2722 2407 adeunt
2755 2346 3164 2418 controversiae,
3223 2347 3454 2420 incipiet

1859 2443 2273 2516 perturbatione
2301 2443 2358 2498 in
2386 2443 2486 2499 Dei
2515 2449 2822 2499 creaturam
2865 2457 3110 2516 peccare,
3156 2449 3212 2498 et
3256 2439 3366 2496 erit
3394 2440 3451 2496 in

1863 2533 2129 2606 injuriam
2176 2532 2469 2600 Creatoris,
2517 2549 2639 2605 quae
2688 2529 2941 2604 proﬁciet
2980 2530 3049 2587 ad
3086 2529 3454 2603 perditionem

1863 2621 2192 2680 dubitantis.

1936 2713 2121 2787 (Vers.
2170 2711 2284 2784 16.)
2350 2734 2369 2757 ε
2418 2709 2540 2766 Non
2597 2725 2725 2782 ergo
2775 2707 3190 2781 blasphemetur
3245 2707 3456 2764 bonum

1863 2810 2134 2861 nostrum.
2177 2825 2194 2848 ι
2256 2800 2374 2856 Hoc
2411 2805 2516 2866 est,
2560 2797 2816 2854 doctrina
2860 2794 3174 2864 Dominica,
3217 2812 3344 2852 cum
3386 2794 3461 2852 sit

1863 2895 2010 2952 bona
2060 2899 2116 2949 et
2162 2890 2439 2959 salutaris,
2495 2904 2608 2944 non
2656 2886 2819 2944 debet
2879 2899 2974 2960 per
3026 2901 3142 2940 rem
3197 2884 3458 2942 frivolam

1863 2985 2232 3060 blasphemari
2259 3002 2274 3051 ;
2302 2981 2718 3055 blasphematur
2763 2986 2969 3049 autem,
3013 2994 3141 3036 cum
3173 2975 3461 3035 dubitatur

1865 3076 1932 3132 de
1976 3074 2075 3131 Dei
2132 3081 2400 3131 creatura.
2465 3072 2650 3128 Potest
2699 3077 2754 3127 et
2805 3069 2886 3126 sic
2948 3067 3187 3140 intelligi
3243 3065 3454 3123 bonum

1789 3186 1834 3248 ο
1865 3172 2116 3221 nostrum
2142 3161 2535 3234 blasphemari,
2573 3159 2704 3233 quia
2731 3158 2845 3248 qui
2874 3157 3020 3213 bona
3061 3171 3232 3248 opera
3261 3154 3452 3248 habet,

1867 3253 1913 3308 si
1938 3252 1996 3307 in
2041 3251 2147 3306 alia
2194 3248 2624 3322 reprehendatur
2663 3262 2722 3301 re
2775 3245 3025 3310 minima,
3061 3242 3271 3298 bonum
3322 3242 3464 3299 illud

1867 3356 2031 3396 suum
2073 3338 2321 3406 oﬁ'uscat,
2353 3345 2408 3392 et
2440 3334 2671 3407 incipiet
2689 3332 2898 3389 bonum
2937 3330 3056 3403 ejus
3080 3328 3451 3401 blasphemari

1870 3444 1967 3503 per
1998 3427 2204 3483 malum
2233 3424 2372 3498 ejus,
2398 3424 2543 3482 sicut
2585 3423 2852 3494 scriptum
2893 3429 2974 3477 est
3013 3419 3071 3475 in
3117 3419 3407 3476 Ezechiele
3446 3437 3457 3476 :

1885 3542 1904 3568 ι
1939 3515 2162 3574 Iustitia
2189 3514 2324 3588 justi
2374 3529 2486 3569 non
2527 3510 2795 3584 proﬁciet,
2839 3508 2884 3566 si
2923 3507 3192 3566 erraverit
3239 3508 3458 3581 (Ezech.

1869 3623 2076 3676 χχχιιι,
2108 3605 2220 3678 12).
2268 3628 2286 3652 ι
2324 3603 2451 3658 Tale
2476 3608 2577 3668 est,
2614 3600 2661 3656 si
2709 3598 2832 3673 quis
2883 3598 3097 3672 aliquid
3143 3597 3272 3654 vitii
3323 3597 3465 3654 forte

1869 3698 2102 3756 decorus
2128 3693 2328 3752 habeat
2357 3693 2475 3766 (24)
2506 3693 2566 3748 in
2595 3691 2796 3760 fronte,
2827 3697 2920 3747 aut
2943 3705 3137 3747 nasum
3185 3689 3463 3756 collisum,

1869 3789 2017 3847 unde
2045 3788 2384 3846 deformetur
2425 3785 2634 3859 species
2679 3785 2818 3858 ejus.
2865 3783 3100 3859 Ideoque
3137 3784 3236 3840 illa
3280 3793 3467 3841 monet

1870 3878 2144 3948 sectanda,
2191 3894 2311 3952 quae
2359 3876 2521 3934 bonis
2551 3874 2779 3949 reliquis
2815 3889 2926 3930 non
2958 3873 3160 3929 tollant
3196 3872 3463 3928 favorem.

1944 3969 2128 4044 (Vers.
2162 3968 2274 4040 17.)
2321 3992 2339 4015 ι
2371 3967 2493 4024 Non
2515 3973 2597 4022 est
2643 3965 2791 4020 enim
2841 3977 3070 4033 regnum
3107 3959 3207 4016 Dei
3254 3975 3376 4017 esca
3413 3968 3469 4016 et

1873 4070 2055 4136 potus.
2096 4085 2115 4110 ι
2183 4057 2536 4116 Manifestum
2590 4059 2672 4111 est
2729 4051 2861 4125 quia
2922 4066 3085 4106 nemo
3136 4065 3234 4121 per
3287 4064 3467 4108 escam

1871 4153 2048 4225 placet
2094 4152 2208 4206 Deo
2259 4156 2354 4204 aut
2403 4145 2678 4218 displicet.
2745 4166 2763 4189 ε
2800 4140 2904 4197 Sed
2943 4139 3182 4213 justitia,
3226 4146 3281 4195 et
3336 4153 3465 4212 pax,

1872 4248 1926 4298 et
1956 4238 2217 4312 gaudium
2249 4237 2306 4293 in
2335 4235 2541 4308 Spiritu
2566 4238 2774 4290 sancto.
2817 4255 2834 4278 ι
2885 4231 2995 4288 Hos
3021 4229 3081 4286 in
3110 4245 3338 4302 regnum
3367 4229 3467 4285 Dei

1873 4330 2012 4389 dicit
2039 4329 2264 4395 intrare,
2297 4326 2392 4400 qui
2415 4322 2692 4397 justitiam
2719 4329 3047 4397 sequuntur,
3077 4319 3171 4377 sed
3202 4319 3468 4378 Christia-

1875 4437 2002 4476 nam
2029 4417 2292 4475 habentes
2320 4429 2528 4489 pacem,
2551 4428 2716 4486 quam
2737 4409 3010 4468 Dominus
3034 4408 3208 4478 dedit,
3239 4407 3427 4465 dicens
3452 4424 3462 4461 :

157 4522 286 4581 ait:
335 4523 560 4578 «Erunt
614 4520 1082 4588 immundavobis,
1132 4528 1237 4577 etc.
1275 4502 1466 4592 (Leuit.
1499 4537 1580 4589 χι,
1617 4502 1750 4592 4).)
1791 4537 1840 4597 D
1889 4542 1906 4565 ι
1947 4517 2139 4573 Pacem
2183 4530 2359 4570 meam
2407 4510 2478 4568 do
2519 4510 2700 4579 vobis,
2748 4524 2936 4582 pacem
2998 4506 3254 4579 relinquo
3308 4502 3470 4560 vobis

247 4636 266 4658 ι
299 4613 372 4668 Et
399 4613 558 4684 plane
586 4610 682 4684 qui
708 4609 996 4666 existimat
1037 4609 1252 4683 aliquid
1296 4625 1413 4666 esse
1441 4626 1758 4678 commune,

161 4701 248 4756 illi
279 4716 576 4757 commune
600 4707 702 4756 est.
731 4724 749 4744 ι
793 4698 923 4755 Sive
955 4699 1051 4772 qui
1081 4715 1151 4755 ex
1178 4698 1369 4756 Iudaeo
1419 4698 1763 4757 christianus

161 4799 266 4857 est,
316 4791 435 4846 sive
484 4788 710 4863 gentilis
773 4787 953 4844 ﬁdelis
995 4795 1152 4861 putat
1219 4804 1336 4844 esse
1389 4787 1607 4862 aliquid
1651 4789 1764 4845 tale

164 4877 484 4947 vitandum,
516 4877 633 4951 ipse
652 4887 737 4936 est
752 4893 915 4951 quem
945 4892 1113 4949 supra
1129 4876 1414 4934 inﬁrmum
1443 4876 1583 4934 dicit
1610 4876 1759 4949 (22);

163 4966 474 5026 dubitando
526 4966 673 5023 enim
733 4973 813 5022 est
874 4964 1153 5022 inﬁrmus.
1205 4964 1370 5038 Apud
1425 4965 1591 5021 istum
1649 4965 1766 5020 im—

165 5055 443 5116 mundum
517 5061 634 5124 est,
701 5054 850 5128 quod
906 5061 1066 5128 putat
1121 5069 1235 5110 non
1291 5052 1568 5110 edendum
1629 5068 1642 5108 :
1711 5058 1768 5108 et

237 5235 564 5320 (i8)Voces
595 5233 653 5289 in
675 5248 804 5320 ‘non
841 5232 1055 5320 edendo,
1095 5238 1151 5289 et
1180 5229 1326 5288 infra
1363 5229 1424 5286 in
1463 5228 1680 5298 edendo,
1708 5230 1768 5288 in

163 5304 306 5370 edit.
332 5304 516 5378 Rom,
530 5304 800 5378 jugulatee
814 5312 974 5378 sunt.

267 5380 359 5450 19)
394 5373 560 5437 Corh.
584 5373 732 5450 οων
774 5377 914 5432 Nam
939 5376 1032 5446 qui
1067 5373 1266 5450 occisus
1306 5378 1412 5450 est,
1441 5373 1770 5450 resurrexit.

267 5382 335 5450 19
394 5382 560 5437 Corh.
584 5382 732 5443 cod.,
774 5382 914 5432 Nam
939 5382 1032 5446 qui
1067 5382 1266 5430 occisus
1306 5382 1402 5439 est,
1441 5382 1770 5430 resurrexit.

237 5382 359 5524 (20)
389 5450 596 5508 Omnes
627 5447 850 5524 edit._et
874 5462 1008 5524 μηδ.
1056 5445 1294 5524 aliquot,
1316 5450 1366 5498 et
1392 5441 1598 5524 inimici
1623 5440 1770 5524 [ρω-

165 5512 364 5580 buntur
390 5538 475 5578 me
495 5539 518 5586 ;
550 5518 832 5585 nonnulli,
862 5517 922 5572 in
953 5533 1070 5582 me;
1114 5512 1322 5581 cieteri,
1359 5513 1456 5589 qui
1485 5521 1539 5568 et
1561 5512 1771 5583 proba-

166 5595 355 5662 tiores,
377 5592 544 5650 nobis
573 5589 1002 5662 adstipulantur.

239 5656 356 5742 (21)
379 5666 517 5727 Mss.
551 5656 834 5730 nonnulli,
864 5659 1008 5734 quod
1026 5656 1233 5733 prodit.

1879 4607 2060 4681 (Joau.
2091 4623 2209 4674 xiv,
2240 4604 2368 4677 27);
2411 4628 2429 4650 n
2473 4618 2543 4657 ex
2578 4617 2686 4676 qua
2704 4599 2885 4656 oritur
2905 4597 3165 4671 gaudium
3181 4596 3238 4652 in
3257 4595 3469 4668 Spiritu

1870 4703 2078 4754 sancto.
2106 4692 2440 4766 Disceptatio
2469 4698 2650 4747 autem
2683 4706 2795 4746 non
2826 4688 2993 4744 habet
3037 4683 3322 4756 gaudium,
3372 4681 3468 4737 sed

1871 4786 2048 4852 iram;
2083 4785 2204 4840 ideo
2233 4800 2343 4840 non
2369 4782 2490 4838 illic
2525 4777 2752 4851 respicit
2788 4776 3028 4848 Spiritus
3060 4779 3302 4837 sanctus,
3340 4768 3471 4840 quia

1873 4875 2069 4948 gaudet
2097 4875 2155 4930 in
2185 4873 2316 4930 solis
2338 4870 2601 4944 paciﬁcis.
2634 4868 2790 4924 Sicut
2817 4865 2967 4921 enim
3007 4878 3078 4918 ex
3116 4858 3279 4915 nobis
3323 4872 3468 4914 con-

1872 4962 2144 5029 tristatur,
2170 4960 2250 5016 sic
2278 4968 2333 5015 et
2361 4957 2560 5030 gaudet
2589 4957 2645 5010 in
2682 4953 2862 5009 nobis.

1947 5051 2130 5127 (Vers.
2164 5048 2277 5121 18.)
2351 5071 2370 5094 ι
2406 5045 2513 5114 Qui
2561 5044 2711 5103 enim
2765 5042 2825 5099 in
2872 5040 2980 5100 hoc
3024 5040 3196 5098 servit
3244 5037 3468 5099 Christo

1919 5230 2068 5316 ,(22)
2093 5227 2244 5286 Edit.
2276 5242 2341 5285 ac
2367 5222 2528 5300 pauci
2545 5239 2702 5291 mss.,
2723 5239 2874 5295 quem
2895 5221 3178 5294 Scriptura
3196 5218 3472 5293 inﬁrmum

1874 5304 2068 5447 ἆωᾶξὶ)
2099 5371 2229 5429 Mss.
2284 5369 2514 5447 aliquot,
2555 5373 2787 5447 propter.
2819 5364 3126 5422 charitatem
3153 5380 3327 5432 suam,
3358 5378 3476 5434 qua:

1877 5437 2068 5504 dilexit
2101 5458 2218 5511 nos,
2244 5437 2491 5498 misertus
2520 5437 2595 5496 est
2617 5437 2806 5511 nostri.

1953 5517 2070 5590 (24)
2098 5515 2182 5590 I_t_a
2202 5507 2331 5590 mss.
2364 5512 2525 5590 longe
2563 5508 2792 5583 plurimi
2823 5526 2836 5564 :
2868 5507 2989 5590 alii_
3012 5524 3151 5590 vero
3193 5507 3475 5590 nonnulli,

1879 5579 2230 5662 atque'edit.,
2264 5584 2324 5641 Si
2349 5579 2707 5654 quis'decorus
2736 5596 2931 5636 novum
2959 5579 3096 5654 forte
3133 5579 3338 5644 habeat,
3368 5585 3475 5636 etc.
