3952 6202
436 290 540 349 179
1259 337 1275 347 .
1455 289 1550 344 ΑΙ)
1590 285 1825 344 OPERA
1865 287 1919 342 S.
1961 282 2297 343 AMBROSII
2335 281 2725 340 APPENDIX.
3713 282 3832 339 £80

434 417 616 489 placet
643 413 779 482 Deo,
807 420 861 470 et
905 413 1170 486 probatus
1203 419 1287 470 est
1320 413 1660 470 hominibus.
1691 437 1711 461 ι
1763 410 2034 481 Quoniam
2068 407 2118 472 Α
2146 407 2422 466 discordia
2450 408 2514 464 ﬁt
2540 414 2794 465 cessaret.
2826 406 2968 467 Cum
2999 407 3147 464 enim
3197 423 3312 466 non
3368 409 3516 467 latet
3562 407 3830 467 bonum

438 503 694 562 Christus
752 518 853 558 nos
908 501 1164 572 redemit,
1220 502 1346 558 ideo
1397 502 1530 558 ait:
1585 524 1605 548 ε
1653 499 1758 570 Οιιὶ
1813 501 1872 558 in
1933 500 2040 558 hoc
2152 517 2266 559 esse
2313 516 2533 560 carnem
2584 499 2765 568 edere,
2817 506 2872 555 et
2921 497 3116 555 vinum
3171 498 3364 556 bibere
3405 517 3419 556 :
3461 506 3634 562 104
3668 507 3744 557 et
3793 516 3830 555 e

438 592 611 651 servit
657 591 898 659 Christo,
938 614 957 639 ι
1028 592 1184 665 quasi
1237 591 1572 664 redemptori
1621 591 1762 663 (25),
1809 615 1828 640 α
1867 593 2044 664 placet
2153 607 2346 657 contra
2391 613 2612 654 carnem
2655 613 2769 652 non
2818 595 2996 664 edere,
3031 603 3086 652 et
3129 611 3240 652 non
3298 596 3496 654 bibere
3549 598 3824 666 vinum,

441 685 574 741 Deo.
616 707 636 733 ι
701 682 925 750 Quare?
954 681 1096 749 Quia
1126 683 1242 754 ipse
1271 682 1424 738 misit
1459 681 1766 750 Christum,
1798 691 1862 739 ut
1888 681 2046 738 redi—
2154 689 2362 746 bonum
2393 704 2512 745 esse
2539 686 2853 755 addiscunt,
2884 703 3047 743 nemo
3076 686 3274 759 litigat.
3314 686 3597 746 Creatura
3633 689 3822 745 enim

443 779 617 830 ωθῐθι
662 787 831 844 genus
884 769 1212 839 humanum.
1255 770 1400 826 Sicut
1448 770 1566 843 ἱρεθ
1612 770 1885 827 Dominus
1919 771 1996 826 ait
2029 788 2042 827 ε
2156 779 2284 836 data
2311 787 2394 835 est
2420 778 2488 834 ad
2517 793 2679 833 usum
2704 775 3054 843 volentibus;
3086 791 3199 831 non
3236 782 3427 832 tamen
3471 777 3826 834 necessitas

459 887 477 908 ι
511 860 618 929 Qui
666 877 776 918 non
850 859 1180 916 honoriﬁcat
1249 859 1480 925 Filium,
1547 877 1660 917 non
1716 859 2047 917 honoriﬁcat
2158 877 2239 925 est
2267 867 2526 940 imposita
2558 873 2654 921 aut
2681 865 2910 933 volenti,
2943 872 3039 920 aut
3067 863 3301 921 nolenti.

448 952 682 1019 Patrem,
713 949 807 1023 qui
831 949 984 1006 misit
1011 949 1170 1004 illum
1207 948 1391 1020 (Joan.
1428 966 1483 1017 ν,
1513 949 1628 1021 23).
1673 974 1692 998 ›
1755 949 1860 1018 Qui
1916 967 2046 1022 ergo
2245 981 2263 1004 ι
2295 956 2484 1027 Neque
2515 954 2664 1010 enim
2716 953 2772 1008 in
2819 969 2929 1025 quo
2981 951 3151 1008 frater
3187 960 3317 1008 tuus
3365 951 3634 1021 oﬁ’endit,
3701 962 3819 1009 aut

449 1041 625 1113 placet
668 1041 804 1107 Deo,
852 1039 1114 1112 probatus
1162 1045 1244 1094 est
1310 1038 1654 1095 hominibus.
1709 1039 1997 1106 Quomodo
2019 1040 2048 1096 7

444 1129 674 1204 Accepit
719 1129 871 1186 enim
914 1127 1146 1196 donum,
1194 1142 1292 1200 per
1347 1127 1494 1202 quod
1540 1138 1795 1201 appareat
1852 1129 2052 1202 dignus

2161 1045 2581 1112 scandalizatur,
2630 1050 2724 1099 aut
2763 1041 3098 1097 inﬁrmatur.
3137 1063 3155 1087 ι
3212 1039 3418 1097 Eadem
3475 1041 3628 1098 dicit
3675 1057 3812 1098 non

2161 1135 2360 1191 debere
2383 1134 2561 1202 fratri,
2594 1133 2688 1206 qui
2717 1131 3002 1188 inﬁrmum
3039 1129 3288 1186 animum
3318 1128 3428 1186 sibi
3477 1131 3808 1187 constituit

449 1220 585 1279 Deo.
2163 1224 2233 1282 ad
2286 1223 2582 1293 edendum,
2639 1223 2759 1280 ﬁeri
2821 1220 3222 1296 quaestionem;
3292 1237 3362 1277 ne
3416 1222 3808 1294 perturbatus

528 1311 713 1382 (Vers.
749 1309 864 1380 t9.)
901 1331 921 1356 ι
955 1309 1146 1382 Itaque
1189 1322 1310 1382 quae
1348 1306 1498 1378 pacis
1539 1313 1686 1374 sunt,
1735 1313 2007 1364 sectemur
2038 1314 2051 1354 ε
2166 1312 2428 1382 offendat,
2458 1312 2708 1370 nesciens
2737 1311 2872 1386 quid
2891 1316 3093 1368 teneat.

451 1407 508 1458 et
539 1416 662 1475 quae
689 1398 1072 1457 adiﬁcationis
1119 1405 1268 1466 sunt,
1301 1396 1539 1453 invicem
1582 1395 1982 1454 custodiamus.
2023 1421 2043 1445 ι
2241 1403 2423 1474 (vers.
2457 1403 2573 1475 22.)
2619 1426 2639 1452 ι
2677 1402 2759 1458 Τιι
2791 1400 2955 1457 ﬁdem
2987 1400 3158 1456 habes
3182 1415 3349 1472 penes
3368 1399 3753 1473 temetipsum
3787 1418 3799 1454 :

460 1493 734 1562 Quoniam
781 1492 1108 1565 disceptatio
1149 1490 1481 1548 discordiam
1525 1490 1691 1562 parit,
1721 1489 1954 1562 ideoque
1997 1498 2062 1548 ut
2170 1493 2311 1550 habe
2339 1509 2522 1551 coram
2551 1494 2688 1550 Deo.
2727 1514 2745 1537 ι
2789 1491 2902 1547 Hoc
2931 1498 3036 1558 est,
3078 1496 3140 1545 tu
3182 1487 3279 1562 qui
3319 1487 3477 1545 sedes
3526 1505 3801 1557 securus,

455 1584 672 1660 paciﬁci
724 1599 841 1640 esse
883 1582 1176 1655 possimus,
1223 1579 1292 1637 ab
1336 1580 1647 1636 intentione
1693 1581 1892 1637 edendi
1941 1581 2059 1652 (26)
2172 1583 2300 1657 quia
2325 1592 2574 1640 creatura
2609 1580 2708 1636 Dei
2751 1579 2896 1636 bona
2923 1587 3025 1648 est,
3058 1595 3170 1634 non
3216 1593 3354 1652 opus
3399 1577 3524 1649 (27)
3589 1587 3678 1634 est
3729 1586 3802 1635 ut

455 1682 553 1730 aut
580 1690 692 1730 non
719 1672 916 1729 edendi
950 1672 1302 1729 dissimulare
1328 1689 1429 1727 nos
1448 1671 1626 1728 docet.
1652 1671 2063 1728 Ediﬁcationis
2172 1674 2240 1731 de
2271 1674 2443 1730 altero
2484 1672 2736 1746 judices;
2769 1672 2901 1744 quia
2942 1671 3065 1743 plus
3109 1680 3210 1738 est,
3241 1679 3303 1726 ut
3341 1685 3536 1742 pacem
3580 1669 3795 1726 habeas

459 1770 645 1819 autem
675 1760 823 1817 viam
855 1760 1011 1833 sequi
1057 1759 1331 1829 hortatur,
1361 1767 1425 1816 ut
1468 1775 1594 1816 cum
1634 1776 1763 1831 pace
1811 1776 1873 1816 ea
1919 1776 2064 1818 con—
2094 1771 2141 1832 Β
2171 1781 2298 1820 cum
2327 1763 2532 1830 fratre;
2566 1762 2672 1819 hoc
2699 1761 2848 1818 enim
2881 1762 3018 1817 utile
3045 1768 3128 1816 est
3157 1758 3304 1833 apud
3331 1760 3534 1816 Deum.
3564 1761 3631 1816 In
3657 1775 3794 1817 esca

461 1851 720 1920 feramus,
751 1866 847 1923 per
897 1866 1018 1923 quae
1066 1849 1305 1906 invicem
1349 1866 1450 1905 nos
1493 1848 1850 1916 aediﬁcamus,
1885 1849 2052 1907 abiis
2167 1853 2316 1908 enim
2346 1852 2562 1908 utilitas
2599 1851 2782 1907 carnis
2809 1858 2914 1920 est,
2942 1850 2998 1906 in
3029 1865 3160 1923 pace
3211 1864 3344 1904 vero
3387 1855 3442 1904 et
3488 1850 3675 1905 carnis
3729 1857 3790 1904 et

461 1957 583 2014 qua)
641 1940 981 1998 infructuosa
1033 1948 1166 1998 sunt
1217 1948 1271 1996 et
1329 1940 1502 2012 magis
1557 1938 1834 1996 contraria
1886 1939 2053 1997 decli-
2165 1942 2411 1998 animae:
2461 1957 2524 1998 ac
2576 1957 2673 2014 per
2718 1941 2825 1999 hoc
2875 1940 2944 1997 ab
3002 1937 3330 2011 hujusmodi
3378 1936 3792 2010 disceptatione

463 2040 676 2088 nantes.
721 2029 956 2089 Collatio
999 2031 1149 2087 enim
1211 2039 1390 2104 potest
1446 2029 1723 2102 prodesse,
1778 2039 1860 2088 est
1904 2031 2055 2088 enim
2171 2031 2494 2090 cessandum
2516 2039 2634 2098 est;
2667 2039 2732 2087 ut
2775 2029 3161 2104 unusquisque
3193 2029 3252 2084 in
3282 2029 3570 2101 proposito
3599 2027 3793 2086 cordis

462 2121 710 2178 excitans
739 2128 977 2176 mentem
1003 2138 1018 2187 ;
1059 2119 1105 2176 si
1134 2126 1320 2175 tamen
1351 2117 1608 2175 vincendi
1639 2117 1884 2175 studium
1913 2135 2058 2177 con-

2202 2127 2257 2183 ui
2286 2132 2522 2182 maneat.
2571 2150 2588 2172 ·
2627 2125 2829 2182 Beatus
2867 2124 2961 2197 qui
2993 2138 3105 2180 non
3129 2120 3348 2194 judicat
3396 2120 3791 2193 semetipsum,

466 2218 743 2269 temnatur
776 2230 790 2279 ;
825 2211 929 2268 hoc
957 2217 1041 2267 est
1067 2209 1218 2266 enim
1247 2207 1397 2282 quod
1426 2210 1570 2282 parit
1596 2208 1767 2265 litem.

540 2303 723 2372 (Vera.
769 2301 886 2374 20.)
933 2323 953 2349 ι
1007 2301 1133 2357 Noli
1182 2309 1406 2373 propter
1451 2315 1628 2356 escam
1675 2301 1888 2356 solvere
1922 2317 2060 2374 opus

469 2391 589 2448 Dei.
631 2415 650 2439 ι
690 2392 868 2448 Homo
896 2407 1033 2463 opus
1061 2390 1160 2448 Dei
1184 2399 1267 2447 est
1287 2406 1381 2463 per
1407 2389 1759 2457 creationem,
1782 2397 1836 2445 et
1860 2388 2061 2446 iterum

472 2497 612 2554 opus
638 2482 738 2538 Dei
767 2488 868 2543 est.
902 2480 1034 2537 dum
1082 2481 1415 2537 reformatur
1445 2495 1539 2551 per
1572 2480 2060 2552 regenerationem.

473 2573 546 2628 Et
573 2588 695 2628 esca
722 2587 860 2643 opus
887 2570 988 2627 Dei
1017 2576 1120 2640 est,
1150 2569 1244 2626 sed
1275 2585 1388 2626 non
1418 2567 1586 2625 homo
1614 2576 1836 2641 propter
1863 2585 2064 2637 escam,

476 2662 572 2728 sed
621 2677 744 2719 esca
796 2668 1017 2734 propter
1065 2659 1348 2717 hominem
1384 2677 1396 2716 :
1431 2659 1671 2715 multum
1700 2675 1828 2730 ergo
1858 2659 2064 2725 distat;

477 2751 601 2808 ideo
638 2751 778 2816 noli,
822 2749 1024 2822 inquit,
1058 2748 1165 2804 hoc
1219 2764 1357 2819 opus
1384 2746 1484 2802 Dei
1545 2747 1691 2819 quod
1745 2748 2068 2818 praeclarum

477 2847 582 2906 est,
606 2839 908 2894 dissolvere
953 2844 1177 2908 propter
1219 2836 1298 2903 id,
1344 2835 1490 2907 quod
1541 2834 1921 2892 humillimum
1967 2845 2069 2895 est.

482 2929 600 2984 Hoc
654 2935 735 2982 est
783 2925 948 2981 saluti
995 2924 1182 2979 fratris
1229 2923 1470 2991 studere,
1522 2940 1633 2979 non
1694 2941 1881 2982 curam
1939 2945 2073 2985 esca

483 3031 660 3089 agere,
693 3021 755 3070 ut
782 3013 1008 3069 fratrem
1041 3011 1350 3069 contristes.
1408 3012 1742 3070 Beneﬁcium
1782 3016 1930 3072 enim
1976 3017 2076 3074 Dei

487 3105 710 3163 irritum
738 3103 892 3173 facit,
920 3102 1016 3177 qui
1062 3101 1286 3158 fratrem
1331 3101 1620 3158 liberatum
1659 3119 1692 3158 a
1738 3113 1958 3176 peccato
1984 3122 2080 3178 per
2115 3133 2160 3194 ρ

486 3197 943 3272 disceptationem
1012 3212 1202 3252 rursus
1274 3204 1535 3270 provocat
1593 3195 1662 3251 ad
1717 3197 2078 3269 peccandum,

488 3291 708 3348 solvens
742 3289 801 3346 in
825 3289 942 3361 ipso
971 3303 1136 3361 opera
1165 3286 1372 3346 Christi
1411 3302 1531 3360 quae
1557 3285 1745 3359 gessit,
1785 3296 1848 3345 ut
1886 3287 2082 3345 homi—

490 3395 616 3435 nem
636 3396 668 3434 a
695 3386 917 3451 peccato
945 3377 1222 3433 liberaret.

576 3501 594 3523 ‹
629 3476 830 3533 Omnia
858 3473 1082 3547 quidem
1108 3473 1316 3530 munda
1343 3480 1492 3529 sunt.
1531 3497 1550 3520 ι
1593 3474 1800 3530 Verum
1831 3481 1886 3530 et
1913 3473 2087 3531 mani-

491 3568 696 3623 festum
750 3572 833 3618 est
886 3563 1074 3617 omnia
1128 3561 1338 3617 munda
1391 3578 1552 3618 esse:
1588 3564 1789 3636 quippe
1843 3581 1970 3620 cum
2026 3564 2087 3620 in

494 3653 693 3711 Genesi
739 3653 974 3723 legatur,
1003 3650 1190 3705 omnia
1211 3665 1331 3722 quae
1381 3651 1526 3706 Dens
1580 3651 1733 3720 fecit,
1779 3669 1894 3709 esse
1946 3654 2090 3711 bona

494 3743 656 3802 valde
688 3743 844 3816 (Gen.
878 3758 916 3809 ι,
949 3741 1064 3811 31).
1105 3739 1211 3796 Sed
1238 3741 1444 3795 malum
1488 3749 1570 3797 est
1615 3741 1852 3808 homini,
1895 3745 2091 3818 quiper

493 3833 854 3893 oﬁ'ensionem
903 3830 1038 3887 edit.
1094 3829 1232 3888 Cum
1277 3845 1406 3901 ergo
1457 3845 1553 3901 per
1605 3837 1856 3887 naturam
1905 3833 2092 3889 omnia

494 3927 641 3984 bona
694 3932 748 3981 et
798 3922 1004 3980 munda
1058 3921 1192 3990 sint,
1249 3919 1634 3977 dubitantibus
1700 3928 1882 3978 tamen
1950 3922 2092 3982 ﬁunt

496 4013 783 4074 immunda
816 4032 827 4070 :
863 4020 915 4069 et
942 4012 1049 4068 erit
1087 4011 1170 4068 illi
1195 4011 1612 4081 oﬁ‘endiculum,
1643 4011 1737 4084 qui
1767 4029 1891 4068 cum
1917 4013 2092 4070 dubi-

495 4113 594 4171 tet,
631 4103 746 4160 edit
790 4112 974 4160 tamen
1017 4101 1303 4157 immunda
1337 4101 1712 4170 conscientia;
1763 4103 1892 4176 quia
1945 4103 2093 4176 quod

497 4195 606 4251 sibi
635 4196 834 4251 inutile
859 4203 1035 4268 putat,
1068 4195 1201 4251 facit
1234 4195 1395 4250 :ideo
1431 4196 1572 4252 nulli
1601 4195 2092 4254 contradicendum

500 4291 583 4340 est
611 4283 744 4358 quid
769 4285 827 4340 in
856 4283 962 4340 hac
994 4300 1051 4338 re
1081 4291 1359 4356 sequatur.

572 4382 756 4454 (Vers.
795 4380 910 4454 21.)
958 4404 977 4428 ι
1014 4379 1228 4435 Bonum
1258 4359 1338 4436 est
1380 4396 1492 4436 nou
1538 4380 1699 4437 edere
1753 4395 1993 4451 carnem,
2041 4389 2095 4440 et

500 4489 611 4530 non
637 4471 827 4528 bibere
855 4471 1074 4526 vinum.
1121 4493 1139 4517 ι
1182 4469 1321 4528 Cum
1349 4467 1417 4524 de
1461 4471 1576 4525 sola
1617 4485 1780 4526 carne
1822 4480 2091 4544 ageretur,
2122 4499 2172 4560 Β

499 4561 701 4635 adjecit
753 4569 806 4618 et
856 4567 1081 4632 potum;
1129 4567 1191 4614 ut
1243 4557 1536 4613 confoveat
1588 4574 1702 4626 eos,
1749 4561 1845 4631 qui
1889 4561 1958 4618 ab
2005 4562 2094 4620 his

498 4651 796 4719 abstinent,
829 4665 924 4723 per
961 4647 1017 4704 id
1045 4647 1194 4720 quod
1225 4646 1440 4704 licitum
1471 4655 1551 4703 est
1579 4656 1635 4704 et
1660 4663 1878 4705 carnem
1909 4650 2087 4722 edere,

496 4753 550 4801 et
578 4743 772 4799 vinum
803 4740 1010 4796 bibere.
1034 4739 1112 4796 Ne
1141 4736 1602 4795 contristarentur
1631 4737 1700 4794 ab
1725 4738 1857 4808 illis,
1879 4740 1974 4814 qui
2004 4741 2092 4799 his

497 4841 750 4902 utuntur,
781 4829 936 4889 dedit
985 4828 1065 4884 eis
1111 4825 1418 4902 respirandi
1463 4826 1760 4898 solatium;
1818 4835 1880 4886 ut
1925 4837 1980 4886 et
2032 4831 2092 4889 in

498 4924 781 4979 voluntate
808 4938 907 4978 sua
935 4921 1296 4994 quiescerent,
1322 4926 1377 4976 et
1423 4917 1749 4992 disceptatio
1787 4936 1884 4993 per
1927 4937 2091 4995 quam

572 5084 690 5155 (25)
721 5082 849 5140 Mss.
882 5080 1240 5155 haud‘pauci,
1284 5082 1458 5152 placet
1503 5080 1735 5155 Christo,
1780 5081 1840 5137 id
1885 5087 1979 5155 est,
2036 5087 2095 5137 ut

496 5151 640 5239 nulli
670 5151 981 5212 scandalum
1015 5151 1202 5224 faciat,
1247 5151 1471 5224 congrue
1525 5152 1827 5225 obsequitur
1883 5153 2095 5208 redem-

492 5237 660 5302 ptor-i.

543 5300 687 5383 _(2§)
717 5300 877 5357 Rom.
899 5295 1034 5354 edit.
1063 5293 1201 5363 sola,
1231 5309 1336 5349 esse
1359 5293 1650 5365 possimus,
1697 5313 1740 5370 ar
1775 5294 2096 5352 contentione

497 5373 872 5514 adagium.
905 5455 970 5496 ac
993 5455 1110 5512 seq-
1139 5436 1274 5495 θάίῒυ
1305 5451 1430 5514 Qum
1473 5452 1602 5493 ⁸³⁵⁸·
1635 5453 1746 5494 ¹¹¹¹⁰
1778 5437 1866 5500 vel
1898 5438 2092 5505 dm’

498 5507 704 5583 tu‘qu'i
747 5511 856 5567 edis
910 5507 1260 5583 securus“...
1321 5507 1457 5583 bona
1484 5514 1576 5575 est,
1622 5525 1729 5564 non
1783 5527 1940 5583 opus,
1985 5517 2090 5568 etc.

495 5578 720 5644 Amérb.
751 5597 877 5638 cum
906 5581 1116 5638 caeteris
1141 5597 1271 5637 mss.
1306 5586 1366 5635 ut
1401 5578 1456 5635 in
1485 5586 1769 5636 contextu.

567 5654 685 5729 (28)
716 5653 844 5714 Mss.
877 5651 1065 5722 Corb.,
1112 5652 1242 5725 quia
1271 5655 1458 5710 contra
1510 5650 1568 5707 id
1619 5651 1762 5722 quod
1810 5651 1911 5710 sibi
1966 5651 2097 5710 utile

2167 2227 2228 2285 in
2268 2235 2378 2293 quo
2426 2216 2639 2291 probat.
2683 2241 2700 2264 ι
2776 2217 3231 2288 Unumquemque
3293 2213 3520 2286 proprio
3569 2211 3792 2284 judicio

2170 2317 2359 2367 censet
2387 2305 2891 2373 condemnandum,
2922 2304 3017 2378 qui
3047 2301 3196 2376 quod
3225 2301 3362 2358 dicit
3411 2317 3527 2358 non
3586 2301 3791 2358 debere

2172 2417 2229 2456 se
2257 2399 2454 2466 facere,
2497 2397 2691 2464 facit,:
2731 2403 2785 2452 et
2829 2394 2982 2450 hunc
3027 2393 3268 2462 beatum,
3303 2391 3399 2465 qui
3461 2407 3580 2447 non
3637 2388 3791 2447 aliud

2176 2488 2330 2556 facit,
2364 2503 2527 2559 quam
2562 2485 2669 2542 sibi
2700 2484 2836 2540 utile
2867 2482 3079 2556 probat.

2253 2577 2438 2650 (Vers.
2491 2575 2609 2646 23.)
2668 2598 2686 2622 ι
2725 2571 2834 2641 Qui
2889 2581 3074 2629 autem
3129 2569 3422 2638 discernit,
3481 2570 3531 2626 si
3593 2568 3795 2633 ederit,

2177 2668 2474 2724 damnatus
2511 2674 2611 2722 est.
2655 2689 2674 2714 ι
2719 2665 2924 2722 Verum
2957 2670 3060 2730 est,
3091 2661 3221 2736 quia
3271 2660 3368 2734 qui
3412 2659 3634 2732 judicat
3681 2673 3795 2716 non

2181 2756 2480 2824 edendum,
2541 2763 2598 2812 et
2652 2753 2785 2823 edit,
2848 2752 3141 2808 damnatus
3187 2756 3300 2817 est;
3359 2749 3481 2822 ipse
3527 2749 3684 2806 enim
3736 2761 3799 2803 se

2182 2846 2427 2912 damnat,
2460 2845 2681 2918 quando
2711 2842 2769 2898 id
2814 2841 2959 2914 quod
3009 2839 3117 2896 sibi
3172 2838 3372 2896 inutile
3427 2839 3646 2906 asserit,
3704 2837 3799 2893 fa-

2183 2936 2262 2992 cit
2291 2933 2431 3005 (28).
2479 2957 2498 2980 ε
2535 2932 2675 2999 Quia
2704 2946 2817 2986 non
2845 2946 2915 2986 ex
2943 2927 3072 2984 ﬁde.
3111 2951 3130 2975 ι
3182 2927 3305 2984 Non
3343 2927 3536 3002 utique
3589 2943 3661 2984 ex
3689 2925 3801 2982 ﬁde

2185 3022 2323 3088 edit,
2347 3021 2441 3094 qui
2472 3020 2746 3077 edendum
2779 3027 2962 3091 negat,
2992 3025 3047 3074 et
3073 3015 3209 3073 edit.

2275 3137 2292 3159 ι
2314 3111 2489 3168 Omne
2514 3118 2695 3166 autem
2721 3107 2867 3181 quod
2889 3123 3000 3163 non
3016 3113 3099 3162 est
3124 3121 3194 3161 ex
3206 3103 3334 3174 ﬁde,
3357 3111 3647 3177 peccatum
3667 3113 3749 3160 est
3768 3129 3789 3152 ι

2191 3204 2354 3260 Recte
2375 3209 2654 3274 peccatum
2681 3199 2939 3270 appellat,
2968 3195 3113 3270 quod
3143 3195 3303 3251 aliter
3331 3195 3394 3252 ﬁt
3414 3211 3583 3268 quam
3609 3192 3804 3269 proba'

2193 3301 2310 3350 tum
2343 3300 2426 3349 est
2457 3290 2598 3363 (29).
2622 3288 2895 3355 Quoniam
2919 3286 3151 3344 Romani
3174 3286 3232 3342 in
3253 3285 3367 3356 lege
3382 3284 3604 3341 inducti
3621 3294 3802 3352 erant,

2194 3385 2338 3442 sicut
2369 3383 2427 3440 in
2462 3380 2769 3454 primordio
2796 3378 3042 3451 epistolae
3091 3376 3396 3433 memoravi
3430 3393 3442 3432 :
3485 3374 3802 3433 advenien-

2196 3473 2346 3530 tibus
2399 3477 2582 3526 autem
2657 3468 2753 3540 qui
2822 3467 3028 3523 rectius
3099 3465 3405 3532 cralerent,
3467 3463 3805 3537 quaestiones

2197 3566 2552 3617 moverentur
2597 3557 2665 3613 de
2711 3555 2923 3613 edenda
2968 3571 3130 3612 carne
3177 3562 3232 3610 et
3274 3570 3386 3610 non
3434 3552 3684 3620 edenda;
3750 3559 3805 3607 et

2197 3652 2396 3708 horum
2443 3665 2587 3722 pars,
2633 3664 2755 3721 quae
2797 3646 3063 3704 edendam
3103 3653 3158 3702 et
3211 3661 3323 3700 non
3377 3643 3804 3715 improbandam

2199 3745 2426 3811 diceret,
2486 3740 2682 3797 melior
2739 3739 3059 3805 videretur;
3133 3736 3264 3810 quia
3333 3734 3528 3789 omnia
3597 3731 3808 3789 munda

2199 3833 2358 3890 valde
2387 3839 2517 3889 sunt
2551 3849 2561 3886 :
2593 3828 2846 3885 inﬁrmos
2893 3827 3031 3884 dicit
3070 3825 3163 3898 qui
3213 3822 3486 3879 edendum
3542 3827 3809 3896 negarent

2197 3924 2317 3979 sive
2343 3938 2413 3977 ex
2439 3918 2666 3986 Iudaeis,
2703 3917 2820 3973 sive
2846 3933 2914 3972 ex
2944 3914 3220 3988 gentibus,
3255 3919 3309 3967 et
3336 3910 3550 3967 remitti
3585 3911 3717 3967 illos
3746 3907 3802 3963 in

2201 4012 2482 4086 proposito
2520 4009 2704 4066 cordis
2749 4008 2854 4064 sui.
2896 4007 3008 4063 Nec
3043 4004 3190 4060 enim
3246 4003 3402 4060 obest
3456 4018 3571 4058 non
3625 4001 3805 4067 edere,

2201 4110 2296 4159 aut
2324 4101 2544 4174 prodest
2571 4117 2691 4171 erga
2725 4101 2898 4155 Deum
2943 4097 3103 4153 edere
3156 4114 3167 4151 :
3217 4111 3287 4151 ne
3338 4092 3539 4167 quavis
3592 4094 3807 4148 ratione

2201 4190 2434 4260 astricti,
2492 4206 2588 4264 per
2643 4187 2790 4263 quod
2834 4193 3019 4244 tamen
3077 4202 3202 4242 cum
3255 4181 3514 4256 scrupulo
3560 4181 3807 4248 ederent,

2202 4283 2605 4356 delinquerent.

2798 4366 3026 4425 CAPUT
3062 4363 3187 4421 XV.

2277 4462 2458 4534 (Vers.
2485 4460 2562 4531 ί.)
2609 4483 2627 4506 ε
2664 4455 2940 4514 Debemus
2964 4464 3147 4511 autem
3176 4468 3298 4518 nos,
3331 4449 3633 4519 ﬁrmiores,
3658 4450 3811 4507 inﬁr-

2202 4553 2417 4612 mitates
2445 4549 2843 4608 invalidiorum
2875 4554 3112 4620 portare.
3153 4567 3172 4592 »
3216 4543 3382 4599 Recte
3411 4540 3510 4608 ait,
3545 4541 3809 4605 debemus,

2202 4643 2331 4716 quia
2357 4645 2571 4714 oportet
2599 4638 2871 4704 doctores,
2900 4633 3151 4691 inﬁrmos
3178 4630 3420 4698 ﬁrmare,
3465 4635 3522 4685 et
3568 4628 3811 4703 imperi-

2203 4747 2286 4795 tos
2313 4736 2530 4794 erudire
2555 4752 2681 4791 cum
2730 4729 3174 4795 mansuetudine,
3205 4744 3275 4785 ne
3324 4726 3614 4800 provocati
3677 4726 3808 4782 dum

2201 4826 2532 4888 contendere
2561 4824 2782 4892 volunt,
2827 4837 2896 4880 ne
2943 4821 3184 4878 humiles
3221 4817 3519 4876 videantur
3564 4815 3709 4888 (30),
3748 4817 3802 4872 in

2199 4917 2356 4992 pejus
2386 4915 2696 4990 proﬁciant.

2239 5086 2354 5137 utat
2380 5084 2520 5137 feeit.

2197 5086 2354 5156 putat
2379 5078 2520 5150 fecit.

2276 5151 2392 5224 (29)
2449 5147 2686 5224 Quidam
2739 5159 3112 5224 ms_s.,”quam
3155 5141 3445 5224 probatum
3494 5144 3591 5224 est.

2203 5209 2514 5297 ιινθεὶιῖᾀιιοᾶΔ
2540 5221 2620 5297 ad
2657 5209 3026 5297 conscieritiam
3062 5209 3309 5287 pertinet,
3369 5211 3416 5297 si
3469 5210 3651 5297 aliter.
3691 5209 3810 5281 ﬁat,

2197 5279 2515 5366 ,qtiam'ﬁeri
2539 5292 2718 5366 debere
2753 5289 2868 5356 scit,
2895 5279 3179 5366 ἀείδει-ᾔδεε
3225 5279 3814 5366 ρθὸοαρωηὲιρεὸοιιξᾳε
3862 5346 3867 5350 4

2199 5351 2408 5435 autem,
2442 5372 2546 5422 etc.
2586 5363 2790 5435 Omnes
2815 5351 2958 5435 vero
3006 5358 3125 5435 alii_
3159 5351 3288 5435 mss.
3345 5362 3415 5435 et‘
3450 5352 3590 5435 edit.
3649 5351 3814 5435 nobis

2205 5419 2663 5505 concidunt,nisi
2690 5431 2858 5507 quod,
2889 5447 2989 5508 pro
3031 5427 3236 5486 inducti
3263 5432 3436 5495 erant,
3468 5422 3596 5483 cod.
3617 5435 3622 5441 ’
3645 5419 3807 5482 Cum.

2205 5509 2338 5580 legit
2363 5508 2500 5580 docti
2527 5512 2699 5580 erant.
3100 5571 3131 5580 υ,
3267 5566 3282 5580 _
3421 5565 3438 5580 ι
3599 5557 3640 5580 ,δ

2277 5563 2393 5653 ἶέθ)
2423 5579 2514 5653 δίο
2542 5579 2911 5653 pluregmss”
2939 5591 2972 5632 a
3017 5571 3220 5653 quibus
3240 5566 3380 5653 _h.o,c‘
3421 5563 3808 5653 ιορολάίρξτο-

2203 5637 2458 5727 pautalii
2486 5637 2743 5708 ncinnulli
2772 5655 2826 5707 et
2852 5637 3264 5718 Amerb.,quod
3292 5638 3499 5699 habent
3527 5637 3576 5696 et
3605 5637 3801 5696 nedum
