3952 6202
141 295 245 352 181

1245 285 1609 346 COMMENT.
1655 286 1728 344 IN
1765 285 1981 345 EPIST.
2023 290 2121 346 AD
2159 290 2330 349 ROM.

3354 287 3457 346 182

216 419 402 494 (Vera.
434 418 516 492 2.)
563 442 582 466 ε
609 416 683 474 Et
711 431 823 474 non
869 414 1288 488 nobismetipsis
1315 414 1549 485 placere,
1579 435 1598 461 ι
1650 413 1757 472 hoc
1783 416 1839 476 Α
1858 414 2022 488 juxta
2074 431 2295 474 sensum
2353 414 2558 473 Christi
2599 415 2812 476 fuerint
2863 414 3175 484 exhortati;
3235 421 3298 470 ut
3340 412 3462 470 sine

144 520 248 580 est,
300 528 410 568 non
457 508 606 584 quod
651 505 814 564 nobis
868 505 1044 577 prosit
1089 512 1143 560 et
1185 504 1398 577 placeat
1444 502 1750 572 vindicare,

143 603 242 660 sed
297 612 350 666 et
405 601 551 677 quod
609 597 769 656 fratri
803 616 818 664 ;
849 597 980 670 quia
1036 595 1278 652 invicem
1333 610 1522 651 curam
1578 593 1756 651 nostri

146 711 308 767 agere
361 694 644 751 debemus.
703 715 720 737 ι
762 687 1155 761 Unusquisque
1196 685 1453 758 proximo
1499 701 1600 740 suo
1630 685 1758 757 pla-

145 799 267 847 ceat
304 791 363 847 in
395 789 542 846 bono
589 787 658 844 ad
707 783 1155 841 aediﬁcationem.
1188 804 1206 826 ι
1263 781 1422 837 Nunc
1467 794 1757 851 personam

147 895 306 936 suam
355 877 660 943 discrevit;
702 875 804 930 hos
848 872 997 928 enim
1045 876 1380 937 commonet,
1410 875 1470 923 ut
1499 867 1758 924 charitati

147 968 438 1025 studentes
480 964 751 1041 proximis
781 964 1031 1036 placeant
1070 959 1137 1016 ad
1169 958 1247 1028 id,
1297 957 1443 1032 quod
1490 964 1571 1014 est
1599 957 1756 1013 utile.

151 1057 284 1114 Haec
313 1063 397 1112 est
442 1053 754 1121 aediﬁcatio,
804 1051 948 1108 sicut
977 1048 1108 1105 alibi
1152 1048 1263 1105 ait:
1313 1072 1332 1095 ι
1370 1047 1507 1120 Ego,
1555 1045 1757 1120 inquit,

152 1161 253 1217 per
283 1143 475 1200 omnia
502 1142 758 1200 omnibus
795 1139 982 1214 placeo
1014 1137 1070 1209 (Ι
1099 1137 1224 1195 Cor.
1257 1153 1316 1206 x,
1344 1135 1460 1208 33).
1493 1159 1511 1182 ι

233 1233 416 1306 (Vers.
451 1232 527 1305 3.)
583 1258 600 1280 ι
633 1231 767 1288 Nam
815 1237 870 1286 et
916 1227 1170 1286 Christus
1220 1243 1330 1282 non
1383 1225 1490 1282 sibi
1528 1223 1756 1296 placuit,

154 1324 253 1380 sed
283 1324 428 1380 sicut
456 1321 719 1396 scriptum
749 1326 848 1376 est:
881 1319 979 1376 Det
991 1316 1265 1375 rectiones
1302 1315 1760 1389 exprobrantium

155 1420 208 1468 te
251 1410 571 1470 ceciderunt
597 1425 760 1482 super
799 1424 905 1464 me.
936 1433 954 1455 ι
999 1407 1338 1464 Salvatorem
1370 1421 1481 1462 non
1523 1403 1761 1460 sibime-

157 1501 288 1574 tipsi
336 1499 476 1558 dicit
521 1497 813 1572 placuisse,
858 1495 954 1552 sed
995 1497 1112 1553 Deo
1166 1494 1352 1561 Patri;
1401 1493 1531 1567 quia
1577 1491 1754 1549 dicit:

173 1617 192 1639 ι
222 1591 344 1648 Non
371 1589 519 1646 enim
551 1585 810 1645 descendi
837 1585 907 1642 de
925 1585 1088 1654 caelo,
1115 1591 1178 1641 ut
1198 1583 1396 1640 faciam
1417 1583 1761 1639 voluntatem

162 1696 363 1747 meam,
397 1677 492 1735 sed
537 1677 884 1732 voluntatem
914 1672 1055 1745 ejus,
1100 1671 1196 1745 qui
1245 1670 1400 1728 misit
1443 1686 1550 1739 me,
1586 1667 1762 1725 Patris

165 1771 350 1841 (Joan.
381 1785 464 1837 vr,
495 1767 608 1839 38).
642 1790 660 1814 ι
703 1766 774 1822 Et
813 1763 944 1838 quia
968 1780 1093 1821 cum
1126 1763 1245 1820 haec
1274 1763 1502 1830 diceret,
1534 1767 1762 1817 contra-

1902 1775 2229 1833 .onﬁrmaret
2291 1767 2686 1843 promissiones
2748 1769 2997 1824 Patrum.
3065 1788 3085 1812 ι

163 1858 480 1917 dicentibus
506 1855 710 1914 Iudaeis
739 1853 895 1929 quasi
927 1861 1179 1925 peccator
1205 1851 1499 1918 occiditur,
1523 1849 1764 1906 Psalmo-

169 1948 408 2022 graphus
464 1963 535 2004 ex
591 1961 820 2020 persona
873 1943 992 2016 ejus
1047 1941 1217 1999 verba
1278 1940 1413 1998 facit
1462 1939 1532 1996 ad
1590 1941 1767 1995 Deum

170 2039 408 2106 Patrem,
449 2035 675 2095 dicens:
743 2061 761 2082 ι
793 2032 1174 2092 Detractiones
1218 2029 1672 2104 exprobrantium
1717 2035 1772 2084 te

170 2126 492 2184 ceciderunt
516 2141 680 2198 super
729 2141 818 2180 me
859 2124 1031 2192 (Psal.
1065 2138 1264 2189 vam,
1295 2120 1422 2192 10);
1453 2142 1472 2167 ι
1516 2118 1623 2176 hoc
1649 2123 1767 2173 est:

173 2216 292 2288 Ego
321 2231 449 2272 cum
499 2214 842 2270 voluntatem
887 2219 1040 2268 tuam
1084 2211 1343 2279 facerem,
1389 2208 1653 2264 dixerunt
1683 2221 1772 2263 me

178 2319 408 2376 peccare
437 2303 490 2359 in
522 2311 598 2371 te,
624 2303 719 2375 qui
745 2318 856 2360 non
887 2317 974 2358 me
992 2299 1332 2373 recipiendo,
1352 2313 1515 2370 quem
1547 2295 1770 2363 misisti,

177 2394 654 2467 exprobraverunt
699 2402 788 2450 te:
840 2392 969 2466 quia
1009 2391 1183 2448 Judaei
1231 2406 1357 2446 cum
1387 2395 1676 2461 peccarent
1713 2383 1771 2440 in

176 2485 352 2542 Deum
395 2483 533 2556 (31),
565 2500 678 2540 non
706 2483 1030 2556 recipientes
1068 2497 1231 2554 quem
1265 2479 1418 2535 misit
1467 2475 1772 2542 Christum,

180 2575 406 2646 insuper
461 2581 517 2630 et
576 2573 900 2631 occiderunt
947 2587 1074 2626 eum
1121 2568 1280 2643 quasi
1338 2574 1653 2640 peccantem
1715 2563 1774 2619 in

184 2665 380 2721 Deum.
407 2662 497 2721 Sic
524 2668 746 2736 peccata
780 2659 1128 2734 peccantium
1157 2659 1219 2714 in
1253 2659 1428 2714 Deum
1458 2652 1776 2712 ceciderunt

181 2768 347 2826 super
375 2752 655 2810 Christum
679 2753 965 2819 ;innocens
992 2751 1186 2807 enima
1211 2745 1594 2821 peccatoribus
1617 2741 1777 2800 occi-

182 2843 336 2899 ditur
359 2842 512 2915 quasi
539 2842 914 2915 blasphemus,
946 2840 1090 2899 sicut
1112 2837 1379 2910 scriptum
1408 2842 1490 2892 est
1509 2834 1567 2890 in
1595 2833 1776 2889 Evan-

184 2932 328 3006 gelio
359 2934 553 3004 (Marc.
580 2949 664 3002 ιιι,
685 2932 802 3003 28).

260 3021 441 3093 (Vera.
473 3021 628 3093 4-6.)
674 3045 692 3068 ι
723 3020 1076 3094 Quaecunque
1114 3019 1263 3075 enim
1295 3017 1500 3088 scripta
1529 3019 1678 3081 sunt,
1709 3009 1779 3066 ad

1860 503 2158 561 cessatione
2211 503 2436 563 laudent
2481 507 2655 563 Deum
2715 503 2925 572 omnia,
2983 519 3105 576 quas
3175 501 3310 559 fecit
3363 517 3461 574 per

1863 594 2168 662 Christum,
2200 601 2254 650 et
2282 601 2403 668 post
2445 611 2686 654 errorem
2733 596 2884 669 lapsa
2927 593 3042 667 (34)
3074 609 3174 668 per
3201 591 3459 651 eumdem

1864 684 2065 741 iterum
2109 684 2314 757 erigere
2357 693 2412 740 et
2455 683 2754 742 reformare
2799 683 3058 757 dignatus
3099 690 3203 752 est,
3250 681 3461 756 duplex

1865 773 2002 831 dans
2017 773 2370 841 beneﬁcium,
2393 771 2830 828 misericordiam
2844 779 2900 828 et
2917 771 3290 844 cognitionem
3316 769 3458 843 (35).

1939 862 2121 934 (Vers.
2157 863 2234 933 7.)
2281 887 2300 910 σ
2347 861 2576 934 Propter
2613 859 2762 935 quod
2805 860 3065 917 assumite
3110 860 3460 926 alterutrum,

1867 953 2012 1011 sicut
2039 961 2094 1010 et
2135 952 2387 1012 Christus
2417 950 2716 1024 assumpsit
2741 966 2843 1007 vos
2887 950 2944 1005 in
2975 949 3241 1006 honorem
3279 948 3399 1004 Dei.
3429 971 3450 995 ι

1868 1043 1960 1100 Sic
2011 1042 2279 1116 assumpti
2325 1057 2518 1098 sumus
2558 1057 2590 1095 a
2636 1038 2878 1107 Christo,
2937 1037 3072 1094 dum
3119 1035 3468 1094 inﬁrmitates

1868 1139 2083 1190 nostras
2137 1131 2395 1204 accepit,
2453 1139 2508 1188 et
2561 1127 2922 1202 aegritudines
2963 1134 3183 1184 nostras
3228 1123 3470 1198 portavit

1871 1222 2032 1293 (Isa.,
2061 1239 2180 1290 LIII,
2205 1221 2260 1294 4)
2289 1239 2302 1286 ;
2338 1229 2397 1277 ut
2427 1219 2535 1276 hoc
2570 1218 2826 1290 exemplo
2857 1232 2957 1273 nos
2985 1214 3226 1272 invicem
3256 1221 3471 1271 nostras

1869 1313 2218 1373 inﬁrmitates
2245 1329 2338 1386 per
2368 1309 2690 1385 patientiam
2721 1307 3134 1374 conﬁrmemus,
3179 1314 3242 1362 ut
3270 1320 3471 1362 nomen

1869 1404 2099 1462 honoris
2125 1404 2226 1461 Dei
2256 1408 2598 1474 assumptum
2629 1399 2688 1456 in
2719 1415 2820 1456 nos
2858 1413 2972 1455 non
3001 1402 3334 1453 evacuetur:
3367 1392 3471 1452 ﬁlii

1870 1497 2018 1553 enim
2049 1495 2292 1553 dicimur
2311 1493 2412 1550 Dei
2439 1509 2534 1565 per
2567 1491 2801 1564 gratiam
2829 1488 3060 1549 Christi.

1944 1595 2128 1668 (Vere.
2151 1594 2233 1665 8.)
2279 1617 2296 1640 ι
2316 1591 2454 1650 Dico
2480 1589 2628 1648 enim
2651 1587 2935 1646 Christum
2952 1587 3136 1643 Jesum
3152 1584 3472 1642 ministrum

1893 1685 2064 1742 fuisse
2097 1679 2540 1740 circumcisionis
2586 1695 2686 1752 pro
2716 1677 2951 1734 veritate
2986 1675 3110 1744 Dei,
3160 1673 3220 1730 in
3267 1671 3374 1730 hoc
3409 1676 3474 1728 ut

3186 1762 3467 1835 Originem

1878 1862 2228 1923 commendat
2277 1860 2594 1917 Iudaeorum
2640 1876 2655 1926 ;
2714 1857 2774 1914 in
2829 1852 3256 1912 circumcisione
3324 1849 3473 1908 enim

1878 1954 2024 2013 ﬁlios
2078 1953 2356 2027 signiﬁcat
2411 1947 2668 2015 Abrahae,
2707 1946 2912 2021 quibus
2967 1944 3169 2004 missus
3217 1940 3475 2002 Christus

1880 2042 2221 2102 ministravit
2273 2040 2522 2116 patribus
2579 2037 2810 2112 gratiam
2861 2033 3269 2109 repromissam.
3320 2028 3476 2088 Unde

1880 2135 2170 2192 Salvator:
2218 2156 2236 2180 ι
2268 2133 2384 2205 Ego
2411 2130 2561 2186 enim
2609 2145 2753 2196 sum,
2785 2125 2986 2202 inquit,
3020 2124 3079 2182 in
3127 2120 3313 2180 medio
3341 2136 3474 2177 ves-

1881 2231 2029 2280 trum
2077 2224 2229 2295 (Luc.
2275 2239 2420 2296 xxii,
2465 2220 2582 2292 27),
2613 2242 2632 2265 ι
2693 2233 2806 2274 non
2852 2222 2915 2304 ut
2951 2208 3387 2304 ministrerksed-
3412 2215 3478 2264 ut

1883 2312 2190 2369 ministrem
2220 2329 2233 2379 ;
2264 2317 2326 2365 ut
2348 2309 2551 2366 veritas
2581 2309 2639 2364 in
2660 2303 3024 2381 promissione
3051 2302 3195 2361 facta
3226 2297 3479 2374 patrihus

1882 2404 2226 2479 probaretur.
2322 2397 2684 2480 circumcisio
2758 2395 2906 2453 enim
2969 2392 3152 2451 carnis
3216 2389 3343 2448 data
3395 2396 3480 2446 est

1884 2494 2119 2552 Abrahae
2175 2493 2234 2548 in
2289 2479 2521 2562 ﬁguram
2575 2481 3015 2544 circumcisionis
3053 2479 3256 2548 cordis,
3308 2492 3476 2552 quam

1885 2591 2072 2657 postea
2099 2579 2366 2654 propheta
2385 2577 2628 2634 futuram
2650 2572 3004 2647 signiﬁcavit,
3026 2570 3249 2627 dicens:
3298 2591 3318 2616 ι
3347 2565 3479 2624 Cir-

1885 2653 2186 2731 cumcidite
2216 2666 2478 2724 duritiam
2528 2662 2711 2721 cordis
2748 2659 3171 2731 vestri,(Jerem.
3205 2673 3286 2724 1v,
3334 2653 3416 2724 4).
3447 2677 3466 2698 ι

1885 2759 2063 2834 Hujus
2090 2757 2276 2815 verbis
2301 2749 2742 2813 circumcisionis
2774 2748 2891 2823 (36)
2925 2745 3206 2820 promissae
3232 2739 3488 2799 minister

1885 2829 2140 2910 Christus
2168 2856 2269 2916 est,
2300 2845 2407 2903 hoc
2444 2851 2545 2912 est,
2579 2840 2924 2915 praedicator.
2957 2835 3172 2894 Dehinc
3200 2829 3484 2906 apostolis,

1885 2949 1948 3000 ut
1975 2938 2317 2999 circumcisis
2368 2950 2530 2993 carne
2553 2931 2934 2989 ministrarent
2963 2925 3148 2985 cordis
3190 2917 3482 2986 circumci-

1887 3031 2118 3098 sionem,
2150 3028 2232 3085 sic
2275 3027 2352 3084 ait
2387 3044 2399 3082 :
2461 3049 2480 3073 ι
2500 3023 2656 3080 Sicut
2686 3037 2772 3078 me
2826 3016 3028 3075 misisti
3061 3017 3120 3071 in
3149 3013 3300 3071 hunc
3325 3026 3485 3067 mun-

185 3120 433 3168 nostram
483 3111 957 3168 conﬁrmationem
992 3109 1108 3182 (32)
1136 3107 1358 3201 .scripta
1403 3111 1552 3172 sunt,
1583 3109 1647 3158 ut
1683 3117 1779 3172 per
1813 3141 1857 3201 Ο
1890 3120 2044 3188 dum,
2073 3118 2149 3174 ita
2177 3123 2231 3172 et
2275 3131 2376 3189 ego
2415 3113 2542 3170 misi
2573 3127 2666 3168 eos
2708 3110 2767 3166 in
2815 3109 2966 3164 hunc
2997 3103 3267 3162 mundum
3297 3102 3486 3175 (Ῑοαη,

179 3203 506 3278 patientiam
555 3214 609 3274 et
655 3203 1098 3260 exhortationem
1149 3200 1578 3270 Scripturarum,
1632 3209 1783 3265 spem

178 3293 506 3351 habeamus.
551 3319 569 3341 ι
639 3291 997 3349 Manifestum
1044 3297 1126 3345 est
1179 3289 1326 3359 quia,
1389 3310 1407 3331 ι
1447 3297 1788 3357 quaecunque

174 3385 391 3457 scripta
419 3393 570 3452 sunt,
592 3383 662 3438 ad
688 3389 937 3437 nostram
965 3377 1317 3450 disciplinam
1347 3375 1552 3447 scripta
1580 3379 1710 3430 sunt
1726 3389 1774 3438 ;-

176 3482 240 3530 ut
274 3491 348 3530 ex
381 3474 500 3545 ipsa
542 3469 926 3527 exhortatione
960 3467 1313 3542 proﬁciamus
1360 3463 1431 3521 od
1460 3479 1634 3536 spem,
1678 3475 1791 3518 non

176 3563 504 3620 difﬁdentes
537 3559 604 3616 de
633 3558 944 3633 promissis,
977 3557 1019 3615 si
1052 3556 1237 3612 adhuc
1267 3553 1503 3612 tardent.

269 3684 287 3706 ι
345 3661 496 3717 Deus
549 3666 729 3715 autem
785 3655 1064 3730 patientiae
1123 3661 1178 3710 et
1247 3647 1644 3709 consolationis
1699 3644 1792 3701 det

183 3749 347 3806 vobis
376 3765 548 3805 unum
572 3747 813 3805 invicem
857 3752 998 3808 105
1026 3759 1215 3816 sapere
1257 3739 1562 3800 secundum
1605 3737 1791 3793 Jesum

183 3848 476 3907 Christum
503 3864 516 3913 ;
543 3855 604 3904 ut
632 3847 921 3903 unanimes
952 3860 1064 3901 uno
1089 3859 1183 3899 ore
1213 3838 1594 3899 honoriﬁcetis
1614 3839 1790 3895 Deum

184 3947 241 3994 et
283 3940 503 3994 Patrem
547 3934 771 3992 Domini
802 3933 979 3990 nostri
1022 3935 1150 3990 Jesu
1178 3930 1406 3990 Christi.
1435 3955 1454 3978 ι
1507 3926 1675 3996 Quasi
1723 3923 1793 3980 ad

186 4029 425 4085 salutem
466 4024 665 4082 missus
695 4024 994 4097 Apostolus
1034 4021 1186 4079 bono
1225 4027 1356 4076 voto
1395 4017 1611 4092 plebem
1654 4031 1794 4088 pro-

187 4117 446 4190 sequitur
483 4159 496 4182 ,
546 4121 741 4185 optans
783 4121 846 4169 ut
880 4115 1026 4170 Deus
1069 4111 1162 4168 det
1226 4110 1305 4166 eis
1353 4124 1526 4164 unum
1571 4120 1795 4162 sensum

189 4205 482 4281 sapientia
534 4202 839 4260 secundum
892 4202 1078 4258 Jesum
1133 4199 1417 4258 Christum
1460 4215 1474 4264 ;
1532 4204 1595 4253 ut
1634 4193 1798 4265 juxta

190 4295 506 4354 doctrinam
553 4292 762 4360 Christi
811 4290 1046 4363 sapiant.
1112 4290 1268 4346 Tunc
1319 4287 1470 4343 enim
1539 4288 1799 4358 poterunt

193 4384 558 4442 dilectionem
629 4397 850 4438 servare
908 4379 1168 4450 exemplo
1213 4374 1441 4434 Domini
1506 4371 1795 4428 dicentis:

1894 3227 2034 3277 xvu,
2071 3209 2183 3279 18).
2232 3232 2250 3254 ι
2292 3201 2655 3263 Circumcisio
2693 3206 2878 3255 autem
2926 3195 3112 3252 cordis
3139 3201 3241 3261 est,
3273 3191 3491 3248 sublata

1895 3299 2098 3356 erroris
2126 3296 2346 3363 nebula,
2378 3306 2667 3365 agnoscere
2705 3296 3005 3345 creatorem
3029 3285 3203 3340 Deum
3252 3282 3494 3346 Patrem,

1898 3399 1953 3448 et
1962 3388 2168 3445 Filium
2185 3386 2230 3458 ej
2241 3402 2304 3441 us
2315 3381 2622 3447 Christum,
2640 3393 2738 3451 per
2752 3391 2916 3450 quem
2933 3371 3144 3430 creavit
3157 3366 3468 3458 omnia_(37)
3478 3408 3495 3434 ,

1898 3487 1962 3536 ut
1993 3477 2195 3534 veritas
2213 3455 2322 3533 Dei
2379 3470 2716 3544 impleretur.
2764 3463 3098 3522 Promiserat
3146 3458 3293 3516 enim
3325 3455 3498 3512 datu-

1899 3585 2025 3626 rum
2053 3584 2111 3625 se
2157 3561 2612 3628 misericordiam,
2663 3564 2716 3614 et
2758 3553 3085 3629 promiserat
3125 3547 3374 3623 patribus
3403 3545 3497 3602 Ju-

1899 3663 2145 3719 daeorum
2168 3675 2183 3725 ;
2209 3671 2336 3711 nam
2371 3652 2587 3708 dixerat
2635 3644 2948 3704 Abraham:
3005 3666 3023 3689 ε
3053 3641 3116 3698 ln
3145 3637 3357 3695 semine
3394 3642 3493 3690 tuo

1899 3724 2296 3809 benedicentur
2318 3758 2508 3800 omnes
2527 3746 2714 3813 gentes
2743 3737 2896 3810 (Gen.
2929 3748 3072 3801 xxu,
3116 3729 3230 3803 18).
3267 3753 3283 3776 ι
3317 3727 3391 3784 Et
3419 3724 3488 3782 ad

1900 3838 2081 3898 David
2109 3836 2291 3894 dixit:
2343 3858 2361 3881 ι
2382 3833 2460 3889 De
2495 3831 2684 3886 fructu
2725 3823 2938 3881 ventris
2983 3820 3069 3876 tui
3100 3833 3304 3890 ponam
3333 3827 3499 3885 super

1902 3929 2086 3988 sedem
2115 3936 2266 3984 tuam
2299 3924 2476 3996 (Psal.
2506 3934 2702 3984 cxxxr,
2737 3915 2856 3985 11),
2886 3918 2942 3967 et
2972 3928 2984 3966 :
3033 3932 3051 3956 ι
3081 3907 3306 3965 Orietur
3333 3901 3497 3959 stella

1903 4037 1972 4078 ex
2000 4017 2168 4076 Jacob
2200 4015 2385 4089 (Num.
2412 4026 2573 4076 xxxv,
2609 4003 2723 4076 17.)
2758 4027 2777 4050 ι

1978 4118 2159 4190 (Vers.
2191 4115 2274 4185 9.)
2315 4134 2333 4158 ‹
2367 4109 2568 4165 Gentes
2609 4110 2795 4160 autem
2841 4113 3005 4171 super
3059 4089 3500 4152 misericordiam

1901 4179 2178 4267 honorare
2223 4179 2421 4260 Deum.
2454 4222 2474 4248 ι
2531 4195 2673 4264 Quia
2721 4191 2871 4252 enim
2906 4190 2994 4248 his
3022 4187 3177 4246 nulla
3206 4179 3504 4259 promissio

1907 4305 2044 4362 erat,
2075 4293 2230 4370 quasi
2289 4288 2501 4362 indigni
2556 4302 2652 4360 per
2696 4284 2867 4342 solam
2915 4275 3350 4338 misericordiam
3407 4288 3508 4328 as-

1907 4360 2114 4459 sumpti
2159 4388 2290 4440 sunt
2318 4379 2387 4437 ad
2413 4360 2666 4445 salutem,
2712 4382 2776 4432 ut
2821 4388 2917 4446 per
2968 4367 3372 4428 confessionem
3406 4360 3504 4418 ho-

209 4503 227 4524 ·
256 4473 436 4546 Maius
463 4473 566 4530 hac
593 4470 893 4528 dilectione
927 4467 1042 4540 (33)
1091 4482 1254 4562 ΠεθΨο
1286 4463 1486 4562 half“:
1517 4478 1698 4562 ﬂuam
1737 4466 1800 4560 ιξῖ
1830 4503 1880 4562 D
1910 4484 2109 4536 norent
2135 4476 2332 4542 Deum,
2358 4471 2490 4545 quia
2519 4465 2791 4526 increduli
2817 4463 3176 4520 inhonorant.

195 4564 443 4621 animam
490 4577 643 4618 suam
694 4566 863 4633 ponat
895 4574 995 4631 pro
1032 4555 1228 4612 amicis
1267 4563 1323 4612 et
1374 4551 1639 4610 fratribus
1686 4549 1803 4607 suis

200 4656 388 4727 (Joan.
434 4670 532 4718 xv,
579 4650 693 4723 13),
727 4675 744 4697 ι
790 4657 846 4706 et
893 4648 971 4705 ita
1012 4663 1124 4704 uno
1162 4663 1276 4714 ore,
1307 4661 1419 4701 una
1460 4642 1805 4702 confessione

200 4744 427 4802 laudare
469 4745 644 4801 Deum
692 4743 910 4798 Patrem
954 4740 1012 4796 in
1056 4737 1301 4805 Christo,
1362 4736 1410 4793 si
1449 4735 1691 4793 invicem
1747 4748 1806 4790 se

201 4959 429 5017 humiles
448 4976 470 5025 ;
507 4959 664 5014 Eras.
709 4965 916 5025 autem,
973 4971 1038 5011 ac
1080 4967 1196 5026 seq.
1244 4951 1378 5026 edit.
1439 4966 1565 5008 cum
1615 4946 1807 5026 paucis

203 5033 364 5100 mss.,
421 5020 486 5087 ne
538 5029 812 5100 provocati
865 5020 1174 5084 contendere
1214 5023 1395 5088 velint,
1453 5029 1503 5077 et
1540 5020 1632 5088 ne,
1681 5020 1808 5075 dum

203 5049 364 5100 mss.,
421 5048 486 5087 ne
513 5047 812 5158 ά,τέξουοεαιι

203 5104 430 5176 humiles
455 5105 512 5176 vi
617 5108 725 5176 tur,
756 5107 863 5158 etc.

203 5249 252 5305 Β
275 5174 398 5248 (31)
438 5173 599 5232 Rom.
638 5161 772 5228 edit.
808 5172 945 5240 sola,
995 5168 1127 5241 quia
1158 5165 1334 5224 Judwi
1364 5167 1713 5237 peccaverunt
1754 5161 1810 5216 in

253 5265 394 5304 eum.

253 5265 394 5304 eum.

278 5319 402 5390 (32)
441 5319 522 5374 Ita
559 5323 671 5372 vet.
726 5314 862 5390 edit.
908 5321 964 5390 et
1014 5328 1159 5390 mss;
1193 5324 1307 5364 non
1350 5305 1556 5390 paucii
1608 5303 1810 5390 reliqui

206 5376 362 5455 vero,
380 5376 464 5447 'ad
493 5395 736 5444 nostram
764 5385 1104 5450 doctrinam;
1124 5384 1283 5441 Rom.
1303 5376 1462 5445 edit.,
1485 5376 1558 5432 ad
1570 5380 1813 5430 nostram

207 5462 574 5534 disciplinam.

279 5517 415 5608 (33}
442 5533 570 5608 Ve}.
601 5529 736 5588 edit.
768 5523 1292 5608 θρωεξερρξηιιιιιί»
1320 5520 1579 5608 maiorer
1606 5517 1814 5608 θεοάέ

1997 4593 2015 4616 ε
2034 4567 2189 4624 Sicut
2210 4542 2477 4637 scriptum
2508 4568 2590 4616 est
2623 4577 2635 4616 :
2660 4558 2889 4629 Propter
2916 4553 3024 4610 hoc
3052 4547 3365 4637 conﬁtebor
3379 4542 3501 4637 tibi

1913 4659 1972 4716 in
2002 4657 2275 4731 gentibus,
2301 4633 2355 4710 et
2376 4651 2589 4708 nomini
2610 4657 2707 4705 tuo
2723 4644 2956 4705 cantabo
2975 4641 3150 4716 (Psal.
3172 4653 3312 4704 xvii,
3329 4633 3451 4731 .50)..
3475 4657 3494 4679 -

1913 4720 2184 4821 Exomplo
2209 4720 2531 4818 prophetico
2558 4738 2792 4811 probat;
2843 4731 3113 4805 scriptum
3141 4735 3224 4783 est
3253 4723 3404 4780 enim
3425 4720 3507 4775 in-

1990 4941 2106 5015 (34)
2138 4936 2404 5015 ῌρηῐιιιῖιί
2435 4951 2588 5015 mss.,
2629 4928 2858 5015 laudent
2885 4929 3074 5015 Deum,
3090 4921 3281 5015 omnia
3305 4917 3396 4991 qui
3422 4917 3512 4990 fe—

1916 4999 2101 5086 cit‘pef
2132 5010 2420 5086 Christum,
2452 5011 2500 5059 et
2521 4999 2640 5086 past
2660 4999 3128 5086 ⁸(ηανᾳηεδηε,ιιιρεοθ
3156 5001 3260 5050 etc.

2141 5064 2276 5158 Mss.
2335 5064 2567 5158 aliquot,
2596 5064 3015 5158 misericordiam
3062 5073 3110 5122 et
3135 5064 3513 5158 operqtionem.

2015 5087 2108 5158 35)
2148 5087 2276 5140 Mss.
2335 5087 2567 5149 aliquot,
2596 5087 3015 5128 muerworatam
3062 5087 3110 5122 et
3135 5087 3513 5138 operationem.

1991 5087 2116 5238 i361
2141 5157 2360 5238 hare};
2417 5146 2554 5238 edit:
2570 5137 3375 5238 .ac_212:e§..usas.ﬂai§'ii
3400 5151 3513 5238 22“

1918 5207 2125 5286 rededit
2141 5207 2278 5283 edit.
2311 5223 2494 5288 Rom.,
2527 5218 2633 5274 nisi
2662 5207 2809 5290 quod
2837 5215 2933 5272 His
2961 5207 3251 5290 substituit
3277 5225 3376 5281 pro
3405 5207 3514 5288 hio-

1910 5283 2183 5370 jaii'sm
2222 5302 2411 5370 autem
2466 5283 2596 5348 mss.
2648 5283 2970 5363 praeferunt,
3020 5283 3199 5354 Hujus
3249 5296 3370 5351 ergo
3399 5283 3516 5333 cir-

1919 5369 2274 5427 cumcisionis.

1995 5423 2378 5514 (37)Quidam
2400 5453 2554 5514 mss.,
2586 5433 2760 5490 cordis
2789 5437 2882 5514 est,
2925 5430 2971 5514 si
3009 5431 3335 5514 amputetur,
3375 5423 3516 5514 p‘el‘m

1916 5500 2187 5588 putredo:
2218 5528 2371 5567 error
2398 5500 2640 5588 accedens
2695 5503 2864 5588 cordi,
2895 5507 2974 5572 ut,
3000 5500 3248 5588 praelata
3275 5500 3514 5588 oen'tgte,

445 5567 478 5674 ;ν
1916 5567 2392 5674 ’ῥέξῶξέξξιξιηοεοενε
2439 5586 2730 5674 ενεαεοζεπη
2786 5567 2969 5659 ῌεαπί
2989 5575 3209 5654 Patrem
3261 5585 3367 5627 esse
3393 5567 3516 5625 Iesu

214 5677 268 5735 in
294 5686 478 5738 textu.

1927 5649 2127 5719 Christi
2141 5649 2239 5729 per
2265 5670 2418 5726 quem
2450 5653 2650 5710 creavit
2673 5649 2872 5707 omnia.
