3952 6202
431 241 530 303 183

428 380 638 453 psalmo
695 377 911 437 decimo
966 381 1200 454 septimo
1266 390 1451 455 gentes
1525 380 1898 437 admittendas
1949 381 2018 437 ad
2047 383 2098 442 A

430 470 658 543 gratiam
711 470 810 526 Dei
843 470 912 525 ad
964 471 1374 544 percipiendam
1425 471 1680 528 salutem.
1706 470 1828 525 Vox
1873 469 2022 524 enim

429 557 636 615 Christi
687 566 789 627 est,
838 575 946 631 qua
995 559 1246 616 futurum
1286 560 1432 616 dixit
1486 559 1634 632 quod
1666 559 1722 614 in
1772 557 2027 630 gentibus

431 647 748 720 praadic-atio
773 647 891 720 ejus
920 648 1162 704 fructum
1197 648 1453 704 habitura
1479 655 1621 705 esset
1665 647 2026 704 confessionis

433 736 759 793 sacramenti
793 736 910 808 (38)
934 736 1032 792 Dei
1059 755 1072 804 ;
1109 737 1232 793 ideo
1263 738 1463 808 gratias
1492 754 1561 792 ex
1591 737 1695 794 hoc
1711 737 1821 810 agit
1852 737 2027 793 Filius

435 824 582 880 Patri
625 825 680 880 in
713 823 1080 880 obedientiam
1113 825 1378 897 gentium.
1428 825 1583 882 Unde
1622 825 1679 881 in
1726 826 2028 897 Evangelio

433 914 510 969 ait
536 931 547 968 :
595 938 613 960 σ
643 913 958 971 Conﬁtebor
985 915 1110 983 tibi,
1141 915 1300 971 Pater
1327 915 1562 971 Domine
1591 915 1716 972 coeli
1765 924 1819 971 et
1846 923 2024 983 terrae,

433 1003 562 1074 quia
590 1003 923 1059 abscondisti
955 1003 1073 1059 haec
1100 1003 1507 1076 asapientibus,
1555 1010 1612 1058 et
1641 1003 2026 1073 prudentibus,

434 1103 487 1150 et
516 1094 770 1150 revelasti
799 1110 864 1151 ea
886 1095 1167 1167 parvulis;
1195 1096 1483 1168 quoniam
1525 1097 1730 1153 bonum
1761 1097 2028 1168 placitum

437 1182 543 1239 fuit
570 1191 696 1239 ante
727 1192 779 1240 te
838 1183 1053 1255 (Matth.
1102 1198 1183 1251 xi,
1213 1183 1330 1256 25).
1361 1207 1380 1233 ι
1421 1184 1706 1242 Confessio
1755 1201 1883 1257 ergo
1927 1184 2032 1240 ista

438 1271 604 1328 unius
641 1272 740 1328 Dei
783 1279 868 1328 est
923 1273 980 1327 in
1012 1272 1307 1342 Trinitate,
1365 1290 1434 1330 ex
1465 1290 1571 1347 qua
1599 1275 1772 1347 surgit
1819 1275 2028 1344 laetitia,

435 1372 500 1419 ut
531 1369 655 1434 post
686 1362 805 1418 veri
845 1363 1249 1421 confessionem
1307 1366 1464 1422 laetus
1514 1365 1764 1424 decantet
1807 1365 2030 1422 miseri-

438 1451 683 1509 cordiam
713 1460 767 1508 et
799 1451 1008 1508 donum
1041 1453 1160 1509 Dei.

509 1540 818 1611 (Vers.10,
875 1542 988 1611 11.)
1053 1563 1071 1587 ε
1122 1541 1194 1597 Ει
1246 1542 1446 1598 iterum
1501 1543 1670 1600 dicit:
1720 1545 2031 1614 Laetamini,

440 1638 646 1704 gentes,
674 1647 800 1688 cum
837 1630 994 1702 plebe
1021 1629 1160 1703 ejus,
1185 1656 1202 1678 ι
1266 1632 1373 1689 hoc
1423 1634 1480 1689 in
1527 1634 1742 1690 cantico
1773 1636 2034 1691 Deutero-

440 1719 616 1775 nomii
651 1720 767 1790 (39)
804 1720 984 1790 (Deut.
1015 1736 1194 1790 xxxn,
1222 1721 1339 1792 43).
1377 1747 1393 1768 ι
1417 1723 1486 1777 Ει
1515 1723 1748 1779 iterum:
1772 1723 2031 1793 Laudate,
2071 1741 2117 1802 Β

441 1825 632 1864 omnes
660 1816 866 1882 gentes,
891 1809 1211 1879 Dominum,
1269 1819 1324 1866 et
1364 1813 1707 1884 magniﬁcate
1742 1828 1889 1879 eum,
1921 1831 2035 1871 om-

442 1912 536 1953 nes
562 1897 748 1970 populi
767 1898 944 1969 (Psat.
963 1914 1114 1967 cxvr,
1138 1900 1212 1971 1).
1239 1925 1255 1946 -
1289 1901 1404 1956 Hoc
1424 1901 1480 1956 in
1505 1902 1715 1974 psalmo
1735 1905 2036 1964 centesimo

439 1986 656 2043 decimo
685 1994 842 2044 sexto
885 1987 1018 2044 olim
1067 1987 1375 2046 decrevisse
1419 1992 1594 2047 Deum
1651 1995 1913 2065 ostendit,
1955 1997 2037 2053 in-

445 2077 786 2134 terveniente
827 2079 1212 2137 misericordia
1239 2099 1358 2151 sua,
1397 2083 1700 2140 concordes
1727 2085 1902 2143 facere
1945 2087 2036 2142 Iu-

440 2165 588 2222 dasos
615 2177 670 2223 et
724 2178 949 2240 gentes;
1001 2179 1065 2227 ut
1116 2171 1346 2244 gratiam
1385 2173 1566 2246 adepti
1631 2175 1860 2246 gentiles
1902 2177 2038 2234 socii

442 2253 758 2312 Iudaeorum
790 2257 1004 2327 ﬁerent,
1038 2260 1131 2332 qui
1171 2271 1225 2316 et
1263 2261 1368 2332 ipsi
1401 2262 1534 2317 olim
1568 2263 1713 2318 dono
1743 2265 1841 2320 Dei
1885 2265 2038 2337 plebs

443 2339 561 2413 ejus
589 2351 743 2399 erant
765 2347 1033 2404 nominati
1068 2349 1207 2420 (40).
1263 2349 1367 2406 Sed
1409 2351 1523 2423 jam
1554 2351 1767 2408 nobiles
1821 2352 2033 2409 Iudzei:

445 2431 504 2486 hi
535 2449 665 2489 vero
693 2434 986 2506 ignobiles,
1016 2452 1110 2508 per
1131 2437 1569 2494 misericordiam
1591 2441 1868 2498 nobilitati
1887 2452 2035 2511 sunt,

443 2529 507 2577 ut
534 2523 698 2578 simul
756 2540 947 2580 omnes
1004 2525 1115 2581 laeti
1171 2527 1282 2584 sint
1340 2528 1622 2600 agnitione
1671 2531 1942 2600 veritatis,
1985 2537 2040 2587 et

443 2619 794 2678 laudantibus
823 2621 1097 2694 gentibus,
1127 2625 1300 2680 Deum
1333 2626 1682 2697 magniﬁcent
1711 2645 1902 2685 omnes
1931 2645 2039 2700 po-

442 2709 580 2781 puli,
613 2704 904 2769 duodecim
950 2713 1130 2770 tribus
1162 2730 1334 2770 unum
1367 2716 1565 2783 Deum,
1595 2717 1690 2788 qui
1721 2717 1879 2772 auxit
1925 2733 2040 2773 nu-

444 2814 656 2855 merum
688 2799 863 2870 plebis
898 2806 1038 2864 106
1068 2817 1202 2870 suaa,
1233 2801 1508 2873 adjunctis
1546 2803 1820 2874 gentibus.
1862 2806 2041 2861 Deni-

448 2910 554 2966 que
573 2911 697 2951 cum
727 2896 1097 2970 disceptarent
1128 2898 1303 2955 Judaei
1347 2907 1538 2956 contra
1575 2903 1882 2972 apostolum
1932 2904 2042 2959 Pe-

448 2990 596 3038 trum
623 2999 785 3040 causa
813 2986 1076 3057 Cornelii,
1110 2987 1326 3044 reddita
1354 2987 1460 3044 sibi
1493 2988 1726 3057 ratione,
1758 2991 2040 3062 acquieve-

449 3079 578 3128 runt
607 3074 1017 3146 magniﬁcantes
1046 3078 1369 3144 Dominum,
1401 3076 1647 3134 dicentes
1679 3097 1690 3134 :
1741 3103 1759 3125 ‹
1788 3079 2040 3136 Forsitan
2073 3101 2118 3161 ρ

448 3164 595 3219 Deus
621 3172 675 3220 et
706 3167 959 3238 gentibus
989 3167 1372 3240 paenitentiam
1396 3167 1598 3224 tribuit
1621 3166 1690 3224 ad
1710 3183 2046 3242 consequen-

446 3251 571 3309 dam
603 3253 773 3310 vitam
803 3257 951 3327 (Act.
980 3274 1058 3326 χι,
1095 3258 1206 3331 18).
1250 3283 1269 3308 ι

519 3343 702 3413 (Vers.
737 3344 850 3415 12.)
890 3369 908 3392 ι
946 3347 1016 3400 Ει
1051 3362 1242 3403 rursus
1271 3346 1438 3403 Isaias
1466 3346 1604 3403 dicit
1662 3363 1674 3402 :
1735 3347 1858 3402 Erit
1885 3346 2046 3403 radix

445 3431 623 3500 Iesse;
656 3441 710 3488 et
751 3433 844 3506 qui
884 3433 1060 3503 surgit
1100 3450 1284 3506 regere
1329 3441 1537 3506 gentes,
1593 3435 1650 3490 in
1691 3452 1818 3492 eum
1863 3442 2048 3506 gentes

446 3520 743 3591 sperabunt
792 3521 926 3591 (Isa.
979 3535 1060 3588 χι,
1104 3523 1216 3592 10).
1260 3547 1277 3568 ι
1351 3523 1418 3576 Ut
1467 3529 1727 3594 majorem
1785 3522 2044 3578 ﬁduciam

447 3608 701 3679 gentibus
729 3607 894 3665 faciat
921 3616 974 3662 et
1002 3623 1154 3679 spem
1207 3623 1317 3662 non
1354 3607 1604 3675 dubiam,
1646 3611 1837 3666 multis
1884 3610 2048 3666 testi-

447 3696 650 3754 moniis
679 3697 862 3752 ﬁrmat
889 3697 1172 3752 decretum
1219 3696 1316 3751 Dei
1351 3695 1456 3750 hoc
1502 3695 1690 3765 fuisse,
1748 3708 1811 3755 ut
1859 3716 2049 3759 omnes

448 3794 635 3857 gentes
695 3785 1149 3841 benedicerentur
1202 3784 1262 3840 in
1321 3784 1562 3854 Christo,
1619 3803 1684 3843 ne
1754 3789 2048 3849 insolentia

451 3873 760 3930 inﬁdelium
819 3873 1134 3930 Iudaeorum
1183 3873 1553 3944 contristaret,
1603 3885 1657 3932 et
1695 3876 1890 3935 dubias
1930 3880 2045 3936 red-

452 3961 605 4018 deret
655 3962 998 4020 credentium
1049 3961 1261 4019 animas
1314 3966 1579 4037 gentium,
1639 3967 1793 4039 quasi
1845 3968 2049 4027 frustra

450 4050 555 4105 sibi
585 4068 732 4122 spem
768 4051 1111 4122 promittant,
1145 4053 1292 4127 quod
1337 4071 1367 4110 a
1419 4055 1533 4110 Deo
1560 4056 1797 4113 Abrahae
1826 4067 2046 4132 accepto

454 4134 662 4189 feratur
689 4136 825 4192 ﬁdes
855 4135 1193 4208 Iudaeorum,
1228 4149 1289 4196 ut
1318 4141 1433 4213 ipsa
1464 4143 1654 4199 laetitia
1671 4151 1726 4200 et
1754 4153 2048 4204 securitate

450 4232 776 4280 crescerent.
811 4223 989 4290 Quare
1016 4233 1195 4284 tamen
1228 4228 1482 4286 Christus
1523 4249 1593 4288 ex
1639 4233 1823 4292 radice
1877 4236 2042 4306 Iesse,

449 4317 505 4365 et
531 4325 643 4365 non
674 4326 741 4367 ex
771 4313 954 4369 radice
967 4313 1110 4370 Booz
1132 4315 1239 4372 viri
1255 4315 1414 4387 justi,
1437 4328 1531 4375 aut
1550 4336 1617 4376 ex
1635 4323 1819 4380 radice
1845 4325 1996 4381 Obed
2019 4327 2047 4382 ‘i

449 4397 555 4454 Sed
584 4399 714 4470 quia
741 4401 920 4458 David
965 4402 1116 4459 ﬁlius
1158 4403 1374 4460 dicatur
1426 4415 1650 4480 propter
1692 4427 1941 4483 regnum,
1984 4423 2047 4471 ut

449 4486 593 4543 sicut
622 4503 690 4544 ex
713 4491 827 4547 Deo
871 4499 1034 4548 natus
1079 4493 1138 4548 in
1167 4509 1348 4565 regem
1379 4503 1482 4561 est,
1513 4497 1591 4553 ita
1644 4507 1696 4555 et
1734 4514 1805 4555 ex
1867 4502 2044 4558 David

448 4594 572 4650 rege
599 4588 783 4637 ortum
814 4580 1038 4637 haberet
1061 4581 1225 4654 juxta
1252 4598 1470 4639 carnem
1498 4602 1511 4651 ;
1546 4584 1670 4642 ideo
1700 4587 1860 4643 radix
1898 4589 2046 4647 Iesse

445 4667 609 4725 arbor
649 4669 850 4739 David,
895 4686 1016 4743 quin
1066 4669 1310 4728 fructum
1358 4671 1489 4729 fecit
1531 4689 1624 4746 per
1677 4691 1915 4745 ramum,
1951 4679 2044 4751 qui

443 4765 525 4814 est
549 4759 720 4815 Maria
750 4760 939 4834 Virgo,
975 4777 1096 4834 quae
1127 4761 1317 4832 genuit
1345 4761 1649 4820 Christum.

517 4848 697 4919 (Vers.
750 4851 836 4919 13,
887 4849 1000 4922 14.)
1050 4874 1069 4897 ε
1108 4851 1253 4907 Deus
1305 4861 1486 4910 autem
1531 4853 1646 4926 spei
1687 4855 1893 4928 repleat
1946 4873 2045 4913 vos

448 5071 458 5091 ,
515 5012 634 5091 βε)
680 5013 944 5091 Nonnulli
1001 5031 1158 5091 mss.,
1209 5015 1534 5091 confessione
1586 5020 1922 5076 sacramenti.
1973 5022 2047 5077 At

445 5081 619 5162 infra,
644 5081 742 5162 ubi
772 5101 964 5162 omnes
985 5081 1205 5162 edit._'e_t
1250 5081 1472 5158 quidam
1502 5105 1660 5162 mss.,
1706 5091 1821 5162 agit
1866 5092 2042 5147 Filius

441 5154 742 5235 obedientig
766 5158 1041 5235 gentium,
1095 5155 1192 5211 alii
1247 5154 1375 5214 mss.
1435 5161 1611 5217 multo
1646 5154 1882 5235 'plures,
1935 5163 2048 5235 agit

442 5224 637 5294 Filius,
669 5224 846 5294 Patri,
880 5235 984 5284 etc.

515 5297 631 5420 (39)
661 5298 855 5423 11:0an
887 5299 1089 5355 cantico
1116 5299 1511 5356 Deuteronomii
1555 5319 1588 5358 a
1631 5304 1894 5362 Romanis
1946 5321 2045 5361 re-

515 5384 661 5422 .sum
720 5386 821 5423 ιιι.

444 5369 661 5422 vulsum
694 5369 821 5424 fuit.

514 5436 623 5514 (40
659 5439 818 5494 Rom.
850 5439 1008 5514 edit.,
1035 5439 1272 5514 quiacet
1302 5441 1469 5512 ipsi...
1511 5451 1626 5499 erat
1653 5453 1883 5514 vocata;
1928 5455 2039 5504 vet.

441 5506 573 5562 edit.
634 5524 786 5589 mss.,
841 5506 1065 5589 quia'e't
1105 5511 1288 5589 ipsi...
1317 5506 1465 5569 'erat
1511 5517 1815 5587 nominata;
1861 5506 1876 5514 ’
1905 5534 2035 5575 mss.

441 5592 553 5634 non
579 5583 762 5651 pauci,
793 5587 947 5635 erant
970 5583 1253 5640 nominati.

1442 249 1536 306 AD
1577 249 1808 306 OPERA
1849 249 1904 304 S.
1947 248 2278 305 AMBROSII
2317 247 2696 306 APPENDIX.

3650 249 3794 310 185

2130 381 2284 436 omni
2332 381 2531 455 gaudio
2572 389 2626 438 et
2654 398 2784 454 pace
2831 381 2888 437 in
2918 381 3228 450 credendo;
3253 391 3321 438 ut
3348 381 3666 438 abundetis
3707 383 3793 439 in

2135 486 2227 542 spe
2273 476 2328 525 et
2379 470 2588 527 virtute
2636 469 2875 542 Spiritus
2903 469 3100 527 sancti.
3132 469 3331 527 Certus
3359 487 3491 527 sum
3535 480 3785 540 autem,

2135 559 2352 628 fratres,
2380 569 2433 616 et
2459 576 2557 634 ego
2589 561 2702 633 ipse
2732 561 2798 616 de
2833 559 3012 628 vobis,
3045 560 3176 632 quia
3203 569 3256 616 et
3286 560 3393 632 ipsi
3426 561 3585 632 pleni
3616 563 3788 617 estis

2135 647 2452 717 dilectione,
2511 649 2707 721 repleti
2749 649 2903 704 omni
2951 649 3222 715 scientia;
3270 647 3345 703 ita
3398 657 3464 706 ut
3522 649 3784 722 possitis

2137 749 2460 804 alterutrum
2493 763 2735 803 monere.
2770 770 2788 793 ι
2833 746 2960 802 Haec
2989 742 3400 800 exhortationis
3432 750 3600 809 sunt;
3655 759 3784 816 per

2135 837 2352 892 laudem
2400 835 2547 891 enim
2581 843 2843 906 provocat
2876 849 2970 888 eos
2998 831 3067 888 ad
3097 831 3380 888 meliorem
3425 838 3482 886 et
3515 831 3781 888 intelle-

2136 934 2285 983 ctum
2341 935 2394 982 et
2440 925 2632 980 vitam.
2683 923 2789 991 Qui
2843 921 2990 978 enim
3046 920 3198 977 videt
3241 937 3299 976 se
3342 919 3586 988 laudari,
3620 919 3774 976 data

2137 1031 2300 1087 opera
2331 1013 2576 1070 elaborat
2613 1019 2672 1067 ut
2699 1028 2828 1066 vera
2855 1010 2967 1066 sint
2993 1026 3114 1083 quae
3143 1009 3431 1064 dicuntur.
3467 1007 3603 1064 Ideo
3634 1025 3770 1063 non

2139 1105 2285 1161 dixit
2325 1104 2468 1174 (41),
2502 1111 2562 1159 ιιι
2590 1100 2829 1158 invicem
2855 1116 2911 1156 se
2949 1100 3203 1168 doceant,
3235 1098 3333 1155 sed
3362 1098 3712 1156 admoneant
3743 1116 3760 1162 ;

2141 1195 2246 1252 hoc
2286 1193 2433 1249 enim
2487 1193 2627 1248 solet
2663 1190 2898 1259 moneri,
2948 1189 3097 1264 quod
3148 1205 3278 1245 cum
3335 1189 3572 1255 sciatur,
3637 1188 3765 1243 ali—

2141 1283 2361 1357 quando
2380 1282 2707 1354 subterfugit
2727 1281 2933 1336 animo.
2957 1279 3167 1338 Cretera
3192 1293 3304 1335 non
3327 1285 3461 1335 sunt
3489 1277 3759 1344 obscura,

2140 1382 2203 1430 ut
2230 1373 2514 1446 indigeant
2541 1371 2954 1444 explanatione.

2215 1507 2505 1579 (Vers.15,
2534 1507 2646 1578 16.)
2681 1532 2698 1555 ι
2719 1505 3002 1562 Audacius
3017 1512 3205 1561 autem
3223 1503 3420 1576 scripsi
3445 1503 3633 1571 vobis,
3649 1505 3754 1559 fra-

2142 1607 2272 1666 tres,
2302 1613 2372 1653 ex
2401 1604 2573 1668 parte,
2597 1603 2858 1668 tanquam
2891 1595 2950 1650 in
2979 1593 3300 1650 memoriam
3328 1609 3430 1649 vos
3452 1593 3752 1659 reducens,

2143 1696 2364 1759 propter
2409 1683 2637 1757 gratiam
2685 1701 2806 1757 quae
2845 1683 2974 1740 data
3013 1691 3096 1740 est
3145 1683 3287 1739 mihi
3316 1700 3349 1739 a
3373 1685 3516 1751 Deo,
3557 1692 3622 1739 ut
3646 1683 3750 1738 sim

2146 1776 2397 1832 minister
2417 1775 2624 1833 Christi
2644 1776 2772 1831 Iesu
2796 1775 2854 1830 in
2885 1775 3164 1846 gentibus,
3195 1773 3555 1830 sanctiﬁcans
3575 1776 3748 1830 Evan-

2147 1865 2347 1936 gelium
2410 1864 2534 1930 Dei,
2592 1871 2653 1919 ut
2701 1863 2798 1919 ﬁat
2853 1863 3062 1919 oblatio
3117 1864 3362 1936 gentium
3411 1871 3644 1935 accepta
3694 1870 3752 1918 et

2145 1952 2484 2009 sanctiﬁcata
2532 1953 2589 2007 in
2626 1952 2836 2024 Spiritu
2865 1961 3072 2008 sancto.
3109 1976 3128 2000 ι
3174 1951 3297 2007 Νοιι
3345 1952 3502 2006 enim
3551 1961 3754 2006 temere

2147 2058 2202 2098 se
2238 2041 2521 2114 scripsisse
2570 2040 2868 2114 signiﬁcat,
2901 2040 3285 2096 auctoritatem
3318 2039 3468 2096 enim
3504 2039 3616 2096 sibi
3645 2039 3751 2095 da—

2148 2138 2259 2186 tam
2291 2146 2388 2202 per
2423 2130 2521 2186 Dei
2567 2130 2796 2201 gratiam
2834 2129 3046 2197 dicens,
3077 2139 3140 2186 ut
3181 2129 3444 2186 omnibus
3500 2129 3756 2202 gentibus

2147 2221 2348 2277 audeat
2388 2219 2649 2287 scribere,
2684 2219 2988 2276 admonens
3031 2229 3085 2278 et
3121 2219 3458 2277 conﬁrmans
3492 2219 3754 2294 proposi-

2149 2318 2266 2366 tum
2303 2325 2492 2365 eorum
2516 2309 2575 2364 in
2606 2307 2826 2366 Christo
2858 2328 2872 2376 ;
2907 2318 2970 2366 ut
2998 2309 3434 2367 sollicitudinem
3472 2327 3635 2367 suam
3673 2326 3757 2366 os-

2148 2399 2336 2456 tendat
2363 2398 2421 2454 in
2459 2397 2768 2454 ministerio
2802 2399 3112 2470 Evangelii,
3147 2401 3301 2472 quasi
3333 2399 3606 2471 magister
3634 2415 3758 2473 gen-

2148 2489 2312 2555 tium,
2363 2499 2418 2546 et
2473 2489 2806 2546 sacriﬁcium
2859 2505 3048 2545 eorum
3100 2489 3272 2561 possit
3317 2496 3611 2562 acceptum
3642 2490 3758 2546 ﬁeri

2148 2579 2602 2636 sanctiﬁcationis
2651 2595 2816 2635 causa
2866 2579 2924 2634 in
2971 2579 3182 2651 Spiritu
3214 2589 3425 2636 sancto.
3471 2580 3758 2654 Quidquid

2150 2670 2298 2726 enim
2324 2669 2434 2726 ﬁde
2462 2670 2693 2742 integra,
2723 2677 2777 2726 et
2800 2678 2982 2726 mente
3003 2669 3188 2727 sobria
3214 2670 3464 2739 offertur,
3495 2687 3531 2727 a
3550 2672 3760 2745 Spiritu

2149 2769 2341 2817 sancto
2362 2759 2704 2832 puriﬁcatur.

2223 2891 2407 2963 (Vers.
2443 2892 2667 2960 17-19.)
2712 2914 2730 2939 ι
2764 2890 2948 2948 Habeo
2978 2891 3151 2964 igitur
3171 2892 3401 2964 gloriam
3434 2891 3496 2948 in
3536 2893 3762 2951 Christo

2149 2982 2218 3038 ad
2274 2984 2482 3048 Deum;
2533 2999 2642 3038 non
2704 2981 2851 3038 enim
2882 2981 3056 3038 audeo
3100 2981 3313 3056 aliquid
3358 2983 3510 3056 loqui
3545 2999 3761 3051 eorum,

2152 3088 2272 3144 quae
2323 3087 2418 3142 per
2465 3086 2551 3126 me
2608 3088 2718 3127 non
2763 3071 2936 3128 efﬁcit
2977 3070 3234 3128 Christus
3284 3070 3341 3126 in
3382 3070 3762 3129 obedientiam

2157 3159 2401 3232 gentium
2448 3159 2619 3216 verbo
2667 3166 2720 3214 et
2767 3159 2948 3225 factis,
2984 3176 3081 3232 per
3110 3167 3436 3232 potestatem
3472 3161 3763 3232 signorum

2157 3257 2209 3304 et
2239 3248 2614 3321 prodigiorum
2641 3247 2699 3302 in
2720 3247 2928 3303 virtute
2956 3248 3198 3320 Spiritus
3230 3249 3426 3305 sancti.
3448 3273 3468 3296 υ
3514 3251 3762 3307 Gloriam

2158 3336 2358 3394 habere
2382 3353 2439 3392 se
2455 3335 2593 3393 dicit
2613 3336 2755 3409 apud
2775 3339 2948 3394 Deum
2975 3353 3070 3408 per
3095 3337 3377 3394 Christum
3401 3338 3593 3394 Iesum
3619 3340 3762 3412 (42);

2157 3425 2388 3483 credens
2415 3425 2586 3492 enim,
2618 3433 2670 3480 et
2700 3424 2946 3481 serviens
2974 3423 3195 3482 Christo
3224 3425 3351 3481 Iesu
3373 3425 3430 3481 in
3459 3428 3765 3484 conscien-

2156 3516 2233 3571 tia
2258 3532 2415 3587 pura,
2447 3515 2708 3570 meritum
2740 3513 2846 3569 sibi
2875 3513 3006 3570 fecit
3035 3513 3179 3586 apud
3218 3517 3392 3570 Deum
3427 3517 3672 3585 Patrem,
3707 3517 3764 3571 in

2153 3611 2367 3660 tantum
2414 3611 2476 3660 ut
2526 3603 2670 3659 nihil
2709 3603 2894 3660 deesse
2935 3601 3107 3672 dicat,
3153 3604 3303 3676 quod
3330 3621 3441 3660 non
3473 3623 3571 3678 per
3601 3606 3763 3662 illum

2155 3703 2408 3766 operatus
2454 3692 2527 3750 sit
2575 3693 2830 3750 Christus
2876 3693 2945 3748 ad
2991 3693 3436 3749 exhortationem
3486 3694 3764 3767 gentium,

2156 3782 2338 3838 dando
2367 3782 2523 3855 signa
2553 3788 2606 3836 et
2654 3781 2903 3854 prodigia
2931 3798 3027 3853 per
3058 3797 3254 3836 manus
3283 3780 3422 3853 ejus,
3456 3789 3520 3837 ut
3550 3783 3765 3854 praedi-

2155 3871 2426 3927 cationem
2477 3869 2596 3941 ejus
2641 3870 2822 3927 virtus
2867 3870 3297 3926 commendaret.
3331 3871 3473 3926 Hinc
3504 3880 3591 3928 est
3618 3872 3766 3927 unde

2157 3960 2385 4033 gloriam
2436 3977 2492 4016 se
2544 3961 2787 4017 ostendit
2832 3961 3031 4017 habere
3084 3960 3141 4016 in
3171 3960 3393 4019 Christo
3432 3962 3500 4017 ad
3540 3964 3760 4027 Deum;

2155 4050 2406 4105 serviens,
2435 4048 2582 4104 enim
2631 4050 2852 4107 Christo
2904 4051 3133 4120 gloriam
3164 4049 3331 4105 habet
3370 4049 3438 4105 ad
3468 4051 3673 4117 Deum,
3704 4053 3761 4106 in

2154 4146 2368 4193 tantum
2402 4146 2464 4194 ut
2496 4137 2741 4210 indigere
2773 4156 2885 4194 non
2916 4139 3114 4195 habeat
3143 4137 3357 4210 aliquid
3387 4138 3600 4195 divina)
3636 4141 3762 4196 vir-

2154 4227 2312 4298 tutis,
2375 4230 2522 4302 quod
2567 4229 2672 4286 sibi
2729 4230 3037 4301 praestitum
3092 4246 3204 4286 non
3259 4230 3331 4286 sit
3383 4245 3413 4284 a
3461 4231 3615 4298 Deo;
3668 4229 3758 4288 sed

2155 4318 2341 4373 omnia
2376 4335 2450 4386 se,
2505 4319 2634 4391 quia
2680 4318 2911 4375 idoneus
2961 4320 3222 4375 inventus
3269 4326 3350 4374 est
3387 4317 3755 4390 dispensator,

2153 4414 2529 4474 consecutum,
2560 4424 2681 4480 quae
2711 4406 2776 4463 ad
2810 4408 3225 4464 conversionem
3269 4401 3512 4482 gentium
3546 4424 3647 4480 per
3675 4409 3757 4464 si-

2153 4513 2386 4568 gnorum
2417 4497 2682 4553 virtutem
2726 4497 3076 4568 proﬁcerent,
3119 4497 3428 4571 proﬁtetur.
3485 4497 3649 4564 Quod
3695 4515 3757 4553 eo

2157 4585 2392 4658 proﬁcit,
2421 4594 2482 4642 ut
2502 4602 2558 4641 se
2579 4602 2691 4642 non
2715 4586 2900 4642 minus
2929 4586 3173 4658 potuisse
3197 4587 3312 4657 (43)
3344 4586 3560 4658 probet,
3592 4605 3756 4661 quam

2153 4674 2337 4730 caeteri
2367 4673 2624 4747 apostoli,
2654 4674 2750 4747 qui
2780 4674 3000 4731 fuerant
3028 4691 3152 4730 cum
3185 4675 3424 4732 Domino
3449 4693 3461 4730 :
3497 4689 3602 4731 nec
3645 4676 3756 4729 ali-

2153 4763 2289 4836 quid
2341 4764 2524 4820 minus
2572 4763 2716 4819 inter
2761 4771 2948 4836 gentes
2987 4765 3262 4820 virtutum
3301 4772 3591 4836 operatum
3640 4778 3755 4819 esse

2152 4855 2352 4924 Deum,
2379 4861 2441 4910 ut
2471 4871 2568 4927 per
2596 4854 2704 4912 hoc
2731 4855 2913 4929 ipsum
2944 4861 3213 4922 crescant,
3248 4852 3502 4910 videntes
3528 4852 3678 4910 hanc
3699 4867 3754 4908 se

2228 5020 2344 5091 (41)
2377 5021 2537 5091 Rom.
2567 5017 2701 5074 edit.
2728 5033 2854 5074 cum
2885 5013 3075 5088 paucis
3109 5030 3281 5091 mss.,_
3300 5013 3423 5091 [dep
3451 5028 3562 5091 non
3590 5013 3749 5091 dixit,

2153 5083 2290 5160 sola,
2320 5083 2410 5146 sed
2443 5090 2707 5145 admonet.
2758 5091 2832 5145 At
2849 5083 2980 5160 post
3009 5101 3170 5141 voces
3199 5083 3519 5160 subterfugit
3544 5085 3748 5160 animo,

2153 5155 2286 5219 Gil]:
2327 5179 2391 5219 ac
2418 5163 2577 5218 Rom.
2611 5161 2746 5216 edit.
2779 5155 3134 5224 subnectunt,
3177 5163 3273 5210 aut
3300 5155 3624 5226 negligenter
3647 5157 3750 5210 ha-

2153 5234 2360 5299 beatur,
2406 5231 2553 5306 quod
2601 5247 2868 5304 nusquam
2915 5227 3071 5296 alibi,
3119 5227 3228 5284 nisi
3260 5227 3325 5282 in“
3351 5227 3567 5282 Tbuan.
3600 5226 3748 5294 cod.,

2151 5305 2312 5361 nobis
2340 5302 2601 5361 occurrit.

2225 5376 2342 5447 (42)
2393 5374 2544 5432 Edit.
2595 5375 2754 5431 Rom.
2804 5372 2942 5437 sola,
2994 5370 3140 5441 apud
3196 5369 3363 5424 Deum
3417 5368 3475 5423 in
3536 5369 3748 5426 Christo

2150 5447 2298 5502 Iesu.

2224 5517 2340 5588 (43)
2398 5517 2513 5591 Sic
2539 5531 2743 5591 omnes
2780 5514 2914 5570 edit.
2949 5522 3036 5591 _et_
3062 5529 3213 5591 mss...
3240 5511 3493 5591 aliquot;
3542 5509 3745 5591 reliqui

2147 5581 2300 5658 vero,
2320 5581 2472 5660 'quod
2492 5587 2608 5643 ideo
2638 5586 2786 5652 dicit,
2814 5592 2875 5641 ut
2900 5586 3037 5642 nihil
3058 5599 3111 5638 se
3142 5581 3318 5638 minus
3337 5581 3599 5653 potuisse,
3638 5581 3743 5641 etc.
