3952 6202
222 322 321 381 185

1315 323 1679 383 COMMENT.
1730 325 1801 382 IN
1838 325 2056 383 EPIST.
2099 330 2195 386 AD
2234 329 2399 387 ROM.

3421 333 3524 391 186

215 449 448 519 gratiam
477 457 778 516 assecutos,
825 464 988 520 quam
1032 447 1266 505 assecuti
1309 457 1464 506 erant
1490 448 1689 518 Judaei,
1721 450 1818 522 qui
1847 455 1897 513 Α
1929 451 2274 523 praedicatus,
2323 463 2384 510 ut
2428 465 2718 528 occuparet
2768 466 2977 516 mentes
3015 459 3276 527 illorum;
3311 468 3365 516 et
3393 460 3525 533 quia

216 538 323 595 sibi
354 538 774 611 praerogativam
806 536 1096 594 vindicant
1122 539 1366 594 Patrum.

289 627 473 695 (Vers.
498 627 616 699 20.)
665 652 682 674 -
704 627 785 683 Ita
804 633 865 680 ut
887 625 954 682 ab
977 626 1275 682 Jerusalem
1307 626 1363 682 in
1388 627 1625 684 circuitu
1651 643 1824 700 usque

218 715 506 788 Illyricum
549 713 877 787 repleverim
910 714 1278 785 Evangelium
1308 716 1427 782 Dei,
1467 723 1521 770 et
1551 715 1680 770 Filii
1708 714 1825 786 ejus

217 803 445 861 Christi.
481 803 572 862 Sic
603 812 786 859 autem
818 801 1118 874 praedicavi
1146 802 1507 874 Evangelium
1542 802 1682 874 (44),
1713 819 1823 858 non

216 892 316 948 ubi
346 891 670 948 nominatus
699 899 782 947 est
810 890 1090 956 Christus;
1132 906 1198 945 ne
1227 908 1390 962 supra
1416 891 1656 948 alienum
1687 891 1826 947 fun—

216 981 542 1038 damentum
591 982 944 1038 aediﬁcarem.
997 1006 1014 1028 ι
1072 982 1193 1039 Νοη
1243 983 1360 1039 sine
1409 1000 1570 1040 causa
1624 985 1741 1040 illic
1768 1000 1825 1041 se

218 1072 520 1144 praedicare
554 1071 658 1127 niti
689 1071 846 1140 dicit,
897 1070 992 1126 ubi
1033 1087 1144 1127 non
1176 1073 1496 1130 nominatus
1525 1082 1607 1130 est
1651 1073 1826 1131 Chri-

218 1167 377 1227 stus;
447 1161 627 1218 sciens
663 1160 810 1216 enim
879 1157 1370 1232 pseudoapostolos
1431 1163 1595 1218 aliter
1658 1179 1821 1236 quam

219 1249 530 1322 oportebat,
575 1249 857 1308 Christum
892 1248 1107 1306 tradere
1141 1251 1233 1321 (ad
1265 1251 1370 1310 hoc
1393 1253 1540 1309 enim
1573 1253 1825 1310 circum-

220 1337 395 1406 ibant,
447 1345 508 1395 ut
548 1339 652 1394 sub
692 1338 917 1395 nomine
952 1345 1093 1402 1'07
1125 1340 1333 1399 Christi
1374 1341 1497 1398 aliis
1540 1341 1825 1413 dogmati-

216 1435 322 1493 bus
363 1437 629 1509 populum
677 1435 1077 1509 manciparent,
1121 1436 1269 1509 quod
1319 1447 1506 1509 postea
1553 1438 1825 1511 corrigere

219 1525 446 1582 maximi
482 1535 600 1582 erat
629 1525 884 1596 laboris),
934 1525 1144 1584 idcirco
1191 1527 1497 1599 praevenire
1527 1527 1728 1596 voluit,
1763 1535 1826 1583 ut

217 1614 503 1672 inviolata:
533 1613 950 1686 praedicationis
978 1615 1146 1671 verba
1177 1614 1418 1672 traderet
1447 1615 1822 1672 audientibus.

219 1713 272 1760 et
315 1714 378 1762 ut
429 1704 642 1777 integra
675 1705 820 1760 linea
871 1705 1188 1776 superﬁcies
1231 1704 1484 1761 ordinata
1532 1706 1826 1762 incolumis

1929 541 2398 614 pseudoapostolis
2426 544 2648 602 diﬂicile
2677 547 2785 603 fuit
2814 548 2918 604 iter
2947 547 3014 605 ad
3044 548 3198 616 illos;
3248 548 3373 606 ideo
3417 557 3524 606 tar-

1931 630 2059 688 dius
2086 632 2130 687 si
2163 632 2285 702 iret,
2316 651 2426 690 non
2458 645 2572 692 erat
2601 638 2913 694 molestum.

2007 739 2405 811 (Vers.25,26.)
2425 765 2441 786 ι
2463 743 2619 798 Nunc
2645 760 2777 800 vero
2800 745 3111 816 proﬁciscar
3136 746 3194 802 in
3223 747 3524 804 Jerusalem

1935 828 2248 885 ministrare
2273 829 2502 895 sanctis;
2537 831 2910 902 probaverunt
2943 834 3092 889 enim
3123 835 3440 892 Macedonia
3469 843 3525 893 et

1933 917 2141 974 Achaia
2194 918 2547 974 collationem
2615 921 2856 994 aliquam
2915 923 3090 978 facere
3147 923 3202 978 in
3264 941 3526 996 pauperes

1933 1015 2269 1075 sanctorum,
2302 1008 2398 1080 qui
2435 1017 2566 1065 sunt
2591 1009 2910 1065 Jerusalem.
2944 1035 2962 1057 ι
3004 1011 3162 1067 Prius
3191 1019 3373 1068 tamen
3406 1014 3526 1070 itu-

1933 1114 2056 1154 rum
2083 1114 2139 1152 se
2161 1097 2297 1153 dicit
2316 1099 2632 1154 ministrare
2653 1099 2858 1156 sanctis
2874 1100 3173 1156 Jerusalem
3198 1117 3212 1167 ;
3242 1117 3336 1172 per
3365 1118 3527 1174 quam

1933 1202 2046 1242 rem
2089 1188 2361 1243 Romanos
2408 1186 2548 1242 scire
2595 1188 2717 1242 vult
2748 1188 2877 1260 quia
2907 1186 3225 1259 bujusmodi
3271 1188 3528 1262 operibus

1933 1275 2265 1332 studendum
2295 1285 2405 1332 est:
2426 1276 2686 1347 quienim
2718 1293 2815 1348 per
2840 1277 3278 1334 misericordiam
3301 1276 3528 1342 vivunt,

1934 1375 1986 1422 et
2009 1365 2298 1438 justiﬁcati
2348 1375 2478 1423 sunt
2529 1366 2672 1439 apud
2720 1369 2917 1435 Deum,
2958 1366 3091 1424 huic
3137 1367 3405 1423 inservire
3439 1367 3529 1423 de-

1932 1453 2064 1512 bent
2095 1454 2233 1527 (49).

2007 1565 2189 1635 (Vers.
2221 1566 2338 1637 27.)
2397 1591 2414 1612 ι
2447 1566 2734 1624 Debitores
2774 1567 2923 1624 enim
2953 1576 3084 1625 sunt
3113 1585 3337 1637 eorum;
3381 1586 3530 1643 quo-

1936 1653 2084 1710 niam
2128 1655 2174 1711 si
2222 1655 2598 1726 spiritualium
2645 1673 2832 1712 eorum
2877 1656 3170 1731 participes
3212 1658 3368 1716 factae
3401 1667 3531 1716 sunt

1935 1753 2140 1816 gentes,
2191 1744 2394 1801 debent
2436 1752 2488 1800 et
2523 1745 2582 1800 in
2635 1745 2950 1802 carnalibus
2996 1745 3311 1803 ministrare
3356 1747 3454 1803 eis.
3497 1773 3516 1796 ι

588 1792 1234 1905 ,ὴᾳιῗῗῗῗξφῗλ
1387 1795 1825 1905 ἿιξίῗηΨΫ-είῗίθῗ
1855 1809 1902 1870 Β
1934 1792 2149 1905 Quippe
2177 1851 2301 1890 cum
2333 1834 2610 1890 debitores
2649 1851 2741 1890 eos
2770 1835 2918 1890 dicat
2963 1835 3275 1891 Judaaorum
3308 1835 3527 1891 creden-

221 1881 386 1938 datus
443 1890 524 1940 est
580 1883 858 1955 gentibus,
895 1883 1197 1955 'oportebat
1247 1901 1372 1940 eum
1430 1885 1666 1943 sollicite
1719 1886 1827 1943 hoc

222 1986 438 2038 curare,
487 1978 550 2026 ut
593 1971 711 2027 illic
745 1970 984 2039 doceret,
1034 1972 1132 2029 ubi
1177 1971 1438 2030 Christus
1489 1990 1600 2030 non
1649 1974 1827 2031 fuerat

225 2061 558 2118 nuntiatus:
611 2070 665 2117 et
709 2070 772 2118 ut
820 2061 1200 2118 auctoritatem
1254 2080 1410 2120 suam
1457 2062 1723 2133 ﬁrmaret,
1771 2072 1826 2121 et

222 2151 478 2207 laborum
527 2166 752 2205 suorum
807 2150 1026 2222 plenum
1075 2150 1318 2207 fructum
1367 2151 1594 2208 haberet
1640 2168 1709 2207 ex
1758 2153 1826 2210 iis

225 2259 349 2315 quae
382 2241 746 2313 plantaverat.
792 2239 932 2300 Hinc
960 2249 1042 2297 est
1084 2240 1231 2297 unde
1261 2242 1448 2297 omnia
1477 2242 1595 2297 loca
1625 2243 1827 2299 Eccle-

226 2329 310 2384 sia
341 2328 634 2399 occupavit
664 2326 813 2398 (46);
861 2327 1092 2385 haereses
1124 2329 1274 2385 enim
1305 2338 1493 2401 postea
1520 2331 1826 2388 subtilitate

225 2418 613 2490 malignantes,
652 2417 755 2475 sub
783 2419 1009 2475 nomine
1038 2417 1246 2477 Christi
1289 2419 1424 2491 legis
1452 2427 1506 2475 et
1535 2419 1660 2476 fidei
1691 2437 1827 2477 sen-

227 2523 349 2562 sum
381 2523 733 2580 corrumpere
761 2506 1102 2563 nitebantur.
1150 2507 1310 2574 Quod
1351 2509 1664 2566 testimonio
1694 2511 1828 2583 legis

227 2594 445 2651 monuit
477 2595 667 2653 dicens
701 2613 712 2650 :

299 2684 482 2753 (Vers.
503 2684 619 2757 2i.)
664 2711 683 2735 ‹
712 2685 818 2743 Sed
847 2685 992 2742 sicut
1023 2685 1289 2757 scriptum
1319 2695 1430 2744 est:
1458 2687 1598 2756 Quia
1626 2689 1828 2762 quibus

225 2790 337 2829 non
368 2782 450 2830 est
477 2776 868 2844 annuntiatum
909 2775 976 2832 de
1005 2792 1092 2844 eo,
1134 2775 1410 2832 videbunt
1443 2796 1455 2844 ;
1505 2787 1556 2833 et
1590 2778 1681 2851 qui
1714 2796 1826 2835 non

225 2861 544 2932 audierunt,
587 2863 924 2935 intelligent,
957 2887 974 2911 ι
1027 2862 1084 2920 in
1115 2864 1253 2920 Isaia
1300 2864 1534 2923 habetur
1566 2868 1693 2938 (Isa.
1728 2885 1825 2936 LII,

227 2953 345 3022 15),
381 2953 450 3008 Ut
479 2969 604 3023 ergo
634 2951 726 3010 hic
756 2953 1069 3009 intellectus
1100 2969 1264 3010 verus
1293 2963 1453 3028 atque
1482 2957 1828 3014 inviolabilis

223 3049 368 3098 esset
408 3040 474 3098 de
503 3057 634 3098 vero
680 3040 781 3098 Dei
812 3040 976 3109 Filio,
1029 3058 1086 3099 se
1116 3042 1402 3099 festinasse
1448 3061 1664 3116 semper
1691 3045 1829 3103 dicit

224 3129 472 3187 imbuere
496 3140 682 3202 gentes
711 3131 1028 3201 evangelica
1060 3131 1289 3187 veritate
1324 3150 1336 3188 :

302 3220 484 3290 (Vers.
513 3221 727 3292 22-24.)
788 3246 806 3266 ι
838 3223 1066 3293 Propter
1095 3223 1244 3295 quod
1273 3224 1614 3295 impediebar
1644 3227 1831 3298 pluri-

222 3325 381 3365 mum
411 3311 604 3366 venire
637 3310 706 3365 ad
737 3326 858 3365 vos.
895 3311 1053 3366 Nunc
1077 3327 1210 3366 vero
1241 3312 1475 3368 ulterius
1506 3313 1688 3371 locum
1721 3333 1830 3372 non

218 3396 436 3452 habens
459 3397 518 3453 in
545 3397 633 3452 his
666 3396 1005 3468 regionibus,
1027 3397 1388 3470 cupiditatem
1419 3410 1599 3457 autem
1627 3402 1833 3460 habens

215 3485 491 3541 veniendi
520 3484 588 3541 ad
610 3500 710 3540 vos
730 3501 799 3540 ex
823 3485 1013 3542 multis
1035 3484 1151 3557 jam
1176 3488 1612 3559 praecedentibus
1639 3493 1827 3560 annis;

215 3591 353 3630 cum
386 3573 446 3628 in
477 3573 795 3645 Hispaniam
830 3574 1102 3646 proﬁcisci
1133 3591 1371 3647 cmpero,
1403 3577 1602 3634 videbo
1627 3595 1746 3647 vos,
1776 3587 1830 3635 et

220 3679 256 3719 a
301 3663 462 3720 vobis
507 3663 749 3721 deducar
789 3663 908 3735 (47)
959 3665 1117 3734 illuc,
1167 3665 1214 3721 si
1261 3666 1420 3722 vobis
1465 3668 1705 3740 primum
1758 3686 1828 3725 ex

221 3763 381 3829 parte
417 3755 619 3812 fruitus
649 3755 826 3811 fuero.
862 3781 880 3802 ι
932 3755 1090 3823 Quod
1120 3757 1175 3812 in
1221 3758 1400 3830 capite
1429 3759 1671 3831 epistolae
1716 3778 1826 3818 me-

220 3853 403 3902 morat
431 3844 619 3902 dicens
653 3863 664 3901 :
707 3871 724 3893 ι
754 3845 895 3914 Quia
923 3863 1086 3919 saepe,
1120 3848 1316 3918 inquit,
1349 3851 1605 3921 proposui
1637 3852 1826 3908 venire

219 3934 293 3991 ad
314 3951 434 4000 vos,
457 3944 510 3992 et
531 3935 848 4008 prohibitus
865 3952 990 3992 sum
1011 3953 1184 4010 usque
1206 3937 1389 3994 adhuc
1411 3939 1587 4010 (Rom.
1606 3957 1646 4009 ι,
1665 3941 1777 4010 13).
1794 3967 1812 3991 ι

219 4024 382 4080 Nunc
410 4023 670 4092 absolvit,
722 4025 1018 4082 ostendens
1049 4027 1180 4099 quia
1209 4043 1373 4082 causa
1401 4027 1702 4101 impeditus
1731 4029 1824 4100 sit,

220 4120 285 4168 ut
313 4113 504 4169 volens
543 4113 732 4170 venire
760 4114 911 4170 aliud
945 4123 1149 4187 ageret,
1199 4116 1348 4189 quod
1378 4117 1730 4189 imminebat,
1764 4130 1828 4178 ut

219 4201 539 4258 excluderet
593 4203 1180 4276 pseudoapostolorum
1245 4223 1416 4278 prava
1471 4217 1820 4278 commenta;

219 4299 276 4348 et
328 4290 566 4366 denique
624 4299 912 4366 postquam
973 4294 1234 4350 omnibus
1289 4295 1346 4350 in
1406 4295 1646 4354 circuitu
1676 4314 1826 4370 pm-

219 4378 450 4448 dicavit,
512 4381 626 4452 jam
694 4398 888 4439 vacare
951 4381 1056 4437 sibi
1121 4382 1259 4439 dicit
1299 4384 1485 4439 venire
1554 4385 1824 4456 Romam,

223 4468 372 4541 quod
403 4469 537 4525 olim
575 4479 877 4542 optaverat.
928 4472 1203 4529 Romanos
1248 4471 1436 4544 igitur,
1487 4472 1617 4546 quia
1646 4474 1702 4530 in
1738 4476 1828 4532 le-
1857 4509 1908 4568 Β

221 4575 342 4630 gem
381 4557 593 4616 inducti
643 4559 882 4628 fuerant,
931 4559 1152 4616 interim
1203 4577 1298 4633 per
1327 4562 1613 4634 epistolam
1643 4565 1827 4621 corri-

221 4647 318 4718 git.
351 4647 482 4704 lllos
510 4657 692 4704 autem
724 4649 817 4723 qui
849 4666 957 4706 non
990 4651 1278 4708 audierant
1308 4653 1376 4708 ad
1413 4653 1520 4711 huc
1548 4655 1824 4728 pradica-

221 4737 454 4804 tionem,
486 4738 682 4795 utilius
710 4756 826 4795 esse
874 4741 1166 4812 praesentia
1209 4743 1295 4798 sui
1327 4742 1511 4801 doceri
1545 4763 1557 4801 :
1608 4753 1671 4802 ut
1698 4746 1820 4802 fun-

219 4825 336 4882 dati
371 4835 519 4884 recta
550 4827 656 4886 ﬁde
685 4829 914 4887 diﬂicile
933 4831 1084 4888 aliud
1105 4832 1317 4905 aliquid
1351 4834 1819 4908 reciperent(48).

221 4916 535 4974 Venturum
593 4927 776 4975 tamen
830 4935 887 4975 se
935 4921 1191 4993 promisit
1248 4929 1514 4995 tempore,
1591 4940 1701 4997 quo
1753 4923 1824 4981 ad

220 5007 522 5080 Hispanias
551 5015 665 5064 erat
694 5008 906 5076 iturus;
953 5008 1086 5082 quia
1125 5008 1242 5066 illic
1283 5009 1537 5069 Christus
1565 5027 1676 5068 non
1704 5021 1824 5069 erat

290 5185 410 5258 (44)
452 5187 614 5244 Rom.
643 5185 778 5242 edit.
810 5187 948 5255 sola,
997 5187 1122 5244 Illic
1148 5191 1324 5242 autem
1349 5187 1649 5259 pradicare
1675 5188 1824 5244 nisus

215 5273 331 5312 sum
339 5301 350 5313 .

288 5329 409 5400 (45)
451 5331 610 5387 Rom.
661 5328 798 5386 edit.
841 5345 972 5400 cum
1003 5346 1115 5386 uno
1161 5329 1248 5400 vel
1280 5329 1456 5384 altero
1487 5345 1644 5397 mss.,
1691 5336 1825 5385 etut

215 5395 355 5456 recta
387 5395 548 5464 linea,
583 5408 684 5457 etc.
729 5398 893 5458 Corb.
925 5400 1070 5470 cod.,
1103 5407 1159 5455 ut
1187 5395 1446 5470 integrum
1487 5395 1643 5470 atque
1669 5401 1824 5455 inco-

218 5471 356 5527 lume
496 5461 675 5552 aliena
720 5471 994 5552 superﬁcie
1034 5444 1440 5540 fundameiitum
1475 5444 1822 5543 pei'sisteret:

216 5544 397 5600 cteteri
429 5551 487 5600 et
513 5542 646 5598 edit.
678 5552 740 5598 ut
771 5542 828 5596 in
855 5548 1030 5596 textu.

288 5613 407 5687 (46)
447 5615 655 5687 anes
683 5613 818 5669 edit.
849 5629 1066 5687 ac_r_nss.
1098 5612 1330 5687 aliquot,
1371 5612 1612 5669 Ecclesia!
1656 5630 1822 5687 occu-

211 5682 396 5758 paret.
439 5685 640 5745 Ceteri
682 5682 1049 5755 commodius,
1095 5682 1335 5742 Ecclesia
1380 5691 1678 5758 occuparet.
1719 5685 1822 5742 Ite-

1932 1922 2108 1989 tium;
2164 1931 2225 1978 ut
2266 1923 2413 1979 sicut
2461 1923 2517 1978 in
2567 1923 2950 1995 spiritualibus
2997 1924 3290 1996 participes
3337 1940 3527 1980 eorum

1935 2012 2067 2069 facti
2094 2021 2243 2078 sunt,
2276 2012 2353 2068 ita
2395 2021 2450 2069 et
2480 2013 2539 2068 hi
2583 2015 3002 2070 communicent
3030 2013 3406 2085 corporalibus
3440 2031 3530 2070 ne-

1934 2102 2282 2158 cessitatibus
2326 2103 2582 2168 illorum;
2629 2111 2690 2158 ut
2722 2103 3022 2176 gaudentes
3069 2119 3138 2158 ex
3171 2101 3374 2159 Judaeis
3401 2119 3529 2160 cre-

1934 2191 2124 2250 dentes
2152 2191 2472 2248 collaudent
2519 2181 2920 2264 providentiam
2957 2192 3055 2249 Dei
3088 2192 3143 2248 in
3173 2193 3405 2249 salutem
3435 2192 3529 2264 ip-

1934 2299 2142 2348 sorum,
2194 2298 2287 2353 per
2331 2279 2700 2336 ministerium
2742 2298 2956 2338 eorum.
3008 2283 3077 2338 Hi
3121 2283 3269 2340 enim
3299 2292 3444 2342 totos
3473 2300 3529 2340 se

1935 2371 2144 2427 divinis
2172 2369 2431 2425 dedentes
2457 2369 2757 2442 obsequiis,
2790 2371 2931 2426 nihil
2967 2371 3306 2429 mundanum
3335 2390 3526 2430 curan-

1935 2467 2036 2526 tes,
2115 2459 2429 2531 exemplum
2493 2458 2650 2516 bona:
2716 2460 3152 2518 conversationis
3214 2461 3531 2534 praebebant

1935 2548 2308 2606 credentibus.
2359 2550 2420 2604 In
2470 2556 2682 2604 tantum
2731 2548 2969 2621 denique
3016 2566 3115 2606 nos
3161 2549 3434 2608 humanos
3461 2551 3528 2606 ad

1937 2635 2373 2694 misericordiam
2413 2638 2533 2692 vult
2570 2653 2685 2692 esse
2715 2638 3032 2708 Apostolus,
3083 2647 3143 2694 ut
3175 2646 3228 2693 et
3256 2638 3530 2695 debitores

1936 2744 2037 2784 nos
2065 2726 2216 2782 dicat
2244 2727 2392 2785 circa
2425 2726 2831 2798 eleemosynam
2877 2726 3237 2797 largiendam,
3281 2737 3334 2783 et
3371 2726 3531 2783 bonis

1937 2815 2195 2888 operibus
2233 2813 2598 2872 exercendam
2637 2831 2762 2870 cum
2809 2815 3091 2872 alacritate
3128 2815 3310 2872 cordis
3343 2834 3354 2871 :
3404 2814 3532 2887 quia

1939 2905 2035 2976 qui
2069 2903 2506 2960 misericordiam
2553 2918 2584 2957 a
2619 2904 2736 2959 Deo
2792 2912 2996 2975 sperat,
3043 2903 3205 2961 debet
3231 2921 3348 2962 esse
3377 2905 3535 2961 inise-

1938 2993 2132 3061 ricors,
2183 3003 2244 3050 ut
2282 2993 2476 3065 probet
2513 3010 2569 3050 se
2624 3003 2771 3050 recte
2815 2993 2960 3052 hanc
3007 3012 3267 3067 sperare:
3319 2995 3449 3068 quia
3486 2995 3531 3050 si

1937 3083 2105 3139 homo
2159 3083 2468 3152 miseretur,
2517 3092 2725 3156 quanto
2774 3084 2948 3156 magis
2989 3085 3168 3141 Deusl
3224 3084 3535 3142 Retributio

1939 3171 2086 3228 enim
2120 3171 2238 3228 haec
2267 3180 2349 3227 est
2379 3173 2465 3226 vel
2497 3187 2727 3239 merces,
2771 3181 2833 3228 ut
2866 3172 2960 3243 qui
2991 3173 3271 3243 accipiunt
3318 3175 3534 3230 miseri-

1938 3259 2206 3326 cordiam,
2255 3259 2690 3314 misericordiam
2738 3259 2965 3315 faciant.
3018 3259 3172 3314 Unde
3214 3261 3529 3318 Dominus:

1955 3375 1972 3396 ε
1993 3349 2166 3415 Beati,
2189 3349 2395 3421 inquit,
2417 3349 2799 3405 misericordes
2823 3349 3038 3420 (Matth.
3056 3367 3112 3419 v,
3135 3351 3188 3423 7)
3208 3369 3221 3418 ;
3241 3375 3258 3398 ι
3289 3352 3534 3422 ipsorum

1941 3437 2090 3494 enim
2122 3437 2473 3496 miserebitur
2502 3439 2667 3494 Deus.

2013 3555 2196 3627 (Vers.
2236 3555 2323 3623 28,
2357 3555 2471 3625 29.)
2517 3579 2534 3601 ι
2566 3555 2680 3610 Hoc
2708 3555 2876 3627 igitur
2903 3571 3026 3611 cum
3057 3573 3533 3626 consummavero,

1939 3652 1992 3699 et
2039 3643 2388 3716 assignavero
2440 3643 2520 3699 eis
2561 3644 2801 3700 fructum
2856 3644 3026 3713 hunc,
3075 3645 3396 3718 proficiscar
3441 3662 3537 3718 per

1938 3749 2037 3788 vos
2066 3732 2124 3788 in
2157 3733 2493 3806 Hispaniam.
2544 3733 2669 3790 Scio
2708 3734 2858 3790 enim
2900 3735 3161 3807 quoniam
3209 3737 3438 3793 veniens
3466 3736 3534 3792 ad

1939 3839 2055 3890 vos,
2089 3822 2147 3878 in
2178 3823 2517 3880 abundantia
2545 3823 2948 3882 benedictionis
2979 3823 3186 3882 Christi
3222 3827 3462 3881 veniam.
3502 3850 3520 3871 -

1936 3912 2129 3970 Certus
2159 3914 2328 3987 igitur
2355 3915 2422 3970 de
2453 3913 2816 3987 dispositione
2845 3921 2897 3968 et
2931 3914 3105 3985 gratia
3131 3916 3250 3982 Dei,
3279 3915 3534 3986 promisit

1935 4018 1993 4058 se
2034 4004 2090 4058 in
2133 4003 2471 4060 abundantia
2516 4002 2921 4058 benedictionis
2968 4009 3295 4071 venturum,
3365 4020 3528 4076 quam

1936 4092 2197 4162 praedicat
2236 4092 2465 4150 Christi.
2518 4091 2840 4148 Benedictio
2884 4099 3068 4147 autem
3099 4089 3218 4146 haec
3245 4091 3530 4163 signorum

1935 4180 2114 4236 virtus
2140 4189 2241 4244 est,
2269 4197 2363 4251 per
2395 4195 2560 4252 quam
2589 4178 2902 4236 conﬁrmati
2933 4186 3082 4235 sunt.

2010 4287 2193 4360 (Vera.
2217 4287 2305 4355 30,
2331 4287 2446 4359 31.)
2480 4311 2497 4333 ε
2517 4287 2755 4344 Obsecro
2777 4303 2906 4360 ergo
2926 4303 3044 4357 vos,
3068 4287 3282 4356 fratres,
3309 4303 3406 4361 per
3427 4290 3532 4346 Do-

1936 4377 2150 4432 minum
2180 4384 2431 4434 nostrum
2461 4377 2644 4434 Jesum
2676 4375 2980 4447 Christum,
3007 4385 3062 4435 et
3094 4394 3189 4451 per
3206 4379 3531 4438 charitatem

1937 4467 2177 4539 Spiritus
2234 4469 2444 4536 sancti,
2519 4475 2583 4524 ut
2643 4467 3078 4524 sollicitudinem
3133 4468 3531 4542 impartiamini

1939 4555 2078 4612 mihi
2111 4556 2168 4611 in
2198 4557 2544 4614 orationibus
2573 4575 2671 4631 pro
2700 4575 2787 4614 me
2833 4558 2902 4614 ad
2937 4559 3256 4629 Dominum,
3303 4569 3363 4616 ut
3401 4561 3535 4618 libe-

1934 4662 2022 4701 rer
2077 4646 2146 4703 ab
2197 4647 2518 4704 inﬁdelibus
2578 4648 2672 4720 qui
2727 4657 2858 4705 sunt
2906 4649 2961 4703 in
3001 4647 3208 4704 Judaea.
3242 4672 3260 4696 ι
3320 4647 3536 4705 Dehinc

1931 4743 2050 4791 orat
2084 4744 2146 4790 ut
2189 4741 2329 4799 108
2369 4735 2664 4806 adjuvetur
2695 4737 2752 4791 in
2798 4736 3169 4804 orationibus,
3217 4743 3280 4791 ut
3327 4735 3534 4791 evade-

1931 4839 2014 4886 ret
2060 4849 2256 4889 manus
2303 4833 2622 4888 Judaaorum
2671 4831 3034 4886 inﬁdelium:
3087 4847 3199 4886 non
3244 4830 3376 4902 quia
3414 4830 3531 4903 ipse

1931 4919 2119 4975 minus
2189 4928 2495 4986 mereatur;
2574 4919 2667 4975 sed
2724 4918 2976 4974 ordinem
3034 4917 3305 4991 sequitur,
3349 4927 3412 4976 ut
3464 4921 3534 4979 ab

1930 5008 2179 5066 Ecclesia
2206 5007 2302 5064 ﬁat
2329 5007 2505 5064 oratio
2534 5024 2632 5080 pro
2661 5012 2870 5063 rectore
2897 5023 3018 5064 suo.
3052 5006 3214 5065 Multi
3241 5007 3388 5066 enim
3416 5009 3534 5066 mi-

1931 5204 2056 5268 rum
2090 5204 2190 5268 pro
2218 5186 2506 5268 subtilitate
2541 5186 2914 5268 malignantes,
2963 5185 3190 5261 quidam
3219 5204 3349 5244 mss.
3381 5206 3532 5264 prte-

1931 5258 2138 5327 ferunt,
2169 5259 2459 5314 subtilitate
2483 5258 2853 5331 malignitatis.
2979 5258 2996 5261 ⁷
3381 5258 3402 5264 ’

1996 5329 2292 5412 _(§7)_Vet.
2339 5330 2472 5412 edit.
2523 5347 2587 5387 ac
2637 5331 2819 5412 plures
2863 5335 3115 5412 mss.,_et
3152 5349 3188 5386 a
3217 5331 3525 5412 θοῶς-μνέε-

1930 5401 2100 5525 xysti,
2137 5402 2296 5459 Rom.
2321 5401 2477 5472 edit.,
2499 5401 2839 5476 prmittar;
2872 5401 2994 5460 cod.
3028 5403 3176 5461 Flor.
3228 5417 3292 5460 ac
3333 5401 3527 5475 Vind.,

2035 5489 2182 5528 ucar.

2007 5541 2123 5620 (ξιξ)
2165 5543 2330 5620 Corb.
2349 5545 2561 5620 codex,
2601 5545 2754 5620 aliud
2781 5544 2993 5620 aliquid
3019 5545 3332 5620 reperirent.

2000 5613 2587 5741 Σῖὲἓέηρῗέἁηξὸιῧωζ,
2624 5617 2772 5676 Flor.
2804 5613 3093 5690 et'VindJ
3122 5619 3243 5694 pios
3272 5635 3326 5677 se
3355 5618 3536 5677 debent

1931 5685 2172 5744 exhibere
2206 5686 2496 5760 fratribus.
