3952 6202
443 262 544 318 187

1448 264 1542 319 ΑΙ)
1582 262 1817 319 OPERA
1854 263 1910 320 S.
1951 261 2282 320 AMBROSII
2319 261 2701 322 APPENDIX.

3669 268 3797 326 188

430 391 568 448 nimi
615 389 748 446 dum
796 395 1198 461 congregantur
1241 389 1550 455 unanimes,
1601 387 1746 442 ﬁunt
1794 386 1976 460 magni
2011 403 2023 442 :
2057 391 2108 450 Α
2138 388 2210 444 rit
2247 388 2581 446 exercitatus
2629 389 2688 446 in
2743 391 3067 464 Scripturis,
3115 393 3183 449 ab
3235 391 3324 450 his
3361 401 3562 452 tamen
3611 395 3788 452 viam

429 488 490 547 et
509 479 813 534 multorum
865 494 1051 550 preces
1103 477 1445 550 impossibile
1491 485 1571 532 est
1617 484 1678 532 ut
1718 493 1828 531 non
1860 475 2026 548 impe-

429 577 574 626 trent
607 568 746 639 (50).
781 567 837 622 Si
867 583 996 639 ergo
1031 575 1086 621 et
1115 567 1224 639 ipsi
1253 567 1440 637 cupidi
1470 567 1582 622 sint
1616 565 1838 622 videndi
1870 567 2030 638 Apo-

428 659 653 726 stolum,
685 654 990 728 impensius
1019 663 1198 723 orent,
1232 663 1294 710 ut
1324 655 1451 710 inde
1485 655 1773 711 liberatum
1817 656 2029 728 possint

428 747 702 820 suscipere
730 745 888 800 illum
921 744 978 799 in
1009 743 1209 816 gaudio
1240 742 1545 798 charitatis.

503 837 686 908 (Vers.
706 834 824 906 32.)
872 859 888 880 ι
917 835 987 890 Ut
1016 844 1068 889 et
1096 850 1388 888 munerum
1414 850 1658 890 meorum
1692 835 2029 894 ministratio

426 933 647 998 accepta
679 925 773 980 ﬁat
817 925 874 979 in
917 923 1301 996 Hierosolyma
1330 925 1563 992 sanctis;
1618 934 1677 981 ut
1705 927 1921 982 veniam
1961 926 2028 982 ad

425 1035 522 1074 vos
568 1035 693 1073 cum
744 1016 944 1087 gaudio
995 1031 1089 1086 per
1142 1016 1486 1071 voluntatem
1535 1017 1662 1072 .lesu
1707 1018 1934 1086 Christi,
1973 1028 2028 1075 et

425 1107 715 1179 refrigerer
741 1105 1049 1160 vobiscum.
1078 1131 1093 1151 ι
1128 1105 1312 1160 Etiam
1342 1105 1448 1162 hoc
1478 1107 1748 1163 orandum
1782 1108 1940 1173 dicit,
1966 1116 2029 1164 ut

426 1194 762 1250 ministratio
812 1210 1105 1249 munerum
1147 1192 1264 1264 ejus
1316 1203 1536 1266 accepta
1582 1195 1676 1250 ﬁat
1717 1196 1923 1252 sanctis
1971 1197 2028 1251 in

422 1287 746 1353 Jerusalem,
795 1292 851 1340 et
890 1284 1078 1339 omnia
1126 1300 1250 1339 cum
1287 1284 1572 1341 voluntate
1620 1285 1718 1341 Dei
1765 1286 1944 1342 facere
1972 1303 2028 1342 se

422 1375 710 1441 ostendat;
762 1382 823 1429 ut
871 1373 1000 1445 quia
1028 1372 1263 1428 devotus
1307 1380 1387 1428 est
1435 1373 1652 1430 animus
1698 1373 1816 1446 ejus
1843 1375 1911 1430 ad
1940 1375 2030 1430 fe-

425 1464 597 1519 renda
628 1479 880 1529 munera,
924 1462 1086 1517 etiam
1135 1461 1357 1516 illorum
1403 1462 1651 1517 animum
1693 1464 1788 1518 Dei
1815 1462 2029 1535 judicio

422 1551 754 1624 respondere
798 1548 905 1608 sibi
956 1551 1110 1616 vult;
1161 1559 1222 1606 ut
1264 1549 1544 1606 intellecta
1584 1551 1847 1608 charitate
1879 1552 2030 1608 illius

421 1658 548 1713 erga
575 1658 653 1710 se,
698 1657 824 1696 cum
842 1639 958 1703 ,illo
990 1641 1281 1695 unanimes
1318 1641 1432 1695 Deo
1463 1641 1662 1711 gratias
1691 1651 1871 1712 agant.
1905 1643 2031 1698 Ma—

2138 479 2361 534 Domini
2387 479 2712 550 diligentius
2740 481 3042 539 instructus
3063 489 3144 538 est
3178 500 3189 538 :
3239 483 3365 540 ideo
3393 485 3589 542 socios
3612 485 3787 542 labo-

2138 568 2214 624 ris
2240 569 2325 624 sui
2360 569 2498 626 dicit
2541 587 2653 639 eos,
2704 571 2799 627 sed
2847 572 2901 626 in
2953 572 3175 631 Christo
3220 574 3388 641 Iesu;
3436 577 3782 647 cooperarii

2137 658 2283 713 enim
2317 658 2433 731 ejus
2467 660 2691 716 fuerunt
2721 661 2778 716 in
2806 662 3111 733 Evangelio
3131 663 3250 719 Dei.
3276 664 3486 736 Aquila
3517 664 3616 720 vir
3646 663 3780 720 Pri-

2137 748 2306 804 scillae
2335 756 2436 815 est,
2472 749 2588 821 (52)
2611 766 2748 822 quos
2782 767 2890 806 non
2924 750 3099 809 otiose
3120 753 3352 809 Romam
3385 753 3618 811 venisse
3648 770 3774 810 ma-

2137 835 2400 890 nifestum
2437 843 2549 903 est;
2609 838 2991 909 propensiores
3032 840 3180 894 enim
3219 847 3379 896 erant
3410 840 3470 896 in
3513 842 3620 897 Dei
3653 842 3778 898 de—

2139 927 2391 992 votione;
2450 943 2576 982 nam
2626 926 2695 982 ad
2743 927 3224 986 conﬁrmationem
3276 931 3667 988 Romanorum
3721 933 3767 990 ii

2137 1031 2348 1083 omnes,
2402 1032 2539 1088 quos
2586 1016 2807 1086 salutat,
2859 1034 2928 1072 ex
2979 1016 3068 1073 his
3111 1018 3283 1075 fuisse
3329 1018 3763 1092 intelliguntur.

2140 1104 2294 1161 Unde
2331 1105 2469 1161 dicit
2516 1122 2627 1161 non
2676 1107 2853 1161 solum
2892 1122 2971 1174 se,
3021 1107 3117 1164 sed
3159 1116 3213 1164 et
3258 1123 3450 1164 omnes
3497 1110 3762 1180 gentium

2137 1193 2411 1250 Ecclesias
2431 1229 2436 1234 -
2460 1195 2663 1266 gratias
2694 1194 2783 1250 his
2815 1195 3038 1263 referre,
3091 1205 3322 1268 tangens
3355 1207 3412 1254 et
3441 1199 3756 1266 Romanos,

2138 1289 2200 1338 ut
2229 1281 2316 1337 his
2359 1282 2641 1351 obediant,
2694 1301 2830 1357 quos
2877 1284 2944 1340 ad
2993 1286 3301 1358 profectum
3353 1288 3608 1360 gentium
3659 1308 3756 1347 au-

2138 1369 2300 1426 diunt
2349 1371 2594 1429 laborare
2637 1373 2705 1428 ad
2747 1373 3150 1432 exhortandam
3190 1375 3353 1432 ﬁdem
3392 1377 3453 1433 in
3501 1377 3752 1437 Christo.

2137 1460 2286 1526 Quos
2315 1459 2374 1516 in
2403 1469 2621 1517 tantum
2656 1463 2861 1530 laudat,
2894 1471 2954 1518 ut
2984 1462 3228 1536 pericula
3258 1465 3370 1536 pati
3403 1482 3504 1538 pro
3538 1484 3605 1524 eo
3637 1485 3752 1524 non

2137 1549 2470 1618 abnuerent;
2528 1552 2854 1610 inimicitias
2883 1553 3031 1609 enim
3084 1563 3137 1610 et
3171 1554 3488 1612 Iudaeorum
3539 1567 3596 1615 et
3634 1558 3750 1614 fal-

2137 1655 2321 1694 sorum
2354 1639 2584 1696 fratrum
2617 1641 2803 1697 subire
2832 1658 2942 1698 non
2973 1643 3247 1714 aspernati
3268 1654 3417 1711 sunt,
3440 1644 3746 1703 dummodo

423 1746 563 1803 gnus
591 1729 740 1786 enim
793 1729 1074 1800 profectus
1116 1737 1197 1784 est
1249 1728 1320 1796 ei,
1362 1729 1521 1801 cujus
1569 1731 1878 1787 ministerio
1918 1731 2029 1788 laeti
2059 1753 2106 1814 Β
2139 1730 2463 1801 Apostolum
2522 1730 2800 1802 obsequiis
2847 1739 2902 1787 et
2947 1732 3218 1788 charitate
3262 1732 3551 1806 juvarent.
3602 1737 3744 1793 Falsi

421 1817 620 1886 effecti,
653 1820 828 1874 Deum
859 1816 1115 1874 laudibus
1144 1825 1567 1890 prosequuntur.

501 1907 683 1980 (Vers.
718 1908 834 1980 33.)
879 1931 897 1953 ε
927 1908 1074 1963 Deus
1102 1915 1281 1964 autem
1321 1909 1470 1980 pacis
1506 1909 1577 1967 sit
1607 1926 1733 1966 cum
1767 1908 2029 1966 omnibus

426 1998 605 2056 vobis.
652 1998 850 2054 Amen.
886 2023 904 2044 -
955 1999 1102 2054 Deus
1138 1999 1286 2069 pacis
1325 1998 1580 2056 Christus
1623 2006 1723 2066 est,
1772 1999 1865 2071 qui
1905 2000 2024 2054 ait:

433 2112 450 2132 ε
476 2088 667 2143 Pacem
690 2103 865 2143 meam
884 2087 955 2143 do
976 2087 1158 2155 vobis,
1178 2104 1363 2159 pacem
1389 2088 1643 2161 relinquo
1667 2089 1826 2144 vobis
1845 2091 2023 2158 (Joan.

421 2195 542 2247 xxv,
573 2178 692 2250 27),
727 2203 745 2226 ι
788 2194 950 2252 quem
981 2185 1135 2249 optat
1163 2195 1279 2234 esse
1309 2196 1434 2234 cum
1473 2179 1584 2247 his,
1612 2179 1790 2236 sciens
1820 2179 2028 2236 dixisse

419 2268 719 2323 Dominum
741 2287 752 2324 :
775 2292 793 2314 ι
821 2269 964 2324 Ecce
983 2285 1083 2341 ego
1104 2268 1387 2324 vobiscum
1412 2285 1534 2324 sum
1558 2269 1817 2325 omnibus
1834 2269 2026 2326 diebus

421 2373 594 2428 usque
632 2356 701 2412 ad
748 2357 1283 2413 consummationem
1329 2358 1519 2414 saeculi
1570 2359 1783 2429 (Matth.
1822 2375 2022 2430 xxvm,

423 2445 538 2516 20).
556 2471 574 2492 ι
590 2445 747 2501 Tales
767 2463 892 2517 ergo
917 2446 1048 2501 istos
1075 2447 1227 2518 cupit
1246 2463 1384 2514 esse,
1407 2455 1468 2502 ut
1484 2447 1557 2503 sit
1573 2465 1696 2503 cum
1717 2447 1828 2503 illis
1840 2449 2023 2504 Domi-

423 2553 531 2593 nus
573 2535 828 2594 Christus
870 2537 1046 2606 Jesus,
1088 2538 1204 2610 qui,
1243 2546 1526 2611 amputata
1554 2539 1704 2594 omni
1750 2539 2025 2596 discordia

420 2628 627 2683 erroris
659 2626 912 2696 humani,
939 2627 1092 2684 dedit
1112 2646 1175 2686 ac
1196 2629 1437 2684 ostendit
1466 2629 1600 2703 quid
1621 2630 1691 2686 sit
1717 2647 1938 2697 verum;
1963 2637 2026 2684 ut

422 2714 479 2770 in
509 2716 627 2789 ipsa
655 2716 887 2774 veritate
925 2725 1184 2773 maneant
1218 2717 1456 2789 pacifici.

1004 2869 1234 2926 CAPUT
1275 2870 1426 2928 XVI.

498 2994 681 3067 (Vers.
719 2995 768 3062 1,
798 2995 878 3066 2.)
945 3021 962 3042 ι
995 2995 1336 3053 Commendo
1363 3005 1546 3053 autem
1577 2998 1735 3054 vobis
1780 3000 2021 3058 Phoeben

421 3100 665 3140 sororem
709 3093 976 3154 nostram,
1025 3101 1145 3158 quae
1175 3092 1256 3140 est
1287 3086 1540 3143 ministra
1581 3089 1842 3146 Ecclesiae
1873 3093 2018 3163 apud
2050 3116 2092 3177 ο

419 3174 732 3244 Cenchres;
795 3184 854 3232 ut
902 3193 1020 3231 eam
1073 3176 1386 3250 suscipiatis
1440 3177 1498 3233 in
1555 3179 1795 3236 Domino
1849 3181 2012 3254 digne

415 3265 620 3322 sanctis
654 3284 666 3320 :
707 3275 762 3322 et
789 3267 1058 3323 assistatis
1085 3266 1190 3335 illi,
1229 3266 1286 3321 in
1317 3267 1739 3341 quibuscunque
1786 3270 2014 3326 deside-

415 3359 620 3417 raverit
666 3362 868 3428 vestri;
915 3364 1119 3420 etenim
1156 3361 1276 3434 ipsa
1319 3380 1537 3436 quoque
1581 3364 1754 3420 astitit
1798 3363 2009 3435 multis,

414 3457 468 3503 et
497 3448 656 3502 mihi.
690 3474 707 3494 ι
767 3449 1007 3505 Phoeben
1038 3449 1351 3504 venientem
1389 3453 1738 3509 commendat
1768 3471 2012 3510 sororem

415 3552 788 3603 communem,
835 3536 891 3590 id
935 3545 1016 3592 est
1049 3537 1116 3591 de
1158 3538 1273 3607 lege
1309 3538 1420 3609 (51)
1460 3557 1470 3593 :
1523 3557 1684 3611 quam
1725 3551 1785 3597 ut
1818 3543 2012 3600 merito

415 3625 782 3694 commendet,
816 3627 894 3682 ait
921 3627 1064 3681 hanc
1093 3627 1401 3682 ministram
1432 3645 1546 3684 esse
1575 3632 1833 3689 Ecclesiae
1863 3633 2013 3690 Cen-

415 3716 593 3783 chris;
644 3725 698 3772 et
729 3717 859 3789 quia
890 3717 1082 3772 multis
1130 3715 1408 3787 adjutorio
1451 3719 1579 3786 fuit,
1628 3720 1792 3794 digne
1840 3723 2008 3795 ipsam

415 3804 552 3861 dicit
580 3803 958 3877 adjuvandum
1004 3805 1464 3878 peregrinationis
1503 3823 1681 3863 causa.
1735 3810 1803 3866 Ut
1831 3818 2010 3867 autem

414 3895 532 3951 sine
576 3895 988 3952 intermissione
1029 3895 1414 3968 excipiendam
1465 3896 1617 3952 illam
1662 3906 1715 3953 et
1745 3899 2014 3956 assisten-

413 3985 544 4042 dum
596 3986 680 4041 illi
727 3987 783 4042 in
834 3987 1179 4053 necessitate,
1237 3987 1283 4042 si
1329 3988 1688 4059 pervenisset,
1739 3989 2010 4061 suaderet,

413 4075 576 4132 etiam
607 4077 715 4132 sibi
761 4077 912 4132 illam
956 4076 1198 4132 adfuisse
1237 4084 1505 4145 testatur;
1563 4086 1623 4134 ut
1662 4089 1867 4152 quanto
1911 4098 2014 4136 su-

414 4166 642 4221 blimior
686 4182 914 4236 persona
943 4165 1062 4236 ejus
1087 4168 1301 4222 caeteris
1331 4168 1422 4235 sit,
1467 4177 1620 4224 tanto
1652 4171 1826 4242 magis
1856 4171 2011 4228 reddi

413 4253 548 4309 huic
577 4253 828 4309 debitum
859 4254 1182 4326 obsequium
1216 4272 1311 4327 per
1329 4257 1653 4314 charitatem
1677 4261 2008 4317 ostenderet.

487 4343 668 4415 (Vers.
700 4343 836 4414 3-6.)
882 4369 899 4390 ε
930 4344 1172 4400 Salutate
1210 4347 1467 4419 Aquilam
1499 4356 1552 4403 et
1582 4349 1885 4405 Priscillam
1908 4352 2015 4406 ad-

2139 1817 2335 1874 fratres
2368 1819 2407 1874 ii
2443 1827 2618 1888 erant,
2661 1820 2754 1892 qui
2803 1820 3088 1876 credentes
3135 1821 3193 1877 in
3225 1821 3537 1892 Christum,
3572 1825 3742 1898 legem

2139 1914 2321 1964 tamen
2366 1910 2691 1965 servandam
2739 1910 3016 1978 dicebant,
3072 1927 3180 1966 non
3227 1912 3479 1969 sufﬁcere
3522 1914 3595 1970 ad
3635 1917 3740 1987 ple~

2138 2013 2269 2051 num
2329 1998 2522 2053 salutis
2578 1999 2834 2055 effectum
2894 1999 3178 2058 Christum
3231 2008 3538 2074 putantes:
3599 2001 3743 2076 quod

2136 2086 2435 2158 Apostolus
2464 2087 2798 2158 destruebat,
2833 2105 3001 2162 quare
3029 2099 3083 2146 et
3111 2092 3521 2162 persecutiones
3550 2093 3622 2150 ab
3653 2091 3738 2148 his

2137 2177 2561 2248 perpetiebatur.
2617 2179 2826 2235 Horum
2875 2178 3042 2235 etiam
3087 2179 3419 2237 domesticos
3450 2189 3505 2237 et
3547 2198 3735 2237 verna-

2136 2265 2291 2321 culos
2336 2267 2560 2333 salutat,
2606 2284 2748 2339 quos
2787 2269 3090 2325 Ecclesiam
3121 2270 3390 2341 appellat;
3441 2270 3578 2344 quia
3605 2287 3738 2327 san-

2134 2363 2348 2411 ctorum
2378 2356 2625 2412 virorum
2657 2364 2814 2413 erant
2842 2357 3104 2430 discipuli
3126 2356 3273 2414 circa
3301 2358 3489 2415 ﬁdem.

2219 2470 2237 2491 ι
2276 2445 2518 2503 Salutate
2546 2447 2872 2519 Epaenetum
2911 2447 3175 2504 dilectum
3193 2446 3354 2515 mihi,
3379 2448 3475 2521 qui
3504 2455 3590 2505 est
3617 2449 3736 2522 pri-

2134 2535 2364 2591 mitivus
2398 2537 2544 2592 Asiae
2595 2536 2650 2590 in
2701 2536 2944 2593 Christo.
2995 2562 3013 2584 ι
3075 2536 3255 2609 Hujus
3297 2538 3544 2609 Epaeneti
3577 2539 3739 2594 etiam

2133 2633 2458 2697 praesentem
2489 2625 2817 2697 dignitatem
2849 2641 2962 2681 non
2993 2633 3153 2694 tacet,
3203 2633 3264 2682 ut
3292 2626 3546 2683 ostendat
3576 2637 3631 2684 et
3661 2626 3737 2684 di-

2134 2715 2362 2786 gnitatis
2392 2716 2542 2770 viros
2570 2715 2811 2784 credere,
2845 2716 2962 2787 (53)
2995 2723 3050 2771 et
3078 2716 3280 2772 invitet
3305 2717 3512 2788 primos
3543 2719 3739 2775 Roma-

2132 2821 2332 2861 norum
2363 2805 2430 2861 ad
2464 2806 2652 2874 ﬁdem,
2704 2816 2798 2864 aut
2843 2815 2991 2864 certe
3034 2817 3097 2863 ut
3126 2807 3366 2864 humiles
3404 2819 3732 2868 crescerent.

2216 2919 2233 2941 ι
2273 2896 2518 2952 Salutate
2538 2897 2787 2962 Mariam,
2819 2914 2941 2970 quae
2970 2899 3208 2954 multum
3240 2898 3517 2954 laboravit
3542 2897 3604 2955 in
3636 2917 3728 2957 vo-

2130 2984 2236 3041 bis.
2270 3012 2288 3034 »
2347 2987 2676 3044 Commonet
2713 2994 2851 3052 109
2895 2989 2996 3046 hos
3036 2989 3260 3046 nomine
3306 2990 3513 3060 Maria),
3565 3009 3730 3067 quam

2131 3082 2494 3156 intelligimus
2539 3087 2604 3142 ad
2654 3086 3096 3144 exhortationem
3145 3088 3370 3144 illorum
3419 3089 3725 3160 impensius

2129 3172 2423 3242 laborasse,
2455 3182 2517 3230 ut
2545 3176 2749 3248 gratias
2780 3177 2861 3231 illi
2894 3186 3073 3249 agant.

2199 3261 2383 3332 (Vers.
2419 3264 2497 3334 7.)
2556 3289 2573 3310 ε
2608 3265 2850 3322 Salutate
2881 3265 3262 3322 Andronicum
3292 3272 3346 3321 et
3373 3265 3580 3321 Juliam
3621 3283 3724 3323 co—

2123 3358 2316 3420 gnatos
2364 3359 2417 3406 et
2463 3355 2822 3425 concaptivos
2864 3370 3033 3420 meos,
3082 3354 3178 3426 qui
3215 3362 3342 3410 sunt
3387 3353 3635 3426 insignes
3671 3356 3731 3412 in

2122 3440 2405 3512 apostolis,
2454 3444 2550 3516 qui
2599 3453 2726 3500 ante
2769 3461 2855 3500 me
2885 3444 3110 3500 fuerunt
3156 3445 3214 3500 in
3244 3445 3466 3503 Christo
3513 3447 3664 3503 Iesu.
3701 3471 3724 3495 ι

2123 3533 2234 3588 Hos
2277 3543 2536 3604 cognatos
2572 3543 2626 3590 et
2663 3532 2826 3604 juxta
2873 3551 3092 3590 carnem
3138 3543 3191 3591 et
3234 3535 3540 3592 secundum
3571 3535 3732 3609 spiri-

2121 3627 2264 3688 tum,
2295 3621 2573 3692 quomodo
2602 3631 2656 3678 et
2679 3624 2907 3696 angelus
2934 3623 3081 3680 dixit
3110 3623 3178 3679 ad
3206 3623 3433 3680 Mariam
3466 3642 3478 3679 ε
3543 3647 3562 3671 σ
3589 3624 3732 3682 Ecce

2122 3711 2416 3768 Elizabeth
2463 3720 2698 3782 cognata
2745 3720 2860 3780 tua,
2913 3721 3020 3770 etc.
3067 3714 3221 3785 (Luc.
3263 3731 3303 3781 ι,
3351 3713 3468 3783 36),
3512 3739 3530 3761 ι
3593 3730 3730 3787 quos

2123 3801 2288 3856 etiam
2319 3802 2584 3872 apostolis
2616 3801 2894 3874 prioribus
2919 3802 3210 3860 obsecutos
3238 3819 3363 3858 cum
3401 3803 3726 3860 testimonio

2122 3888 2208 3945 sui
2249 3888 2508 3958 declarat,
2561 3900 2614 3946 et
2660 3907 2843 3948 secum
2889 3908 3074 3980 parem
3112 3891 3492 3963 captivitatem
3539 3909 3726 3964 passos

2122 3978 2252 4034 ﬁdei
2282 3995 2473 4046 causa;
2507 3979 2739 4053 ideoque
2773 3978 2920 4036 istos
2937 3981 3152 4052 plenius
3182 3980 3557 4038 honorandos.

2199 4068 2382 4139 (Vers.
2418 4069 2499 4140 8.)
2557 4093 2574 4115 ι
2611 4069 2856 4125 Salutate
2900 4070 3243 4141 Ampliatum
3289 4069 3406 4142 (54)
3459 4070 3727 4128 dilectum

2125 4172 2306 4212 meum
2339 4158 2396 4212 in
2425 4157 2670 4215 Christo.
2699 4186 2716 4207 ι
2753 4160 2913 4215 Hunc
2941 4161 3096 4232 quasi
3125 4159 3364 4216 amicum
3387 4161 3614 4228 salutat,
3633 4160 3725 4217 sed

2124 4247 2181 4303 in
2213 4246 2450 4304 Domino
2479 4248 2752 4316 amicum;
2798 4265 2909 4304 non
2943 4256 3127 4304 tamen
3161 4249 3255 4322 qui
3303 4247 3626 4307 interfuerit
3655 4250 3726 4306 la-

2122 4338 2243 4394 bori
2272 4338 2391 4410 ejus
2418 4346 2512 4394 aut
2539 4339 2869 4410 captivitati.

407 4420 620 4494 iutores
652 4448 802 4488 meos
833 4432 890 4487 in
922 4432 1142 4490 Christo
1187 4434 1333 4502 Jesu,
1384 4437 1477 4507 qui
1521 4454 1621 4509 pro
1661 4439 1848 4494 anima
1895 4456 2015 4496 mea
2042 4479 2091 4537 D
2127 4521 2136 4531 _
2197 4430 2378 4537 (ἔθιζε.
2410 4430 2573 4537 9-Ι)ωῖ
2599 4431 2841 4537 Salutate
2876 4430 3156 4537 Urbanum
3201 4431 3509 4537 adiutorem
3543 4449 3723 4489 meum

411 4537 538 4578 suas
565 4520 805 4577 cervices
853 4531 1278 4593 supposuerunt,
1318 4524 1518 4595 quibus
1559 4542 1672 4580 non
1707 4529 1882 4583 solum
1914 4546 2013 4601 ego

412 4610 618 4683 gratias
647 4626 767 4683 ago,
802 4610 895 4666 sed
925 4619 980 4667 et
1004 4619 1218 4668 cunctae
1248 4613 1510 4669 Ecclesiae
1540 4613 1806 4686 gentium,
1837 4625 1890 4671 et
1919 4617 2011 4672 do-

410 4702 691 4760 mesticam
714 4719 902 4759 eorum
933 4703 1256 4761 Ecclesiam.
1283 4728 1302 4752 ι
1345 4704 1414 4759 Hi
1433 4721 1505 4760 ex
1532 4705 1735 4762 Iudaeis
1764 4707 2008 4777 fuerunt,

407 4793 502 4865 qui
533 4793 821 4852 credentes
851 4793 979 4850 facti
1009 4801 1140 4850 sunt
1183 4794 1317 4852 socii
1346 4794 1549 4852 laboris
1581 4796 1863 4867 Apostoli;
1916 4797 2010 4870 qui

407 4882 486 4937 ita
506 4891 650 4939 recte
670 4884 1034 4952 crediderant,
1062 4893 1120 4940 ut
1143 4887 1308 4942 etiam
1333 4886 1438 4958 ipsi
1461 4885 1891 4944 exhortarentur
1909 4905 2008 4945 cae-

407 4976 554 5026 teros
581 4971 650 5027 ad
677 4971 840 5028 ﬁdem
869 4983 1095 5030 rectam.
1118 4975 1367 5048 Denique
1385 4976 1583 5047 Apollo
1613 4977 1867 5050 quamvis
1893 4977 2008 5034 fue-

504 5129 599 5204 50)
639 5131 738 5204 Ms.
771 5131 962 5204 Corb.,
993 5132 1313 5204 impossibile
1339 5141 1414 5190 est
1440 5137 1718 5193 contemni.

504 5203 596 5277 5!)
635 5203 901 5277 Nonnulli
935 5203 1178 5277 mss.,_id
1207 5212 1298 5277 est,
1330 5207 1504 5277 diligi.

501 5274 770 5401 52ﬁbliss.
805 5275 953 5331 Flor.
983 5291 1048 5332 ac
1081 5275 1272 5344 Vind.,
1313 5274 1516 5347 Aquila
1545 5278 1652 5334 viri
1679 5286 1727 5334 et
1751 5280 2008 5336 Priscilla

501 5367 506 5401 ι
535 5389 546 5401 .
636 5363 666 5401 a
689 5362 739 5401 e.

407 5352 546 5407 sunt.
581 5352 739 5402 Male.

481 5416 789 5489 (53)“Edit.
849 5433 1068 5489 omnes,
1128 5425 1174 5474 et
1227 5419 1512 5489 dignitosos
1568 5421 1806 5486 credere;
1872 5440 2002 5479 mss.

405 5503 537 5560 vero
565 5487 684 5560 alii»
725 5494 776 5544 σε
799 5488 982 5559 dignos
1025 5491 1138 5558 hos,
1188 5487 1299 5547 aut
1327 5489 1594 5560 digniores
1641 5493 1734 5548 hos
1762 5494 2007 5560 credere;

403 5558 520 5638 uti.
537 5558 846 5638 Menam.
861 5558 954 5617 hos
973 5562 1212 5638 cresim.-
1237 5558 1493 5638 nomn;
1514 5558 2004 5638 ἀίῗωιπηέίάίθπίέ

405 5631 530 5688 tati:
553 5629 698 5686 viro:
725 5631 949 5700 credere,
971 5631 1068 5689 ubi
1089 5633 1256 5690 etiam
1276 5631 1431 5690 addit
1451 5631 1614 5694 Corb.
1644 5652 1710 5696 ac
1724 5629 1940 5694 Thuan.
1957 5643 2009 5694 et

2122 4521 2179 4576 in
2209 4520 2430 4579 Christo
2463 4522 2602 4593 (55).
2625 4547 2643 4570 ι
2673 4524 2792 4579 Non
2819 4523 2998 4580 solum
3030 4525 3196 4580 istum
3225 4540 3385 4580 suum
3415 4523 3722 4596 adjutorem

2121 4614 2280 4683 dicit,
2337 4615 2430 4672 sed
2461 4624 2516 4672 et
2553 4623 2874 4672 caeterorum
2910 4617 3078 4672 fuisse
3121 4618 3332 4674 socium
3363 4617 3420 4674 in
3453 4618 3724 4676 exhorta-

2120 4705 2270 4761 tione
2340 4704 2705 4761 credulitatis.
2784 4731 2802 4752 ι
2867 4705 3112 4778 Stachyn
3172 4722 3390 4779 quoque
3455 4707 3720 4766 dilectum

2119 4809 2324 4850 meum.
2357 4819 2375 4841 ι
2436 4795 2595 4850 Hunc
2642 4793 2886 4867 Stachyn
2927 4795 3183 4867 quamvis
3231 4793 3498 4852 dilectum
3540 4803 3720 4862 vocet,

2119 4890 2304 4940 tamen
2333 4882 2562 4955 subjicit
2592 4883 2753 4940 illum
2783 4884 3004 4942 Urbano
3035 4885 3291 4957 participi
3323 4885 3508 4957 operis
3555 4901 3719 4942 evan-

2119 4972 2296 5045 gelici.

2119 5134 2371 5193 inclinari
2399 5135 2470 5191 ad
2497 5134 2674 5206 ﬁdem.

2189 5207 2306 5277 (54)
2340 5201 2562 5262 Amerb.
2587 5222 2712 5263 cum
2739 5221 2852 5262 uno
2880 5206 2966 5262 vel
2992 5206 3164 5263 altero
3193 5224 3320 5276 ms.,
3345 5201 3722 5277 Ampliatum;

2115 5279 2247 5336 Gill.
2272 5287 2326 5334 et
2354 5279 2508 5352 Eras.
2533 5295 2657 5352 cum
2671 5277 2934 5352 aliiscod
2981 5279 3686 5352 nonnullis,Amptiaudum
3701 5301 3720 5347 ,-

2116 5352 2274 5408 Rom.
2305 5349 2437 5407 edit.
2471 5350 2608 5424 sola,
2641 5349 2964 5424 Amplia-m__,'_
2999 5349 3179 5424 caeteri
3213 5367 3344 5424 mss.
3376 5349 3579 5424 magno
3610 5371 3722 5410 nu-

2116 5439 2287 5486 mero,
2318 5423 2682 5493 Ampliatum;
2713 5421 2968 5493 nonnulli
2998 5421 3209 5476 addunt
3235 5421 3632 5481 charissimam.

2189 5493 2306 5573 (55)
2347 5492 2474 5550 Mss.
2508 5493 2742 5566 aliquot,
2780 5492 3049 5549 Urbanum
3071 5493 3390 5566 participem
3420 5497 3600 5567 operis
3629 5514 3719 5553 no-

2113 5571 2234 5623 atri.
