3952 6202
221 333 322 392 189

1321 319 1686 382 COMMENT.
1727 320 1801 378 IN
1839 318 2056 377 EPIST.
2097 320 2194 377 AD
2231 318 2400 378 ROM.

3427 317 3526 376 190

300 462 482 536 (Vere.
533 459 648 530 10.)
721 483 739 506 ι
795 455 1043 513 Salutate
1095 453 1346 527 Apellem
1411 449 1705 524 probatum
1764 450 1824 506 in
1857 451 1909 510 Δ
1936 457 2114 517 erant,
2164 448 2550 520 dignoscitur;
2594 455 2812 505 sanctos
2842 447 2991 504 enim
3034 452 3435 519 nuncupateos,
3467 453 3531 502 ut

219 553 462 611 Christo.
498 575 520 600 ι
573 550 738 606 Hunc
765 547 1015 619 Apellem
1053 562 1166 602 non
1185 543 1342 618 quasi
1367 545 1608 598 amicum
1636 557 1821 609 suum,

219 652 316 701 aut
356 641 682 716 participem
730 636 913 712 operis
970 636 1207 693 salutat:
1263 632 1360 690 sed
1419 640 1642 705 propter
1679 629 1827 704 quod

222 733 625 792 tentationibus
670 729 936 802 probatus
965 736 1069 794 est,
1098 733 1153 782 et
1184 724 1242 780 in
1272 723 1492 781 Christo
1520 721 1701 779 ﬁdelis
1729 722 1828 778 in-

225 832 444 881 ventus.

300 913 488 984 (Vera.
535 910 653 980 11.)
701 932 720 956 ε
751 906 999 964 Salutate
1025 920 1118 960 eos
1145 902 1239 975 qui
1270 909 1400 959 sunt
1426 918 1498 959 ex
1523 901 1828 958 Aristobuli

225 1003 414 1060 domo.
451 1025 470 1048 ι
513 996 872 1056 Aristobulus
901 994 1001 1051 iste
1019 1000 1380 1065 congregator
1410 992 1581 1049 fuisse
1611 991 1831 1048 intelli-

227 1093 379 1165 gitur
424 1091 659 1148 fratrum
708 1089 766 1144 in
797 1087 1035 1145 Christo:
1083 1082 1242 1155 cuius
1269 1083 1474 1140 factum
1505 1084 1587 1139 sic
1615 1083 1831 1155 probat,

230 1190 294 1238 ut
330 1197 426 1238 eos
479 1196 616 1253 quos
681 1173 1063 1248 congregabat,
1119 1171 1316 1245 dignos
1368 1173 1699 1229 salutatione
1737 1186 1835 1228 sua

231 1269 505 1342 designet.
583 1292 600 1314 ο
652 1265 895 1322 Salutate
955 1262 1322 1319 Herodionem
1374 1271 1667 1335 cognatum
1724 1279 1835 1318 no-

232 1367 428 1416 strum.
462 1381 480 1403 ι
519 1357 682 1412 Hunc
707 1370 869 1428 quem
901 1360 1192 1424 cognatum
1207 1361 1422 1410 tantum
1453 1359 1632 1412 vocat.
1655 1359 1836 1407 osten-

231 1448 319 1505 dit
367 1446 630 1504 devotum
688 1444 747 1500 in
778 1443 1050 1500 charitate
1079 1441 1528 1499 renascibilitatis
1557 1460 1569 1498 :
1601 1457 1715 1498 non
1744 1450 1838 1498 ta-

232 1553 358 1594 men
388 1535 738 1609 vigilantiam
772 1533 931 1590 illius
959 1531 1287 1604 designavit.

321 1652 341 1677 ι
397 1628 642 1686 Salutate
687 1641 785 1682 eos
837 1624 936 1698 qui
965 1633 1095 1680 sunt
1122 1641 1193 1680 ex
1230 1623 1469 1681 Narcissi
1509 1621 1695 1688 domo,
1743 1618 1838 1692 qui

235 1728 370 1778 sunt
398 1719 455 1776 in
483 1717 750 1776 Domino.
782 1739 800 1762 ι
842 1713 1131 1771 Narcissus
1159 1713 1254 1770 hic
1285 1715 1385 1770 illo
1409 1723 1655 1784 tempore
1693 1725 1838 1783 pres-

1938 537 2136 594 merito
2165 537 2290 592 illos
2316 537 2552 592 salutare
2575 535 2849 594 videatur.

2007 627 2190 699 (Vers.
2226 626 2339 692 16.)
2387 651 2402 672 ι
2432 627 2674 682 Salutate
2702 626 2942 684 invicem
2973 625 3030 682 in
3056 626 3247 682 osculo
3280 631 3515 681 sancto.»

1937 716 2140 773 Omnes
2197 714 2400 788 quibus
2436 715 2647 782 scribit,
2699 723 2753 770 et
2779 732 2916 788 quos
2947 715 3220 783 nominat,
3247 713 3408 786 jubet
3434 731 3532 770 sa-

1937 804 2115 861 lutare
2157 821 2213 862 se
2265 804 2507 860 invicem
2563 803 2620 858 in
2650 804 2837 859 osculo
2871 811 3079 871 sancto,
3111 804 3167 859 id
3196 812 3278 860 est
3315 804 3372 859 in
3400 819 3534 876 pace

1939 895 2170 963 Christi,
2224 911 2334 950 non
2394 894 2452 950 in
2513 891 2786 948 desiderio
2831 893 3035 960 carnis,
3083 893 3175 948 sed
3223 893 3279 948 in
3323 892 3535 964 Spiritu

1942 993 2166 1052 sancto;
2199 991 2261 1040 ut
2290 983 2545 1056 religiosa
2574 983 2686 1037 sint
2714 981 2922 1047 oscula,
2953 997 3066 1035 non
3105 982 3365 1037 carnalia.

2029 1099 2046 1121 ι
2076 1073 2327 1130 Salutant
2353 1088 2452 1127 vos
2473 1086 2665 1127 omnes
2693 1068 2952 1125 Ecclesiae
2977 1067 3206 1124 Christi.
3238 1091 3256 1116 ι
3313 1069 3414 1124 Per
3435 1069 3540 1125 hoc

1943 1162 2276 1235 intelligitur
2330 1160 2440 1217 dici
2503 1158 2832 1226 Ecclesiam,
2895 1174 3014 1230 quae
3053 1172 3166 1212 non
3212 1155 3284 1212 sit
3310 1156 3537 1214 Christi.

1943 1254 2100 1312 Unde
2128 1261 2182 1309 et
2208 1250 2387 1309 David
2407 1251 2880 1324 conspirationem
2901 1249 3219 1321 iniquorum
3241 1245 3540 1302 Ecclesiam

1945 1342 2368 1416 malignantium
2414 1348 2574 1397 vocat
2624 1340 2799 1410 (Psal.
2847 1355 2985 1406 xxv,
3012 1337 3093 1409 5).
3127 1336 3389 1394 Omnium
3418 1351 3544 1408 ergo

1946 1433 2196 1490 locorum
2244 1433 2470 1488 illorum
2525 1429 2803 1487 Ecclesias
2857 1427 2994 1484 dicit
3047 1443 3141 1483 eos
3187 1427 3447 1494 salutare,
3484 1431 3547 1480 ut

1947 1532 2198 1582 crescant
2244 1523 2302 1578 in
2341 1523 2469 1579 ﬁde.
2518 1521 2635 1576 Hoc
2671 1536 2801 1591 ergo
2827 1517 2894 1574 ad
2945 1515 3288 1589 superiorem
3327 1530 3546 1572 sensum

1948 1615 2164 1681 retulit,
2194 1621 2257 1670 ut
2279 1611 2532 1670 ostendat
2559 1610 2844 1669 Christum
2886 1624 3025 1675 esse,
3051 1606 3110 1662 in
3136 1623 3248 1679 quo
3268 1605 3415 1661 salus
3444 1610 3547 1672 est,

1949 1713 2005 1760 et
2032 1702 2184 1758 hunc
2211 1719 2327 1758 esse
2351 1700 2510 1773 cujus
2538 1699 2778 1771 populus
2806 1697 2986 1754 ﬁdelis
3013 1705 3115 1764 est,
3142 1703 3196 1751 et
3225 1694 3384 1766 cujus
3410 1700 3551 1749 nutu

235 1815 404 1886 byter
422 1807 628 1866 dicitur
653 1805 846 1873 fuisse,
877 1804 1022 1862 sicut
1052 1804 1254 1876 legitur
1293 1803 1347 1860 in
1377 1803 1504 1860 aliis
1528 1781 1835 1859 codicibus.
1868 1814 1914 1875 Β
1949 1791 2092 1848 vivit
2119 1799 2318 1848 cuncta
2344 1797 2609 1845 creatura.
2647 1792 2787 1848 110
2833 1787 3041 1841 Auctor
3092 1784 3239 1840 enim
3288 1783 3417 1839 vitae
3459 1781 3554 1839 hic

240 1904 314 1960 Et
355 1900 485 1975 quia
512 1913 752 1972 prmaens
787 1911 901 1951 non
948 1901 1085 1964 erat,
1116 1893 1320 1950 videtis
1345 1911 1452 1966 qua
1472 1908 1636 1949 causa
1654 1907 1746 1947 eos
1774 1890 1834 1945 in

242 1991 482 2052 Domino
508 1989 710 2045 salutet
738 1995 802 2043 ut
838 1993 1077 2052 sanctos,
1109 1984 1205 2057 qui
1241 2000 1311 2040 ex
1340 1983 1459 2056 ejus
1473 1991 1628 2039 erant
1647 1980 1832 2037 domo.

181 2139 190 2150 ,
245 2083 348 2142 llic
376 2088 558 2138 autem
586 2075 874 2136 Narcissus
905 2072 1188 2147 presbyter
1215 2073 1395 2130 oﬂicio
1423 2069 1692 2145 peregrini
1716 2069 1838 2125 fun-

248 2172 477 2247 gebatur
508 2167 648 2241 (56),
679 2162 1158 2222 exhortationibus
1187 2161 1414 2217 ﬁrmans
1441 2160 1761 2225 credentes;
1784 2165 1839 2214 et

249 2261 515 2338 quoniam
577 2273 688 2314 non
739 2254 942 2312 sciebat
995 2253 1291 2326 Apostolus
1342 2252 1538 2308 merita
1593 2249 1837 2314 illorum,

253 2335 351 2427 qui
388 2365 515 2409 cum
555 2347 653 2403 illo
682 2345 924 2411 fuerant,
971 2341 1049 2398 sic
1088 2341 1266 2398 dixit:
1314 2365 1332 2388 ι
1361 2341 1603 2396 Salutate
1627 2354 1720 2393 eos
1746 2335 1842 2409 qui

250 2426 384 2498 sunt
414 2455 482 2494 ex
511 2433 749 2492 Narcissi
776 2432 940 2489 domo
966 2430 1024 2486 in
1057 2429 1332 2494 Domino;
1369 2451 1388 2474 ι
1441 2426 1548 2482 hoc
1575 2434 1676 2492 est,
1707 2439 1844 2496 quos

251 2529 410 2587 scitis
463 2543 578 2584 esse
616 2525 812 2598 dignos
856 2537 927 2578 ex
974 2521 1063 2576 his
1108 2518 1440 2576 salutatione
1475 2531 1614 2582 mea,
1662 2513 1845 2586 quiin

254 2619 496 2678 Domino
550 2622 852 2691 posuerunt
904 2626 1054 2684 spem
1093 2626 1269 2676 suam,
1301 2608 1431 2690 illos
1470 2606 1702 2662 salutate
1735 2619 1847 2658 no-

256 2712 407 2768 mine
425 2725 565 2766 meo.
1428 2686 1431 2690 ’

333 2802 514 2873 (Vera.
547 2796 662 2868 l2.)
708 2820 726 2842 ι
754 2795 996 2851 Salutate
1024 2788 1390 2864 Tryphaenam
1407 2793 1462 2842 et
1481 2783 1848 2856 Tryphosam,

263 2909 387 2967 quae
425 2889 678 2947 laborant
709 2886 767 2941 in
794 2884 1053 2942 Domino.
1084 2904 1103 2930 ι
1148 2881 1255 2936 Has
1282 2893 1396 2933 uno
1423 2876 1631 2932 honore
1659 2873 1852 2946 dignas

262 2982 504 3039 declarat
527 2979 586 3033 in
615 2975 856 3034 Christo.

350 3094 368 3118 α
413 3069 655 3126 Salutate
699 3063 978 3121 Persidem
1026 3059 1430 3126 charissimam,
1462 3072 1584 3130 qua:
1614 3053 1850 3110 multum

1945 1899 2047 1958 est,
2082 1889 2227 1945 sicut
2257 1887 2394 1942 dicit
2440 1886 2633 1940 Petrus
2669 1882 2955 1955 apostolus
3004 1880 3145 1949 (Act.
3176 1896 3259 1948 ιιι,
3294 1879 3408 1948 l5),
3440 1893 3553 1933 non

1949 1980 2043 2036 lex
2071 1979 2127 2034 in
2157 1994 2265 2051 qua
2295 1975 2517 2049 quidam
2550 1974 2779 2030 illorum
2811 1971 3081 2045 putabant
3101 1985 3316 2043 sperare
3336 1968 3553 2026 debere.

2022 2077 2201 2150 (Vers.
2235 2072 2445 2145 17-19.)
2493 2096 2510 2118 ε
2543 2071 2654 2128 Oro
2685 2079 2866 2127 autem
2898 2085 3021 2133 vos,
3045 2067 3263 2134 fratres,
3285 2074 3348 2121 ut
3375 2064 3554 2121 obser-

1950 2166 2090 2223 vetis
2143 2181 2257 2230 eos,
2302 2163 2397 2236 qui
2449 2160 2818 2218 dissensiones
2873 2164 2928 2212 et
2983 2155 3316 2212 offendicula
3363 2160 3558 2226 praeter

1949 2256 2326 2328 disciplinam,
2357 2269 2518 2326 quam
2555 2268 2652 2306 vos
2694 2247 2990 2316 didicistis,
3021 2246 3258 2314 faciunt,
3291 2252 3345 2299 et
3390 2243 3556 2299 decli-

1951 2357 2077 2404 nate
2106 2346 2173 2401 ab
2200 2345 2333 2400 illis.
2369 2344 2436 2399 Hi
2458 2343 2606 2398 enim
2630 2342 2768 2398 tales
2788 2339 3007 2396 Christo
3028 2337 3264 2393 Domino
3286 2336 3410 2392 Jesu
3436 2350 3550 2390 non

1954 2436 2224 2503 serviunt,
2257 2433 2352 2489 sed
2381 2449 2478 2488 suo
2504 2430 2684 2486 ventri
2715 2447 2729 2495 ;
2761 2437 2813 2484 et
2841 2444 2938 2500 per
2985 2425 3270 2482 illecebras
3293 2441 3356 2481 ac
3393 2424 3564 2480 blan—

1956 2528 2202 2583 dimenta
2224 2540 2538 2580 sermonum
2595 2521 2900 2590 depravant
2957 2516 3122 2573 corda
3166 2514 3563 2570 innocentium.

1957 2616 2157 2672 Vestro
2215 2612 2363 2667 enim
2418 2607 2731 2665 obedientia
2786 2605 2845 2660 in
2911 2605 3065 2660 omni
3096 2605 3216 2659 loco
3284 2602 3567 2673 divulgata

1959 2712 2060 2761 est.
2115 2728 2134 2750 ν
2193 2703 2308 2758 Hoc
2355 2701 2474 2756 loco
2520 2698 2586 2753 de
2632 2695 2885 2768 personis
2935 2692 3194 2765 prorupit
3238 2690 3568 2762 pseudoapo-

1961 2796 2251 2858 stolorum,
2285 2805 2422 2864 quos
2463 2789 2518 2843 in
2566 2793 2683 2842 tota
2725 2783 2956 2857 epistola
3007 2779 3278 2837 cavendos
3317 2779 3554 2846 monuit,

1960 2887 2104 2943 sicut
2131 2892 2184 2941 et
2214 2898 2365 2938 nunc
2397 2899 2410 2949 ;
2446 2878 2537 2935 sed
2569 2877 2687 2933 sine
2718 2871 3159 2930 manifestatione
3211 2869 3563 2925 traditionem

1961 2977 2186 3032 illorum
2238 2969 2580 3042 compressit.
2631 2967 2698 3023 Hi
2750 2962 2898 3019 enim
2947 2959 3217 3032 cogebant
3283 2956 3565 3013 credentes

1954 3063 2262 3137 judaizare,
2302 3067 2366 3115 ut
2423 3057 2522 3114 Dei
2575 3053 2905 3111 beneﬁcium
2958 3049 3104 3106 circa
3159 3065 3215 3103 se
3264 3046 3563 3105 inanirent,

255 3159 538 3217 laboravit
585 3157 643 3213 in
683 3153 942 3211 Domino.
974 3176 992 3199 ι
1053 3152 1162 3206 Ista
1191 3147 1495 3219 anteposita
1521 3144 1740 3200 videtur
1765 3158 1854 3198 su-

1978 3155 2116 3211 sicut
2145 3166 2312 3222 supra
2351 3145 2649 3202 memoravi
2676 3163 2689 3210 ;
2722 3139 3045 3210 compositis
3067 3136 3213 3190 enim
3239 3135 3568 3207 genealogiaa

273 3249 540 3324 pradictis
587 3247 718 3321 quia
785 3269 803 3291 ‹
858 3245 1094 3300 multum
1140 3239 1412 3296 laboravit
1455 3238 1512 3290 in
1543 3233 1799 3290 Domino.
1830 3257 1849 3281 ι

267 3322 450 3398 Labor
477 3338 571 3394 hic
600 3338 660 3392 in
696 3331 1084 3389 exhortatione
1099 3337 1202 3395 est,
1237 3334 1290 3382 et
1321 3326 1378 3380 in
1409 3322 1717 3380 ministerio
1747 3337 1865 3377 san-

265 3437 518 3495 ctorum,
549 3433 605 3481 et
630 3424 688 3478 in
717 3434 990 3493 pressura,
1021 3426 1077 3474 et
1105 3417 1161 3471 in
1194 3421 1430 3487 egestate
1453 3419 1676 3484 propter
1698 3408 1870 3466 Chri—

265 3527 443 3577 stum.
483 3512 614 3588 quia
644 3511 838 3568 domos
882 3523 1008 3564 suas
1047 3504 1434 3578 relinquebant
1477 3500 1649 3573 fugati
1677 3506 1732 3556 et
1758 3513 1868 3570 op-

264 3604 500 3682 probrio
538 3609 694 3659 erant
726 3597 934 3654 inﬁdis.

346 3695 528 3767 (Vers.
567 3691 679 3762 13.)
725 3715 743 3737 ι
768 3688 1008 3746 Salutate
1023 3684 1230 3742 Rufum
1253 3683 1483 3738 electum
1517 3678 1575 3733 in
1608 3674 1866 3742 Domino,

271 3795 328 3843 et
355 3793 584 3841 matrem
614 3780 732 3852 ejus
769 3787 824 3834 et
853 3793 1048 3834 meam.
1093 3800 1110 3820 ι
1155 3772 1284 3829 Ideo
1305 3771 1468 3827 istum
1502 3767 1705 3826 Rufum
1735 3781 1866 3837 prae-

273 3875 461 3951 posuit
505 3870 668 3928 matri
728 3876 950 3942 propter
1003 3862 1326 3921 electionem
1377 3853 1870 3916 administrationis

275 3943 463 4040 gratia:
490 3961 613 4030 Dei,
646 3961 703 4015 in
733 3974 840 4031 qua
868 3953 1068 4012 mulier
1095 3954 1275 4009 locum
1307 3966 1416 4005 non
1447 3943 1869 4012 habet;electus

271 4057 425 4113 enim
471 4061 606 4121 erat,
657 4049 714 4106 id
755 4058 858 4116 est,
878 4053 1165 4121 promotus
1191 4061 1223 4100 a
1252 4041 1492 4098 Domino
1519 4037 1587 4094 ad
1625 4052 1711 4092 res
1753 4032 1871 4105 ejus

277 4137 532 4218 agendas.
587 4141 818 4197 Matrem
866 4143 1051 4192 tamen
1107 4143 1218 4190 tam
1271 4139 1516 4188 sanctam
1562 4123 1778 4192 habuit,
1809 4129 1872 4178 ut

279 4233 580 4308 Apostolus
617 4245 775 4288 suam
803 4242 1019 4299 quoque
1049 4233 1279 4280 matrem
1311 4220 1456 4275 hanc
1484 4221 1728 4273 vocaret.

353 4333 541 4406 (Vere.
571 4328 687 4400 14.)
734 4353 751 4375 ι
773 4326 1014 4384 Salutate
1043 4321 1403 4394 Asyncletum
1434 4313 1873 4406 (57),APhlegon-

279 4433 413 4490 tem,
467 4422 728 4485 Herman,
782 4414 1093 4480 Patrobam,
1127 4412 1386 4476 Hermen,
1424 4413 1478 4462 et
1511 4404 1756 4478 quicum
1797 4401 1876 4458 eis

280 4519 431 4580 sunt,
462 4509 680 4565 fratres.
727 4529 744 4551 ι
789 4505 903 4559 Hos
927 4501 1095 4558 simul
1127 4500 1350 4565 salutat,
1383 4495 1515 4569 quia
1552 4492 1759 4550 sciebat
1785 4507 1878 4548 eos
1902 4529 1952 4588 Β

283 4617 399 4658 esse
424 4595 725 4656 concordes
752 4594 811 4649 in
851 4591 1094 4656 Christo,
1136 4587 1242 4644 hoc
1269 4593 1370 4654 est,
1396 4583 1620 4656 junctos
1648 4581 1706 4637 in
1732 4579 1882 4635 ami-

281 4691 470 4749 citiam
512 4685 900 4746 Christianam.
953 4681 1165 4738 Salutat
1222 4676 1388 4734 simul
1421 4682 1476 4730 et
1521 4674 1739 4740 fratres,
1781 4668 1877 4743 qui

282 4788 439 4838 erant
467 4793 593 4836 cum
623 4775 722 4844 eis,
755 4787 990 4848 quorum
1021 4769 1248 4826 nomina
1278 4763 1647 4839 praetermisit.

358 4878 542 4950 (Vera.
578 4873 692 4946 15.)
749 4896 766 4918 α
794 4871 1039 4927 Salutate
1086 4866 1439 4937 Philologum
1470 4872 1524 4921 et
1552 4863 1776 4930 Iuliam,
1827 4865 1882 4916 et

283 4970 542 5035 Nereum,
574 4972 628 5021 et
653 4950 892 5021 sororem
925 4957 1044 5030 ejus
1073 4954 1457 5028 Olympiadem
1483 4951 1624 5024 (2.8),
1662 4958 1716 5007 et
1751 4967 1882 5007 om-

285 5076 386 5117 nes
432 5056 527 5132 qui
575 5072 701 5112 cum
732 5055 812 5110 eis
838 5059 989 5118 sunt,
1021 5054 1257 5103 sanctos.
1293 5069 1312 5092 ι
1356 5044 1422 5100 Hi
1455 5058 1646 5098 omnes
1673 5040 1885 5097 unani—

286 5169 404 5210 mes
427 5148 822 5221 intelliguntur
853 5144 1044 5212 fuisse,
1065 5156 1202 5215 quos
1222 5138 1327 5194 hac
1355 5151 1517 5194 causa
1533 5135 1699 5191 simul
1727 5133 1886 5189 salu—

285 5249 387 5311 tat,
445 5254 682 5314 quorum
729 5235 988 5292 meritum
1046 5248 1115 5287 ex
1163 5229 1252 5298 iis,
1289 5227 1386 5301 qui
1438 5224 1604 5281 simul
1653 5239 1776 5279 cum
1808 5221 1887 5278 eis

363 5439 481 5511 (56)
513 5436 638 5492 Vet.
663 5433 796 5511 edit.
815 5446 940 5511 cum
959 5427 1156 5511 paucis
1186 5421 1556 5511 mss.‘,.eide1:t's
1578 5435 1686 5511 qlia
1705 5434 1886 5499 equm.

284 5493 486 5567 Paucis
534 5523 667 5563 vero
718 5493 1024 5573 interjectis
1067 5500 1230 5573 Rom.
1265 5495 1400 5552 edit.
1431 5493 1568 5561 sola,
1600 5493 1887 5549 Narcissus

283 5579 581 5711 presbyteri
611 5577 774 5651 oﬂicio
799 5569 1015 5646 peregre
1052 5569 1388 5640 fungebatur.
1485 5633 1518 5645 η

362 5653 421 5711 (5
466 5655 483 5711 )
515 5653 599 5710 Ita
625 5656 737 5705 vet.
768 5645 902 5703 edit.
935 5660 997 5700 ac
1027 5642 1210 5711 plures
1236 5655 1392 5711 mss.;
1424 5636 1518 5711 alu

385 5636 483 5725 57')
515 5653 599 5710 Ita
625 5636 737 5725 fet.
768 5636 909 5725 edit;
925 5636 997 5700 'ac
1027 5636 1210 5725 plures
1236 5655 1392 5725 mss.;
1424 5636 1522 5725 alii
1550 5640 1735 5691 autem
1756 5647 1892 5689 non-

362 5655 483 5782 (57)
515 5655 599 5710 Ita
625 5656 737 5705 vet.
768 5655 902 5703 edit.
935 5660 997 5700 ac
1027 5655 1210 5720 plures
1236 5655 1392 5704 mss.;
1424 5655 1522 5716 an:
1550 5655 1621 5691 au

287 5743 364 5784 nu
387 5725 453 5795 ιι,
475 5722 842 5796 Asymletum;
872 5717 1031 5774 Rom.
1063 5711 1222 5780 ed1t.,
1256 5710 1621 5782 Asyncrttum.

1975 3239 2180 3306 verbis,
2200 3221 2466 3293 tractatus
2495 3231 2602 3287 sibi
2631 3227 2958 3300 coaptabant
3004 3224 3072 3279 ad
3123 3221 3568 3278 commendatio-

1977 3346 2104 3386 nem
2150 3324 2468 3384 traditionis
2515 3337 2646 3386 suae,
2692 3333 2788 3389 per
2835 3331 2971 3387 quos
3017 3312 3354 3405 simplicium
3404 3309 3570 3366 corda

1977 3418 2310 3490 deciperent.

2065 3532 2082 3555 ε
2120 3507 2317 3564 Vestra
2365 3500 2511 3558 enim
2565 3494 2898 3562 obedientia,
2968 3491 3170 3564 inquit,
3232 3489 3290 3544 in
3350 3503 3569 3543 omnem

1978 3599 2162 3654 locum
2195 3593 2479 3664 divulgata
2505 3596 2603 3645 est.
2641 3613 2661 3636 ι
2706 3585 2822 3642 Hoc
2853 3592 2934 3641 est
2977 3582 3124 3656 quod
3163 3580 3220 3635 in
3267 3576 3570 3651 primordio

1978 3689 2222 3763 epistolae
2283 3683 2440 3750 dicit,
2485 3706 2502 3727 ι
2533 3681 2662 3755 quia
2704 3677 2839 3734 ﬁdes
2894 3682 3076 3732 vestra
3131 3670 3459 3745 praedicatur
3512 3667 3570 3723 in

1976 3756 2238 3836 universo
2269 3773 2474 3831 mundo
2507 3773 2684 3843 (Rom.
2717 3786 2758 3837 ι,
2789 3768 2871 3834 8),
2903 3791 2920 3813 ι
2965 3765 3069 3820 hoc
3097 3761 3391 3834 signiﬁcat,
3423 3756 3571 3830 quod

1979 3883 2201 3926 securus
2230 3865 2302 3922 sit
2332 3862 2399 3919 de
2421 3857 2735 3918 obedientia
2764 3871 2975 3912 eorum.
3026 3853 3158 3906 Erat
3205 3849 3353 3904 enim
3399 3847 3571 3901 incre-

1977 3959 2172 4015 dulum
2231 3953 2379 4029 quod
2431 3946 2883 4019 seosubjicerent
2935 3940 3052 4010 (59)
3122 3945 3245 4010 post
3295 3935 3568 4007 cognitam

1977 4050 2266 4108 veritatem
2297 4043 2375 4100 rei
2406 4043 2587 4099 stultae
2615 4034 2769 4111 quasi
2801 4030 3115 4106 prudentes.

2068 4165 2086 4185 ι
2107 4134 2330 4193 Gaudeo
2359 4132 2526 4204 igitur
2555 4127 2613 4182 in
2644 4123 2849 4180 vobis.»
2887 4121 2959 4176 Et
2987 4117 3079 4174 hic
3107 4131 3297 4173 sensus
3326 4113 3393 4170 de
3420 4128 3575 4186 supe-

1981 4227 2127 4285 riore
2157 4231 2308 4298 parte
2337 4219 2581 4293 epistolae
2613 4225 2694 4273 est
2725 4233 2739 4281 ;
2777 4211 2973 4286 gaudet
2999 4208 3147 4265 enim
3192 4205 3320 4280 quia
3367 4207 3577 4263 Roma-

1983 4320 2065 4390 ni,
2114 4315 2209 4392 qui
2263 4328 2492 4386 regnum
2551 4309 2751 4366 habere
2802 4305 3085 4371 videntur,
3127 4298 3481 4373 subjecerunt
3519 4310 3578 4352 se

1984 4410 2114 4467 ﬁdei
2143 4405 2489 4467 Christianas.

2073 4524 2092 4546 ι
2122 4498 2266 4556 Volo
2294 4513 2394 4552 vos
2419 4491 2702 4568 proﬁcere,
2739 4496 2802 4546 ut
2830 4483 3034 4544 eruditi
3083 4481 3205 4539 sitis
3249 4480 3307 4536 in
3345 4478 3574 4543 bonum,

1990 4588 2152 4646 rudes
2179 4603 2310 4643 vero
2336 4585 2395 4640 in
2425 4567 2650 4639 malum.
2689 4604 2708 4628 ι
2750 4575 3018 4638 Eruditus
3038 4573 3097 4629 in
3147 4571 3294 4627 bono
3337 4567 3431 4622 hic
3475 4571 3575 4631 est,

1985 4679 2080 4755 qui
2125 4678 2270 4735 bona
2314 4683 2616 4748 operatur:
2660 4668 2822 4725 rudes
2869 4674 3051 4721 autem
3100 4660 3158 4715 in
3189 4658 3334 4714 malo
3359 4655 3398 4710 ii
3429 4661 3576 4719 sunt,

1987 4739 2082 4844 qui
2139 4739 2394 4838 ignorant
2448 4775 2612 4834 opera
2664 4757 2827 4821 mala,
2890 4753 2947 4809 id
3000 4757 3103 4818 est,
3133 4761 3295 4804 usum
3354 4739 3580 4797 malitia)

1988 4861 2388 5016 11622330.)
2433 4962 2452 4986 ι
2481 4940 2632 4994 Deus
2659 4939 2843 4990 autem
2863 4927 3014 5002 pacis
3038 4929 3285 4984 conteret
3328 4920 3580 4978 Satanam

1991 5007 2094 5091 sub
2123 5030 2353 5105 pedibus
2370 5007 2587 5081 vestris
2611 5019 2895 5085 velociter,
2918 5042 2936 5065 ι
2979 5015 3037 5071 id
3065 5022 3147 5070 est
3174 5009 3349 5070 brevi.
3376 5010 3488 5066 Hoc
3516 5007 3583 5066 de

1994 5100 2235 5181 adventu
2264 5134 2362 5176 suo
2391 5115 2548 5182 dicit,
2600 5111 2730 5186 quia
2769 5108 3038 5165 adventus
3087 5103 3204 5176 ejus
3252 5100 3584 5175 opprimeret

1994 5216 2276 5276 diabolum
2312 5212 2383 5269 ob
2414 5210 2538 5278 hoc,
2569 5205 2716 5282 quod
2741 5204 2833 5262 isti
2861 5201 3164 5276 spiritalem
3212 5196 3441 5270 gratiam
3482 5208 3584 5251 ac-
3647 5192 3672 5215 ‘

2071 5413 2189 5484 (58)
2221 5412 2353 5484 Gill.
2386 5427 2450 5465 ac
2479 5409 2638 5484 Rom.
2672 5402 2808 5484 edit.
2837 5415 2967 5459 cum
2999 5413 3130 5454 mss.
3163 5391 3511 5470 quibusdam,
3541 5398 3592 5448 et

1999 5477 2233 5540 sororem
2261 5482 2372 5552 ejus
2401 5487 2448 5536 et
2474 5477 2790 5552 Olympiam.

2074 5535 2331 5626 (δέ)εῆ
2354 5535 2570 5626 omnes
2612 5535 2745 5626 edit.
2775 5565 2789 5614 ;
2840 5551 2912 5626 at
2940 5550 3130 5602 contra
3165 5556 3297 5598 mss.
3327 5551 3495 5613 prope
3518 5535 3588 5594 ad

1999 5619 2195 5695 unum,
2224 5625 2363 5698 quod
2391 5640 2497 5680 non
2521 5639 2573 5677 se
2601 5619 2934 5692 subjicerent.
