3952 6202
373 249 471 307 191
1351 248 1449 304 AD
1487 245 1720 304 OPERA
1758 245 1814 300 S.
1856 241 2190 300 AMBROSII
2229 239 2612 298 APPENDIX.

3587 240 3730 298 192

367 385 579 451 cepturi
621 383 810 444 erant;
857 377 946 434 cui
989 375 1067 432 rei
1116 373 1332 432 invidet
1381 373 1628 441 Satanas,
1661 370 1792 444 quia
1849 371 1974 437 vult
2002 373 2054 433 Α
2083 385 2178 426 nes
2226 368 2351 426 ideo
2396 366 2724 425 nominatim
2773 375 3058 424 enumerat
3096 366 3153 424 in
3201 365 3550 424 salutatione
3594 369 3732 426 Bo-

369 467 622 524 homines
658 470 975 538 permanere
1023 464 1082 520 in
1128 479 1355 531 errore;
1407 471 1602 518 caetera
1645 468 1706 516 ut
1753 460 1969 516 discre-

369 565 520 629 pent,
550 573 677 613 cum
708 555 820 611 sint
846 554 1013 610 unius
1038 552 1412 626 professionis.

458 670 476 691 ‹
519 643 707 701 Gratia
746 642 969 699 Domini
1012 642 1186 698 nostri
1213 642 1338 696 Jesu
1366 638 1572 696 Christi
1600 637 1884 694 vobiscum
1940 656 1966 688 ι)

371 737 614 792 Gratiam
644 750 808 808 quam
853 731 1107 805 promisit
1155 731 1290 787 illis-
1313 730 1370 785 in
1413 729 1655 785 adventu
1705 745 1824 794 suo,
1853 725 1968 799 jam

371 834 521 898 optat
562 840 677 882 esse
731 839 856 880 cum
907 821 1055 888 illis;
1114 820 1159 875 si
1212 819 1361 875 enim
1394 825 1675 875 merentur
1703 817 1968 889 accipere,

365 913 475 986 jam
507 930 631 970 cum
663 912 777 968 illis
804 910 963 968 estin
993 926 1106 982 spe.

455 1025 472 1050 ε
505 1003 686 1074 (Vers.
706 1001 822 1072 2i.)
862 1025 880 1047 ι
926 1000 1137 1056 Salutat
1167 1014 1266 1054 vos
1292 995 1616 1053 Timotheus
1643 1010 1868 1052 consors
1898 994 1970 1049 la-

371 1091 560 1148 borum
592 1105 861 1156 meorum,
893 1095 948 1144 et
985 1087 1211 1154 Lucius,
1257 1094 1312 1140 et
1366 1087 1553 1154 lason,
1595 1091 1648 1140 et
1695 1083 1972 1155 Sosipater

369 1179 582 1254 cognati
625 1178 751 1234 mei.
788 1203 805 1226 ι
844 1175 1170 1232 Timotheus
1200 1191 1426 1232 consors
1471 1175 1720 1231 laborum
1752 1171 1870 1243 ejus
1889 1179 1972 1228 est

371 1270 525 1344 quasi
569 1268 946 1340 coepiscopus,
996 1264 1090 1339 qui
1146 1281 1271 1321 cum
1329 1281 1526 1336 magna
1594 1261 1973 1319 sollicitudine

377 1357 679 1415 Ecclesiam
713 1355 1073 1428 gubernabat,
1105 1353 1317 1426 positus
1365 1353 1422 1408 in
1465 1352 1733 1409 invidiam
1763 1350 1972 1407 Judmo-

373 1464 496 1503 rum
549 1462 722 1518 usque
767 1444 924 1511 adeo,
974 1451 1036 1498 ut
1084 1444 1229 1499 inter
1277 1441 1437 1499 initia
1486 1441 1974 1498 circumcideretur

373 1542 597 1608 propter
625 1533 944 1591 scandalum
967 1533 1315 1600 Iudaeorum;
1349 1541 1411 1589 ut
1431 1531 1560 1606 quia
1589 1538 1760 1587 matre
1785 1529 1973 1586 Iudaea

373 1633 506 1692 erat,
537 1623 730 1680 doctor
776 1639 894 1680 esse
936 1639 1045 1678 non
1101 1628 1285 1695 posset
1350 1621 1792 1677 incircumcisus.
1842 1621 1974 1676 Illos

2079 475 2387 526 manorum,
2420 466 2482 514 ut
2510 457 2713 515 scirent
2740 459 2929 533 quales
2959 465 3015 514 et
3041 457 3232 532 quanti
3271 459 3730 532 congauderent

2077 547 2224 603 bono
2253 555 2432 620 coepto
2461 547 2708 603 illorum.

2151 638 2334 708 (Vers.
2359 636 2571 709 25-27.)
2620 661 2637 683 ι
2672 635 2739 692 Ei
2770 643 2954 690 autem
2985 635 3078 709 qui
3109 642 3289 708 potest
3315 653 3419 693 vos
3438 637 3723 696 stabilire

2079 725 2378 782 secundum
2409 726 2773 798 Evangelium
2806 741 2986 780 meum
3011 731 3064 780 et
3079 723 3539 798 praedicationem
3564 727 3718 785 Iesu

2081 814 2633 880 Christi,secundum
2667 812 3058 869 revelationem
3089 814 3338 886 mysterii
3373 815 3519 886 (61),
3541 815 3716 890 quod

2079 903 2419 976 temporibus
2461 903 2682 959 aeternis
2731 902 2787 958 in
2840 902 3063 958 silentio
3122 902 3266 971 fuit;
3327 904 3710 962 manifestum

2085 999 2219 1054 111
2273 1001 2356 1050 est
2401 1000 2583 1048 autem
2631 1008 2781 1048 nunc
2832 1008 2929 1064 per
2975 991 3276 1064 scripturas
3334 993 3709 1066 propheticas

2080 1089 2383 1148 secundum
2449 1089 2740 1162 imperium
2799 1089 2989 1145 aeterni
3036 1089 3137 1146 Dei
3183 1088 3252 1147 ad
3312 1091 3702 1148 obedientiam

2081 1179 2211 1236 fidei
2241 1179 2300 1234 in
2329 1195 2522 1236 omnes
2559 1187 2763 1252 gentes,
2801 1179 3084 1251 cognitum
3132 1179 3238 1236 soli
3284 1179 3528 1252 sapienti
3576 1181 3702 1236 Deo

2081 1285 2176 1342 per
2203 1269 2386 1324 Iesum
2420 1267 2726 1335 Christum,
2759 1268 2849 1323 cui
2897 1268 3071 1339 gloria
3113 1269 3170 1322 in
3218 1269 3418 1324 saecula
3461 1271 3696 1325 saeculo-

2079 1374 2223 1414 rum.
2256 1360 2455 1414 Amen.
2487 1381 2506 1405 ι
2549 1358 2662 1412 Deo
2704 1356 2854 1412 Patri
2894 1371 2964 1411 ex
3009 1373 3118 1429 quo
3161 1365 3292 1413 sunt
3336 1357 3548 1426 omnia,
3596 1358 3698 1415 dat

2081 1447 2345 1519 gloriam;
2380 1454 2441 1502 ut
2468 1453 2707 1518 emptum
2742 1447 3137 1514 Romanorum,
3169 1444 3299 1518 quia
3330 1453 3529 1518 potens
3582 1455 3690 1516 est,

2081 1535 2338 1609 dignetur
2402 1535 2653 1606 implere,
2725 1532 3104 1592 conﬁrmando
3170 1533 3229 1589 in
3294 1533 3404 1591 ﬁde
3472 1534 3692 1592 animos

2080 1641 2271 1682 eorum
2329 1624 2397 1681 ad
2437 1625 2744 1697 profectum
2802 1623 3110 1695 Evangelii,
3171 1630 3226 1679 et
3291 1625 3686 1682 revelationem

374 1729 504 1769 vero
541 1721 801 1785 cognatos
841 1710 1001 1779 dicit,
1047 1710 1248 1783 partim
1318 1711 1551 1782 generis,
1601 1710 1798 1782 partim
1843 1707 1974 1765 ﬁdei
2006 1731 2052 1791 Β
2084 1713 2333 1788 mysterii
2362 1711 2670 1770 absconditi
2702 1729 2733 1768 a
2761 1711 2978 1768 saeculis
3013 1711 3231 1783 (Ephes.
3259 1729 3342 1780 ιιι,
3381 1714 3468 1784 9).
3499 1714 3686 1770 Mani-

375 1818 556 1858 causa.

448 1891 629 1963 (Vers.
664 1889 780 1962 22.)
845 1914 863 1936 ‹
894 1889 1086 1946 Saluto
1123 1905 1224 1946 vos
1272 1906 1372 1963 ego
1417 1889 1655 1957 Tertius,
1698 1887 1790 1960 qui
1833 1887 1976 1944 hanc

375 1979 661 2054 epistolam
691 1978 885 2052 scripsi
907 1978 963 2034 in
994 1979 1251 2036 Domino.
1285 2005 1302 2026 ι
1346 1979 1564 2036 Tertius
1591 1975 1838 2042 nomine,
1862 1993 1973 2032 non

376 2087 607 2128 numero
640 2089 651 2126 :
690 2070 783 2127 hic
815 2080 896 2128 est
924 2070 1103 2127 scriba
1133 2067 1400 2142 epistola,
1431 2066 1520 2123 cui
1565 2067 1840 2123 concessit
1876 2083 1975 2123 suo

376 2161 600 2218 nomine
628 2161 867 2218 salutare
899 2159 1115 2233 plebem
1146 2160 1468 2223 Romanam,
1489 2155 1558 2212 ad
1575 2171 1736 2228 quam
1759 2155 1970 2222 scribit;

375 2259 434 2306 ut
463 2258 685 2308 caeteros
718 2250 978 2316 salutent,
1002 2265 1142 2322 quos
1170 2246 1444 2303 nominat.
1463 2245 1662 2302 Adhuc
1691 2245 1838 2300 enim
1862 2261 1975 2300 rec-

376 2346 520 2395 tores
543 2338 810 2396 Ecclesiis
839 2336 1030 2410 paucis
1054 2346 1210 2393 erant
1239 2336 1297 2392 in
1328 2335 1486 2393 locis.

448 2437 630 2507 (Vers.
673 2436 792 2505 23.)
851 2459 868 2481 ι
916 2434 1128 2492 Salutat
1169 2451 1273 2491 vos
1331 2433 1497 2506 Cajus
1549 2431 1748 2506 hospes
1798 2447 1972 2501 meus,

374 2532 430 2580 et
458 2525 729 2581 universa:
757 2523 1038 2580 Ecclesiae.
1071 2551 1088 2572 ι
1135 2523 1235 2580 Hic
1264 2532 1346 2580 est
1379 2521 1562 2595 Cajus,
1607 2531 1671 2579 ut
1714 2523 1972 2591 arbitror,

376 2613 444 2670 ad
490 2630 652 2688 quem
693 2612 889 2670 scribit
931 2613 1166 2670 Joannes
1213 2612 1493 2685 apostolus
1552 2612 1666 2684 (III
1705 2613 1845 2667 Joan
1895 2611 1974 2682 1),

377 2704 658 2761 exsultans
688 2703 745 2758 in
775 2702 1044 2760 charitate
1073 2701 1213 2774 ejus,
1246 2717 1409 2774 quam
1441 2699 1741 2756 exhibebat
1787 2698 1976 2753 frater-

378 2793 560 2861 nitati,
611 2793 861 2866 praebens
899 2801 1152 2863 sumptus
1195 2791 1310 2846 illis
1353 2789 1708 2845 necessarios.
1742 2789 1814 2842 Et
1849 2803 1974 2844 cum

378 2885 629 2955 superius
675 2883 822 2938 dicat
871 2901 881 2937 :
944 2907 961 2928 ι
1008 2882 1262 2937 Salutant
1315 2897 1414 2935 vos
1467 2895 1658 2935 omnes
1715 2879 1977 2936 Ecclesia

379 2973 632 3040 Christi,-
651 2989 799 3029 nunc
828 2972 989 3029 iterat
1017 2971 1208 3028 dicens
1233 2989 1244 3026 :
1278 2993 1296 3016 α
1317 2971 1570 3027 Salutant
1586 2986 1684 3026 vos
1702 2971 1976 3027 universae

2083 1803 2265 1860 festati
2294 1812 2474 1860 autem
2503 1818 2598 1874 per
2629 1799 2933 1868 Christum,
2966 1801 3053 1856 vel
3086 1799 3142 1855 in
3192 1799 3432 1859 Christo.
3485 1803 3684 1861 Sacra-

2084 1901 2329 1951 mentum
2361 1894 2508 1950 enim
2540 1892 2686 1965 quod
2737 1891 2900 1948 latuit
2937 1907 3151 1964 semper
3200 1891 3257 1947 in
3301 1893 3416 1948 Deo
3470 1893 3686 1965 (Ibid),

2087 1983 2426 2055 temporibus
2499 1981 2708 2040 Christi
2783 1983 3120 2039 declaratum
3195 1990 3298 2049 est,
3372 1983 3504 2057 quia
3581 2001 3683 2041 non

2083 2072 2379 2145 singularis
2400 2081 2482 2128 est
2511 2073 2676 2139 Deus,
2707 2071 2838 2144 quia
2862 2079 2944 2127 est
2973 2069 3118 2141 apud
3156 2070 3314 2126 illum
3345 2087 3415 2126 ex
3467 2071 3684 2127 aeternis

2083 2170 2136 2218 et
2161 2161 2464 2220 Paraclitus
2487 2160 2630 2234 (62),
2664 2159 2721 2215 in
2743 2175 2852 2234 qua
2873 2159 3104 2215 veritate
3133 2175 3353 2214 omnem
3375 2167 3679 2216 creaturam

2083 2250 2328 2309 decrevit
2365 2251 2570 2308 salvam
2602 2249 2722 2305 ﬁeri
2754 2265 2850 2322 per
2877 2247 3235 2321 agnitionem.
3267 2247 3439 2320 Cujus
3462 2249 3682 2322 quidem

2084 2341 2413 2399 sacramenti
2444 2341 2648 2396 veritas
2694 2355 2790 2412 per
2840 2339 3133 2412 prophetas
3181 2339 3358 2396 fuerat
3405 2339 3685 2413 designata

2084 2431 2274 2505 ﬁguris
2317 2429 2669 2504 quibusdam,
2721 2429 2827 2484 soli
2868 2430 2981 2484 Deo
3042 2427 3324 2500 cognitum
3383 2428 3623 2501 sapienti
3669 2447 3682 2485 :

2083 2520 2242 2592 cujus
2253 2519 2440 2592 gratiae
2463 2517 2759 2590 participes
2788 2517 2968 2573 voluit
2989 2533 3104 2574 esse
3125 2526 3333 2590 gentes,
3356 2517 3509 2591 quod
3527 2518 3687 2576 latuit

2085 2624 2253 2680 genus
2302 2607 2612 2664 hominum.
2663 2607 2824 2663 Solus
2868 2623 2996 2679 ergo
3039 2614 3122 2662 est
3161 2606 3398 2679 sapiens,
3447 2607 3582 2680 quia
3621 2606 3686 2664 ab

2086 2699 2204 2770 ipso
2232 2707 2316 2754 est
2343 2696 2527 2753 omnis
2554 2700 2694 2757 112
2723 2695 3011 2768 sapientia,
3043 2695 3185 2752 sicut
3206 2696 3344 2753 dicit
3376 2696 3640 2753 Salomon
3671 2714 3684 2752 :

2095 2819 2113 2841 ε
2159 2795 2352 2853 Omnis
2397 2795 2669 2868 sapientia
2713 2811 2744 2851 a
2790 2795 3030 2851 Domino
3057 2795 3170 2851 Deo
3199 2802 3303 2861 est,
3333 2801 3387 2850 et
3415 2809 3543 2850 cum
3571 2793 3688 2868 ipso

2084 2885 2192 2941 fuit
2213 2901 2426 2958 semper
2457 2885 2649 2953 (Eccli.
2690 2902 2730 2952 ι,
2770 2883 2846 2956 1).
2880 2908 2898 2931 ι
2951 2883 3232 2956 Sapientia
3275 2883 3383 2939 ista
3429 2881 3688 2941 Christus

2085 2980 2185 3043 est,
2239 2974 2370 3046 quia
2408 2973 2477 3029 de
2531 2973 2649 3045 ipsa
2703 2981 2806 3042 est,
2854 2980 2908 3029 et
2961 2988 3091 3029 cum
3144 2972 3243 3028 illo
3295 2979 3412 3031 erat
3449 2988 3687 3046 semper,

377 3061 698 3131 Ecclesiae,-
755 3061 901 3134 quod
937 3077 1049 3117 non
1101 3067 1233 3133 puto
1280 3059 1454 3115 otiose
1501 3059 1796 3126 iteratum;
1832 3059 1974 3116 nihil
2004 3089 2048 3150 ο
2087 3079 2180 3134 per
2207 3079 2368 3136 quem
2394 3062 2498 3135 ipsi
2530 3063 2704 3136 gloria
2743 3064 2799 3118 in
2847 3063 3046 3120 saecula
3088 3062 3438 3119 saeculorum.
3487 3063 3687 3118 Amen.

378 3152 525 3208 enim
553 3159 738 3209 tantus
769 3153 857 3210 vir
881 3161 935 3210 et
954 3159 1064 3208 tam
1097 3150 1402 3207 tractabilis
1438 3149 1786 3222 superﬂuum
1815 3164 1978 3222 pone-

377 3244 490 3301 bat.
535 3245 639 3302 Sed
683 3245 812 3319 quia
873 3271 891 3293 ι
936 3245 1180 3302 salutant
1223 3259 1342 3308 vos,
1392 3240 1598 3313 inquit,
1651 3256 1843 3297 omnes
1872 3240 1975 3298 Ec-

375 3334 555 3391 clesiae
603 3333 831 3402 Christi,
865 3360 883 3381 ι
945 3333 1002 3390 id
1050 3339 1155 3401 est,
1198 3347 1392 3388 omnes
1434 3329 1631 3399 sancti,
1679 3329 1822 3386 sicut
1865 3328 1974 3385 alio

379 3425 498 3479 loco
531 3421 670 3479 dicit
701 3441 713 3477 :
763 3447 781 3469 ‹
807 3422 912 3488 Qui
941 3428 1124 3477 autem
1157 3428 1288 3476 sunt
1317 3418 1547 3489 Christi,
1577 3435 1797 3477 carnem
1819 3435 1974 3475 suam

376 3511 774 3568 cruciﬁxerunt
805 3510 1013 3579 (Galat.
1045 3527 1104 3575 v,
1136 3508 1230 3572 24)
1259 3527 1272 3570 ;
1308 3533 1325 3554 ν
1365 3524 1515 3562 nunc
1545 3507 1780 3579 subjecit
1807 3507 1975 3563 etiam

378 3599 478 3655 hos
519 3599 776 3666 salutare,
810 3599 905 3671 qui
954 3605 1242 3670 sequentes
1289 3605 1450 3663 sunt;
1510 3606 1572 3653 ut
1619 3597 1972 3654 benedictum

379 3688 646 3760 populum
691 3685 963 3760 signiﬁcet
1013 3686 1130 3758 (60)
1179 3685 1458 3754 Ecclesiae,
1510 3685 1640 3758 quia
1699 3684 1756 3741 in
1823 3686 1976 3742 omni

379 3775 626 3834 Ecclesia
652 3775 764 3834 duo
795 3784 924 3833 sunt
972 3776 1185 3850 populi.
1238 3775 1422 3831 Potest
1469 3781 1523 3830 et
1569 3774 1800 3831 duarum
1854 3792 1976 3847 pro-

379 3866 685 3925 vinciarum
716 3867 1030 3925 nominasse
1062 3865 1362 3934 Ecclesias,
1398 3872 1458 3921 ut
1503 3865 1742 3937 primum
1789 3865 1973 3936 unius,

379 3956 576 4014 deinde
601 3958 829 4014 alterius
879 3955 984 4014 loci
1027 3954 1260 4012 dixisset
1310 3969 1500 4010 omnes
1552 3953 1846 4021 Ecclesias,
1883 3963 1978 4010 aut

378 4053 522 4102 certe
554 4045 868 4103 Iudaeorum
902 4054 956 4101 et
985 4043 1298 4119 gentilium,

453 4144 635 4213 (Vers.
659 4143 775 4214 24.)
826 4144 1040 4199 Salutat
1081 4159 1180 4199 vos
1227 4143 1456 4199 Erastus
1497 4141 1843 4216 dispensator
1885 4139 1977 4197 ci-

380 4231 592 4300 vitatis,
645 4239 701 4288 et
748 4231 988 4299 Quartus
1029 4231 1218 4286 frater.
1257 4250 1284 4283 »
1333 4231 1688 4303 Dispensator
1733 4230 1978 4289 civitatis

380 4332 462 4381 est
486 4323 640 4396 quasi
669 4330 910 4390 curator,
945 4322 1062 4395 qui,
1085 4322 1329 4379 dictante
1357 4322 1597 4394 justitia,
1639 4323 1979 4394 gubernabat

2083 3153 2211 3209 Ideo
2256 3153 2398 3210 nihil
2439 3153 2557 3210 sine
2605 3153 2829 3212 Christo
2877 3154 3122 3225 plenum,
3177 3152 3310 3225 quia
3353 3166 3448 3223 per
3506 3151 3685 3224 ipsum

2084 3243 2302 3310 omnia;
2354 3241 2594 3316 quicum
2627 3243 2962 3316 agnoscitur,
3000 3241 3164 3299 datur
3207 3243 3320 3298 Deo
3366 3241 3520 3298 Patri
3570 3243 3688 3298 laus

2084 3346 2180 3404 per
2206 3331 2410 3404 ipsum,
2441 3332 2572 3405 quia
2601 3332 2932 3403 intelligitur
2961 3347 3057 3404 per
3086 3329 3393 3398 Christum,
3411 3330 3573 3402 quasi
3595 3345 3688 3403 per

2085 3421 2411 3494 sapientiam
2459 3439 2637 3490 suam,
2685 3421 2745 3478 in
2795 3437 2904 3494 qua
2949 3421 3134 3477 salvos
3186 3418 3320 3476 fecit
3381 3417 3684 3476 credentes.

2085 3511 2272 3568 Gloria
2310 3528 2439 3585 ergo
2470 3511 2616 3568 Patri
2667 3528 2764 3584 per
2821 3510 3049 3578 Filium,
3106 3510 3212 3566 hoc
3266 3517 3371 3578 est,
3421 3510 3689 3568 ambobus

2085 3600 2260 3673 gloria
2317 3599 2374 3656 in
2420 3599 2629 3673 Spiritu
2674 3607 2912 3667 sancto;
2982 3598 3112 3672 quia
3158 3605 3391 3672 uterque
3451 3598 3514 3655 in
3580 3615 3688 3656 una

2085 3691 2260 3764 gloria
2287 3698 2387 3748 est.

2158 3780 2340 3852 (Vers.
2362 3780 2479 3850 28.)
2500 3804 2518 3827 ε
2538 3779 2728 3837 Gratia
2754 3777 2976 3836 Domini
2999 3778 3173 3836 nostri
3194 3778 3311 3853 (62)
3336 3779 3466 3835 Iesu
3483 3778 3688 3838 Christi

2085 3886 2211 3927 cum
2259 3869 2518 3927 omnibus
2561 3869 2740 3928 vobis.
2791 3894 2809 3916 ι
2880 3869 2944 3925 In
2995 3868 3350 3927 conclusione
3404 3867 3687 3926 Christum

2085 3958 2263 4031 ponit,
2289 3975 2386 4032 per
2408 3975 2570 4032 quem
2621 3959 2774 4028 facti,
2823 3965 2878 4014 et
2925 3957 3129 4015 iterum
3168 3957 3450 4015 reformati
3501 3973 3689 4016 sumus

2086 4049 2257 4123 gratia
2286 4047 2424 4120 ejus,
2475 4057 2536 4106 ut
2583 4048 2863 4106 mentibus
2907 4047 3112 4105 nostris
3160 4047 3401 4116 haereat;
3455 4046 3588 4122 quia
3645 4045 3690 4104 si

2085 4136 2478 4194 beneficiorum
2500 4137 2618 4209 ejus
2648 4153 2918 4194 memores
2946 4137 3141 4208 simus,
3185 4155 3403 4212 semper
3445 4155 3550 4194 nos
3579 4146 3689 4195 tue-

2085 4224 2257 4295 bitur,
2284 4225 2425 4283 sicut
2446 4226 2593 4282 dixit
2621 4245 2633 4283 :
2669 4252 2687 4274 ι
2713 4227 2786 4282 Et
2813 4242 2957 4295 ecce,
2985 4251 3004 4275 ι
3043 4226 3228 4300 inquit
3251 4227 3468 4300 (Matth.
3486 4242 3688 4293 xxvm,

2087 4316 2204 4388 20),
2259 4342 2278 4365 ε
2305 4335 2405 4391 ego
2431 4318 2716 4376 vobiscum
2749 4335 2871 4374 sum
2901 4317 3164 4374 omnibus
3197 4317 3396 4376 diebus
3419 4334 3597 4393 usque
3623 4316 3689 4374 ad

380 4409 684 4478 civitatem,
718 4409 962 4466 maxime
989 4409 1048 4465 in
1077 4409 1270 4483 pretiis
1300 4409 1672 4468 moderandis.
1706 4411 1818 4468 Hos
1849 4427 1980 4468 om—
2008 4449 2056 4508 Β
2086 4407 2615 4464 consummationem
2645 4407 2852 4466 saeculi.
2879 4432 2898 4456 ι
2940 4408 3119 4463 Amen
3151 4407 3292 4482 (63).

455 4606 572 4679 (60)
605 4602 792 4679 Codex
821 4603 1060 4675 Thuan.,
1092 4612 1152 4661 ut
1186 4605 1275 4679 (bis
1319 4606 1518 4662 dictum
1562 4623 1574 4662 :
1621 4606 1795 4676 Flor.,
1830 4613 1890 4664 ut
1915 4623 1980 4664 ea:

380 4677 832 4761 hisltotunt
864 4679 1120 4761 populum

454 4750 571 4832 (61)
595 4750 723 4832 liiss.
753 4749 985 4832 aliquot,
1007 4749 1313 4832 ministerii.
1338 4751 1622 4832 Nonsatis
1641 4760 1806 4832 recte.

454 4822 570 4893 (62)
595 4823 751 4880 Rom.
777 4822 912 4880 edit.
942 4823 1076 4891 sola,
1107 4831 1156 4880 et
1182 4823 1402 4881 Verbum
1430 4831 1476 4880 et
1505 4825 1833 4881 Paraclitus.

454 4828 546 4893 (62
597 4828 751 4880 Rom.
777 4828 912 4880 edit.
942 4828 1076 4891 sola,
1107 4831 1156 4880 et
1182 4828 1402 4881 Verbum
1430 4831 1476 4880 et
1505 4828 1833 4881 Paraclitus.

454 4828 571 4966 (62)
604 4893 868 4951 Nonnulli
888 4911 1020 4953 mss.
1054 4895 1247 4953 Gloria
1272 4896 1492 4954 Domini
1518 4897 1711 4966 nostri,
1742 4903 1847 4954 etc.

2162 4609 2278 4692 (63)
2309 4610 2437 4666 Mss.
2472 4609 2708 4692 Remig.,
2735 4608 3000 4692 Mich.__ac
3028 4603 3424 4692 _Col_bert..hic
3472 4605 3689 4692 longam

2089 4675 2342 4739 laciniam
2366 4675 2768 4760 assuuntfquaa
2809 4678 3166 4760 pertinet_ad
3214 4675 3478 4760 ultimum
3514 4675 3690 4760 caput

2086 4753 2466 4810 commentarii
2498 4752 2554 4807 in
2602 4747 2840 4823 priorem
2883 4750 3168 4823 epistolam
3216 4748 3285 4805 ad
3337 4747 3688 4814 Corinthios;

2085 4841 2193 4898 qua
2219 4824 2287 4880 de
2323 4840 2382 4880 re
2407 4840 2506 4880 suo
2528 4821 2649 4882 loco
2677 4821 2972 4881 dicendum
3001 4821 3126 4879 erit.
