3952 6202
303 262 406 325 193

1380 259 1745 330 COMMENT.
1787 264 1861 329 IN
1896 264 2113 333 EPIST.
2155 271 2178 331 Ι
2215 275 2311 331 AD
2351 269 2506 334 COR.

3503 279 3602 344 194

294 447 3586 480 ——————————-———————____—_—_____

424 596 543 683 IN
633 595 1270 683 EPISTOLAM
1359 598 1458 687 B.
1553 601 1885 689 PAULI
1966 606 2117 692 AD
2209 606 2899 703 CORINTHIOS
2982 618 3462 704 PRIMAM.

729 912 866 970 111
898 906 1263 964 PROLOGUS
1295 908 1460 980 (63').

365 1019 644 1094 Praecpta
685 1022 906 1079 Domini
963 1023 1274 1080 admenitus
1321 1026 1622 1098 Apostolus
1677 1031 1880 1088 resedit

293 1107 443 1180 apud
473 1109 787 1169 Corinthios
815 1129 1021 1170 annum
1043 1129 1219 1169 unum
1241 1122 1294 1171 et
1323 1133 1536 1174 menses
1565 1119 1891 1188 sex,docens

293 1197 442 1253 inter
467 1214 560 1255 eos
604 1200 830 1257 verbum
878 1201 1000 1257 Dei.
1053 1203 1196 1260 Hinc
1223 1212 1304 1260 est
1351 1206 1500 1262 unde
1539 1224 1734 1280 magna
1761 1227 1885 1266 cum

289 1285 494 1344 ﬁducia
522 1297 575 1344 et
601 1288 884 1346 charitatis
913 1290 1111 1348 affectu
1149 1293 1262 1364 agit
1304 1310 1430 1351 cum
1460 1296 1560 1364 eis,
1592 1297 1889 1371 aliquando

286 1391 663 1446 commonens,
691 1380 991 1452 aliquando
1046 1397 1300 1454 arguens,
1361 1384 1661 1458 aliquando
1720 1387 1888 1445 blan-

286 1461 466 1533 diens,
495 1473 557 1521 ut
584 1465 751 1523 ﬁlios.
801 1469 938 1524 Nam
998 1471 1186 1528 multa
1243 1488 1423 1530 causa:
1472 1483 1622 1546 sunt,
1667 1487 1888 1550 propter

286 1569 420 1627 quas
446 1555 640 1612 scribit
664 1557 732 1612 ad
755 1574 867 1614 eos.
921 1558 1165 1626 Quarum
1221 1562 1394 1634 prima
1439 1563 1557 1621 hac
1590 1575 1690 1634 est,
1739 1567 1886 1639 quod

284 1657 438 1698 more
461 1643 844 1702 haereticorum
871 1645 1256 1706 dissentientes
1283 1652 1351 1708 ab
1400 1652 1660 1722 invicem,
1694 1654 1885 1710 homi-

285 1732 453 1790 nibus
498 1734 707 1805 devoti,
737 1737 978 1807 Paulini,
1027 1748 1082 1796 et
1137 1740 1401 1811 Petriani,
1432 1751 1488 1798 et
1533 1745 1880 1816 Apolloniaci

285 1821 398 1878 dici
429 1823 710 1893 volebant,
731 1841 842 1881 non
865 1824 1166 1884 Christiani
1194 1846 1205 1883 :
1231 1829 1378 1902 quod
1408 1830 1567 1886 valde
1586 1832 1882 1903 exprobrat

285 1913 602 1985 Apostolus.
637 1914 811 1970 Erant
843 1923 1023 1972 tamen
1056 1918 1200 1974 inter
1227 1935 1339 1988 eos,
1367 1920 1462 1992 qui
1520 1920 1588 1976 ab
1627 1921 1714 1977 his
1757 1921 1881 1978 dis-

284 2004 586 2072 sentirent,
637 2005 859 2063 Christo
917 2007 1021 2064 soli
1083 2007 1271 2066 dicati.
1304 2010 1555 2066 Secunda
1616 2011 1734 2069 haec
1775 2021 1878 2083 est,

285 2092 420 2165 quia
447 2093 764 2165 eloquentia
817 2095 1074 2154 delectari
1103 2107 1379 2171 cmperant
1415 2107 1467 2155 et
1496 2107 1713 2156 terrena
1742 2101 1879 2173 phi-

288 2179 565 2251 losophia,
597 2189 658 2237 ut
684 2182 786 2238 sub
839 2185 1062 2242 nomine
1115 2186 1342 2256 Christi,
1368 2187 1450 2244 iis
1476 2189 1874 2259 imbuerentur,

1917 916 1970 977 Α
1997 915 2358 990 Evangelium
2416 918 2621 977 Christi
2652 937 2752 993 pro
2804 938 2996 979 sensus
3047 925 3135 980 sui
3189 925 3422 984 aabitrio
3475 930 3593 1003 (65)

2001 1006 2334 1076 asserebant,
2364 1024 2433 1063 ex
2459 1007 2662 1081 quibus
2694 1010 2832 1066 rami
2861 1009 3003 1066 aridi
3046 1019 3276 1070 exstant
3319 1031 3467 1073 nunc
3493 1034 3596 1074 us-

2001 1108 2126 1165 que,
2174 1111 2406 1167 quarum
2449 1105 2745 1154 assertores
2772 1099 3046 1155 Ecclesias
3074 1102 3410 1160 evertebant.
3459 1106 3599 1162 Hinc
3649 1159 3668 1181 ,

1999 1182 2298 1254 Apostolus
2345 1186 2550 1251 omnia,
2604 1202 2727 1258 quae
2773 1185 3078 1244 haeresibus
3125 1192 3403 1248 contraria
3447 1202 3595 1264 sunt,

1999 1270 2176 1342 ponit,
2226 1287 2290 1327 ac
2330 1288 2386 1327 se
2431 1288 2623 1328 verum
2672 1273 3087 1344 praedicatorem
3135 1293 3232 1349 per
3274 1278 3332 1334 id
3375 1281 3520 1353 quod
3567 1299 3598 1338 a

1999 1357 2217 1416 Christo
2246 1361 2346 1416 Dei
2376 1363 2659 1418 voluntate
2692 1362 2891 1418 missus
2910 1369 3011 1431 est,
3044 1375 3336 1424 asseverat.

2071 1448 2253 1519 (Vers.
2286 1449 2338 1506 2.
2373 1450 2392 1522 )
2442 1475 2460 1498 ι
2488 1451 2560 1506 Et
2590 1451 2886 1508 Sosthenes
2914 1451 3104 1509 frater.
3138 1479 3157 1501 ι
3207 1455 3391 1512 Etiam
3427 1457 3596 1514 istum

1995 1553 2096 1594 sua
2169 1538 2518 1596 commendat
2591 1541 2870 1597 societate.
2932 1545 3072 1603 112
3151 1568 3170 1590 ι
3199 1543 3455 1601 Ecclesiae
3474 1547 3596 1616 Dei,

1993 1647 2115 1703 qua
2143 1643 2224 1688 est
2246 1633 2524 1703 Corinthi,
2572 1635 2933 1692 sanctiﬁcatis
2980 1637 3038 1692 in
3103 1637 3325 1696 Christo
3367 1640 3513 1698 Jesu.
3563 1668 3582 1689 ι

1993 1720 2283 1792 Propterea
2336 1723 2594 1780 Ecclesiae
2653 1725 2866 1793 scribit,
2928 1727 3058 1799 quia
3137 1728 3321 1785 adhuc
3366 1731 3598 1803 singulis

1989 1809 2253 1867 Ecclesiis
2311 1820 2550 1869 rectores
2603 1830 2714 1868 non
2767 1822 2922 1870 erant
2977 1818 3284 1875 constituti.
3340 1820 3412 1875 Et
3466 1839 3590 1878 cum

1991 1901 2049 1956 in
2079 1903 2272 1958 multis
2299 1910 2490 1974 arguat
2517 1918 2630 1972 eos,
2663 1905 2741 1960 ait
2770 1923 2782 1960 :
2822 1930 2839 1954 ι
2871 1906 2979 1962 San
3003 1907 3262 1964 ctiﬁcatis
3291 1909 3350 1965 in
3378 1910 3597 1970 Christo

1987 1993 2135 2049 Jesu.
2162 2019 2181 2042 ι
2216 1992 2325 2050 Sed
2353 1994 2476 2051 ideo
2515 1995 2644 2069 quia
2673 1998 2979 2069 regenerati
3014 1999 3072 2054 in
3112 1999 3333 2058 Christo
3377 2004 3593 2060 sancti-

1988 2079 2134 2138 ﬁcati
2165 2090 2293 2138 sunt
2326 2101 2338 2138 :
2372 2091 2494 2155 post
2539 2091 2722 2141 autem
2757 2095 3050 2158 carperent
3081 2090 3224 2146 male
3253 2094 3589 2163 conversari,

1987 2177 2048 2226 ut
2073 2171 2382 2228 ostenderet
2423 2189 2642 2230 omnem
2681 2175 2994 2232 Ecclesiam
3023 2178 3419 2236 sanctilicatam
3441 2181 3589 2238 fuis-

287 2285 411 2341 φιω
441 2271 715 2326 contraria
743 2282 871 2330 sum
924 2273 1073 2330 ﬁdei.
1111 2275 1316 2344 Tertia,
1369 2294 1435 2333 eo
1491 2278 1639 2350 quod
1699 2277 1875 2335 inﬂati
1906 2275 1950 2334 Β
1984 2278 2041 2318 se
2068 2263 2125 2317 in
2156 2263 2396 2332 Christo,
2431 2263 2526 2321 sed
2554 2266 2820 2339 quosdam
2852 2268 3078 2324 illorum
3123 2286 3290 2340 prava
3335 2271 3588 2330 doctrina

281 2366 487 2426 essent,
510 2359 654 2430 quod
710 2376 818 2418 non
871 2362 977 2419 iret
1017 2363 1086 2420 ad
1135 2365 1261 2422 illos
1289 2367 1604 2438 Apostolus.
1654 2367 1877 2436 Quarta,

283 2455 509 2518 propter
537 2447 949 2520 fornicatorem,
981 2468 1144 2525 quem
1176 2453 1322 2510 inter
1355 2470 1414 2510 se
1438 2470 1557 2512 esse
1587 2455 1882 2528 patieban—

287 2539 399 2589 tur.
439 2530 663 2601 Quinta,
693 2545 755 2592 ut
800 2547 1180 2596 commoneret
1211 2539 1279 2595 de
1306 2541 1583 2612 praeterita
1625 2541 1877 2614 epistola.

285 2639 449 2696 quam
498 2635 625 2684 ante
683 2628 826 2686 hanc
880 2646 1000 2703 quae
1045 2632 1223 2703 prima
1271 2618 1496 2701 dicitur,
1565 2633 1876 2705 scripserat.

282 2710 467 2782 Sexta,
508 2716 637 2788 quia
678 2717 918 2775 invicem
949 2719 1056 2775 sibi
1115 2718 1344 2792 injurias
1371 2729 1426 2776 et
1456 2721 1674 2778 fraudes
1703 2721 1878 2778 facere

282 2811 584 2876 cmporant,
630 2815 685 2862 et
732 2807 1036 2863 inﬁdelium
1088 2809 1274 2881 potius
1327 2810 1582 2866 examina
1623 2811 1878 2884 require-

289 2893 446 2950 bant.
479 2893 721 2968 Septima
747 2912 910 2953 causa
937 2904 1040 2964 est,
1073 2897 1130 2952 in
1159 2912 1267 2969 qua
1290 2896 1540 2970 designat
1586 2898 1752 2956 licere
1768 2899 1876 2955 sibi

285 2991 539 3056 sumptus
562 2983 828 3058 accipere,
859 2983 954 3040 sed
981 2993 1336 3042 contemnere
1361 3004 1375 3053 ;
1419 3001 1486 3042 ne
1516 2986 1695 3042 forma
1737 2995 1878 3044 esset

280 3072 570 3144 rapacibus
626 3074 1118 3146 pseudoapostolis.
1192 3073 1398 3131 Octava
1466 3092 1596 3132 vero
1652 3083 1752 3144 est,
1815 3083 1878 3132 ut

276 3159 606 3232 respondeat
632 3160 876 3233 epistolae
902 3161 1127 3216 illorum
1152 3178 1166 3227 ;
1200 3161 1505 3232 perturbari
1537 3163 1684 3217 enim
1707 3179 1878 3235 cmpe-

274 3256 405 3304 rant
450 3249 520 3305 ab
575 3248 850 3305 haereticis
909 3247 976 3303 de
1036 3248 1423 3304 matrimoniis.
1482 3251 1637 3306 Nona
1688 3258 1790 3319 est,
1820 3252 1878 3307 in

273 3353 388 3411 qua
417 3336 660 3393 declarat
701 3337 781 3393 sic
818 3335 1017 3395 debere
1054 3352 1506 3410 unumquemque
1543 3354 1782 3405 manere,
1819 3347 1882 3396 ut

270 3423 538 3483 credidit.
596 3424 820 3482 Decima
879 3433 1059 3481 autem
1120 3424 1188 3482 de
1234 3426 1562 3499 virginibus,
1621 3444 1687 3484 eo
1733 3428 1879 3502 quod

272 3512 421 3570 nihil
465 3513 538 3570 sit
574 3513 681 3570 sibi
733 3523 1088 3588 praeceptum.
1135 3515 1205 3572 Et
1253 3515 1479 3590 reliquae
1528 3526 1660 3574 sunt
1701 3535 1877 3576 causa:

273 3620 400 3678 quae
429 3603 489 3661 in
517 3621 745 3677 corpore
778 3604 1134 3662 videbuntur.

795 3750 1023 3808 CAPUT
1061 3752 1354 3810 PRIMUM.

350 3873 531 3945 (Vera.
559 3875 636 3947 1.)
683 3900 700 3924 ε
721 3875 922 3931 Paulus
951 3885 1178 3934 vocatus
1207 3880 1488 3950 apostolus
1516 3879 1726 3939 Christi
1747 3883 1874 3940 Jesu

274 3979 374 4038 per
401 3964 746 4021 voluntatem
775 3964 896 4020 Dei.
936 3989 955 4014 ι
1011 3966 1098 4022 Ad
1149 3967 1421 4024 Romano;
1468 3970 1628 4026 aliter
1672 3973 1870 4044 coepit,

273 4052 406 4126 quia
431 4053 600 4109 altera
627 4069 790 4111 causa
818 4062 900 4110 est
935 4073 946 4110 :
995 4054 1084 4112 his
1117 4072 1242 4112 vero
1273 4058 1608 4129 apostolum,
1657 4077 1715 4117 se
1755 4078 1872 4118 esse

273 4140 481 4200 Christi
509 4142 636 4200 Jesu
664 4143 765 4200 Dei
790 4145 1074 4202 voluntate
1104 4146 1334 4215 scribit;
1382 4147 1511 4220 quia
1541 4150 1728 4206 omnia
1749 4167 1870 4224 qua

272 4232 406 4305 egit,
437 4233 564 4288 Filii
607 4234 706 4289 Dei
735 4235 846 4306 egit
889 4236 1192 4306 voluntate,
1238 4237 1333 4310 qui
1385 4237 1532 4294 dixit
1572 4239 1641 4296 ad
1689 4257 1814 4296 eum
1853 4261 1866 4299 :

287 4345 306 4366 ι
337 4319 505 4389 Vade,
537 4337 636 4394 ego
665 4322 825 4394 longe
853 4322 920 4378 ad
952 4331 1137 4395 gentes
1165 4325 1383 4381 mittam
1419 4335 1468 4382 te
1501 4327 1521 4397 (
1554 4328 1671 4384 Act.
1714 4345 1858 4398 xxii,

272 4407 404 4480 21).
434 4434 453 4456 ι
498 4410 643 4468 Hinc
691 4418 917 4468 vocatus
962 4419 1044 4467 est
1089 4413 1406 4486 Apostolus,
1459 4414 1566 4472 hoc
1616 4425 1715 4485 est,
1771 4419 1868 4474 Dei

273 4497 558 4555 voluntate
601 4499 800 4557 missus
829 4500 897 4557 ad
925 4508 1129 4574 gentes.
1164 4503 1267 4558 Per
1291 4503 1439 4578 quod
1482 4505 1647 4560 etiam
1685 4506 1867 4579 tangit

274 4587 420 4658 illos,
473 4605 611 4662 quos
648 4605 824 4664 neque
873 4591 1122 4648 Christus
1161 4594 1402 4662 miserat,
1456 4611 1633 4668 neque
1672 4611 1865 4653 verum

271 4686 410 4742 erat,
437 4676 585 4750 quod
612 4677 886 4735 dicebant.
919 4681 1094 4737 Deum
1137 4683 1284 4738 enim
1331 4691 1385 4738 et
1414 4682 1694 4740 Christum
1741 4684 1865 4742 ideo

273 4766 589 4839 frequenter
617 4769 886 4840 nominat,
919 4777 979 4827 ut
1013 4770 1293 4828 Christum
1326 4775 1498 4829 Deum
1530 4790 1640 4830 non
1682 4775 1862 4848 ipsum

272 4855 487 4912 Patrem
517 4856 792 4930 ostendat,
819 4859 915 4915 sed
953 4875 1072 4916 esse
1101 4860 1385 4918 Christum
1417 4864 1644 4933 Filium,
1679 4881 1794 4923 esse
1810 4876 1864 4923 et

1993 2351 2570 2425 pseudoapostolorum
2621 2370 2841 2412 aversos
2889 2372 2920 2412 a
2963 2356 3261 2414 traditione
3310 2360 3583 2416 veritatis.

2077 2464 2096 2487 ι
2126 2440 2349 2498 Vocatis
2377 2443 2600 2498 sanctis.
2631 2467 2649 2490 ι
2691 2443 2806 2500 Hoc
2826 2452 2928 2512 est,
2973 2447 3159 2501 vocati
3189 2447 3340 2516 estis,
3367 2457 3428 2505 ut
3452 2467 3588 2525 san—

1992 2528 2067 2584 cti
2097 2528 2220 2584 sitis
2251 2547 2262 2584 :
2295 2530 2443 2601 quod
2473 2537 2575 2597 est,
2607 2540 2668 2587 ut
2698 2547 2808 2587 non
2862 2533 3126 2590 recedatis
3158 2552 3190 2590 a
3217 2537 3404 2607 régula
3450 2554 3586 2594 san-

1991 2615 2368 2674 ctiﬁcationis.
2408 2644 2425 2666 -
2457 2618 2594 2675 Cum
2625 2620 2885 2676 omnibus
2927 2622 3023 2692 qui
3073 2622 3336 2679 invocant
3381 2641 3581 2682 nomen

1989 2705 2213 2761 Domini
2244 2705 2373 2762 Jesu
2412 2705 2640 2774 Christi,
2666 2706 2725 2762 in
2755 2709 2908 2763 omni
2954 2711 3075 2765 loco
3120 2711 3364 2783 ipsorum
3393 2721 3447 2768 et
3479 2729 3589 2768 no-

1990 2801 2124 2851 stro.
2158 2821 2176 2843 ι
2221 2795 2283 2851 Id
2312 2803 2411 2864 est,
2445 2812 2572 2853 cum
2600 2795 2806 2852 Judmis
2854 2796 3000 2853 veris
3055 2796 3245 2870 jungit
3291 2809 3343 2856 et
3382 2809 3590 2873 gentes,

1990 2884 2120 2956 quia
2151 2909 2169 2930 ι
2190 2887 2336 2942 salus
2359 2901 2430 2940 ex
2457 2884 2661 2941 Iudaeis
2687 2892 2769 2941 est
2800 2885 2982 2957 (Iona.
3007 2902 3084 2955 ιν,
3103 2887 3194 2955 22)
3220 2905 3234 2953 ;
3264 2895 3324 2942 ut
3352 2889 3410 2943 in
3431 2892 3582 2946 omni

1990 2973 2112 3028 loco
2141 2973 2234 3029 ubi
2265 2982 2474 3046 gentes,
2507 2989 2627 3046 quae
2659 2975 2922 3030 invocant
2940 2990 3144 3030 nomen
3163 2976 3386 3032 Domini
3409 2979 3580 3034 nostri

1989 3062 2116 3118 Jesu
2147 3062 2354 3119 Christi
2387 3082 2398 3120 :
2432 3071 2488 3119 et
2533 3063 2630 3119 ubi
2659 3063 2834 3120 Judaei
2879 3080 3044 3136 supra
3086 3074 3376 3123 memorati
3421 3075 3570 3135 sunt,

1990 3159 2247 3214 similiter
2275 3170 2404 3216 sunt
2434 3176 2631 3215 omnes
2669 3177 2866 3216 unum.
2916 3161 3362 3233 Pseudoapostoli
3402 3165 3572 3232 enim,

1993 3248 2088 3320 qui
2119 3263 2317 3303 nomen
2348 3248 2554 3304 Christi
2586 3265 2680 3320 per
2710 3248 3058 3319 prudentiam
3092 3251 3284 3306 mundi
3318 3253 3575 3324 praedica-

1992 3334 2147 3402 bant,
2178 3335 2236 3393 id
2265 3345 2364 3406 est,
2419 3335 2655 3392 admista
2701 3335 3072 3409 philosophia,
3119 3345 3357 3394 veterem
3412 3339 3582 3412 legem

1991 3434 2046 3483 et
2063 3427 2356 3499 prophetas
2383 3427 2746 3500 reprobabant
2771 3446 2785 3496 ;
2819 3426 3090 3499 negabant
3119 3428 3266 3484 enim
3299 3429 3578 3487 Christum

1990 3531 2119 3572 vere
2147 3516 2500 3584 cruciﬁxum,
2531 3517 2622 3572 sed
2653 3524 2866 3572 tantum
2899 3517 3079 3572 visum
3112 3517 3390 3590 cruciﬁgi,
3439 3520 3582 3576 sicut

1903 3627 1948 3688 ο
1987 3606 2230 3663 Marcion
2265 3607 2380 3679 (66)
2411 3615 2466 3663 et
2494 3606 2849 3663 Manichaeus.
2873 3605 3026 3662 Unde
3053 3608 3386 3679 Apostolus:
3435 3634 3453 3659 ε
3473 3611 3581 3668 Nos

1986 3703 2192 3764 autem,
2236 3696 2438 3768 inquit,
2486 3696 2848 3768 prmdicamus
2911 3694 3196 3752 Christum
3245 3699 3575 3755 cruciﬁxum

1989 3787 2047 3860 (Ι
2090 3786 2215 3842 Cor.
2251 3804 2286 3855 ι,
2319 3786 2434 3857 23).
2476 3811 2493 3833 ι
2536 3786 2720 3859 Neque
2749 3785 2930 3842 carnis
2981 3789 3439 3844 resurrectionem
3487 3789 3578 3844 fa-

1982 3874 2260 3944 tebantur,
2310 3874 2458 3948 quod
2519 3873 2786 3947 propheta
2834 3873 3000 3929 Isaias
3047 3873 3267 3942 clamat,
3326 3873 3518 3932 dicens
3557 3895 3570 3933 z

1997 3988 2015 4012 ‹
2032 3965 2137 4034 Qui
2157 3967 2214 4022 in
2232 3964 2609 4021 monumentis
2628 3970 2758 4018 sunt
2773 3978 2898 4018 resu
2908 3969 3060 4034 rgent
3079 3963 3213 4033 (Isa.
3238 3978 3396 4030 xxvr,
3418 3964 3528 4036 19).
3546 3990 3564 4013 ι

2058 4056 2240 4128 (Vers.
2280 4056 2337 4127 3)
2391 4080 2408 4102 ι
2437 4053 2625 4109 Gratia
2662 4052 2823 4108 vobis
2856 4059 2909 4107 et
2939 4067 3045 4124 pax
3071 4069 3103 4107 a
3130 4053 3244 4108 Deo
3271 4052 3429 4110 Patre
3468 4071 3579 4112 no-

1982 4151 2118 4212 stro,
2150 4151 2204 4198 et
2232 4144 2472 4199 Domino
2498 4142 2625 4199 Jesu
2657 4140 2900 4198 Christo.
2944 4166 2962 4190 ι
3005 4141 3103 4210 Ne,
3137 4141 3266 4214 quia
3307 4142 3524 4202 dixerat
3559 4165 3570 4202 :

1994 4255 2013 4279 ε
2041 4231 2146 4300 Qui
2176 4233 2438 4288 invocant
2468 4248 2670 4288 nomen
2695 4231 2921 4288 Domini
2951 4233 3127 4289 nostri
3155 4233 3282 4290 Iesu
3307 4234 3560 4293 Christi.-

1978 4319 2155 4377 Patris
2197 4329 2292 4378 aut
2335 4337 2541 4400 nomen
2587 4328 2681 4376 aut
2726 4320 2935 4376 donum
2984 4321 3218 4378 tacuisse
3262 4322 3569 4381 videretur.

1977 4419 2031 4467 et
2058 4411 2424 4483 suspicionem
2446 4411 2585 4467 forte
2609 4417 2703 4466 aut
2738 4411 3127 4467 occasionnem
3160 4409 3316 4467 daret
3340 4412 3564 4473 unionis

1976 4501 2134 4559 docet
2162 4501 2384 4575 quidem
2412 4500 2697 4559 Christum
2759 4499 2833 4554 ite
2861 4499 3067 4555 invoca
3083 4497 3280 4567 udum,
3315 4501 3410 4556 sed
3441 4519 3572 4558 om-

1975 4608 2100 4649 nem
2150 4593 2379 4665 gratiam
2437 4607 2552 4648 esse
2599 4588 2800 4657 Patris,
2849 4597 2910 4644 ut
2952 4596 3005 4643 et
3051 4588 3210 4656 duos,
3261 4590 3356 4662 qui
3395 4607 3566 4650 unum

1973 4691 2102 4739 sunt
2133 4683 2248 4753 (67)
2286 4697 2381 4752 per
2413 4679 2791 4745 divinitatem,
2823 4677 3156 4743 ostenderet,
3184 4685 3238 4732 et
3265 4678 3441 4734 Patris
3464 4697 3570 4737 au-

1972 4769 2282 4827 ctoritatem
2313 4769 2615 4840 praeferret.

2047 4857 2312 4930 (Versa)
2380 4881 2398 4902 ι
2463 4853 2684 4910 Gratias
2733 4868 2834 4923 ago
2887 4853 3001 4906 Deo
3048 4864 3170 4904 meo
3216 4865 3429 4923 semper
3472 4872 3570 4928 pro

271 4944 448 5000 Deum
477 4943 714 5017 Patrem,
743 4963 854 5003 non
883 4948 1150 5004 unionem
1183 4949 1300 5020 (64)
1335 4969 1348 5017 ;
1394 4967 1519 5007 cum
1550 4953 1863 5010 ostenditur
1893 4986 1940 5044 D
1970 4944 2172 5044 vobis»
2209 4944 2546 5044 Quanquam
2573 4938 2831 5044 omnibus
2859 4939 2919 5044 in
3222 4940 3445 5044 scribat,
3474 4947 3566 5044 sed

273 5032 478 5090 Filium
520 5034 656 5093 dici.
703 5037 888 5094 Multae
936 5038 1087 5094 enim
1145 5047 1303 5095 sectae
1343 5050 1699 5116 emerseram,
1741 5058 1862 5114 quae

344 5196 486 5324 ξιθιῗιίἔ

270 5269 527 5325 nonnulli

272 5340 557 5412 Prologus.

342 5411 462 5487 (64)
495 5413 577 5469 Ita
603 5421 712 5471 vet.
745 5412 974 5487 edit.‘ac
999 5429 1130 5487 mss.
1153 5414 1384 5487 aliquot,
1412 5431 1443 5469 a
1473 5414 1675 5487 quibus
1702 5416 1861 5473 Rom.

271 5481 402 5540 edit.
436 5481 671 5558 tantum
719 5483 946 5553 recedit,
990 5486 1137 5558 quod
1184 5481 1424 5558 praefert,
1472 5481 1579 5540 rion
1633 5488 1862 5544 unione:

269 5555 450 5612 ceteri
498 5565 682 5629 autem
726 5573 855 5629 mss.
907 5555 1128 5629 partim,
1181 5555 1287 5612 han
1328 5556 1385 5610 in
1426 5557 1692 5629 unionem,
1719 5559 1869 5629 quia

269 5575 450 5612 omen
498 5575 682 5613 autem
726 5575 855 5612 mss.
907 5575 1128 5629 parum,
1181 5575 1287 5612 non
1328 5575 1385 5610 ιη
1426 5575 1692 5622 unionem,
1739 5575 1866 5686 puta

267 5641 385 5684 cum
411 5627 735 5699 extenditur,
760 5627 906 5702 ﬁlius
933 5629 1133 5688 dicitur
1163 5645 1186 5694 ;
1233 5628 1515 5696 nonnulli,
1757 5629 1866 5686 ium

537 5197 660 5255 Vet.
709 5198 866 5268 edit,
926 5199 1226 5269 Praefatio;
1254 5200 1436 5270 Rom.,
1490 5201 1864 5269 Prooemium;

585 5287 742 5336 mss.,
787 5270 1224 5341 Argumentum;
1279 5271 1374 5327 alii
1431 5273 1609 5328 multo
1659 5274 1863 5344 plures,

1974 5035 2053 5092 ita
2080 5029 2380 5106 signiﬁcat,
2434 5045 2560 5086 cum
2612 5026 2914 5100 aliquando
2957 5025 3208 5098 corripit,
3269 5029 3568 5104 aliquando

1974 5201 2100 5258 dici.

2197 5269 2306 5356 Mss
2333 5269 2520 5356 Corb.,
2548 5287 2813 5343 propensa
2842 5272 2928 5329 sui
2941 5271 3211 5356 arbritn'i.
3464 5345 3475 5356 ο

2073 5274 2164 5342 65)
2197 5274 2306 5326 Mss
2333 5274 2520 5336 Corb.,
2548 5287 2813 5343 propensa
2842 5274 2928 5329 sui
2941 5274 3211 5332 arbritn'i.

2049 5274 2166 5415 ἓϐὃ)
2197 5343 2354 5398 Rom.
2395 5342 2527 5398 edit.
2560 5359 2685 5399 cum
2732 5357 2843 5399 uno
2889 5346 2976 5401 vel
3024 5347 3200 5403 altero
3259 5358 3388 5412 ms.,
3427 5345 3562 5404 sicut

1974 5432 2114 5491 nunc
2138 5415 2400 5491 Marcion.
2433 5415 2582 5470 Infra
2626 5428 2756 5469 vero
2787 5430 2912 5472 ms..
2967 5416 3130 5475 Corb.
3161 5430 3292 5491 quos
3305 5416 3566 5488 propheta

1977 5487 2154 5544 Isaias
2182 5487 2421 5542 dam-nat.

2047 5558 2173 5631 (67)
2205 5557 2460 5630 Quinque
2484 5573 2640 5625 mss.,
2664 5555 2756 5628 qui
2779 5556 2832 5613 in
2867 5575 3031 5618 unum
3059 5567 3198 5617 sunt.
