3952 6202
376 263 478 323 195

1376 265 1472 321 AD
1511 263 1746 321 OPERA
1782 263 1837 319 S.
1904 259 2239 320 AMBROSII
2275 256 2655 320 APPENDIX.

3627 256 3767 317 196

374 372 579 460 laudat,
612 402 672 448 ut
701 409 844 447 unus
866 393 1097 465 quisque
1125 409 1248 449 cum
1281 391 1510 463 epistola
1540 389 1759 461 legitur,
1792 389 1968 444 intel-
1997 393 2046 451 A
2093 389 2370 464 quomodo
2397 389 2566 446 ﬁdem
2601 389 2698 446 Dei
2754 387 3096 446 incolumem
3126 389 3183 444 in
3211 387 3318 445 hac
3347 403 3524 445 causa
3549 389 3763 445 nobis

376 481 508 552 ligat
543 480 678 552 quid
723 497 821 552 pro
849 497 927 548 se,
971 480 1105 553 quid
1160 480 1452 536 adversum
1511 495 1567 534 se
1617 478 1851 535 dicatur.
1911 479 1973 534 In

376 583 486 622 una
515 566 662 621 enim
694 567 850 639 plebe
879 567 1096 624 duobus
1135 569 1353 640 populis
1383 567 1598 635 scribit,
1633 575 1694 622 ut
1721 584 1845 623 cum
1877 583 1976 622 ar—

379 655 518 727 guit,
547 657 640 727 qui
672 657 812 711 male
843 665 1148 724 versantur,
1201 657 1377 712 sciant
1438 656 1546 712 sibi
1580 655 1699 712 hate
1725 656 1929 728 scripta
1960 675 1972 712 :

379 744 638 800 similiter
661 754 716 801 et
742 762 866 801 cum
923 745 1128 810 laudat,
1178 745 1316 800 sciat
1361 745 1455 817 qui
1510 745 1567 800 in
1617 747 1807 817 regula
1852 761 1978 800 ma-

378 842 472 889 net
504 835 644 906 (68),
675 834 742 889 ad
771 852 827 890 se
852 835 968 891 haec
994 834 1126 890 dici.
1160 834 1396 906 Ideoque
1429 835 1650 906 inquit:

461 947 480 972 ι
509 924 722 979 Gratias
752 940 851 994 ago
875 925 988 979 Deo
1019 940 1140 979 meo
1189 940 1405 995 semper
1453 939 1550 994 pro
1604 922 1761 978 vobis
1809 939 1975 995 super

381 1014 553 1086 gratia
581 1013 700 1080 Dei,
732 1030 853 1086 quae
893 1013 1019 1068 data
1045 1021 1128 1068 est
1169 1013 1330 1069 vobis
1376 1013 1434 1067 in
1482 1012 1705 1069 Christo
1747 1012 1896 1067 Iesu.
1948 1037 1966 1060 ι

379 1103 570 1158 Datam
616 1103 756 1158 dicit
801 1103 1030 1176 gratiam
1059 1119 1091 1157 a
1119 1104 1234 1158 Deo
1278 1101 1338 1156 in
1383 1101 1605 1158 Christo
1657 1102 1806 1169 Jesu,
1860 1117 1980 1173 qua)

382 1192 554 1264 gratia
576 1191 657 1248 sic
683 1192 810 1248 data
846 1191 1008 1247 estin
1037 1191 1262 1247 Christo
1301 1191 1448 1257 Jesu,
1509 1189 1642 1262 quia
1689 1190 1795 1246 hoc
1841 1206 1984 1245 con-

381 1281 632 1337 stitutum
665 1289 747 1336 est
775 1297 808 1335 a
837 1282 971 1345 Deo,
1000 1287 1062 1334 ut
1090 1280 1185 1352 qui
1215 1278 1392 1334 credit
1424 1278 1480 1333 in
1524 1278 1831 1345 Christum,
1863 1277 1982 1332 sal-

389 1388 492 1428 vus
521 1378 594 1427 srt
623 1371 743 1427 sine
773 1386 936 1443 opere
965 1389 976 1426 :
1007 1372 1124 1427 sola
1166 1369 1274 1426 ﬁde
1320 1369 1489 1442 gratis
1534 1367 1736 1440 accipit
1778 1368 1986 1423 remis—

383 1464 595 1520 sionem
625 1469 994 1534 peccatorum.

459 1552 640 1625 (Vers.
661 1553 742 1623 ὕ.)
797 1573 816 1598 ‹
849 1551 988 1618 Quia
1018 1550 1076 1606 in
1108 1550 1370 1607 omnibus
1401 1548 1564 1606 ditati
1593 1548 1726 1604 estis
1755 1547 1814 1602 in
1843 1547 1985 1618 ipso,

387 1644 444 1698 in
473 1642 625 1700 omni
655 1641 847 1710 verbo,
871 1652 927 1698 et
947 1642 1004 1696 in
1036 1642 1190 1697 omni
1211 1641 1460 1697 scientia.
1488 1665 1506 1688 ι
1542 1639 1657 1696 Hoc
1687 1636 1985 1709 signiﬁcat,

2089 481 2333 538 futuram
2363 482 2627 549 ostendit,
2662 483 2736 536 ita
2788 497 2889 536 nos
2925 496 3038 536 non
3066 478 3382 535 difﬁdentes
3433 487 3490 535 et
3512 476 3759 551 perﬁdi

2089 573 2464 640 inveniamur,
2497 571 2592 628 sed
2623 577 3030 643 perseverantes
3052 569 3109 625 in
3140 567 3462 642 adoptione.

2160 661 2342 735 (Vers.
2403 661 2515 732 10.)
2574 685 2592 707 α
2637 661 2876 717 Obsecro
2917 668 3099 715 autem
3149 677 3267 727 vos,
3319 659 3556 727 fratres,
3625 673 3756 730 per

2089 769 2290 808 nomen
2321 752 2542 807 Domini
2585 751 2757 807 nostri
2787 752 2914 807 Jesu
2945 750 3177 818 Christi,
3205 757 3267 804 ut
3297 748 3356 804 id
3379 749 3571 821 ipsum
3623 747 3752 804 di-

2087 843 2224 900 catis
2249 859 2457 898 omnes.
2492 867 2508 889 ι
2554 843 2756 898 Omnes
2786 859 2934 897 nunc
2963 849 3103 910 orat,
3137 847 3198 895 ut
3224 856 3400 896 unum
3427 839 3733 908 sentiant,

2089 930 2195 988 boc
2222 931 2413 1004 utique
2440 932 2496 986 in
2527 947 2637 1003 quo
2668 931 2841 987 renati
2864 930 2962 986 Dei
2987 930 3121 986 Filii
3153 929 3416 1002 appellati
3441 937 3602 985 sunt.
3631 927 3742 984 Ad

2090 1036 2307 1076 omnem
2338 1021 2640 1077 Ecclesiam
2673 1021 2837 1076 modo
2867 1019 3140 1093 loquitur,
3172 1026 3234 1074 ut
3267 1018 3308 1073 ii
3349 1019 3449 1091 qui
3481 1017 3740 1074 dissen-

2091 1108 2196 1164 tire
2260 1118 2556 1181 coeperant,
2624 1117 3034 1166 reverterentur
3085 1107 3156 1164 ad
3217 1114 3458 1179 coeptam
3512 1106 3729 1175 ﬁdem,

2092 1216 2256 1272 quam
2304 1200 2568 1257 videbant
2597 1199 2654 1256 in
2686 1199 2773 1256 his
2807 1199 3044 1265 laudari,
3096 1199 3196 1272 qui
3231 1198 3288 1254 in
3319 1197 3416 1252 illa
3443 1213 3735 1270 perseve—

2094 1289 2313 1346 rabant.

2177 1401 2196 1424 ι
2233 1379 2302 1432 Et
2330 1393 2443 1434 non
2491 1379 2604 1434 sint
2656 1379 2714 1434 in
2770 1377 2931 1436 vobis
2980 1377 3305 1445 schismata,
3353 1375 3481 1432 sitis
3525 1383 3724 1432 autem

2095 1468 2323 1542 perfecti
2351 1467 2408 1524 in
2436 1467 2624 1526 eodem
2656 1485 2820 1525 sensu
2841 1477 2894 1525 et
2924 1469 2982 1525 in
3010 1469 3196 1525 eadem
3221 1467 3474 1525 scientia.
3510 1493 3527 1515 -
3571 1467 3726 1524 Per-

2097 1557 2270 1614 fectos
2301 1559 2424 1615 vult
2452 1575 2544 1614 eos
2574 1575 2688 1614 esse
2728 1559 2785 1614 in
2817 1557 3010 1615 eodem
3041 1573 3227 1627 sensu,
3257 1573 3422 1631 quem
3450 1557 3571 1613 illis
3599 1566 3715 1614 tra-

2097 1646 2333 1716 diderat,
2391 1656 2454 1704 ut
2519 1664 2630 1703 non
2698 1647 3090 1721 discreparent.
3140 1646 3228 1704 Ad
3277 1647 3506 1703 illorum
3555 1649 3706 1704 enim

387 1731 520 1804 quia
548 1731 607 1786 in
638 1737 863 1802 accepta
884 1730 1077 1802 gratia,
1107 1739 1160 1786 et
1187 1729 1244 1785 in
1267 1729 1434 1786 verbo
1457 1728 1705 1785 veritatis
1724 1724 1988 1783 doctrinae
2025 1750 2069 1811 Β
2099 1739 2436 1811 exemplum,
2468 1755 2607 1812 quos
2627 1754 2791 1810 supra
2811 1737 3016 1807 laudat,
3051 1737 3152 1794 hos
3173 1744 3471 1810 provocat;
3509 1747 3575 1794 ιιι
3593 1737 3701 1794 hoc

387 1819 672 1878 scientiam
703 1821 1004 1892 spiritalem
1027 1822 1262 1876 assecuti
1284 1825 1724 1893 permanserunt;
1757 1817 1990 1889 ideoque

395 1909 597 1983 gratias
625 1910 736 1981 agit
763 1910 822 1965 in
853 1909 940 1965 his
970 1911 1104 1967 Deo.

471 2005 613 2062 113
651 1999 851 2071 (Vers.~
883 2000 936 2056 6.
984 2001 1004 2070 )
1067 2023 1086 2047 ι
1139 1997 1293 2055 Sicut
1342 1995 1724 2054 testimonium
1783 1993 1992 2052 Christi

395 2096 778 2154 conﬁrmatum
828 2105 910 2154 est
949 2097 1006 2152 in
1033 2095 1212 2152 vobis.
1240 2120 1258 2142 ι
1327 2093 1731 2150 Testimonium
1779 2089 1986 2149 Christi

391 2187 777 2244 conﬁrmatum
826 2197 913 2245 est
939 2188 997 2242 in
1028 2187 1137 2256 his,
1169 2185 1298 2258 quia
1327 2183 1570 2240 roborati
1601 2184 1659 2238 in
1689 2182 1818 2250 ﬁde,
1849 2179 1993 2236 nihil

392 2276 458 2332 de
489 2277 808 2333 hominibus
842 2276 1159 2348 sperabant:
1193 2275 1289 2330 sed
1317 2273 1500 2328 omnis
1531 2288 1654 2344 spes
1681 2271 1908 2326 illorum
1933 2271 1989 2325 in

397 2367 616 2424 Christo
642 2375 779 2435 erat,
812 2366 990 2421 nullis
1011 2365 1311 2438 voluptatis
1341 2363 1616 2420 illecebris
1645 2361 1811 2434 capti.

448 2456 651 2526 ,(Vers.
689 2456 766 2526 7.)
814 2478 832 2501 ι
862 2455 944 2510 Ita
977 2461 1039 2510 ut
1067 2455 1225 2510 vobis
1253 2454 1310 2508 in
1341 2454 1497 2508 nullo
1516 2451 1659 2508 desit
1676 2450 1861 2522 aliqua
1883 2464 1998 2521 gra-

404 2549 506 2615 tia,
537 2549 958 2621 expectantibus
983 2549 1372 2604 revelationem
1401 2545 1625 2603 Domini
1656 2543 1833 2600 nostri
1862 2543 1992 2597 .Iesu

403 2637 629 2696 Christi.
670 2662 688 2686 ι
749 2639 1101 2696 Manifestum
1166 2645 1249 2693 est
1318 2638 1466 2692 hunc
1492 2644 1794 2708 expectare
1846 2631 1993 2686 diem

390 2727 615 2800 judicii,
666 2729 760 2802 qui
808 2729 1218 2800 circonspectus
1261 2726 1535 2783 sollicitus
1575 2731 1678 2780 est.
1722 2724 1993 2777 Futurum

393 2815 668 2887 judicium
699 2819 799 2872 Dei
847 2818 1009 2884 dicit,
1037 2820 1094 2871 in
1127 2832 1235 2887 quo
1265 2814 1534 2869 Dominus
1563 2819 1750 2868 noster
1778 2809 2003 2865 revela—

397 2904 569 2972 bitur,
600 2912 712 2959 tam
754 2904 901 2972 ﬁdis,
940 2920 1105 2975 quam
1151 2902 1339 2957 inﬁdis
1369 2903 1511 2974 (69),
1541 2909 1603 2956 ιιι
1659 2905 2002 2971 cognoscant

402 2992 674 3048 increduli
705 3008 768 3049 ac
796 2991 972 3048 sciant
999 3007 1191 3046 verum
1219 3006 1356 3059 esse,
1389 2989 1535 3063 quod
1563 2988 1783 3046 credere
1813 2988 2003 3044 nolue-

401 3091 551 3151 runt,
602 3091 656 3139 et
699 3093 967 3155 pereant:
1013 3081 1111 3137 ﬁdi
1168 3097 1298 3138 vero
1355 3080 1627 3154 gaudeant
1689 3081 1814 3153 plus
1870 3078 2003 3135 boni

404 3172 766 3242 invenientes,
797 3188 960 3246 quam
992 3181 1342 3245 putaverant.

474 3282 654 3356 (Vers.
685 3280 767 3353 8.)
809 3305 828 3329 ι
856 3279 963 3348 Qui
995 3287 1050 3337 et
1095 3279 1447 3336 conﬁrmabit
1488 3295 1586 3335 vos
1622 3293 1797 3352 usque
1825 3277 1893 3332 ad
1924 3275 2002 3332 ﬁ-

403 3389 529 3430 nem
571 3373 690 3430 sine
740 3372 975 3430 crimine
1013 3371 1072 3428 in
1103 3371 1345 3427 adventu
1391 3368 1618 3426 Domini
1663 3369 1838 3426 nostri
1871 3368 2002 3424 Iesu

402 3462 628 3519 Christi.
689 3486 708 3510 ι
769 3461 954 3516 Alacri
1011 3461 1196 3515 animo
1226 3458 1466 3515 conﬁsus
1512 3460 1579 3515 de
1633 3475 1728 3531 spe
1779 3459 2002 3513 illorum

403 3568 626 3608 securus
662 3558 764 3617 est,
798 3549 927 3621 quia
957 3548 1213 3604 inviolati
1260 3565 1434 3620 usque
1464 3548 1532 3603 ad
1562 3547 1814 3604 futurum
1839 3544 2006 3618 judi-

404 3641 553 3698 cium
583 3646 765 3695 erunt.
794 3637 901 3705 Qui
921 3636 1068 3692 enim
1099 3636 1244 3692 inter
1271 3645 1353 3693 tot
1378 3637 1702 3693 discrimina
1721 3651 2002 3704 sensuum,
2066 3683 2073 3694 ,

405 3737 459 3785 et
515 3727 956 3802 perturbationes
985 3725 1370 3783 diversitatum
1429 3724 1713 3782 immutari
1775 3723 2007 3780 minime

404 3829 721 3896 potuerunt,
779 3821 971 3895 procul
1023 3820 1195 3877 dubio
1259 3819 1320 3876 in
1370 3819 1562 3876 eodem
1609 3834 1896 3875 mansuros
1950 3833 2007 3874 se

404 3913 720 3972 ostendunt.
755 3911 893 3970 Cum
923 3911 1024 3969 hos
1055 3910 1262 3981 laudat,
1291 3912 1420 3968 illos
1446 3911 1542 3984 qui
1565 3910 1623 3965 in
1653 3925 1835 3966 errore
1859 3922 2010 3980 pseu.

403 4000 474 4059 do
502 4004 874 4076 apostolorum
913 4001 1196 4075 depravati
1275 4001 1495 4058 fuerant
1549 3999 1698 4072 (70),
1764 3996 2002 4071 invitat;

403 4090 534 4147 dum
553 4093 702 4147 enim
742 4091 941 4147 borum
967 4091 1133 4148 ﬁdem
1156 4091 1437 4164 praedicat,
1471 4090 1596 4147 illos
1625 4088 1695 4146 ad
1721 4087 2008 4163 poeniten-

407 4181 543 4236 tiam
574 4187 752 4237 vocat.

480 4287 662 4358 (Vers.
695 4286 778 4357 9.)
826 4311 845 4334 ι
873 4285 1080 4342 Fidelis
1125 4294 1208 4342 est
1253 4288 1418 4355 Deus,
1470 4304 1565 4358 per
1612 4303 1774 4361 quem
1826 4288 2007 4344 vocati

405 4377 538 4434 estis
575 4375 635 4431 in
674 4375 1007 4431 societatem
1034 4373 1161 4432 Filii
1195 4375 1317 4446 ejus
1345 4377 1460 4448 (71)
1492 4377 1617 4432 Jesu
1651 4377 1855 4434 Christi
1888 4380 2008 4434 Do-

2098 1828 2337 1884 sentiant
2359 1844 2424 1884 ac
2441 1827 2762 1883 defendant.

2173 1917 2355 1990 (Vers.
2391 1917 2503 1987 11.)
2551 1917 2869 1972 «Perlatum
2899 1925 2982 1972 est
3033 1916 3188 1973 enim
3240 1915 3380 1972 mihi
3420 1915 3488 1972 de
3531 1915 3712 1985 vobis,

2101 2005 2389 2063 fratresab
2444 2005 2512 2062 iis
2543 2007 2638 2078 qui
2685 2015 2834 2062 sunt.
2875 2005 3078 2063 Chloes
3126 2005 3277 2079 quod
3325 2006 3715 2063 contentiones

2103 2095 2248 2152 inter
2297 2112 2397 2152 vos
2447 2095 2580 2151 sint.
2614 2119 2633 2142 ι
2677 2094 2952 2161 Quamvis
3006 2097 3187 2152 eversi
3243 2095 3485 2162 fuerant,
3528 2101 3710 2150 tamen

2103 2183 2298 2240 fratres
2349 2182 2476 2240 illos
2526 2184 2762 2255 appellat
2809 2203 2823 2252 ;
2883 2184 3028 2241 sicut
3057 2193 3111 2240 et
3141 2185 3203 2239 in
3232 2185 3373 2240 Isaia
3429 2184 3697 2256 propheta

2104 2272 2242 2330 dicit
2271 2273 2417 2329 Deus
2445 2272 2515 2328 ad
2561 2273 2708 2341 illos,
2757 2273 2852 2347 qui
2895 2290 3087 2330 secum
3140 2281 3316 2343 erant,
3369 2282 3432 2330 ut
3478 2275 3561 2330 eis
3614 2275 3702 2348 qui

2106 2363 2597 2437 pseudoprOphetis
2659 2363 2974 2432 credebant,
3032 2363 3278 2420 dicerent
3338 2382 3350 2420 :
3421 2387 3440 2410 ι
3496 2365 3710 2420 Fratres

2107 2452 2285 2508 nostri
2314 2454 2470 2510 eritis
2514 2470 2611 2508 vos
2648 2453 2766 2526 (72)
2811 2452 2946 2524 (13a.
2977 2468 3132 2519 var,
3163 2451 3222 2522 5)
3257 2469 3314 2520 ;-
3384 2458 3448 2507 ut
3508 2468 3610 2525 per
3661 2452 3714 2508 id

2107 2558 2222 2598 non
2257 2542 2615 2599 dissentirent
2659 2541 2727 2597 ab
2757 2541 2863 2610 his,
2895 2541 3051 2614 quasi
3080 2541 3297 2598 fratres.
3329 2540 3492 2608 Quod
3529 2549 3713 2596 autem

2110 2632 2247 2690 dicit
2277 2653 2289 2690 :
2339 2658 2358 2682 ι
2381 2634 2468 2690 Ab
2499 2633 2568 2690 iis
2600 2634 2698 2707 qui
2727 2640 2857 2688 sunt
2877 2632 3112 2699 Chloes;
3139 2656 3157 2679 ι
3201 2631 3501 2704 aliquibus
3536 2631 3723 2690 viden.

2106 2731 2200 2779 tur
2253 2723 2507 2780 homines
2576 2738 2692 2779 esse
2739 2729 3020 2778 manentes
3070 2729 3124 2777 et
3186 2719 3610 2777 fructiﬁcantes
3667 2720 3722 2776 in

2109 2812 2221 2869 ﬁde
2262 2815 2358 2870 Dei
2395 2833 2407 2870 :
2439 2813 2722 2887 aliquibus
2763 2813 3028 2868 videntur
3056 2813 3211 2868 locus
3249 2827 3396 2878 esse,
3426 2818 3493 2866 ut
3523 2820 3658 2882 puta
3682 2810 3726 2866 si

2110 2901 2330 2959 dicatur
2359 2922 2372 2972 ;
2407 2903 2492 2959 Ab
2522 2903 2592 2959 iis
2620 2903 2715 2976 qui
2750 2911 2882 2958 sunt
2911 2900 3225 2958 Antiochia
3257 2917 3270 2956 :
3302 2900 3596 2974 aliquibus
3622 2917 3726 2958 au-

2109 3000 2222 3050 tem
2260 2993 2482 3050 videtur
2512 2994 2773 3050 feminam
2796 2993 2967 3048 fuisse
2999 2994 3114 3048 Deo
3145 2990 3431 3061 devotam,
3463 3007 3592 3048 cum
3615 3007 3721 3064 qua

2111 3083 2277 3139 multi
2307 3091 2487 3140 essent
2525 3085 2768 3141 colentes
2795 3085 2993 3149 Deum,
3026 3081 3231 3155 quibus
3276 3079 3412 3137 ﬁdes
3441 3097 3558 3137 non
3609 3098 3720 3138 ne-

2111 3180 2374 3244 garetur;
2409 3181 2471 3229 ut
2501 3175 2647 3247 quod
2696 3173 2976 3230 deferrent
3023 3171 3092 3232 de
3139 3170 3468 3232 Corinthiis.
3517 3187 3713 3228 verum

2109 3272 2271 3333 esset,
2300 3265 2444 3338 quod
2476 3263 2861 3322 contentiones
2887 3271 3071 3319 essent
3110 3261 3256 3318 inter
3283 3277 3376 3317 eos
3406 3261 3553 3334 (73).
3583 3262 3725 3320 Con-

2109 3355 2386 3414 tentiones
2411 3357 2558 3414 inter
2585 3373 2675 3412 eos
2705 3371 2820 3413 esse
2851 3355 3016 3423 dixit,
3061 3363 3124 3410 ut
3163 3352 3478 3410 ostenderet
3533 3353 3724 3412 diver'

2111 3445 2330 3502 sitatem
2380 3445 2578 3503 mentis
2623 3445 2846 3502 illorum
2879 3444 2946 3500 de
2972 3443 3270 3518 disciplina
3297 3443 3614 3501 Dominica.
3655 3445 3725 3499 Et

2113 3551 2235 3609 quae
2258 3544 2422 3604 esset,
2457 3535 2721 3608 subjecit,
2758 3534 2981 3591 dicens:

2188 3625 2370 3698 (Vers.
2403 3622 2515 3696 12.)
2567 3648 2585 3672 ι
2627 3626 2743 3681 Hoc
2771 3633 2956 3681 autem
2985 3624 3134 3693 dico,
3164 3624 3312 3698 quod
3339 3624 3722 3700 unusquisque

2118 3724 2365 3773 vestrum
2394 3715 2530 3773 dicit
2563 3733 2574 3771 :
2616 3716 2733 3789 Ego
2765 3714 2990 3788 quidem
3019 3731 3141 3771 sum
3171 3713 3348 3784 Pauli,
3392 3732 3492 3789 ego
3533 3725 3718 3773 autem

2114 3808 2332 3880 Apollo,
2363 3823 2462 3880 ego
2505 3823 2637 3864 vero
2684 3807 2904 3878 Cephae,
2940 3822 3039 3879 ego
3063 3811 3247 3862 autem
3289 3805 3521 3865 Christi.
3562 3834 3581 3858 ι
3622 3809 3722 3864 Er-

2114 3915 2296 3957 rorem
2328 3897 2590 3967 ostendit,
2629 3895 2725 3954 sed
2755 3904 3045 3952 auctorum
3099 3895 3326 3951 nomina
3373 3912 3485 3953 non
3531 3897 3720 3971 prodi-

2113 3991 2200 4048 dit
2231 4009 2246 4058 ;
2279 4007 2379 4048 nec
2407 3989 2554 4047 enim
2588 3989 2647 4045 in
2705 3990 2826 4044 loco
2871 3985 3110 4055 stabant,
3140 3986 3234 4042 sed
3262 3987 3722 4046 circumibantad

2116 4080 2457 4136 eversionem
2513 4077 2871 4152 simplicium.
2931 4077 3070 4133 Nam
3119 4075 3222 4131 hos
3264 4093 3402 4150 quos
3440 4077 3715 4148 nominat,

2115 4171 2235 4228 sine
2269 4169 2439 4227 dubio
2503 4167 2638 4226 boni
2689 4175 2853 4225 erant
2905 4167 3158 4224 doctores
3178 4187 3209 4243 ;,
3227 4167 3324 4224 sed
3370 4168 3476 4225 sub
3525 4184 3716 4225 eorum

2116 4262 2296 4334 specie
2353 4261 2520 4318 falsos
2567 4261 2844 4333 apostolos
2883 4257 3083 4330 tangit.
3131 4255 3188 4312 Si
3220 4258 3371 4313 enim
3405 4257 3464 4313 in
3495 4257 3585 4314 his
3607 4258 3716 4329 glo-

2116 4351 2372 4407 riandum
2400 4358 2558 4424 negat
2582 4395 2600 4417 ,
2629 4361 2836 4425 quanto
2865 4353 3035 4426 magis
3081 4351 3137 4407 in
3168 4349 3331 4406 malis
3366 4346 3713 4414 doctoribus,

405 4464 547 4523 mini
576 4465 772 4520 nostri.
807 4488 824 4510 ι
869 4463 1004 4529 Quis
1049 4437 1292 4536 ambigat
1333 4437 1400 4520 de
1442 4437 1732 4536 promissis
1785 4473 1839 4521 et
1895 4466 2000 4522 ﬁde
2033 4487 2082 4547 ι)
2118 4458 2354 4547 ξῖυξπωη
2386 4440 2704 4547 doftrimm‘
2727 4457 2951 4514 pravam
2983 4447 3041 4500 in
3083 4440 3363 4547 subjectis
3385 4437 3710 4547 .Sign‘iﬁca‘!

403 4553 524 4613 Dei.
558 4553 688 4629 quia
713 4569 826 4608 non
856 4552 960 4608 erit
987 4553 1148 4608 aliter
1177 4570 1341 4626 quam
1373 4552 1538 4620 dixit,
1587 4552 1730 4609 ﬁlios
1759 4570 1852 4610 eos
1879 4555 2005 4610 ado-

404 4651 586 4718 ptatos
611 4642 717 4699 sibi
745 4641 1029 4699 credentes
1063 4642 1121 4698 in
1150 4642 1480 4700 Christum?
1519 4643 1634 4700 Hoc
1662 4645 1810 4700 enim
1841 4645 2001 4701 nobis

405 4734 594 4805 donat,
625 4733 773 4808 quod
799 4733 1078 4791 credimus
1106 4752 1121 4802 ;
1154 4741 1215 4790 ut
1242 4735 1372 4807 quia
1402 4735 1683 4792 credimus
1713 4733 1998 4792 Christum

404 4825 608 4882 Filium
639 4841 755 4881 esse
778 4823 897 4892 Dei,
922 4823 1029 4880 hoc
1040 4840 1139 4880 nos
1162 4840 1279 4882 esse
1299 4825 1652 4898 incipiamus,
1675 4825 1921 4881 mansuri
1943 4824 2000 4880 in

406 4914 593 4971 eadem
636 4912 922 4985 dignitate,
952 4914 1098 4971 sicut
1131 4923 1316 4972 manet
1341 4914 1616 4986 Christus,
1667 4931 1829 4988 quem
1889 4930 2003 4971 cre-

406 5004 592 5062 dimus
621 5005 826 5061 Filium
856 5006 976 5062 Dei.
1010 5006 1260 5065 Societas
1285 5006 1435 5064 enim
1467 5004 1784 5063 fraternitas
1811 5012 1915 5070 est,
1941 5011 2004 5061 ut

503 5204 596 5284 ῥξ)
629 5203 816 5284 Codex
843 5202 1030 5284 C9rb.,
1061 5205 1120 5258 in
1129 5204 1324 5284 regula
1353 5201 1707 5284 manet.

506 5275 598 5348 69)
631 5275 958 5348 Ιάθωᾲοοάη
989 5292 1096 5329 non
1115 5275 1375 5348 ﬁdis,_sed
1405 5275 1603 5348 inﬁdis.

507 5343 599 5417 70)
629 5348 730 5404 Ms.
771 5343 959 5415 Corb.,
988 5343 1280 5417 deprwdati
1304 5343 1542 5418 fuerant.
1589 5345 1854 5418 Sequenti
1883 5361 1994 5403 au-

297 5431 304 5438 ‘
410 5416 516 5477 tem
540 5435 703 5474 versu
730 5418 854 5475 cod.
887 5416 1083 5485 Laud.,
1123 5418 1196 5472 ad
1222 5416 1538 5487 patientiam
1565 5416 1733 5473 vocat.

483 5490 600 5559 (71)
651 5490 810 5546 Rom.
859 5490 1021 5558 edit.,
1052 5490 1109 5543 in
1138 5487 1551 5560 communionem
1608 5489 1711 5560 ﬁlii
1754 5487 1886 5556 ejus.
1931 5489 2007 5544 Et

410 5559 637 5630 iterum,
667 5563 962 5633 communio
991 5561 1129 5633 enim
1177 5559 1542 5633 fratemita_ti_s
1572 5559 1664 5616 est.
1701 5559 2005 5633 Utrg-bique

412 5648 542 5690 mss.
573 5629 638 5692 ac
664 5641 778 5692 vet.
825 5632 960 5690 edit.
991 5639 1054 5690 ut
1097 5630 1158 5688 in
1180 5629 1379 5701 textu,
1421 5629 1533 5688 nisi
1585 5631 1736 5705 quod
1779 5629 2006 5689 Erasiac

2121 4531 2270 4586 Inter
2316 4547 2409 4586 eos
2457 4537 2643 4586 tamen
2691 4531 2790 4587 hos
2833 4541 3242 4604 perseverantes
3281 4528 3557 4601 designat,
3621 4526 3714 4601 qui

2107 4620 2364 4676 dicebant
2391 4636 2448 4675 se
2477 4619 2684 4677 Christi
2716 4637 2854 4687 esse,
2891 4638 3002 4677 non
3045 4620 3308 4689 hominis,
3357 4634 3496 4692 quos
3561 4630 3713 4689 supe-

2109 4709 2226 4764 rius
2249 4709 2454 4764 laudat.

2183 4798 2363 4869 (Vers.
2399 4797 2507 4865 13.)
2555 4822 2572 4844 ε
2604 4798 2826 4854 Divisus
2856 4807 2941 4854 est
2974 4798 3226 4856 Christus
3281 4823 3300 4848 ι
3339 4794 3599 4853 Divisum
3630 4793 3713 4850 di-

2109 4889 2186 4946 cit
2215 4886 2519 4954 Christum,
2552 4889 2678 4959 quia
2708 4889 2937 4960 gloriam
2963 4888 3081 4961 ejus
3100 4887 3354 4944 homines
3375 4884 3484 4941 sibi
3517 4884 3712 4958 partiti

2109 4985 2257 5035 sunt.
2311 4976 2464 5033 Sicut
2515 4977 2882 5051 hazretici,qui
2930 4994 2988 5034 se
3030 4985 3126 5035 aut
3166 4973 3561 5041 Photinianos,
3620 4981 3714 5031 aut

2107 5178 2238 5236 Gill.
2272 5177 2479 5234 habent
2508 5177 2696 5246 etiam,
2724 5173 3121 5246 fraternitatis.

2185 5266 2296 5347 (72)
2326 5265 2529 5347 Omnes
2549 5262 3234 5347 edit..acnmss;_nqn_nul_l,
3283 5257 3492 5332 fratres
3535 5261 3712 5347 nostri

2111 5333 2230 5393 estis
2258 5333 2368 5393 uos.
2396 5338 2466 5392 Et
2496 5338 2660 5401 infra,
2692 5337 2748 5390 in
2776 5335 2890 5406 ﬁdei
2915 5335 3138 5392 Christi.
3183 5335 3310 5391 Mss.
3361 5348 3494 5389 vero
3523 5333 3710 5406 plures

2111 5425 2175 5466 ac
2200 5409 2440 5466 notiores
2472 5409 2758 5464 nobiscum
2777 5405 3020 5463 faciunt.

2118 5545 2121 5548 _
2185 5474 2301 5551 (73)
2327 5481 2408 5536 Ita
2440 5496 2568 5535 mss.
2601 5480 2759 5551 longe
2793 5477 3042 5551 plurimi,
3072 5493 3136 5533 ac
3155 5474 3536 5551 probatissimi
3563 5493 3576 5532 :
3601 5476 3701 5532 alii

2112 5547 2264 5620 vero,
2282 5547 2350 5607 et
2377 5568 2567 5608 omnes
2607 5547 2742 5606 edit.
2767 5547 2998 5619 [verum
3024 5547 3201 5620 esset;
3231 5547 3424 5616 ϐαι-1)..
3473 5564 3585 5604 non
3630 5565 3711 5603 es-

2113 5630 2208 5684 set.
2242 5619 2396 5696 Quod
2421 5622 2773 5684 contentiones
2799 5621 2941 5679 inter
2965 5637 3056 5680 ou
3075 5619 3203 5679 sint.
