3952 6202
209 330 307 392 197

1288 329 1656 392 COMMENT.
1697 333 1768 388 IN
1805 325 2022 388 EPIST.
2064 333 2086 387 Ι
2128 334 2222 389 ΑΙ)
2261 335 2418 390 COR.

3407 335 3508 392 198

199 443 452 525 Arianos,
483 463 578 513 aut
608 457 1005 530 Cataphrygas,
1039 466 1133 514 aut
1167 458 1521 526 Novatianos,
1553 466 1650 513 aut
1697 458 1798 512 Do-
1828 458 1880 516 A
1909 456 1978 513 ab
2011 456 2124 512 illis
2154 458 2371 514 fuerant
2399 459 2656 531 baptizati
2687 460 2831 532 (Act.
2863 477 2921 528 x,
2954 459 3086 532 48);
3122 466 3185 516 ut
3216 474 3287 515 ex
3318 477 3384 516 eo
3412 462 3517 518 sci-

201 553 475 619 natianos,
515 563 611 610 aut
651 553 986 612 Manichaeos
1017 555 1202 611 vocari
1231 571 1341 610 non
1367 554 1626 621 horrent;
1665 551 1806 607 114

200 642 278 698 ita
303 651 357 698 et
381 643 661 700 Corinthii
691 643 1042 700 diversorum
1066 643 1453 700 haereticorum
1484 643 1805 699 nominibus

199 731 401 805 subjici
433 742 734 806 casperant,
764 743 826 790 ut
856 733 1182 790 viderentur
1213 734 1331 789 loco
1363 732 1570 790 Christi
1616 732 1806 788 homi-

199 839 296 879 nes
325 827 573 881 venerari
598 843 608 880 :
645 825 739 898 qui
767 825 901 880 dum
925 825 1142 882 diversa
1163 825 1228 881 de
1255 825 1474 883 Christo
1505 827 1803 898 accipiunt,

197 911 462 970 dividunt
509 914 816 972 Christum.
871 914 1024 970 Unus
1061 915 1206 970 enim
1257 914 1540 970 hominem
1588 921 1802 969 tantum

197 1002 402 1073 accipit
433 1002 744 1072 Christum,
796 1005 936 1059 alter
978 1006 1151 1060 Deum
1195 1021 1393 1076 purum
1425 1005 1543 1060 sine
1581 1003 1806 1058 homine

198 1091 290 1146 vel
323 1107 552 1164 corpore
600 1093 804 1150 fatetur
851 1093 992 1164 (74),
1039 1094 1180 1148 alius
1221 1093 1358 1150 dicit
1391 1110 1486 1165 per
1515 1093 1804 1166 prophetas

197 1179 527 1250 praedictum
609 1183 910 1250 Christum,
979 1184 1118 1238 alter
1165 1192 1324 1255 negat
1381 1183 1673 1254 prophetas
1737 1183 1803 1237 de

198 1267 427 1326 Christo
476 1272 706 1328 locutos.
750 1271 885 1329 Cum
935 1288 1062 1344 ergo
1090 1273 1344 1330 Christus
1372 1289 1516 1327 unus
1558 1273 1628 1327 sit
1661 1273 1803 1326 Deus

197 1364 254 1413 et
284 1357 472 1427 homo,
509 1359 599 1416 isti
624 1360 730 1417 sibi
761 1360 902 1417 alius
935 1361 1088 1417 aliud
1112 1361 1229 1434 ejus
1260 1361 1627 1428 vindicantes,
1659 1361 1798 1417 divi-

196 1446 337 1504 dunt
368 1449 652 1507 Christum
680 1470 693 1519 ;
725 1461 777 1508 et
808 1452 938 1524 quia
965 1452 1069 1509 sub
1122 1453 1347 1508 nomine
1386 1468 1485 1508 suo
1530 1452 1802 1508 Ecclesias

196 1536 408 1598 faciunt
439 1540 662 1610 multas,
692 1540 894 1614 adjecit
915 1559 926 1596 :

282 1654 301 1676 ε
335 1629 618 1702 Numquid
665 1631 869 1686 Paulus
912 1631 1217 1688 cruciﬁxus
1259 1639 1340 1686 est
1385 1647 1484 1702 pro
1533 1629 1732 1686 vobis?
1770 1656 1788 1678 ι

197 1714 327 1774 Ideo
377 1734 410 1773 a
451 1734 508 1774 se
548 1719 736 1792 carpit,
777 1736 844 1777 ne
892 1720 1033 1776 forte
1076 1727 1360 1793 putaretur
1397 1719 1631 1775 aliorum
1678 1719 1801 1775 ideo

1914 554 2037 602 rent
2066 563 2178 602 non
2211 564 2464 619 magnum
2503 565 2617 604 esse
2661 549 2959 620 baptizare,
3016 549 3146 622 quia
3194 565 3305 606 non
3335 551 3518 608 omnis

1915 638 2011 709 qui
2063 637 2320 707 baptizat,
2366 637 2594 693 idoneus
2655 648 2738 694 est
2788 649 2842 694 et
2887 640 3282 711 evangelizare.
3336 639 3517 696 Verba

1915 731 2064 785 enim
2119 730 2391 786 solemnia
2437 739 2582 797 sunt,
2628 747 2748 801 quae
2778 731 3044 787 dicuntur
3073 732 3129 786 in
3163 733 3512 804 baptismate.

1916 819 2162 890 Denique
2194 818 2471 888 apostolus
2501 819 2692 874 Petrus
2712 820 3022 875 credentem
3045 820 3363 877 Cornelium
3387 838 3512 877 cum

1915 907 2030 962 suis
2068 906 2235 977 jussit
2291 906 2578 976 baptizari,
2632 922 2732 962 nec
2783 905 3039 976 dignatus
3085 914 3185 974 est,
3247 907 3517 962 ministris

1916 995 2242 1062 astantibus,
2290 980 2397 1049 hoc
2447 1011 2586 1065 opus
2630 994 2845 1060 facere;
2897 995 2941 1048 si
2985 995 3134 1048 enim
3192 994 3516 1063 defuissent,

1917 1082 2030 1155 ipse
2061 1083 2165 1138 hoc
2192 1085 2408 1154 egisset,
2441 1083 2762 1139 necessitate
2793 1083 3133 1153 compulsus.
3167 1083 3382 1149 Quanto
3423 1099 3519 1137 er-

1916 1189 1982 1244 go
2012 1173 2208 1227 melior
2237 1172 2324 1227 his
2350 1173 2441 1239 sit,
2474 1189 2612 1244 quos
2657 1173 2740 1226 illi
2778 1173 3205 1240 venerabantur,
3244 1170 3515 1227 ostendit:

1913 1271 1968 1316 et
2015 1278 2126 1316 non
2181 1270 2362 1316 tamen
2417 1262 2522 1318 hoc
2562 1263 2774 1318 nomini
2829 1279 2930 1318 suo
2972 1263 3192 1317 decerni
3238 1262 3514 1334 permisit,

1913 1349 2093 1404 sciens
2127 1351 2496 1421 periculosum
2525 1366 2640 1406 esse
2688 1351 2917 1422 gloriam
2949 1351 3047 1406 Dei
3078 1350 3293 1406 nomini
3327 1350 3519 1406 homi—

1912 1441 2000 1496 nis
2030 1441 2311 1497 vindicare
2337 1460 2349 1509 ;
2381 1450 2464 1498 est
2490 1443 2637 1498 enim
2663 1442 2818 1514 quasi
2851 1441 3180 1498 idololatria.

1999 1556 2018 1579 ι
2055 1532 2176 1587 Non
2206 1532 2264 1586 in
2293 1531 2560 1604 sapientia
2597 1533 2786 1601 Verbi,
2827 1539 2888 1588 ut
2910 1549 3022 1587 non
3049 1542 3351 1588 ev-acuetur
3376 1544 3515 1585 crux

1910 1619 2139 1677 Christi.
2173 1645 2191 1668 ι
2249 1621 2389 1688 Quia
2428 1621 2744 1692 praedicatio
2793 1621 3109 1679 Christiana
3146 1636 3257 1676 non
3301 1619 3512 1691 indiget

1913 1725 2113 1781 pompa
2141 1719 2196 1766 et
2234 1711 2387 1766 cultu
2418 1712 2708 1780 sermonis,
2745 1713 2977 1783 ideoque
3006 1712 3305 1782 piscatores
3324 1708 3516 1764 homi—

198 1807 438 1865 refutare
487 1823 763 1880 personas,
811 1817 872 1864 ut
917 1825 1072 1865 suam
1102 1809 1531 1864 commendaret.
1565 1807 1619 1863 Si
1650 1811 1796 1863 enim
1831 1814 1878 1874 B
1914 1815 2011 1855 nes
2040 1800 2282 1872 imperiti
2313 1801 2473 1856 electi
2505 1811 2655 1868 sunt.
2689 1803 2785 1873 qui
2825 1802 3297 1872 evangelizarent;
3331 1807 3392 1854 ut
3423 1798 3517 1852 de-

199 1897 453 1955 Christns
481 1915 580 1971 pro
609 1900 790 1968 nobis,
833 1900 1036 1972 inquit,
1085 1908 1336 1954 mortuus
1374 1907 1472 1966 est,
1523 1897 1800 1970 quomodo

199 1987 428 2060 gratiam
473 1985 592 2058 ejus
639 1995 692 2043 et
739 1987 1068 2045 beneﬁcium
1100 1987 1422 2045 hominibus
1463 1988 1802 2059 imputamus

199 2076 270 2133 ad
299 2077 416 2149 ejus
446 2076 707 2150 injuriam
732 2078 761 2134 ‘I

287 2192 305 2213 -
335 2168 451 2222 Aut
494 2167 551 2221 in
581 2167 804 2222 nomine
829 2168 984 2224 Pauli
1013 2167 1271 2240 baptizati
1306 2167 1436 2223 estis
1457 2167 1485 2223 ?
1515 2192 1532 2215 ι
1575 2166 1632 2222 Si
1673 2183 1803 2222 cre—

199 2255 398 2312 dentes
439 2264 645 2324 autem,
690 2255 892 2329 inquit,
941 2257 998 2312 in
1030 2257 1311 2315 Christum
1344 2257 1708 2329 baptizamur,
1741 2264 1804 2311 ut

203 2346 264 2401 in
296 2347 520 2402 nomine
551 2346 668 2419 ejus
691 2346 1080 2419 justiﬁcemur,
1112 2349 1246 2422 quid
1275 2357 1355 2405 est
1386 2357 1448 2405 ut
1478 2348 1602 2404 ﬁdei
1638 2347 1803 2420 hujus

198 2433 458 2491 homines
487 2435 644 2491 nobis
673 2446 921 2493 auctores
971 2437 1256 2506 faciamus,
1291 2438 1641 2493 immemores
1683 2453 1802 2492 C(13-

199 2531 307 2598 ptae
338 2525 701 2582 credulitatis.

276 2613 460 2684 (Vers.
486 2615 712 2687 14-16.)
758 2642 776 2663 ι
806 2615 1023 2673 Gratias
1050 2633 1150 2690 ago
1180 2619 1313 2685 Deo,
1343 2615 1491 2690 quod
1523 2615 1800 2671 neminem

209 2711 454 2758 vestrum
493 2704 788 2776 baptizavi,
819 2706 924 2762 nisi
955 2707 1208 2780 Crispum
1237 2717 1289 2763 et
1315 2706 1508 2763 Caium
1534 2723 1548 2773 ;
1582 2722 1649 2761 ne
1678 2706 1802 2779 quis

201 2789 351 2848 dicat
381 2793 528 2866 quod
559 2795 616 2850 in
647 2795 871 2851 nomine
898 2813 1018 2852 meo
1048 2797 1321 2869 baptizavi
1355 2797 1494 2866 (75).
1519 2794 1801 2867 Baptizavi

201 2888 385 2937 autem
431 2890 484 2937 et
530 2883 818 2956 Stephanae
857 2885 1116 2941 domum:
1166 2895 1489 2942 cmterorum
1541 2886 1726 2941 nescio
1754 2885 1800 2940 si

198 2984 361 3040 quem
391 2969 562 3026 alium
593 2971 1005 3044 baptizaverim.
1039 3000 1056 3022 ι
1100 2975 1315 3030 Gratias
1345 2975 1456 3047 agit
1488 2975 1622 3041 Deo,
1674 2973 1802 3046 quia

198 3073 310 3113 non
349 3060 553 3116 multos
601 3077 671 3118 ex
729 3064 842 3119 illis
881 3063 1200 3135 baptizavit,
1252 3080 1320 3119 ne
1349 3065 1477 3136 quia
1517 3079 1670 3118 error
1700 3062 1802 3117 sub

199 3145 303 3202 hac
363 3164 421 3205 re
475 3160 733 3224 coeperat,
787 3170 857 3209 ex
913 3153 1138 3208 nomine
1197 3153 1314 3225 ejus
1359 3169 1511 3208 error
1557 3157 1696 3206 esset
1744 3149 1801 3204 in

200 3235 480 3308 plurimis,
515 3255 610 3312 per
649 3241 754 3296 hoc
793 3243 1100 3313 arguendos
1132 3244 1248 3312 (76)
1290 3249 1344 3296 et
1372 3241 1712 3312 baptizantes
1754 3248 1808 3295 et

198 3322 526 3398 baptizatos,
559 3329 655 3401 qui
688 3329 756 3383 ad
809 3328 1069 3398 injuriam
1117 3330 1420 3385 Salvatoris
1466 3329 1810 3400 baptismatis

198 3412 322 3486 ejus
368 3417 599 3487 gratiam
651 3415 974 3472 hominibus
1003 3418 1359 3490 deputabant,
1388 3418 1500 3473 illis
1539 3417 1811 3473 dissimu-

195 3502 451 3558 lantibus
500 3504 685 3576 gloria
733 3521 916 3562 causa.
967 3506 1057 3563 Sic
1109 3507 1257 3562 enim
1290 3514 1464 3574 erant,
1496 3506 1638 3561 sicut
1663 3521 1809 3562 nunc

197 3588 500 3647 Novatiani
527 3601 581 3648 et
619 3593 938 3662 Donatiani,
971 3595 1064 3668 qui
1107 3594 1443 3667 baptismum
1475 3594 1580 3650 sibi
1611 3594 1808 3650 vindi-

197 3687 349 3749 cant,
379 3698 410 3736 a
439 3684 642 3739 nostris
670 3683 972 3756 baptizatos
1012 3686 1403 3758 reprobantes:
1448 3695 1504 3742 et
1546 3683 1806 3757 baptizati

198 3773 269 3830 ab
298 3773 386 3829 his
415 3775 720 3846 gloriantur
758 3776 814 3831 in
852 3777 1100 3850 personis
1133 3793 1345 3832 eorum.
1371 3777 1619 3850 Denique
1649 3777 1804 3834 Chri-

198 3863 272 3919 sti
303 3864 526 3920 nomine
569 3865 824 3923 abdicato
871 3867 1208 3924 Novatianos
1239 3875 1292 3924 et
1321 3869 1660 3923 Donatianos
1697 3883 1806 3920 vo-

197 3952 313 4008 cari
341 3969 398 4009 se
427 3954 750 4026 gloriantur.
780 3955 1004 4028 Crispus
1049 3973 1176 4029 ergo
1216 3965 1268 4012 et
1311 3956 1474 4013 Caius
1523 3953 1803 4012 Corinthii

198 4048 352 4110 sunt,
385 4058 520 4115 quos
549 4043 617 4100 ad
638 4045 1021 4101 testimonium
1049 4045 1301 4101 nominat
1326 4064 1338 4112 ;
1371 4045 1500 4119 quia
1549 4046 1629 4100 sic
1659 4044 1802 4116 bap-

197 4127 357 4188 tizati
405 4139 534 4188 sunt
577 4134 643 4190 ad
688 4137 975 4207 Apostolo,
1012 4144 1074 4191 ut
1118 4137 1328 4191 nullam
1363 4136 1446 4190 illi
1473 4134 1705 4206 gloriam
1735 4150 1805 4190 ex

197 4218 302 4276 hac
329 4236 492 4277 causa
529 4220 767 4280 dandam
799 4234 1101 4282 assererent
1135 4226 1278 4296 (77).
1311 4224 1599 4297 Stephanae
1622 4231 1805 4278 autem

196 4309 396 4365 domus
436 4310 698 4384 primitiae
751 4321 881 4368 sunt
930 4314 1173 4382 Achaiae,
1235 4314 1379 4369 sicut
1427 4315 1484 4368 in
1532 4321 1807 4384 postrema

199 4409 353 4474 parte
393 4401 638 4472 epistolae
673 4400 968 4472 signiﬁcat,
1019 4403 1220 4476 quibus
1269 4403 1647 4460 testimonium
1691 4403 1803 4472 dat,

198 4506 310 4563 quo
341 4490 398 4546 in
423 4490 799 4546 ministerium
829 4491 1034 4549 sanctis
1063 4509 1118 4549 se
1148 4494 1566 4550 constituerant.

272 4579 455 4653 (Vers.
494 4580 609 4651 17.)
655 4603 672 4628 ε
703 4581 823 4637 Non
850 4581 995 4637 enim
1028 4583 1180 4640 misit
1215 4599 1300 4639 me
1329 4583 1581 4641 Christus
1613 4582 1804 4656 bapti-

196 4687 342 4736 zare,
375 4669 469 4726 sed
503 4671 895 4744 evangelizare.
924 4699 940 4720 ι
996 4673 1266 4742 Quoniam
1307 4674 1486 4748 majus
1517 4683 1598 4732 est
1627 4692 1807 4730 evan-

198 4761 450 4832 gelizare,
504 4776 668 4832 quam
725 4761 1037 4835 baptizare;
1098 4765 1220 4821 ideo
1280 4782 1390 4822 non
1460 4783 1517 4821 se
1575 4765 1804 4820 missum

197 4852 476 4924 baptizare
505 4851 662 4920 dicit,
712 4852 804 4909 sed
853 4856 1226 4927 evangelizare
1257 4874 1266 4910 :
1301 4857 1432 4930 quia
1463 4856 1518 4910 in
1549 4857 1805 4928 episcopo

197 4942 449 4997 omnium
482 4940 895 5000 ordinationum
923 4943 1165 5015 dignitas
1199 4955 1281 5001 est
1309 4965 1322 5012 ;
1355 4955 1519 5019 caput
1550 4957 1629 5002 est
1657 4947 1803 5001 enim

197 5041 525 5090 caeterorum
575 5033 970 5090 membrorum.
1028 5035 1131 5090 Per
1159 5035 1304 5107 quod
1336 5036 1499 5091 etiam
1534 5036 1657 5091 illos
1689 5036 1806 5090 hu-

199 5115 404 5197 miliat,
454 5125 656 5199 quibus
689 5124 776 5183 illi
816 5129 1054 5184 multum
1088 5127 1312 5196 dabant,
1345 5134 1631 5200 propterea
1659 5127 1805 5200 quod

269 5329 391 5404 (74)
444 5333 528 5388 Ita
566 5332 699 5389 edit.
751 5351 964 5403 omnes,
1012 5343 1066 5390 et
1107 5332 1230 5390 cod.
1275 5333 1477 5399 Corb.;
1529 5330 1626 5386 alii
1674 5349 1805 5389 vero

197 5419 419 5462 summo
438 5419 739 5476 consensu,
765 5422 966 5476 purum
995 5407 1106 5459 sine
1135 5422 1352 5474 corpore
1371 5404 1590 5476 fatetur.

270 5477 391 5602 (75)
420 5475 626 5532 Omnes
654 5475 786 5532 edit.
819 5493 884 5534 ac
913 5493 1042 5532 mss.
1074 5476 1353 5542 nonnulli,
1381 5475 1640 5545 baptizati
1661 5475 1802 5532 estis.

181 5547 270 5602 "At
301 5548 359 5602 in
388 5563 449 5602 ra
492 5564 591 5602 pro
632 5555 942 5602 ceterorum
988 5549 1177 5602 nescio.
1209 5545 1382 5602 alicui
1420 5547 1610 5602 legunt
1649 5555 1802 5602 caete-

196 5545 449 5604 At'infra
491 5564 591 5620 pro
632 5555 942 5605 ceterorum
988 5549 1177 5617 nescio,
1209 5545 1382 5621 aliqui
1420 5547 1610 5619 legunt
1649 5555 1806 5604 ecete-

203 5636 323 5674 rum
350 5622 548 5686 nescio,
569 5627 676 5676 etc.

269 5690 388 5763 (76)
408 5692 572 5750 Eras.
604 5697 660 5748 et
689 5708 803 5765 seq.
835 5691 993 5761 edit.,
1028 5707 1130 5764 por
1161 5691 1255 5748 hoc
1283 5705 1511 5763 argum
1526 5708 1548 5756 ;
1573 5691 1802 5748 Amerb.

1835 4528 1884 4588 D

1911 1889 2103 1945 ctrina;
2133 1890 2337 1944 veritas
2366 1890 2484 1961 ipsa
2524 1891 2642 1960 (78)
2676 1906 2731 1945 se
2759 1889 3192 1955 commendaret,
3222 1895 3360 1944 teste
3391 1887 3518 1940 vir—

1907 1985 2062 2044 tute;
2112 1995 2181 2034 ne
2218 1979 2504 2036 hominum
2535 1980 2778 2036 versutia
2807 1990 2861 2037 et
2906 1979 3210 2038 calliditate
3256 1978 3513 2034 humanm

1909 2067 2191 2139 sapientiai
2220 2070 2573 2141 acceptabilis
2612 2070 2913 2136 videretur,
2946 2086 3056 2126 non
3088 2069 3339 2135 veritate,
3369 2067 3515 2124 sicut

1909 2156 2219 2230 disciplinae
2265 2159 2334 2214 ab
2380 2159 2700 2215 hominibus
2748 2160 3005 2218 inventas.
3063 2159 3121 2213 in
3155 2158 3358 2230 quibus
3395 2173 3506 2212 non

1911 2249 2072 2318 ratio,
2104 2267 2217 2305 non
2265 2250 2463 2320 virtus,
2495 2251 2590 2307 sed
2627 2252 2919 2308 verborum
2955 2251 3222 2324 quaeritur
3244 2248 3513 2322 composi-

1910 2335 2023 2390 tio:
2072 2353 2135 2391 ac
2181 2353 2277 2408 per
2329 2338 2436 2395 hoc
2481 2339 2709 2410 gloriam
2759 2356 2912 2395 suam
2959 2340 3154 2411 quaeri,
3209 2338 3304 2410 qui
3348 2337 3513 2394 ﬁdem

1911 2424 2118 2481 Christi
2149 2427 2333 2482 verbis
2375 2444 2643 2483 exornare
2678 2429 2818 2484 vult.
2852 2428 3121 2484 Obscurat
3159 2429 3308 2484 enim
3357 2427 3509 2482 illam

1909 2514 2203 2585 splendore
2231 2515 2549 2583 verborum,
2580 2524 2642 2570 ut
2671 2533 2780 2590 non
2816 2517 2931 2584 illa,
2965 2517 3057 2572 sed
3090 2517 3203 2588 ipse
3228 2516 3511 2583 laudetur;

1911 2603 2055 2658 sicut
2080 2609 2136 2657 et
2156 2602 2619 2674 pseudoapostoli,
2651 2620 2718 2658 ne
2743 2605 2901 2660 stulti
2931 2605 3255 2660 viderentur
3277 2604 3510 2675 pruden-

1909 2691 2062 2747 tibus
2092 2691 2308 2759 mundi,
2341 2692 2398 2746 in
2429 2694 2699 2764 sapientia
2729 2693 3017 2748 hominum
3063 2693 3344 2749 Christum
3375 2710 3517 2764 prai-

1909 2783 2170 2840 dicabant
2187 2783 2396 2856 duplici
2415 2800 2610 2856 genere
2636 2803 2648 2851 ;
2681 2792 2742 2839 ut
2769 2783 3104 2856 eloquentiae
3131 2784 3440 2848 studerent,
3460 2793 3514 2840 et

1909 2891 1974 2930 ea
2020 2892 2141 2947 quae
2191 2873 2432 2930 mundus
2485 2875 2543 2929 in
2579 2873 2739 2931 nobis
2766 2876 2935 2930 stulta
2958 2873 3173 2945 judicat
3201 2873 3508 2932 evitarent:

1907 2972 1972 3020 ut
1997 2981 2171 3036 neque
2204 2965 2550 3020 incarnatum
2575 2965 2670 3020 Dei
2697 2965 2924 3034 Filium,
2963 2973 3017 3020 et
3045 2965 3113 3019 de
3143 2963 3371 3036 Virgine
3405 2979 3514 3019 na-

1911 3062 2033 3110 tum
2057 3054 2337 3124 docerent,
2359 3071 2537 3127 neque
2565 3055 2744 3110 carnis
2767 3055 3011 3112 futuram
3043 3055 3508 3121 resurectionem;

1833 3175 1877 3235 C
1915 3143 2046 3215 quia
2076 3144 2268 3199 mundi
2298 3145 2444 3200 istud
2474 3143 2741 3215 sapientia
2763 3153 2817 3198 et
2839 3145 2977 3199 ratio
2999 3145 3232 3198 stultum
3275 3143 3508 3213 judicat:

1915 3247 1980 3287 ac
2011 3247 2104 3302 per
2134 3232 2242 3287 hoc
2270 3234 2568 3304 Apostolus
2603 3248 2713 3286 non
2743 3249 2798 3286 se
2830 3231 2887 3285 in
2921 3230 3191 3301 sapientia
3225 3231 3512 3285 hominum

1917 3320 2055 3376 dicit
2083 3321 2366 3377 Christum
2399 3319 2695 3392 praedicare
2723 3339 2734 3374 :
2782 3343 2799 3364 ε
2831 3321 2908 3375 Ne
2942 3327 3258 3387 evacuetur,
3310 3319 3513 3390 inquit,

1917 3426 2056 3466 crux
2116 3408 2360 3476 Christi;
2405 3433 2424 3457 ι
2495 3408 2626 3480 quia
2681 3407 2775 3481 qui
2836 3408 2893 3462 in
2947 3407 3217 3479 sapientia
3274 3407 3516 3462 hominis

1918 3505 2201 3563 Christum
2258 3503 2396 3559 115
2436 3503 2750 3568 annuntiat,
2785 3511 2946 3575 negat
2988 3503 3276 3560 veritatem
3307 3503 3516 3577 praedi-

1917 3594 2171 3664 cationis,
2203 3593 2346 3649 sicut
2373 3609 2537 3664 supra
2571 3592 2892 3648 memoravi.

1990 3686 2172 3756 (Vers.
2232 3685 2344 3756 18.)
2396 3709 2414 3732 ς
2454 3683 2695 3740 Verbum
2737 3685 2886 3740 enim
2935 3683 3114 3740 crucis
3156 3684 3514 3756 pereuntibus

1913 3775 2134 3850 quidem
2164 3777 2398 3832 stultitia
2423 3783 2524 3832 est.
2561 3801 2578 3823 ι
2620 3776 2968 3831 Manifestum
2999 3783 3103 3841 est,
3143 3777 3275 3847 quia
3303 3776 3510 3849 quibus

1913 3882 2052 3922 crux
2082 3866 2286 3923 Christi
2315 3866 2552 3920 stultitia
2579 3873 2680 3932 est,
2702 3867 2757 3920 in
2782 3865 3094 3936 perditione
3109 3873 3242 3920 sunt
3259 3883 3273 3931 ;
3298 3865 3504 3920 inferni

1914 3957 2062 4012 enim
2096 3965 2270 4012 morte
2298 3956 2415 4026 (79)
2449 3972 2559 4010 non
2589 3963 2719 4010 sunt
2746 3955 2938 4025 erepti.

1903 4056 1908 4060 '
1988 4047 2172 4118 (Vers.
2208 4046 2322 4116 19.)
2371 4069 2388 4092 ι
2419 4045 2518 4099 His
2566 4051 2748 4099 autem
2789 4044 2884 4114 qui
2927 4042 3066 4098 salvi
3123 4041 3286 4109 ﬁunt,
3337 4042 3514 4098 virtus

1912 4134 2013 4190 Dei
2046 4141 2148 4190 est.
2190 4160 2208 4184 ι
2250 4135 2373 4190 Non
2408 4142 2489 4190 est
2520 4133 2814 4188 obscurum
2846 4133 2975 4204 quia
3005 4131 3093 4199 iis,
3135 4131 3228 4204 qui
3259 4131 3514 4201 credunt,

1914 4224 2012 4280 Dei
2042 4224 2224 4281 virtus
2251 4231 2367 4291 est;
2403 4223 2636 4279 credunt
2669 4224 2816 4279 enim
2848 4240 2957 4279 non
2989 4223 3366 4280 inﬁrmitatem
3399 4238 3515 4279 esse

1915 4329 2133 4368 crucem
2164 4313 2393 4382 Christi,
2424 4313 2517 4370 sed
2550 4312 2835 4382 virtutem,
2876 4312 3248 4385 intelligentes
3277 4320 3511 4369 mortem

1914 4403 2120 4459 victam
2163 4419 2280 4460 esse
2327 4404 2383 4458 in
2427 4419 2625 4460 cruce:
2681 4403 2841 4475 cujus
2886 4403 3104 4475 signum
3143 4403 3237 4476 qui
3284 4403 3510 4472 habent,

1914 4493 2051 4550 salvi
2084 4502 2240 4562 sunt;
2275 4494 2404 4567 quia
2431 4495 2500 4551 ab
2533 4496 2628 4550 illa
2655 4495 2830 4551 teneri
2862 4512 2973 4551 non
3005 4505 3252 4568 possunt.

2000 4610 2017 4632 ι
2053 4585 2328 4657 Scriptum
2379 4594 2460 4641 est
2504 4585 2651 4640 enim
2699 4585 2756 4640 in
2797 4585 2973 4641 Isaia:
3020 4575 3249 4640 Perdam
3281 4585 3511 4656 sapien~

1915 4676 2048 4731 tiam
2078 4676 2408 4748 sapientium
2443 4685 2497 4732 et
2529 4676 2872 4734 intellectum
2911 4676 3265 4746 prudentium
3312 4690 3511 4744 repro-

1915 4769 2058 4824 babo
2106 4771 2239 4839 (Isa.
2287 4786 2447 4836 xxrx,
2480 4769 2593 4839 ili).
2629 4794 2646 4815 ›
2696 4768 2881 4822 Perdit
2919 4769 3242 4839 sapientiam
3287 4766 3514 4836 sapien-

1915 4859 2075 4925 tium,
2117 4859 2248 4912 dum
2293 4875 2414 4930 quae
2465 4859 2561 4912 illa
2608 4866 2769 4927 negat
2819 4873 2973 4927 posse
3017 4855 3160 4921 ﬁeri,
3226 4855 3394 4920 facit;
3458 4865 3513 4911 et

1916 4946 2169 5016 reprobat
2221 4947 2562 5001 intellectum
2609 4943 2996 5012 prudentium,
3048 4941 3269 5014 quando
3312 4941 3507 5011 Deum,

1916 5051 2078 5110 quem
2110 5033 2452 5092 incuriosum
2484 5033 2700 5100 dicunt,
2735 5046 3045 5104 aggressum
3078 5031 3269 5103 probat
3298 5047 3359 5087 ea
3390 5048 3510 5104 quae

1915 5128 2084 5183 stulta
2137 5133 2354 5198 putant,
2390 5131 2451 5180 ut
2494 5122 2593 5179 Dei
2640 5121 2816 5178 Filius
2844 5121 3253 5178 incarnatus‘de
3283 5119 3510 5194 Virgine

1915 5343 1968 5390 et
1997 5332 2183 5391 cuncti
2216 5349 2371 5400 mss.,
2389 5347 2489 5402 per
2512 5331 2605 5386 hoc
2629 5327 2952 5401 unguendos.

1991 5407 2107 5476 (77)
2167 5401 2593 5476 Omnes'_edit.,
2650 5402 2882 5458 dandam
2941 5404 3267 5465 assererem;
3320 5415 3510 5460 omnes

1917 5473 2071 5540 mss.,
2088 5473 2323 5529 dandam
2355 5473 2703 5530 addiscerem.

1990 5547 2083 5618 (78
2088 5556 2107 5616 )
2140 5548 2267 5601 Mss.
2293 5561 2404 5600 non
2430 5546 2611 5616 pauci,
2633 5553 2692 5601 ut
2711 5545 2952 5618 doctrina
2978 5541 3220 5618 veritatis
3239 5542 3376 5615 ipsa,
3399 5554 3508 5605 etc.

1988 5615 2108 5691 (79)
2139 5618 2330 5675 Plures
2361 5631 2492 5671 mss.
2516 5659 2530 5684 ,
2550 5619 2777 5690 inferna
2805 5617 2941 5676 enim
2967 5615 3150 5685 morti,
3177 5622 3281 5675 etc.
