3952 6202
166 392 270 457 201

1262 398 1627 460 COMMENT.
1670 404 1744 460 IN
1776 398 1994 462 EPIST.
2026 399 2051 463 Ι
2081 407 2178 463 AD
2217 398 2374 468 con.

3372 406 3481 475 202

167 525 380 585 Christi
419 525 709 581 inﬁrmam
749 532 1046 592 asserunt;
1097 527 1362 599 iniquitas
1402 528 1550 583 enim
1597 528 1777 598 fortis,
1806 531 1859 589 A
1891 530 2040 588 Iesu.
2074 557 2094 580 ι
2152 535 2244 588 Ea:
2264 536 2398 604 ipso,
2443 535 2499 590 id
2515 544 2615 605 est,
2633 553 2702 593 ex
2720 540 2858 606 Deo,
2881 538 3083 610 quiest
3100 539 3486 612 omnipotens,

167 623 226 672 et
268 615 493 671 vincere
535 615 643 671 sibi
690 613 915 670 videtur
960 614 1029 669 ad
1060 622 1299 688 tempus.
1330 617 1439 688 Ipsi
1471 617 1636 673 etiam
1666 633 1777 673 no-

166 702 329 773 biles,
375 721 472 776 per
522 721 661 777 quos
707 702 1122 775 superstitionis
1170 722 1283 761 suae
1311 707 1581 779 originem
1624 708 1779 763 anti-

168 794 401 866 quitatis
456 793 758 865 assignant,
816 808 919 847 nos
991 795 1239 851 novellos
1308 796 1552 853 dicentes
1638 797 1777 868 (82).

162 884 291 940 Non
320 901 451 957 ergo
483 884 630 940 hanc
673 883 1137 940 asseverationem
1183 886 1349 958 elegit
1375 888 1544 954 Deus,
1576 903 1700 961 quae
1724 888 1781 942 in

167 973 367 1046 paucis
395 980 498 1030 est.

250 1088 433 1159 (Vers.
464 1088 581 1160 27.)
627 1113 645 1137 ι
674 1089 778 1146 Sed
821 1091 990 1145 stulta
1038 1090 1232 1145 mundi
1286 1091 1454 1163 elegit
1497 1093 1669 1157 Deus,
1719 1100 1782 1148 ut

169 1177 485 1235 confundat
506 1180 777 1250 sapientes
808 1179 949 1250 (83).
982 1204 1000 1226 ι
1040 1179 1218 1235 Stulta
1250 1180 1444 1235 mundi
1476 1189 1607 1236 sunt
1640 1181 1783 1238 Vir-

178 1266 365 1339 ginem
422 1267 711 1339 peperisse,
743 1274 797 1323 et
834 1266 933 1323 Dei
963 1267 1168 1323 Filium
1207 1268 1536 1324 cruciﬁxum
1573 1288 1585 1324 :
1632 1270 1782 1326 credi

170 1354 327 1409 enim
356 1356 594 1410 stultum
627 1355 731 1411 hoc
754 1363 948 1428 putat:
997 1356 1120 1413 ideo
1148 1358 1313 1424 Deus,
1354 1365 1417 1412 ut
1464 1357 1613 1415 hunc
1640 1375 1783 1415 con-

176 1443 416 1513 fundat,
468 1445 572 1501 hos
628 1446 819 1518 elegit,
874 1445 971 1519 qui
1022 1446 1127 1502 hoc
1184 1446 1438 1517 credunt,
1486 1448 1635 1521 quod
1693 1449 1785 1506 hic

179 1536 415 1591 stultum
481 1535 715 1607 judicat.
781 1536 1218 1594 Confunduntur
1282 1540 1430 1595 enim
1488 1540 1782 1611 sapientes,

181 1624 318 1681 dum
349 1642 471 1698 qua:
518 1626 680 1699 pauci
711 1636 932 1701 negant,
965 1630 1170 1685 multos
1216 1629 1411 1686 vident
1434 1630 1622 1699 fateri;
1673 1647 1782 1687 non

184 1722 272 1771 est
299 1715 446 1770 enim
477 1715 798 1789 ambiguum
828 1718 1133 1774 multorum
1165 1719 1465 1775 sententias
1485 1735 1782 1791 paucorum

180 1803 448 1875 anteponi
476 1805 785 1862 sententiis.

270 1946 288 1967 ε
318 1921 388 1977 Et
416 1920 635 1978 inﬁrma
687 1921 885 1978 mundi
938 1922 1102 1996 elegit
1156 1925 1323 1993 Deus,
1381 1933 1444 1983 ut
1477 1924 1781 1982 confundat

184 2010 373 2067 fortia.
402 2034 420 2057 ι
464 2010 614 2067 Idem
645 2028 837 2068 sensus
876 2018 983 2078 est;
1030 2012 1161 2086 quia
1213 2012 1360 2086 quod
1424 2015 1583 2086 pauci
1637 2014 1785 2070 inﬁr-

190 2118 346 2156 mum
396 2108 615 2173 putant,
656 2102 713 2157 hi
771 2102 865 2176 qui
913 2120 970 2160 se
1027 2104 1325 2176 prudentes
1372 2105 1698 2161 existimant
1728 2105 1786 2160 in

185 2190 418 2257 saeculo,
458 2189 769 2247 difﬁdentes
805 2190 871 2248 de
932 2209 1045 2264 spe,
1098 2210 1129 2248 a
1186 2193 1376 2249 multis
1420 2193 1599 2250 virtus
1635 2212 1789 2251 asse—

185 2280 361 2348 ritur,
422 2279 552 2351 quia
597 2280 783 2351 plures
840 2280 1087 2350 credunt,
1144 2298 1307 2355 quam
1368 2299 1479 2339 non
1534 2282 1788 2352 credunt,

191 2370 268 2426 ad
301 2370 522 2426 illorum
554 2370 833 2427 ruborem.
860 2372 1065 2429 Vident
1092 2373 1298 2429 etenim
1327 2372 1549 2430 inﬁrma
1579 2374 1789 2432 Christi

190 2460 481 2518 nominata
531 2458 670 2532 (84),
711 2459 1003 2516 daemoniis
1052 2461 1346 2534 imperare,
1405 2462 1655 2535 prodigia
1699 2464 1792 2518 fa-

192 2566 321 2607 cere
348 2566 359 2603 :
388 2540 608 2605 inﬁrma
637 2556 815 2606 autem
850 2558 980 2606 sunt
1019 2551 1227 2607 mundo
1257 2550 1498 2622 injuriae,
1536 2561 1588 2608 et
1614 2553 1794 2624 passio

194 2639 502 2695 Salvatoris
556 2639 828 2696 nescienti
868 2639 986 2697 haec
1041 2640 1110 2696 ad
1169 2641 1433 2697 virtutem
1490 2641 1787 2713 proﬁcere;

191 2730 324 2802 quia
358 2729 478 2785 ideo
504 2729 607 2784 ista
636 2730 747 2802 pati
778 2746 834 2785 se
865 2730 1135 2802 permisit,
1166 2740 1229 2787 ut
1258 2730 1505 2788 vinceret
1538 2740 1791 2788 mortem.

197 2817 409 2890 Injuste
434 2819 580 2874 enim
602 2819 736 2890 pati,
766 2826 821 2874 et
857 2836 1015 2892 posse
1045 2821 1296 2877 resistere
1333 2830 1386 2877 et
1419 2823 1590 2889 nolle,
1623 2819 1795 2893 gloria

194 2914 282 2963 est
304 2906 580 2979 patientis,
610 2915 663 2962 et
684 2906 967 2964 damnatio
991 2909 1317 2967 occidentis.

266 3022 448 3094 (Vers.
481 3024 597 3096 28.)
645 3050 662 3073 ι
690 3026 762 3081 Et
805 3026 1074 3099 ignobilia
1102 3026 1271 3098 hujus
1312 3025 1528 3093 mundi,
1570 3033 1623 3081 et
1651 3040 1795 3081 con-

197 3111 534 3183 temptibilia
563 3115 727 3187 elegit
754 3117 920 3184 Deus,
951 3123 1006 3171 et
1050 3132 1114 3172 ea
1159 3132 1281 3187 quae
1319 3131 1431 3170 non
1463 3123 1615 3181 sunt,
1645 3121 1707 3168 ut
1736 3129 1797 3168 ea

196 3217 323 3274 quae
366 3210 515 3269 sunt,
561 3201 886 3258 destrueret.
946 3228 965 3251 ι

196 3290 537 3362 temptibilia
566 3291 731 3361 elegit
756 3309 768 3345 :
813 3306 927 3345 non
970 3290 1096 3361 quia
1130 3307 1257 3345 vere
1287 3288 1551 3362 ignobilia
1578 3295 1632 3343 et
1660 3305 1804 3344 con-

189 3378 538 3451 temptibilia
593 3384 750 3443 sunt,
810 3377 905 3432 sed
961 3378 1041 3433 sic
1082 3376 1409 3448 judicantur
1462 3393 1493 3431 a
1536 3375 1741 3432 mundo
1785 3395 1798 3443 ;

185 3466 330 3541 quia
396 3474 669 3537 spernunt
725 3465 966 3521 rationes
1030 3465 1357 3533 mundanas,
1416 3464 1688 3521 credendo
1744 3465 1801 3520 in

185 3554 507 3621 Christum,
544 3562 605 3609 ut
661 3570 725 3610 ea
778 3570 899 3626 quae
929 3562 1059 3610 sunt
1115 3554 1545 3626 vereignohilia
1578 3562 1632 3610 et
1660 3570 1801 3610 con-

188 3644 536 3718 temptihilia
578 3644 921 3713 destrueret;
966 3644 1095 3717 quia
1141 3644 1247 3718 ipsi
1299 3644 1471 3717 magis
1505 3643 1799 3716 judicandi

190 3741 248 3791 et
305 3733 712 3790 condemnandi
761 3741 893 3790 sunt
952 3734 1093 3806 (85),
1126 3734 1220 3806 qui
1245 3733 1519 3807 judicant.
1572 3734 1798 3791 Asseve-

194 3824 475 3880 rationem
523 3824 669 3880 enim
703 3823 930 3879 illorum
970 3840 1123 3880 error
1151 3824 1388 3891 invenit,
1422 3839 1525 3880 nec
1579 3822 1686 3879 fuit
1729 3823 1799 3879 ab

192 3910 364 3967 initio
399 3931 410 3967 :
454 3918 641 3968 nostra
667 3921 850 3968 autem
894 3911 1191 3985 disciplina
1218 3913 1287 3969 ab
1337 3911 1504 3967 initio
1549 3919 1649 3968 est.
1684 3914 1799 3967 De—

193 4001 434 4059 struitur
493 4018 639 4075 ergo,
696 4001 829 4058 dum
868 4000 988 4058 sine
1034 4001 1354 4059 testimonio
1410 4000 1578 4057 nudis
1616 4000 1798 4056 verbis

193 4095 495 4155 asseritur:
530 4103 719 4153 nostra
743 4113 876 4153 vero
904 4112 1016 4153 non
1049 4095 1235 4153 verbis
1260 4095 1415 4165 solis,
1448 4095 1544 4151 sed
1574 4101 1628 4151 et
1660 4102 1798 4151 teste

195 4189 408 4244 virtute
425 4189 712 4259 probatur.

273 4296 456 4370 (Vers.
489 4295 606 4367 29.)
653 4320 671 4344 ι
708 4297 778 4353 Ut
834 4312 946 4352 non
1005 4297 1272 4368 glorietur
1328 4296 1510 4352 omnis
1555 4311 1683 4352 caro
1739 4296 1797 4350 in

197 4392 502 4457 conspectu
528 4383 667 4455 ejus.
701 4409 720 4431 ι
789 4383 851 4438 Id
897 4392 998 4452 est,
1035 4393 1099 4440 ut
1128 4384 1400 4456 sapientia
1445 4383 1629 4441 carnis
1678 4382 1794 4454 (86)

197 4472 489 4531 erubescat
534 4472 595 4527 in
649 4487 833 4528 errore
881 4487 1003 4540 suo,
1026 4470 1214 4543 judice
1244 4473 1394 4539 Deo;
1430 4462 1621 4528 sensus
1650 4472 1797 4526 enim

197 4562 386 4620 carnis
412 4568 495 4617 est
536 4559 785 4616 diﬂidere
813 4560 950 4628 Dei;
1011 4560 1252 4632 potentia
1300 4559 1573 4633 virginem
1643 4576 1797 4634 pepe-

200 4655 362 4722 risse,
393 4661 525 4721 etc.,
554 4652 686 4725 quia
716 4652 822 4709 hoc
852 4652 1048 4711 mundi
1078 4653 1240 4715 ratio.
1264 4652 1357 4725 qui
1390 4652 1574 4710 carnis
1603 4666 1797 4723 cogna-

199 4754 293 4802 tus
324 4750 430 4812 est,
460 4760 574 4799 non
605 4742 819 4815 recipit.

278 4860 464 4934 (Vers.
497 4860 613 4933 30.)
662 4886 679 4908 ι
707 4860 794 4916 Ex
835 4859 954 4932 ipso
985 4858 1134 4916 enim
1164 4875 1263 4915 vos
1303 4858 1434 4915 estis
1480 4858 1540 4915 in
1583 4856 1804 4916 Christo

305 5023 401 5093 82)
434 5022 561 5078 Mss.
594 5022 930 5093 complures,
960 5020 1318 5093 nonnocellos
1345 5019 1585 5093 dicentes.

305 5025 401 5093 82)
434 5025 561 5078 Mss.
594 5038 715 5078 com
760 5025 930 5087 lures,
960 5037 1067 5075 non
1087 5025 1318 5074 novellos
1345 5025 1585 5073 dicentes.

280 5025 407 5166 $83)
440 5093 602 5151 Corh.
636 5038 835 5158 codex,
866 5101 924 5148 ut
951 5091 1244 5161 con/undat
1276 5090 1549 5161 sapientes.
1574 5087 1807 5158 Confun-

202 5168 411 5240 duntur
438 5166 573 5240 enim
602 5166 1052 5240 sapientes,_duin,
1081 5171 1188 5240 etc.
1393 5237 1402 5240 _
1486 5237 1494 5240 _

282 5237 405 5310 (84)
439 5237 589 5313 ldeln
624 5231 975 5313 niss._Corb.,
1006 5236 1281 5313 inﬁrmum
1304 5237 1521 5313 putant,
1549 5249 1581 5286 α
1624 5231 1809 5313 multis

203 5303 394 5365 uirtus.
418 5309 682 5363 asseritur
700 5308 771 5362 ad
799 5309 1015 5362 illorum
1040 5303 1305 5361 ruborem.
1342 5303 1524 5360 Vident
1550 5303 1685 5357 enim
1716 5303 1810 5355 in-

205 5382 369 5454 firma
424 5380 612 5435 mundi
659 5379 952 5434 nominata.
974 5380 1049 5434 Et
1082 5375 1337 5447 ignobilia
1389 5373 1548 5443 hujus
1604 5373 1811 5437 mundi,

206 5462 416 5598 εἷο(85)
448 5524 611 5582 Rom.
646 5521 780 5579 edit.
813 5537 878 5577 ac
907 5536 1038 5577 mss.
1072 5517 1353 5586 nonnulli,
1384 5523 1433 5571 et
1458 5514 1815 5571 contemnendi

211 5605 403 5742 ⁸1μῗὲὶῑ)
438 5667 521 5724 Ita
549 5682 742 5723 omnes
772 5663 903 5721 edit.
936 5670 992 5722 et
1020 5660 1245 5742 quidam
1277 5677 1410 5742 mss.
1435 5678 1450 5730 ;
1489 5658 1681 5742 centeri
1711 5674 1821 5714 an.

211 5729 320 5800 tem
355 5729 556 5813 magno
587 5752 839 5806 numero,
889 5743 949 5792 ut
975 5729 1229 5792 sententia
1257 5729 1457 5791 carnis.
1488 5729 1620 5789 Post
1649 5744 1823 5804 pauca

535 5837 782 5896 ΡΑτιιοι..
820 5835 996 5896 XVII.

1887 636 2003 676 esse
2031 637 2131 677 nos
2152 622 2210 677 in
2249 622 2358 678 ﬁde
2385 623 2585 680 Christi
2612 644 2626 692 ;
2686 628 2785 683 Dei
2829 627 2979 683 enim
3008 629 3349 700 propositum
3382 639 3485 699 est,

1890 718 1951 765 ut
1980 712 2267 768 veritatem
2298 713 2416 782 ejus
2446 722 2498 769 et
2545 715 2983 773 misericordiam
3020 725 3160 778 117
3189 734 3287 790 per
3318 718 3489 777 Chri-

1889 815 2035 863 stum
2084 808 2440 865 disceremus.
2492 811 2711 868 Veritas
2764 822 2847 869 est
2901 815 3227 886 mysterium
3285 815 3488 871 Trini-

1889 896 2054 952 tatis:
2118 898 2504 955 misericordia
2558 916 2710 969 vero,
2764 900 2896 972 quia
2942 919 3072 958 cum
3115 920 3357 960 essemus
3387 921 3487 961 ca-

1890 984 2053 1056 ptivi.
2084 984 2318 1041 redemit
2350 1004 2471 1043 nos.

1965 1074 2147 1146 (Vers.
2182 1074 2302 1144 31.)
2370 1076 2517 1143 «Qui
2577 1076 2757 1133 factus
2810 1086 2893 1133 est
2948 1078 3218 1151 sapientia
3272 1081 3432 1137 nobis
3463 1097 3493 1136 a

1890 1165 2027 1228 Deo,
2083 1173 2139 1219 et
2177 1163 2416 1235 justitia,
2465 1174 2521 1222 et
2562 1166 2949 1236 sanctiﬁcatio,
2994 1176 3046 1225 et
3104 1170 3427 1241 redemptio.
3461 1197 3480 1219 ι

1892 1253 1979 1309 Ad
2030 1255 2503 1312 confirmationem
2536 1258 2906 1326 credentium,
2939 1258 3226 1316 Christum
3255 1261 3356 1316 Dei
3385 1277 3496 1316 vo-

1893 1343 2103 1399 luntate
2149 1345 2287 1400 dicit
2315 1346 2511 1417 egisse,
2544 1363 2666 1419 quae
2722 1349 2929 1419 gessit;
2984 1359 3046 1405 ut
3095 1349 3334 1405 sciamus
3363 1365 3493 1405 vere

1891 1449 1994 1489 nos
2040 1434 2369 1506 sapientiam
2401 1433 2692 1504 didicisse,
2744 1445 2799 1493 et
2829 1436 3203 1493 sanctiﬁcatos
3258 1454 3394 1505 esse,
3440 1447 3495 1493 et

1888 1520 2243 1593 justiﬁcatos,
2302 1531 2357 1578 et
2408 1522 2719 1595 redemptos
2772 1540 2805 1580 a
2845 1527 2963 1581 Deo
3015 1541 3112 1597 per
3161 1525 3493 1583 Christum:

1894 1627 2059 1667 nemo
2116 1613 2263 1667 enim
2295 1612 2541 1682 redimit,
2588 1614 2696 1671 nisi
2744 1613 2893 1687 quod
2943 1631 3105 1670 suum
3136 1615 3337 1672 fuerat.
3370 1614 3498 1671 Sive

1893 1716 2022 1772 ergo
2065 1701 2213 1773 quod
2269 1702 2539 1775 redempti
2603 1720 2811 1771 sumus,
2862 1705 2980 1760 sive
3035 1704 3186 1777 quod
3241 1704 3498 1761 sanctiﬁ-

1892 1788 2023 1857 cati,
2056 1788 2111 1844 id
2160 1799 2261 1859 est,
2301 1790 2369 1845 ab
2416 1806 2578 1862 opere
2607 1792 2792 1848 carnis
2841 1799 2894 1847 et
2930 1792 3213 1849 idolorum
3246 1795 3499 1851 immun-

1820 1889 1863 1949 B
1893 1875 2032 1932 ditia
2058 1878 2295 1950 purgati,
2329 1877 2447 1933 sive
2476 1878 2622 1951 quod
2647 1878 2935 1951 justiﬁcati
2973 1878 3207 1951 (justum
3240 1890 3322 1937 est
3350 1881 3498 1936 enim

1898 1965 2209 2022 Creatorem
2270 1967 2471 2037 colere,
2504 1968 2715 2025 caeteris
2753 1970 3000 2041 spretis),
3057 1970 3178 2026 sive
3208 1969 3357 2043 quod
3404 1987 3500 2027 sa-

1899 2055 2110 2127 pientes
2164 2072 2260 2128 per
2288 2056 2346 2113 id
2394 2057 2543 2130 quod
2598 2058 2907 2115 mundanos
2960 2059 3267 2116 didicimus
3315 2060 3503 2132 impe-

1898 2144 2035 2200 ritos
2067 2145 2211 2217 (87),
2244 2153 2423 2202 totum
2454 2147 2561 2204 hoc
2601 2148 2701 2204 Dei
2730 2147 3062 2204 beneﬁcium
3093 2158 3176 2205 est
3204 2164 3300 2221 per
3328 2147 3503 2205 Chri-

1899 2240 2066 2289 stum.
2126 2233 2449 2306 Redemptio
2504 2242 2689 2292 tamen
2742 2245 2932 2293 nostra
2989 2235 3108 2294 haec
3154 2247 3272 2305 est;
3327 2236 3503 2294 obtu-

1900 2322 1969 2378 lit
1994 2323 2143 2379 enim
2198 2341 2255 2380 se
2285 2324 2544 2382 Christus
2598 2326 2822 2383 diabolo
2879 2327 3147 2399 cupienti,
3198 2335 3261 2383 ut
3292 2330 3501 2401 peccati

1900 2411 1961 2467 in
1985 2428 2042 2467 se
2071 2412 2566 2470 contradictionem
2596 2415 2854 2485 auferret,
2888 2424 2943 2473 et
2994 2417 3074 2474 sic
3101 2419 3350 2491 captivos
3379 2417 3503 2491 ejus

1902 2510 2139 2559 erueret.

1990 2616 2008 2639 ι
2038 2594 2106 2649 Ut
2153 2595 2618 2666 quemadmodum
2672 2599 2938 2671 scriptum
2973 2606 3093 2656 est:
3138 2599 3246 2667 Qui
3286 2601 3501 2672 gloria-

1903 2688 2017 2746 tur,
2050 2680 2106 2736 in
2156 2683 2395 2737 Domino
2442 2684 2727 2755 glorietur.
2761 2711 2779 2733 ι
2838 2687 2955 2743 Hoc
3008 2687 3275 2758 scriptum
3334 2690 3504 2745 estin

1902 2769 2138 2826 Ieremia
2168 2770 2435 2842 propheta
2467 2773 2683 2843 (Jerem.
2723 2790 2800 2841 1x,
2834 2773 2949 2846 24).
2981 2774 3222 2846 Dignum
3253 2785 3334 2833 est
3361 2778 3505 2851 quod

1903 2864 1982 2919 ait
2012 2864 2297 2936 propheta,
2345 2874 2406 2921 ut
2456 2865 2515 2922 in
2546 2867 2660 2921 Deo
2711 2868 3013 2939 gloriemur
3044 2886 3058 2936 ;
3094 2868 3223 2942 quia
3252 2885 3363 2925 non
3398 2886 3506 2943 po-

1904 2954 2035 3009 terit
2063 2954 2351 3023 confundi,
2382 2956 2475 3028 qui
2491 2955 2758 3027 gloriatur
2773 2957 2832 3012 in
2853 2958 3094 3013 Domino
3121 2976 3135 3027 ;
3169 2976 3334 3032 opera
3353 2959 3501 3016 enim

1906 3042 2046 3115 ejus,
2096 3053 2148 3100 et
2203 3045 2613 3117 magniﬁcentia
2666 3046 2723 3102 in
2782 3048 2946 3104 rebus
2993 3049 3160 3120 gestis
3216 3059 3499 3121 apparent.

1906 3132 2143 3204 Ideoque
2198 3133 2635 3202 confundantur,
2684 3135 2887 3207 inquit,
2938 3137 2998 3190 in
3048 3136 3214 3192 idolis
3242 3138 3376 3206 suis,
3409 3138 3503 3211 qui

1029 3203 1305 3301 Ῑβηοδίίίεξ
1358 3218 1513 3312 θτὲᾒο
1542 3208 1629 3312 θίι
1655 3216 1800 3312 (3‘1"
1830 3254 1879 3312 C
1909 3239 2020 3277 non
2054 3203 2274 3293 pluunt,
2307 3239 2407 3278 nec
2438 3223 2689 3279 fecerunt
2734 3203 2936 3280 coelum
2967 3233 3021 3279 et
3052 3235 3253 3281 terram
3285 3246 3297 3282 :
3329 3203 3502 3282 simili

1912 3310 2077 3365 modo
2106 3318 2161 3365 et
2207 3310 2302 3382 qui
2350 3311 2409 3365 in
2445 3311 2768 3367 hominibus
2809 3312 3116 3383 gloriantur
3145 3330 3283 3386 quos
3322 3314 3505 3369 sciunt

1911 3397 2103 3471 utique
2157 3398 2368 3454 nullius
2420 3415 2536 3456 esse
2590 3399 2848 3468 virtutis;
2909 3416 3076 3474 quare
3131 3410 3189 3457 et
3214 3401 3292 3458 ait
3346 3402 3505 3458 Scri—

1910 3494 2105 3560 ptura:
2176 3512 2193 3534 -
2226 3489 2382 3546 Vana
2409 3504 2532 3562 spes
2578 3498 2661 3547 est
2693 3489 2752 3546 in
2799 3489 3025 3547 homine
3085 3492 3299 3563 (Ierem.
3353 3506 3495 3560 xvn,

1909 3576 1990 3648 δ).
2026 3603 2043 3624 .

2540 3736 2770 3794 CAPUT
2798 3738 2866 3794 II.

1982 3870 2161 3943 (Vers.
2198 3871 2247 3939 l,
2280 3871 2360 3943 2.)
2406 3895 2424 3919 ι
2455 3872 2527 3929 Et
2552 3887 2653 3945 ego
2678 3889 2806 3929 cum
2836 3870 3110 3927 venissem
3141 3871 3210 3927 ad
3244 3889 3364 3940 vos,
3388 3872 3495 3929 fra-

1907 3965 2039 4028 tres,
2096 3958 2224 4015 veni
2280 3976 2395 4015 non
2442 3976 2570 4016 cum
2601 3959 2906 4015 eminentia
2960 3959 3233 4015 sermonis
3279 3968 3373 4015 aut
3400 3977 3498 4016 sa—

1914 4047 2157 4119 pientiae,
2189 4048 2494 4119 praedicans
2522 4047 2681 4103 vobis
2728 4047 3053 4119 mysterium
3087 4048 3187 4104 Dei
3221 4047 3361 4121 (88).
3393 4048 3509 4105 Ne-

1907 4154 2016 4211 que
2046 4138 2195 4193 enim
2222 4137 2474 4209 judicavi
2526 4153 2613 4194 me
2666 4139 2811 4195 scire
2838 4138 3051 4213 aliquid
3082 4140 3229 4196 inter
3256 4157 3375 4211 vos,
3408 4141 3497 4197 nis

1907 4227 2190 4286 Christum
2251 4229 2457 4298 Iesum,
2512 4239 2566 4287 et
2598 4229 2750 4287 hunc
2777 4230 3130 4289 cruciﬁxum.
3162 4256 3180 4280 ι
3233 4231 3506 4301 Quoniam

1907 4318 2159 4389 superius
2192 4317 2461 4390 gradatim
2500 4319 2734 4375 formam
2765 4319 3075 4392 disciplina:
3105 4331 3307 4379 nostrae
3328 4330 3513 4379 osten-

1906 4405 2011 4475 dit,
2070 4423 2220 4464 nunc
2275 4424 2332 4464 se
2384 4424 2496 4463 non
2544 4408 2705 4465 aliter
2763 4407 2876 4465 illis
2937 4409 3232 4467 tradidisse
3287 4410 3510 4483 probat,

1906 4512 2069 4570 quam
2127 4514 2246 4571 qua:
2285 4500 2557 4567 ostendit;
2623 4500 2753 4572 quia
2807 4508 2861 4555 et
2912 4500 2972 4555 in
3030 4501 3343 4557 humilitate
3387 4516 3515 4557 ser-

1827 4607 1877 4667 D
1912 4589 2112 4658 monis,
2145 4596 2198 4645 et
2227 4590 2284 4644 in
2340 4590 2579 4647 stultitia
2632 4589 3066 4663 praedicationis,
3124 4590 3271 4647 sicut
3301 4589 3510 4645 mundo

1909 4678 2152 4748 videtur,
2213 4681 2431 4736 locutus
2462 4689 2546 4736 est
2606 4678 2720 4734 illis
2749 4680 2817 4734 de
2872 4679 3098 4736 Christo
3155 4678 3512 4750 mysterium.

1912 4765 2071 4833 Quod
2125 4767 2250 4823 ideo
2302 4769 2633 4838 mysterium
2672 4774 2853 4833 vocat,
2887 4766 3016 4837 quia
3065 4766 3211 4837 quod
3254 4766 3515 4819 incarna-

1913 4861 2035 4911 tum
2083 4862 2187 4922 est,
2241 4856 2523 4910 occultum
2572 4859 2689 4907 erat
2739 4869 2771 4907 a
2822 4852 3058 4919 saeculis,
3111 4850 3258 4921 apud
3312 4851 3507 4920 Deum,

1914 5029 2048 5069 vero
2078 5013 2237 5069 Rom.
2271 5009 2403 5066 edit.
2437 5010 2573 5075 sola,
2605 5024 2722 5077 quae
2746 5008 2911 5063 carni.
2926 5015 3147 5079 cognata
3177 5016 3269 5065 est.
3304 5012 3377 5066 At
3406 5027 3507 5067 ms.

1917 5085 2080 5143 Corh.
2138 5099 2169 5138 a
2224 5082 2475 5146 vocibus,
2503 5079 2685 5149 judice
2733 5079 2861 5147 Deo,
2904 5081 3086 5137 locum
3116 5082 3398 5137 contrahit
3452 5082 3511 5138 in

1917 5156 2068 5212 hunc
2093 5154 2355 5211 modum:
2415 5155 2505 5208 Ea:
2534 5152 2668 5222 ipso,
2702 5151 2756 5205 id
2808 5159 2899 5219 est,
2931 5170 2996 5207 ea:
3031 5152 3140 5208 Deo
3169 5168 3276 5207 esse
3333 5170 3428 5207 nos
3450 5154 3514 5219 in

1918 5229 2020 5302 ﬁde
2052 5227 2253 5302 Christi
2273 5244 2306 5302 ;Δ
2345 5225 2445 5281 Dei
2472 5224 2611 5302 enim
2633 5225 2965 5302 propositam
3008 5231 3100 5302 est,
3161 5230 3220 5278 ut
3244 5225 3517 5302 veritatem

1919 5295 2033 5369 ejus
2049 5318 2143 5371 per
2176 5298 2446 5356 Christum
2493 5297 2826 5352 disceremus.
2858 5297 2962 5365 Qui
2993 5295 3171 5367 factus
3191 5303 3266 5350 est
3293 5295 3518 5366 sapien-

1922 5373 2019 5436 tia,
2058 5379 2163 5426 etc.

1994 5441 2113 5513 (87)
2147 5443 2301 5499 Rom.
2335 5440 2493 5509 edit.,
2523 5440 2821 5496 mundanas
2852 5438 3075 5513 dicimus
3121 5436 3414 5513 imperitos.
3447 5441 3519 5499 Et

1924 5511 2100 5577 infra,
2118 5521 2175 5567 ut
2198 5520 2529 5584 peccatorum
2578 5513 2637 5568 in
2663 5529 2714 5567 se
2757 5511 3225 5584 contradictionem
3251 5512 3515 5582 sufferret.

1931 5584 2263 5713 “(882.Mss.
2294 5598 2407 5641 non
2438 5584 2624 5656 pauci,
2652 5585 2982 5642 annuntians
3000 5583 3145 5642 vobis
3165 5583 3521 5643 testimonium

2008 5672 2088 5712 ris
2111 5673 2150 5713 ι.

2008 5672 2150 5713 mu.

3387 5823 3419 5890 7
