3952 6202
442 361 548 429 203

1441 364 1537 420 AD
1577 361 1810 419 OPERA
1849 360 1903 417 S.
1947 359 2281 417 AMBROSII
2329 352 2708 414 APPENDIX.

3665 346 3793 409 204

441 497 588 552 Deus
640 490 908 549 Verbum.
968 490 1267 547 Haereticos
1319 495 1501 545 autem
1557 504 1672 543 esse
1720 487 1779 542 in
1837 486 2039 558 quibus
2067 488 2117 546 Α
2146 485 2243 552 ait,
2285 509 2301 531 ι
2329 483 2655 556 sapientiam
2688 498 2800 538 non
2835 479 3000 550 hujus
3029 477 3234 546 saeculi,
3267 502 3287 526 ι
3329 477 3430 535 sed
3467 477 3679 546 futuri,
3715 478 3790 533 in

445 581 840 657 gloriabantur,
873 579 1002 653 quia
1033 587 1087 635 et
1123 597 1218 652 per
1246 577 1616 650 eloquentiam
1655 577 1772 647 (89)
1807 591 2030 647 pravam

445 672 754 730 doctrinam
799 669 1277 736 commendabant,
1335 676 1389 724 et
1438 667 1785 738 prudentiam
1839 665 2032 722 mundi

445 771 732 830 sectantes,
764 777 980 818 crucem
1011 759 1216 816 Christi
1259 758 1620 826 evacuabant,
1654 758 2034 814 erubescentes

445 854 602 912 stulti
623 852 882 926 appellari
908 867 939 906 a
959 849 1166 906 mundo
1190 867 1203 917 ;
1226 856 1286 904 ut
1313 866 1489 921 neque
1519 857 1708 904 natum
1753 848 2032 905 Christum

445 960 514 1000 ex
544 942 773 1018 Virgine
802 940 1180 1012 praedicarent,
1226 956 1400 1012 neque
1432 955 1557 993 vere
1586 937 1915 994 cruciﬁxum
1939 939 2033 994 do-

443 1040 630 1090 cerent
664 1051 675 1088 :
705 1031 835 1104 quia
865 1031 1102 1086 stultum
1158 1028 1382 1086 videtur
1438 1029 1534 1085 Dei
1593 1028 1796 1083 Filium
1845 1037 2034 1082 natum

444 1121 727 1178 hominem
780 1119 940 1175 fateri
995 1128 1049 1175 et
1077 1118 1429 1175 cruciﬁxum.
1490 1119 1599 1172 Hos
1659 1125 1712 1173 et
1759 1116 2036 1188 apostolus

445 1211 680 1268 Joannes
710 1207 958 1280 designat
1013 1207 1203 1262 dicens
1231 1225 1242 1262 :
1293 1231 1310 1253 ι
1341 1207 1445 1274 Qui
1477 1215 1635 1278 negat
1665 1206 1947 1263 Christum
1978 1204 2036 1258 in

443 1317 606 1359 carne
664 1298 902 1366 venisse,
960 1296 1321 1353 antichristus
1355 1305 1474 1363 est;
1534 1304 1588 1351 et
1615 1296 1710 1368 qui
1739 1304 1898 1366 negat
1929 1294 2035 1349 Fi-

446 1389 607 1456 lium,
640 1403 741 1442 nec
769 1386 983 1440 Patrem
1016 1383 1180 1440 habet
1211 1386 1268 1455 (Ι
1293 1385 1450 1440 Joan.
1487 1401 1549 1452 11,
1581 1385 1671 1453 22,
1694 1384 1812 1454 23),
1844 1409 1860 1432 ι
1908 1384 2039 1456 quia

446 1480 627 1552 ipsum
656 1477 870 1532 Patrem
901 1475 1006 1530 sibi
1039 1474 1242 1530 Filium
1272 1474 1603 1544 appellatum
1635 1474 1926 1542 dicebant;
1969 1490 2038 1530 ex

447 1569 649 1644 quibus
678 1569 921 1624 Marcion
951 1565 1122 1622 traxit
1169 1581 1430 1621 errorem.
1463 1566 1596 1634 Qum
1625 1567 1823 1638 arguit,
1857 1567 2041 1623 clausa

446 1661 708 1716 videntur
729 1657 870 1730 (90),
894 1657 1023 1729 quia
1042 1673 1153 1712 non
1183 1657 1280 1711 illa
1310 1657 1644 1724 manifestat,
1679 1658 1772 1713 sed
1802 1657 2040 1729 intelligi

448 1750 572 1806 vult
601 1764 670 1804 ex
700 1763 786 1814 eo,
825 1743 972 1818 quod
1004 1742 1294 1815 prudentia
1341 1743 1536 1800 mundi
1583 1745 1887 1813 invenitur,
1920 1762 2038 1818 quae

2143 591 2252 646 quo
2278 573 2481 630 veritas
2523 571 2622 628 Dei
2676 569 3004 642 negantibus
3060 567 3386 640 apparebit;
3432 567 3546 623 hoc
3611 567 3785 622 enim

2142 665 2401 719 saeculum
2433 662 2700 718 rationem
2733 660 2877 715 hanc
2901 676 3013 715 non
3057 658 3204 730 capit
3235 657 3571 713 inﬁrmitate
3617 656 3787 729 σοςί-

2142 751 2370 806 tationis
2416 759 2666 806 terrenae.
2727 773 2745 796 ι
2774 750 2961 820 Neque
2992 746 3311 820 principum
3346 745 3520 816 hujus
3549 746 3782 813 saeculi,

2144 841 2239 912 qui
2267 839 2646 896 destruuntur.
2682 864 2701 887 ι
2739 838 3090 894 Manifestum
3120 844 3202 891 est
3231 851 3345 890 non
3379 850 3499 890 esse
3527 836 3783 906 sapien-

2143 931 2274 986 tiam
2308 930 2448 985 hanc
2478 929 2792 1000 principum
2847 926 3012 999 hujus
3047 925 3274 992 mundi,
3304 925 3436 997 quia
3464 924 3778 980 destruunt

2145 1025 2234 1074 tur
2263 1018 2330 1074 ab
2357 1019 2470 1073 illa.
2514 1017 2907 1075 Christianitas
2969 1015 3118 1072 enim
3155 1030 3388 1082 errores,
3419 1030 3563 1088 quos
3591 1013 3652 1069 hi
3683 1014 3773 1069 in-

2145 1121 2457 1182 seruerunt,
2505 1113 2738 1179 excidit,
2764 1111 2820 1167 id
2841 1120 2943 1180 est,
2963 1109 3356 1175 idololatriam,
3383 1109 3683 1166 avaritiam
3712 1118 3774 1164 et

2145 1212 2340 1260 caetera
2368 1203 2525 1272 vitia,
2563 1203 2707 1259 sicut
2735 1201 2880 1258 dicit
2917 1201 3152 1256 Joannes
3179 1200 3484 1272 apostolus.
3533 1200 3770 1272 Propter

2148 1293 2253 1351 hoc
2307 1293 2460 1349 venit
2507 1293 2683 1349 Filius
2726 1292 2846 1361 Dei,
2911 1298 2982 1346 ut
3038 1291 3276 1348 solveret
3328 1306 3495 1362 opera
3551 1289 3765 1346 diaboli

2151 1387 2208 1456 (Ι
2231 1385 2391 1439 Joan.
2416 1401 2500 1450 In,
2532 1383 2613 1455 8).

2223 1473 2404 1546 (Vers.
2441 1474 2518 1545 7.)
2563 1496 2582 1520 ι
2613 1472 2718 1529 Sed
2753 1472 3038 1546 loquimur
3067 1471 3165 1528 Dei
3197 1472 3527 1544 sapientiam
3554 1472 3616 1528 in
3647 1487 3763 1544 my-

2150 1565 2341 1632 sterio,
2373 1581 2494 1638 quae
2523 1563 2848 1620 abscondita
2877 1569 2981 1620 est.
3015 1587 3034 1610 ι
3077 1563 3369 1620 Occultum
3392 1579 3622 1618 sensum
3656 1578 3760 1617 ma-

2151 1656 2417 1713 nifestare
2458 1674 2514 1713 se
2562 1657 2791 1711 missum
2822 1662 3078 1724 testatur,
3121 1671 3288 1728 quem
3345 1671 3527 1728 neque
3558 1654 3759 1726 princi-

2150 1761 2266 1817 pes,
2299 1762 2478 1818 neque
2524 1753 2818 1818 potestates
2865 1745 3090 1812 scirent,
3123 1759 3299 1816 neque
3318 1743 3574 1800 mundus
3606 1742 3755 1799 audi-

449 1848 532 1896 est
560 1835 815 1910 religioni
868 1832 1112 1889 inimica.
1147 1833 1276 1900 Quae
1308 1843 1489 1890 autem
1519 1844 1669 1904 sunt,
1700 1851 1821 1908 quae
1859 1835 2042 1891 corri—
2077 1856 2123 1915 Β
2155 1844 2299 1902 erat;
2333 1853 2397 1892 ac
2452 1852 2548 1907 per
2576 1835 2682 1891 hoc
2713 1837 2946 1891 stultum
2989 1834 3194 1906 putari,
3240 1834 3369 1907 quia
3411 1833 3755 1907 incognitum

449 1928 553 2002 pit,
584 1943 654 1983 ex
711 1924 827 1997 ejus
872 1921 1086 1994 judicio
1117 1923 1238 1978 vult
1293 1922 1432 1979 disci
1467 1941 1478 1978 :
1517 1933 1577 1981 ut
1605 1941 1833 1996 quaeque
1863 1933 2048 1980 nostra

449 2016 664 2075 deridet
692 2015 844 2072 velut
873 2012 1058 2081 stulta,
1114 2028 1178 2068 ea
1207 2028 1264 2068 se
1292 2013 1479 2068 omnia
1503 2013 1561 2068 in
1619 2012 1924 2070 Corinthiis
1953 2030 2048 2068 re—

449 2104 786 2180 prehendere
812 2101 1081 2161 ostendat.
1112 2101 1324 2174 Corpus
1353 2101 1502 2158 enim
1539 2102 1720 2174 ipsum
1756 2110 2045 2170 memorat,

449 2204 511 2253 ut
533 2213 602 2252 ex
632 2211 696 2251 eo
731 2193 1108 2251 membrorum
1154 2190 1274 2262 ejus
1313 2192 1455 2247 ratio
1509 2191 1867 2264 dignoscatur
1899 2210 1910 2247 :
1947 2193 2045 2250 Co-

450 2286 675 2344 rinthiis
724 2293 907 2341 tamen
979 2283 1271 2339 manifesta
1317 2290 1505 2339 erant:
1567 2283 1697 2356 quia
1753 2299 1942 2340 causas
1988 2283 2045 2338 in

449 2377 652 2450 quibus
690 2374 1078 2447 arguebantur,
1111 2389 1222 2428 non
1245 2372 1589 2444 ignorabant.

525 2467 708 2538 (Vers.
743 2465 823 2537 3.)
869 2489 886 2511 ι
919 2465 990 2518 Et
1035 2480 1134 2535 ego
1166 2465 1223 2519 in
1276 2463 1617 2531 inﬁrmitate,
1650 2471 1702 2519 et
1749 2464 1970 2532 timore,
1995 2473 2050 2520 et

455 2563 698 2611 tremore
738 2553 915 2608 multo
945 2551 1025 2607 fui
1057 2551 1199 2623 apud
1231 2568 1348 2608 vos.
1381 2577 1398 2600 ι
1471 2551 1754 2608 Christum
1811 2552 1958 2608 enim
1990 2551 2048 2606 in

453 2642 690 2699 stultitia
743 2641 997 2698 humana:
1051 2641 1332 2712 sapientia
1367 2640 1690 2713 praedicans,
1723 2641 1912 2697 odium
1942 2640 2050 2695 sibi

458 2741 512 2790 et
533 2733 940 2806 persecutiones
991 2730 1342 2802 provocabat,
1379 2730 1535 2802 quasi
1566 2748 1678 2786 rem
1711 2747 1908 2784 vanam
1939 2745 2049 2783 an-

453 2824 739 2893 nuntians,
769 2831 823 2879 et
852 2822 1133 2877 inimicam
1163 2819 1366 2875 Iudaeis
1417 2828 1578 2891 atque
1622 2818 1874 2891 gentibus
1907 2817 2046 2889 (91).

532 2913 714 2983 (Vers.
751 2910 833 2983 4.)
875 2934 894 2958 ‹
951 2909 1022 2963 Et
1054 2924 1235 2964 sermo
1270 2924 1446 2976 meus,
1496 2915 1548 2962 et
1581 2907 1901 2979 praedicatio
1932 2923 2051 2962 mea

455 3017 568 3058 non
597 3001 656 3055 in
686 2997 1038 3070 persuasione
1096 2997 1350 3052 humanae
1403 2997 1703 3069 sapientiae.
1735 3022 1753 3044 ι
1799 2996 2050 3054 Ostendit

455 3107 568 3148 non
597 3106 654 3147 se
683 3097 746 3146 ut
801 3086 1092 3144 hominum
1137 3087 1379 3143 favorem
1412 3089 1740 3162 acquireret,
1793 3087 2049 3144 humanae

455 3179 737 3254 sapientiae
765 3178 1057 3252 placuisse,
1079 3195 1259 3252 neque
1287 3179 1582 3236 verborum
1611 3180 1717 3236 arti
1747 3179 2048 3247 studuisse,

454 3269 550 3327 sed
579 3268 742 3326 ﬁdem
773 3269 984 3326 auctori
1027 3268 1366 3339 exhibuisse,
1399 3270 1496 3346 qui
1553 3270 1861 3328 doctrinam
1897 3288 2052 3328 suam

454 3379 564 3420 non
585 3370 782 3418 ornatu
811 3359 1128 3416 traditionis
1156 3360 1411 3419 humanae
1458 3363 1847 3434 acceptabilem
1877 3362 2056 3417 voluit

453 3467 568 3508 esse
618 3450 919 3506 verborum
973 3449 1227 3522 strepitu,
1259 3450 1355 3507 sed
1409 3451 1542 3523 ipsis
1573 3452 1775 3510 rebus:
1811 3452 1944 3525 quia
1972 3468 2057 3507 res

455 3549 581 3596 ante
610 3539 780 3594 verba
808 3546 957 3593 sunt.

541 3653 560 3676 ι
588 3626 694 3682 Sed
721 3627 780 3681 in
805 3625 1118 3683 ostensione
1147 3627 1374 3698 spiritus
1402 3637 1456 3684 et
1485 3629 1708 3686 virtutis
1738 3630 1837 3686 Dei
1861 3630 2001 3704 (92).
2024 3656 2042 3678 ι

456 3716 598 3784 Quia
626 3723 688 3770 ut
746 3714 931 3771 verbis
987 3732 1108 3789 quae
1136 3715 1360 3772 inﬁrma
1398 3716 1563 3788 juxta
1607 3719 1871 3776 virtutem
1905 3728 2056 3789 sunt,

457 3822 543 3862 res
572 3804 736 3861 fatuae
771 3813 1004 3878 compta:
1042 3805 1340 3879 prudentes
1393 3805 1689 3874 videntur;
1732 3811 1878 3864 Deus
1908 3826 2060 3882 prae-

457 3895 790 3955 dicationem
823 3911 978 3952 suam
1034 3912 1147 3952 non
1192 3896 1515 3954 testimonio
1554 3897 1850 3954 verborum
1879 3899 2062 3956 voluit

455 3986 854 4057 commendari,
887 3987 981 4044 sed
1009 3987 1257 4057 virtutis,
1291 3995 1353 4044 ut
1399 3988 1556 4046 verbi
1587 3989 1824 4046 stultitia
1853 3989 2059 4046 indica-

455 4089 530 4150 ta,
587 4079 749 4136 factis
806 4095 862 4135 se
918 4079 1246 4153 sapientiam
1281 4078 1682 4137 demonstraret
1711 4077 1948 4153 spiritali
1977 4094 2057 4135 ra-

457 4169 606 4225 tione
638 4167 888 4224 fundata.

534 4255 719 4327 (Vers.
757 4255 813 4323 5,
845 4256 927 4328 6.)
974 4279 994 4306 ι
1029 4256 1101 4313 Ut
1127 4255 1263 4312 ﬁdes
1297 4266 1480 4313 vestra
1506 4274 1618 4313 non
1649 4258 1722 4313 sit
1750 4259 1807 4313 in
1848 4258 2060 4331 sapien-

457 4345 535 4402 tia
564 4343 880 4412 hominum,
932 4344 1026 4400 sed
1065 4345 1124 4400 in
1154 4345 1361 4402 virtute
1395 4350 1536 4408 118
1565 4346 1702 4413 Dei;
1737 4345 2060 4418 sapientiam

457 4449 642 4499 autem
665 4441 949 4515 loquimur
970 4441 1114 4497 inter
1143 4442 1448 4514 perfectos;
1475 4470 1492 4492 ι
1538 4443 1645 4499 hoc
1675 4452 1777 4509 est,
1809 4444 1957 4500 inter
1971 4461 2062 4501 eos

458 4531 556 4606 qui
580 4546 799 4587 crucem
827 4529 1032 4586 Christi
1062 4530 1286 4587 virtutis
1342 4533 1666 4589 testimonio
1723 4533 2053 4604 sapientiam

457 4622 722 4677 fatentur.
782 4619 852 4676 Hi
883 4619 1033 4676 enim
1090 4620 1362 4693 sapientes
1411 4629 1465 4678 et
1515 4621 1744 4695 perfecti
1773 4630 1924 4691 sunt,
1959 4625 2055 4696 qui

459 4707 623 4767 ﬁdem
657 4724 766 4764 non
798 4708 971 4781 magis
1011 4708 1197 4765 verbis
1226 4709 1449 4779 habent,
1484 4728 1646 4785 quam
1677 4711 1858 4769 rebus.

544 4825 563 4849 ι
591 4798 930 4872 Sapientiam
995 4806 1179 4855 autem
1211 4816 1322 4856 non
1352 4800 1522 4874 hujus
1576 4801 1784 4858 saeculi.
1817 4827 1836 4850 ι
1894 4802 2057 4859 Recte

527 4923 651 5005 (
684 4922 845 4980 Corb.
879 4923 1076 4994 codex,
1107 4922 1206 4979 Dei
1235 4923 1519 4982 Verbum...
1538 4923 1632 4994 qui
1658 4930 1707 4979 et
1720 4930 1917 4995 praeter
1941 4926 2059 4981 elo-

459 5002 747 5067 quentiae}-

535 5065 651 5147 (90)
685 5065 887 5147 Omnes
939 5065 1071 5147 edit.
1102 5067 1452 5147 acnonnulli
1480 5084 1646 5147 mss,
1669 5068 1928 5147 dicebant.
1965 5069 2058 5123 Ea:

460 5136 653 5220 quibus
715 5138 956 5220 Marcion
995 5139 1186 5220 ἐνατία
1235 5155 1490 5220 errorem,
1553 5139 1646 5220 qui
1692 5139 1917 5220 arguit:
1943 5157 2058 5220 quae

457 5210 641 5265 clausa
695 5209 960 5268 videntur.
993 5210 1122 5266 Mss.
1177 5226 1308 5264 vero
1353 5209 1784 5280 frequentissimi
1833 5212 2056 5278 rectius,

459 5288 521 5352 ut
551 5297 652 5337 nos
679 5281 736 5336 in
766 5287 960 5349 textu;
1012 5297 1174 5337 voces
1205 5279 1353 5336 enim
1386 5279 1503 5352 quis
1531 5282 1714 5352 arguit
1743 5282 2059 5338 referuntur

461 5351 528 5407 ad
585 5353 934 5426 Apostolum.
995 5352 1144 5407 Infra
1173 5367 1325 5426 vero,
1368 5350 1463 5405 ubi
1495 5350 1628 5426 edit.
1659 5363 1713 5409 et
1746 5370 2055 5426 parsrrnssq

460 5424 601 5496 quod
619 5421 930 5495 prudentia,
961 5430 1065 5480 etc.
1102 5441 1116 5496 ;
1177 5421 1286 5477 alia
1311 5437 1437 5493 pars
1476 5423 1721 5492 exhibet,
1746 5421 1890 5496 quod
1913 5443 2060 5496 pru-

460 5495 689 5550 dentiam
719 5497 904 5550 mundi
938 5495 1223 5549 invehitur.

535 5566 652 5638 (91)
685 5568 766 5623 Ita
797 5565 932 5621 edit.
988 5581 1201 5638 omnes,
1232 5580 1295 5638 ac
1327 5580 1455 5638 mss.
1492 5565 1742 5638 aliquot:
1779 5569 1875 5624 alii
1925 5585 2059 5624 vero

461 5636 656 5718 majori
703 5652 953 5718 numero,
999 5644 1047 5718 et
1088 5636 1442 5717 ίηὶτηίσίιὶαηι⁸
1476 5636 1776 5718 gentibus...
1835 5641 2061 5718 ostendit

460 5705 588 5779 quia
617 5725 682 5763 ne
708 5707 980 5764 hominum
1007 5705 1244 5776 favorem
1286 5705 1602 5778 (requireret,
1634 5709 1830 5765 idcirco
1861 5712 2060 5767 huma—

2157 1931 2273 1978 est:
2310 1939 2426 1978 esse
2455 1930 2637 1978 autem
2671 1923 2938 1979 rationale
2967 1930 3020 1978 et
3068 1923 3327 1989 salutare,
3359 1929 3498 1978 teste
3530 1922 3754 1986 virtute,

2157 2011 2247 2066 cui
2305 2011 2487 2066 omnis
2537 2011 2772 2067 intentio
2823 2011 2970 2067 cedit
3009 2010 3451 2066 ratiocinationis
3481 2009 3755 2064 humanae.

2162 2100 2500 2156 Abscondita
2529 2109 2610 2156 est
2641 2117 2768 2173 ergo
2792 2101 2892 2157 Dei
2927 2101 3220 2173 sapientia,
3252 2099 3386 2155 dum
3417 2115 3530 2154 non
3558 2099 3616 2154 in
3647 2114 3759 2152 ver-

2157 2192 2265 2261 bis,
2297 2192 2391 2249 sed
2426 2191 2484 2247 in
2515 2193 2720 2248 virtute
2749 2202 2862 2260 est;
2910 2209 3023 2248 non
3059 2192 3301 2247 humana
3342 2191 3559 2247 ratione
3586 2188 3752 2263 possi-

2159 2283 2310 2349 bilis,
2345 2283 2440 2340 sed
2470 2283 2698 2356 spiritus
2727 2283 2972 2339 efﬁcacia
2998 2283 3306 2338 credibilis.

2243 2397 2261 2418 ι
2293 2372 2466 2440 Quam
2499 2372 2914 2444 praedestinavit
2939 2373 3088 2427 Deus
3119 2379 3248 2427 ante
3280 2371 3480 2428 saecula
3511 2371 3572 2426 in
3603 2369 3758 2442 glori-

2158 2478 2244 2517 am
2274 2471 2539 2518 nostram.
2578 2486 2596 2510 ι
2665 2463 2845 2534 Usque
2873 2461 3010 2516 adeo
3042 2477 3172 2516 vera
3217 2460 3504 2532 sapientia,
3539 2467 3595 2514 et
3637 2476 3758 2515 cum

2158 2553 2270 2607 Deo
2299 2568 2512 2624 semper
2566 2551 2734 2609 fuisse
2765 2551 3095 2619 declaratur,
3126 2560 3188 2607 ut
3234 2559 3360 2607 ante
3401 2551 3604 2606 saecula
3633 2566 3760 2622 prae-

2159 2640 2431 2697 destinata
2462 2641 2519 2696 in
2567 2642 2798 2713 gloriam
2850 2651 3100 2697 nostram
3157 2641 3392 2709 dicatur,
3450 2639 3545 2711 qui
3577 2639 3761 2696 credi-

2160 2747 2300 2786 mus.
2341 2732 2608 2788 Prmscius
2637 2731 2785 2786 enim
2815 2733 2960 2787 Deus
2999 2747 3217 2787 errores
3256 2730 3473 2786 futuros
3503 2729 3561 2784 in
3595 2745 3764 2785 mun-

2158 2823 2252 2890 do,
2284 2838 2446 2894 quem
2477 2829 2593 2876 erat
2645 2821 2892 2877 facturus
2930 2820 3074 2894 (93),
3104 2820 3208 2879 hoc
3236 2819 3482 2877 decrevit
3528 2819 3600 2875 ad
3631 2837 3762 2875 con-

2157 2912 2431 2967 fusionem
2490 2911 2734 2978 illorum,
2794 2911 2888 2984 qui
2917 2911 3024 2966 sibi
3081 2909 3377 2966 stultitiam
3433 2909 3762 2981 sapientiam

2158 3002 2361 3059 facturi
2386 3010 2576 3057 erant:
2629 3000 2696 3056 ad
2728 3009 2972 3057 nostram
3004 3007 3185 3056 autem
3236 3000 3493 3072 gloriam,
3526 3000 3622 3072 qui
3653 3015 3764 3056 cre-

2159 3091 2333 3149 dituri
2361 3107 2601 3158 eramus,
2633 3099 2688 3146 et
2714 3089 3011 3146 credimus.

2237 3190 2420 3263 (Vers.
2455 3189 2538 3261 8.)
2572 3212 2590 3235 ι
2621 3188 2795 3256 Quam
2826 3203 2988 3243 nemo
3008 3186 3345 3260 principium
3376 3184 3545 3256 hujus
3576 3185 3764 3242 saeculi

2165 3279 2468 3353 cognovit;
2523 3278 2570 3334 si
2608 3277 2756 3333 enim
2797 3276 3202 3350 cognovissent,
3253 3291 3539 3347 nunquam
3583 3275 3766 3330 Domi-

2165 3387 2300 3426 num
2366 3369 2667 3442 majestatis
2695 3368 3139 3426 cruciﬁxissent.
3175 3393 3194 3416 ι
3259 3366 3548 3438 Principes
3603 3365 3769 3436 hujus

2166 3461 2353 3517 saeculi
2406 3475 2518 3515 non
2553 3458 2733 3514 solum
2784 3457 3037 3514 homines
3066 3455 3418 3529 accipiendos
3447 3455 3766 3511 Iudaeorum

2167 3565 2230 3605 ac
2283 3551 2694 3605 Romanorum:
2753 3547 2848 3603 sed
2902 3548 3084 3604 ethos
3117 3545 3396 3619 principes
3440 3561 3503 3600 ac
3532 3551 3769 3616 potesta-

2171 3650 2270 3709 tes,
2300 3655 2438 3712 quos
2476 3655 2640 3710 supra
2667 3638 2832 3707 dixit,
2865 3637 2933 3694 ad
2963 3654 3100 3712 quos
3129 3653 3253 3694 vere
3284 3636 3523 3708 pertinet
3555 3633 3768 3690 dictum

2169 3728 2295 3795 hoc,
2329 3727 2595 3783 adversus
2624 3743 2761 3800 quos
2803 3726 2964 3782 nobis
3019 3725 3336 3782 colluctatio
3366 3732 3448 3780 est
3503 3723 3773 3796 spiritalis

2169 3805 2429 3890 nequitiae
2461 3815 2517 3870 in
2549 3816 2865 3872 coelestibus
2899 3816 3122 3888 (Ephes.
3157 3833 3236 3883 vr,
3271 3814 3358 3886 i2)
3388 3833 3400 3882 ;
3433 3815 3564 3886 quia
3595 3812 3774 3868 consi-

2170 3908 2244 3962 lio
2273 3923 2335 3964 ac
2385 3907 2671 3964 voluntate
2729 3907 2955 3963 illorum
3010 3904 3312 3963 cruciﬁxus
3358 3912 3442 3960 est
3490 3903 3770 3960 Christus.

2168 3996 2416 4069 Denique
2468 4004 2589 4069 post
2643 3996 2980 4052 tentationes
3049 4020 3068 4043 α
3097 3995 3351 4051 diabolus
3392 3994 3642 4060 recessit,
3673 3993 3776 4061 ait,

2169 4101 2341 4158 usque
2372 4085 2441 4141 ad
2488 4093 2705 4159 tempus
2737 4085 2855 4158 (94)
2892 4085 3044 4158 (Luc.
3079 4102 3156 4153 1v,
3191 4084 3303 4156 13).
3338 4109 3356 4132 ι
3418 4083 3490 4138 Et
3523 4083 3639 4156 ipse
3670 4083 3775 4138 Do-

2171 4176 2392 4232 minus:
2440 4198 2458 4222 ‹
2494 4174 2774 4247 Princeps,
2822 4174 3028 4247 inquit,
3085 4172 3252 4244 hujus
3281 4171 3475 4228 mundi
3505 4171 3683 4239 venit,
3718 4179 3774 4226 et

2173 4264 2229 4319 in
2261 4280 2347 4320 me
2361 4264 2578 4320 invenit
2608 4264 2751 4320 nihil
2771 4265 2956 4336 (Joan.
2981 4280 3100 4332 xrv,
3125 4263 3241 4334 30).
3271 4286 3290 4310 ι
3333 4261 3618 4332 Principes
3648 4276 3778 4332 ergo

2171 4353 2336 4424 hujus
2363 4354 2551 4410 saculi
2594 4370 2691 4427 per
2745 4353 3111 4426 ignorantiam
3143 4352 3442 4410 Dominum
3473 4349 3778 4420 majestatis

2169 4444 2608 4512 cruciﬁxerunt;
2646 4461 2772 4501 nam
2803 4445 3119 4501 Iudaeorum
3152 4442 3446 4515 principes,
3497 4439 3778 4514 quomodo

2169 4534 2443 4605 principes
2472 4532 2638 4605 hujus
2691 4537 2879 4592 saeculi
2912 4542 3150 4606 possunt
3185 4530 3444 4602 intelligi,
3479 4531 3575 4602 qui
3623 4538 3780 4585 erant

2169 4623 2402 4696 subjecti
2455 4641 2622 4697 regno
2673 4625 2969 4682 Romano?
3025 4624 3099 4680 Et
3158 4637 3335 4695 neque
3398 4622 3776 4677 Romanorum

2162 4712 2436 4785 principes
2483 4712 2880 4769 cruciﬁxerunt
2926 4711 3214 4770 Christum
3247 4730 3260 4778 ;
3302 4710 3507 4784 quippe
3537 4725 3667 4766 cum
3696 4707 3779 4764 di-

2165 4804 2311 4858 xerit
2339 4804 2583 4860 Pilatus:
2653 4828 2671 4851 ι
2701 4802 2922 4860 Nullam
2983 4818 3206 4861 causam
3236 4800 3432 4858 mortis
3491 4800 3777 4856 inventam

2164 4945 2247 4983 me
2277 4928 2550 4998 sapientiw
2576 4929 2782 4999 placere
2811 4929 3060 4984 noluisse.

2240 4999 2360 5090 (9.2).
2389 5000 2882 5090 ltisshcom‘plures,
2922 5002 3036 5090 Sed_
3048 5001 3120 5055 ad
3150 4999 3499 5090 ostensiogem
3527 4999 3777 5090 spiritus,

2173 5077 2222 5143 et
2241 5070 2470 5143 uirtutis
2505 5072 2614 5126 Dei.
2679 5070 3107 5143 Consequenter
3156 5081 3339 5127 autem
3374 5070 3530 5128 Com.
3555 5070 3702 5128 edit.
3729 5072 3781 5125 si

2169 5141 2332 5196 habet
2359 5143 2514 5216 {Hoc
2557 5150 2648 5208 est,
2682 5144 2810 5216 quia
2840 5141 2958 5212 quae
2996 5144 3168 5198 verbis
3199 5145 3449 5216 inﬁrma,
3469 5143 3644 5212 juxta
3673 5143 3780 5197 vir-

2169 5219 2325 5268 tutem
2362 5211 2549 5282 fortia,
2584 5232 2664 5269 res
2690 5211 2926 5284 fatuos...
2960 5221 3019 5269 ut
3055 5216 3226 5270 verbis
3255 5211 3558 5271 stultitia...
3593 5216 3780 5270 ratio-

2168 5301 2230 5338 ne
2260 5284 2562 5354 fundatam.

2239 5356 2356 5427 (93)
2385 5356 2546 5413 Corb.
2581 5355 2776 5425 codex,
2803 5357 2862 5411 in
2883 5357 3100 5423 mundo,
3133 5359 3196 5414 de
3240 5357 3321 5412 his
3351 5374 3470 5428 qua:
3526 5365 3654 5414 erat
3682 5356 3784 5429 fa-

2169 5433 2371 5482 cturus.

2215 5498 2356 5624 _(94)
2417 5499 2564 5555 Idem
2619 5500 2814 5566 codex,
2866 5507 2991 5573 post
3041 5501 3360 5555 tentationes
3379 5517 3516 5570 quas
3552 5500 3785 5557 Domino

2215 5570 2324 5624 tabo
2353 5586 2412 5623 us
2442 5571 2644 5624 inferre
2693 5589 2856 5624 aus-us
2907 5579 3001 5624 est.
3032 5572 3111 5624 ait
3137 5572 3494 5624 evanaelista:
3556 5571 3785 5624 Recessit

2169 5570 2412 5642 diabolus
2442 5571 2644 5640 inferre
2693 5570 2886 5627 aus-us'
2907 5579 3001 5638 est,
3032 5572 3111 5628 ait
3137 5572 3494 5642 evangelista:
3555 5571 3789 5632 Recessit

2168 5640 2411 5698 diabolus
2439 5657 2602 5712 usque
2632 5644 2704 5699 ad
2733 5650 2954 5714 tempus.
