3952 6202
57 329 154 393 205

56 474 114 515 eo
158 461 338 530 (Joan.
383 479 504 532 χιχ,
537 463 618 535 4).
667 489 687 512 ι

57 550 256 608 Iudaeis
282 570 292 608 :
344 578 361 600 ι
391 554 666 611 Innocens
694 571 796 625 ego
824 569 946 610 sum
969 569 1000 609 a
1019 555 1288 626 sanguine
1311 553 1450 624 justi
1473 553 1662 624 hujus,

56 659 150 697 vos
178 643 434 700 videritis
467 646 684 717 (Matth.
709 661 893 708 xxvu,
927 644 1043 716 24).
1089 671 1106 692 ι
1171 646 1238 700 Hi
1287 662 1416 717 ergo
1464 646 1664 717 princi-

56 746 144 802 pes
173 732 578 790 crucilixerunt
604 734 888 790 Christum
933 734 1252 801 Dominum,
1286 751 1423 804 quos
1457 734 1666 788 trium—

53 819 249 891 phavit
280 823 451 879 libere
482 823 539 878 in
569 823 866 893 semetipso
899 823 1129 890 (Coloss.
1162 840 1222 890 Ir,
1267 824 1389 894 15);
1416 823 1667 895 quamvis

54 909 200 967 dicat
249 913 466 969 Marcus
515 914 875 987 evangelista.
900 912 966 968 de
1009 913 1396 969 daemonibus:
1461 940 1477 960 ι
1510 914 1668 969 Scie-

52 1000 184 1057 bant
236 1003 387 1057 enim
429 1001 716 1058 Christum
768 1002 944 1072 ipsum
995 1019 1110 1058 esse
1160 1003 1344 1057 Jesum
1395 1005 1590 1071 (Marc.
1625 1021 1664 1066 ι,

53 1088 167 1160 34).
207 1115 226 1136 ι
255 1091 513 1147 Scierunt
543 1091 764 1164 quidem
799 1091 972 1163 ipsum
1008 1107 1142 1157 esse,
1178 1091 1271 1146 sed
1298 1093 1392 1163 qui
1446 1091 1504 1146 in
1551 1093 1664 1163 lege

52 1177 366 1247 promissus
393 1189 510 1235 erat
543 1198 554 1234 :
591 1179 911 1251 mysterium
945 1185 1128 1250 tamen
1167 1177 1306 1249 ejus,
1340 1195 1450 1252 quo
1491 1180 1666 1234 Filius

51 1270 149 1324 Dei
183 1278 294 1335 est,
327 1271 658 1327 nesciebant.
695 1272 808 1327 Hoc
836 1271 1003 1327 etiam
1035 1280 1088 1327 et
1135 1272 1329 1327 Petrus
1382 1272 1664 1343 apostolus

54 1357 118 1413 ad
155 1359 424 1430 populum
468 1359 754 1414 Iudaicum
807 1358 953 1415 dixit
1003 1377 1013 1414 :
1062 1384 1080 1405 ι
1126 1360 1272 1428 Scio,
1296 1360 1510 1426 fratres,
1535 1361 1666 1432 quia

55 1464 148 1520 per
178 1448 543 1520 ignorantiam
577 1449 765 1520 egistis
798 1449 904 1505 hoc
937 1449 1162 1516 malum,
1208 1457 1261 1504 et
1303 1449 1448 1505 sicut
1502 1449 1666 1521 prin-

57 1537 205 1609 cipes
235 1538 401 1594 vestri
437 1538 578 1610 (Act.
609 1555 697 1603 III,
736 1539 850 1609 17),
881 1564 898 1585 ι
961 1555 1072 1594 non
1113 1546 1297 1594 tamen
1345 1539 1554 1594 saeculi.
1608 1539 1664 1598 Si

63 1641 191 1697 ergo
223 1641 318 1698 per
363 1627 732 1700 ignorantiam
777 1627 922 1683 servi
972 1627 1299 1683 occiderunt
1340 1626 1663 1696 Dominum,

61 1725 343 1787 peccatum
378 1718 459 1773 eis
488 1717 691 1774 ascribi
719 1733 831 1772 non
863 1717 1045 1773 debet.
1096 1717 1202 1774 Sed
1246 1734 1358 1774 non
1404 1717 1531 1774 licet
1562 1717 1666 1772 hoc

62 1803 332 1877 ignorare.
382 1807 452 1862 Et
511 1807 763 1880 quamvis
817 1805 1117 1862 Dominum
1174 1822 1289 1862 esse
1345 1805 1660 1873 nescierint,

63 1896 235 1950 nescii
266 1903 448 1952 tamen
478 1913 587 1952 non
614 1903 769 1952 erant
795 1896 924 1968 quia
953 1912 1066 1951 rem
1099 1896 1328 1968 impiam
1361 1895 1658 1950 faciebant.

62 1986 332 2044 Dominus
365 1996 546 2044 tamen
578 1987 876 2060 majestatis
927 1988 1229 2045 crucifixus
1278 1989 1504 2056 dicitur,
1538 2003 1662 2043 cum

64 2077 202 2130 mori
236 2077 484 2132 nesciat:
532 2077 627 2133 sed
669 2078 799 2150 quia
844 2078 1086 2133 Verbum
1135 2094 1262 2134 caro
1310 2077 1516 2133 factum
1562 2083 1665 2147 est,

65 2162 116 2220 id
149 2174 254 2233 est,
295 2168 390 2222 Dei
425 2167 601 2222 Filius
631 2166 945 2223 incarnatus
975 2167 1141 2223 homo
1190 2167 1368 2222 factus
1405 2175 1510 2236 est,
1563 2165 1668 2238 ipsi

63 2255 308 2326 ascripta
344 2263 430 2310 est
459 2272 606 2311 mors
635 2274 646 2312 :
680 2257 806 2329 quia
835 2256 1005 2312 Judaei
1036 2273 1146 2312 non
1205 2257 1397 2329 utique
1447 2272 1667 2312 carnem

72 2345 352 2416 persecuti
385 2354 532 2414 sunt,
561 2345 658 2401 sed
688 2362 809 2401 eum
844 2346 936 2418 qui
967 2346 1296 2418 operabatur
1310 2362 1404 2417 per
1425 2361 1668 2414 carnem;

68 2450 129 2490 ac
184 2450 284 2506 per
326 2434 430 2490 hoc
473 2434 728 2507 quamvis
771 2436 1040 2491 Dominus
1088 2433 1390 2506 majestatis
1444 2443 1672 2489 mortem

72 2523 306 2593 ignoret,
335 2531 598 2595 quantum
630 2532 812 2579 tamen
846 2525 913 2580 ad
942 2525 1254 2580 Judzeorum
1286 2532 1479 2579 votum
1512 2522 1676 2594 perti-

74 2621 185 2681 net,
223 2621 275 2668 et
307 2613 373 2669 ad
404 2614 715 2686 principum
739 2613 906 2687 hujus
933 2615 1142 2684 seaculi,
1174 2615 1475 2671 Dominum
1521 2615 1677 2671 occi-

79 2703 279 2758 derunt
308 2703 364 2758 in
394 2720 574 2760 carne.

151 2813 336 2883 (Vers.
373 2814 451 2885 9.)
498 2840 516 2861 ι
546 2814 652 2870 Sed
675 2815 820 2871 sicut
849 2816 1116 2888 scriptum
1143 2825 1228 2873 est
1258 2835 1269 2873 :
1305 2817 1463 2885 Quod
1486 2818 1680 2873 oculus

79 2918 186 2957 non
215 2902 376 2971 vidit,
431 2919 534 2960 nec
578 2905 727 2960 auris
774 2905 1011 2970 audivit,
1058 2923 1158 2963 nec
1201 2907 1260 2962 in
1301 2923 1398 2962 cor
1435 2906 1678 2962 hominis

78 2991 350 3061 ascendit,
378 3010 498 3066 quas
538 2995 864 3066 praeparavit
893 2998 1037 3052 Deus
1065 2997 1428 3068 diligentibus
1455 3013 1600 3051 eum.
1645 3019 1663 3044 ι

86 3082 194 3139 Hoc
255 3091 339 3138 est
397 3084 662 3156 scriptum
727 3085 785 3139 in
834 3086 1169 3158 Apocalypsi
1223 3087 1391 3141 Helia)
1435 3087 1491 3140 in
1540 3103 1680 3157 apo-

81 3173 309 3244 cryphis
346 3175 484 3245 (95).
516 3174 618 3230 Per
663 3174 771 3230 hoc
817 3177 1136 3246 exemplum
1183 3175 1522 3246 inopinatam
1565 3191 1678 3230 rem

79 3262 276 3319 factam
307 3262 468 3330 dicit,
497 3270 551 3318 et
579 3276 699 3334 quae
727 3279 840 3317 non
879 3264 1060 3318 solum
1100 3264 1157 3318 in
1198 3265 1502 3319 humanum
1541 3279 1675 3318 sen-

76 3367 190 3406 sum
222 3369 340 3407 non
373 3351 611 3418 caderet,
643 3351 736 3406 sed
771 3360 826 3406 et
863 3353 1112 3408 caelestes
1141 3353 1413 3423 potentias
1464 3353 1674 3421 lateret,

76 3441 166 3496 Dei
203 3442 430 3498 scilicet
455 3440 658 3495 Filium
693 3447 726 3500 1
743 3445 832 3502 19
858 3439 1234 3506 incarnatum;
1268 3450 1331 3497 ut
1350 3441 1495 3514 quod
1516 3457 1678 3513 supra

77 3535 309 3606 dixerat,
370 3536 636 3605 ﬁrmaret,
685 3538 813 3610 quia
858 3539 904 3594 si
958 3539 1232 3612 principes
1277 3537 1444 3610 hujus
1489 3540 1675 3596 saeculi

77 3627 243 3683 Deum
276 3625 567 3683 hominem
600 3625 800 3682 factum
854 3643 964 3683 non
1014 3628 1428 3696 intellexerunt,
1471 3635 1676 3701 quanto

79 3716 243 3788 magis
302 3707 612 3772 hominesl
675 3716 780 3771 Sed
831 3717 878 3772 si
935 3715 1102 3771 verba
1153 3718 1546 3774 olfendiculum
1586 3717 1674 3772 vel

77 3805 396 3861 scandalum
443 3803 746 3872 faciebant;
797 3805 1101 3861 virtutibus
1156 3814 1336 3863 tamen
1394 3815 1448 3862 et
1501 3807 1674 3878 signis

79 3892 205 3951 ﬁdes
249 3912 365 3950 non
405 3893 668 3951 debuerat
706 3895 984 3967 denegari.
1048 3896 1363 3953 lnﬁrmitati
1415 3898 1562 3952 enim
1620 3907 1675 3954 et

81 3985 403 4056 ignorantiae
457 3985 717 4043 humanm
769 3987 946 4043 virtus
1000 3986 1264 4044 debuerat
1322 3988 1588 4060 praeponi,
1619 3995 1673 4044 et

81 4076 217 4132 credi
249 4076 403 4150 quod
428 4076 678 4132 humanae
708 4077 906 4133 rationi
960 4077 1302 4148 impossibile
1338 4078 1668 4140 videbatur;

85 4165 308 4241 ideoque
350 4167 710 4238 diligentibus
736 4169 933 4237 Deum,
957 4167 1012 4223 id
1033 4175 1136 4237 est,
1169 4169 1521 4226 credentibus
1541 4186 1672 4241 prae-

84 4258 285 4326 paravit
324 4256 537 4312 donum
566 4257 690 4314 hoc.

149 4364 328 4433 (Vers.
371 4363 486 4434 10.)
532 4387 550 4410 ι
580 4364 750 4421 Nobis
777 4381 910 4420 vero
939 4363 1206 4420 revelavit
1236 4365 1381 4421 Deus
1421 4382 1517 4437 per
1544 4364 1678 4438 Spi-

87 4453 239 4508 ritum
269 4469 456 4510 suum.
489 4479 508 4502 ι
554 4454 625 4510 Et
655 4454 784 4526 quia
813 4454 1090 4526 principes
1111 4454 1298 4510 saeculi
1330 4454 1438 4511 hoc
1463 4455 1676 4526 ignora-

87 4540 223 4610 bant,
260 4545 410 4600 Deus
462 4543 568 4601 hoc
600 4560 695 4616 per
739 4544 1006 4616 Spiritum
1051 4560 1208 4599 suum
1261 4543 1524 4600 revelavit
1549 4561 1676 4601 cre-

86 4629 368 4699 dentibus;
405 4633 533 4705 quia
563 4649 644 4688 res
674 4633 770 4688 Dei
801 4650 913 4688 non
948 4642 1124 4705 potest
1153 4633 1270 4688 sine
1318 4634 1528 4706 Spiritu
1572 4635 1672 4692 Dei

87 4719 305 4778 addisci.
339 4723 478 4779 Nam
529 4739 638 4778 non
688 4723 867 4778 solum
910 4721 1233 4778 hominibus
1270 4733 1674 4780 sacramentum

86 4807 220 4866 istud
246 4812 479 4867 missum
506 4827 564 4867 se
603 4810 739 4868 dicit
769 4812 1066 4880 declarare,
1099 4811 1194 4867 sed
1228 4821 1282 4868 et
1325 4813 1674 4885 principibus

86 4904 133 4952 et
190 4900 550 4971 potestatibus
605 4901 940 4969 caelestibus,
1001 4902 1094 4973 qui
1151 4903 1447 4957 Dominum
1491 4903 1676 4958 cruci-

88 4986 348 5059 ﬁxerunt;
387 4997 447 5046 ut
476 4991 580 5046 hoc
622 4991 954 5063 praedicante
995 4991 1052 5046 in
1104 4994 1286 5058 terris,
1337 4991 1553 5048 discant
1581 4992 1676 5062 qui

88 5088 201 5136 sunt
233 5081 291 5137 in
314 5080 632 5138 carnalibus
660 5082 834 5150 ccelis,
867 5081 963 5154 qui
1005 5079 1213 5152 degunt
1246 5080 1347 5135 sub
1385 5080 1675 5137 elementis

155 5280 264 5363 (95)
296 5280 392 5340 Sic
408 5298 608 5363 omnes
655 5279 1100 5363 mss.,“exceptis
1138 5278 1359 5363 Tbuan.
1400 5285 1455 5334 et
1501 5277 1672 5363 Laud.

90 5347 176 5474 api.
215 5347 357 5481 εἰοιὲ
404 5355 464 5410 in
510 5353 724 5410 cunctis
765 5347 900 5409 edit.
964 5347 1128 5424 legas,
1160 5352 1218 5405 in
1247 5350 1395 5406 Isaia
1417 5350 1677 5420 propheta

91 5437 198 5476 am
216 5442 303 5480 ver
337 5442 405 5481 18.

91 5437 198 5476 ams
216 5437 405 5482 verbis.

156 5493 262 5566 (96)
296 5497 458 5554 Rom.
497 5494 631 5552 edit.
664 5512 724 5552 ac
769 5511 898 5551 mss.
933 5493 1212 5566 nonnulli,
1239 5491 1368 5560 Quis
1405 5491 1542 5546 enim
1571 5492 1674 5566 Ito-

93 5562 272 5622 meum
311 5569 410 5624 scit
456 5567 687 5622 hominis
727 5565 1060 5622 absconditus
1085 5581 1102 5618 :
1151 5573 1260 5619 vet.
1313 5570 1497 5620 autem
1537 5562 1669 5621 edit.

94 5643 138 5691 et
164 5654 290 5712 mss.
326 5637 788 5712 frequentissimi,
821 5645 882 5694 ut
910 5636 971 5712 in_
998 5642 1280 5692 contextu.

154 5708 261 5784 (97)
296 5705 458 5770 Rom'.
492 5707 630 5778 edit,
662 5726 787 5768 cum
815 5708 1004 5783 paucis
1028 5724 1185 5777 mss.,
1215 5706 1356 5779 quod
1387 5705 1485 5763 scit
1504 5709 1674 5762 natu-

1151 334 1516 394 COMMENT.
1557 337 1626 392 IN
1665 333 1886 414 EPIST.
1925 333 1948 391 1
1983 337 2080 392 AD
2119 334 2276 394 con.

749 462 903 519 Unde
950 470 1004 518 et
1047 479 1242 518 manus
1273 463 1429 530 lavit,
1460 463 1647 519 dicens
1677 470 1726 528 Α
1756 462 2110 518 ﬁrmamenti.
2166 462 2268 519 Hic
2341 479 2466 536 ergo
2529 463 2823 536 singularis
2897 465 3180 538 apostolus
3253 472 3360 535 est,

3256 334 3366 398 206

1773 552 1867 624 qui
1911 552 2054 607 hanc
2101 552 2328 623 gratiam
2379 562 2697 612 consecutus
2746 562 2858 623 est;
2905 556 3035 628 quia
3075 554 3365 612 Trinitatis

1775 647 2101 711 mysterium
2133 657 2163 694 a
2212 641 2364 695 nullo
2405 640 2483 698 sic
2531 643 2709 713 potuit
2752 644 3034 716 explanari
3069 662 3081 699 :
3118 644 3265 700 unde
3311 653 3366 701 et

1776 744 1872 783 vas
1899 729 2184 784 electionis
2216 730 2409 786 divino
2432 730 2645 802 judicio
2675 733 2946 790 vocitatus
2973 743 3056 791 est
3110 735 3256 808 (Act.
3280 752 3363 805 ιχ,

1779 819 1890 888 15).

1864 933 1879 954 ι
1911 906 2149 978 Spiritus
2175 908 2322 963 enim
2356 909 2543 965 omnia
2581 917 2874 978 scrutatur,
2917 913 3082 968 etiam
3131 915 3368 985 profun-

1776 995 1844 1051 da
1877 997 1993 1051 Dei.
2029 1022 2044 1042 -
2086 997 2226 1064 Quia
2255 999 2402 1054 enim
2433 999 2500 1055 de
2531 1001 2641 1056 Deo
2669 1006 2752 1056 est
2784 999 2876 1056 hic
2906 1000 3163 1073 Spiritus,
3187 1004 3372 1060 omnia

1777 1087 1954 1141 novit.
2004 1111 2019 1132 ε
2055 1087 2152 1142 Dei
2185 1088 2458 1166 profunda
2478 1113 2495 1135 ι
2533 1097 2715 1145 autem
2739 1089 2862 1145 ideo
2887 1091 2984 1159 ait,
3009 1091 3138 1163 quia
3154 1107 3374 1148 omnem

1777 1174 2038 1230 virtutem
2072 1183 2126 1230 et
2157 1178 2553 1247 prmscientiam
2596 1179 2714 1252 ejus
2753 1182 2911 1236 novit
2945 1198 2956 1236 :
2989 1180 3137 1254 quod
3183 1181 3374 1236 omni—

1776 1280 1848 1318 no
1876 1273 2136 1320 creaturaa
2166 1266 2506 1338 impossibile
2537 1276 2637 1326 est.

1849 1353 2032 1423 (Vers.
2071 1355 2183 1423 11.)
2232 1380 2248 1402 ι
2279 1357 2414 1422 Quis
2461 1358 2608 1413 enim
2656 1358 2759 1415 scit
2817 1357 3105 1415 hominum
3139 1376 3200 1416 ea
3233 1359 3374 1432 (96),

1775 1459 1894 1516 quae
1925 1451 2072 1511 sunt,
2106 1444 2371 1514 hominis,
2419 1446 2526 1501 nisi
2571 1447 2801 1519 spiritus
2851 1447 3117 1518 hominis,
3171 1450 3265 1521 qui
3316 1449 3375 1504 in

1776 1531 1894 1604 ipso
1925 1539 2006 1588 est
2036 1533 2063 1588 ?
2104 1559 2121 1580 ι
2174 1535 2524 1591 Manifestum
2573 1544 2654 1592 est
2695 1538 3054 1608 cogitationes
3105 1548 3321 1596 nostras
3349 1554 3381 1594 a

1775 1621 1930 1678 nullo
1951 1623 2105 1690 sciri,
2155 1623 2263 1679 nisi
2313 1624 2382 1680 ab
2425 1625 2612 1682 animo
2655 1635 2866 1696 nostro,
2911 1643 3072 1700 quem
3121 1627 3378 1700 spiritum

1774 1709 1939 1768 dixit.
1974 1713 2223 1786 Denique
2253 1713 2312 1768 in
2357 1715 2662 1787 Evangelio
2710 1719 2855 1772 inter
2891 1725 3086 1774 caetera
3130 1718 3212 1774 sic
3255 1719 3374 1775 ait:

1790 1826 1807 1846 -
1836 1802 1908 1856 Et
1942 1801 2173 1874 spiritus
2203 1800 2321 1873 ejus
2349 1818 2602 1861 reversus
2631 1811 2712 1860 est
2748 1805 2816 1862 ad
2864 1805 3018 1861 illam
3052 1806 3205 1876 (Luc.
3257 1824 3376 1892 νιιι,

1691 1852 1736 1912 Β
1773 1852 1904 1961 δεῖ
1925 1917 1942 1939 .

1865 2017 1881 2037 σ
1908 1990 1998 2047 Sic
2029 1999 2080 2047 et
2111 2009 2231 2064 quae
2261 1994 2358 2049 Dei
2386 2003 2536 2062 sunt,
2568 2011 2730 2052 nemo
2755 1995 2931 2062 novit,
2982 1993 3089 2051 nisi
3139 1994 3377 2068 Spiritus

1781 2082 1898 2137 Dei.
1936 2107 1951 2128 ι
1989 2083 2091 2139 Hic
2119 2084 2357 2154 Spiritus
2386 2085 2484 2141 Dei
2513 2085 2702 2141 docuit
2731 2101 2852 2152 nos,
2879 2082 3026 2156 quod
3067 2083 3173 2140 scit
3215 2092 3373 2140 natu-

1781 2171 1992 2240 raliter,
2026 2190 2136 2228 non
2168 2173 2364 2231 doctus
2398 2175 2514 2247 (97)
2541 2194 2554 2243 ;
2595 2184 2649 2231 et
2676 2174 2866 2231 docuit
2893 2191 2992 2230 nos
3012 2173 3080 2230 de
3113 2176 3379 2246 mysterio

1782 2258 2026 2330 Christi;
2076 2279 2204 2335 quia
2246 2280 2357 2320 non
2398 2265 2578 2320 solum
2626 2264 2864 2336 Spiritus
2908 2263 3006 2319 Dei
3053 2271 3153 2331 est,
3185 2265 3279 2321 sed
3327 2263 3381 2321 et

1783 2351 2013 2410 Christi.

1859 2453 2040 2524 (Vers.
2097 2453 2211 2525 12.)
2275 2479 2291 2500 ι
2341 2455 2452 2512 Nos
2498 2471 2608 2510 non
2665 2464 2845 2511 autem
2904 2455 3160 2527 spiritum
3215 2454 3384 2528 hujus

1789 2542 1982 2597 mundi
2016 2543 2328 2613 accepimus
2357 2561 2370 2609 ;
2406 2543 2499 2598 sed
2529 2544 2794 2615 Spiritum
2832 2544 2928 2616 qui
2971 2561 3038 2600 ex
3069 2546 3182 2600 Deo
3210 2553 3310 2601 est.
3351 2570 3370 2593 -

1789 2631 1931 2688 Hinc
1959 2633 2167 2687 scimus
2196 2631 2322 2703 quia
2354 2631 2645 2702 Spiritum,
2677 2633 2772 2704 qui
2815 2633 2882 2688 de
2929 2635 3042 2688 Deo
3093 2641 3193 2701 est,
3221 2650 3385 2689 acce-

1787 2721 1991 2793 pimus,
2022 2720 2151 2792 quia
2183 2720 2376 2775 mundi
2405 2719 2632 2791 spiritus
2676 2737 2787 2776 non
2831 2729 3011 2792 potest
3057 2723 3216 2788 scire,
3264 2738 3386 2794 quae

1786 2809 1854 2865 ab
1884 2809 1991 2865 hoc
2024 2809 2185 2864 nobis
2220 2809 2498 2865 insinuata
2534 2817 2683 2865 sunt.
2716 2809 2956 2881 Spiritus
2976 2817 3157 2866 tamen
3192 2809 3385 2866 mundi

1788 2899 1881 2956 hic
1928 2907 2029 2966 est,
2075 2916 2173 2970 per
2221 2915 2382 2972 quem
2434 2898 2777 2970 arripiuntur
2818 2899 3065 2966 fanatici,
3119 2899 3211 2972 qui
3267 2900 3386 2955 sine

1786 2992 1899 3047 Deo
1934 3000 2101 3058 sunt;
2135 3000 2215 3046 est
2243 2991 2389 3047 enim
2422 2991 2566 3046 inter
2595 2990 3142 3062 mundanosspiritus
3172 2990 3386 3062 potior;

1787 3083 1934 3140 unde
1962 3083 2100 3138 solet
2128 3082 2482 3154 conjecturis,
2528 3099 2649 3155 quae
2698 3081 2892 3138 mundi
2938 3089 3068 3138 sunt
3111 3081 3382 3151 divinare,

1715 3213 1758 3272 Ο
1789 3189 1949 3246 quem
1985 3172 2285 3272 pythpnem
2304 3173 2598 3272 appellant.
2620 3173 2722 3268 llic
2736 3172 2926 3272 est
2945 3187 3040 3272 per
3060 3172 3388 3272 verisimilia

1792 3261 2006 3315 fallitur
2026 3267 2082 3315 et
2111 3260 2288 3314 fallit:
2325 3259 2418 3315 hic
2447 3267 2529 3314 est
2571 3260 2664 3331 qui
2713 3275 2810 3330 per
2852 3258 3122 3329 Sibyllam
3172 3259 3389 3315 locutus

1789 3356 1893 3414 est,
1943 3364 2163 3403 sensum
2213 3355 2465 3402 nostrum
2517 3353 2754 3414 secutus,
2806 3345 2988 3402 locum
3020 3347 3210 3402 volens
3242 3347 3389 3402 inter

1790 3436 2035 3492 caelestes
2066 3435 2283 3492 habere.

1877 3558 1895 3582 ε
1935 3535 2003 3590 Ut
2035 3535 2273 3591 sciamus
2303 3551 2422 3608 quae
2466 3551 2498 3589 a
2539 3536 2653 3591 Deo
2699 3535 2903 3591 donata
2947 3543 3080 3591 sunt
3127 3533 3308 3590 nobis.
3354 3559 3370 3580 ι

1788 3624 1927 3692 Quia
1973 3625 2119 3680 enim
2169 3625 2267 3681 Dei
2317 3623 2553 3696 Spiritus
2599 3624 2759 3680 datus
2820 3631 2903 3682 est
2955 3624 3138 3692 nobis,
3181 3623 3386 3680 scimus

1787 3731 1905 3788 quae
1935 3731 1966 3771 a
1996 3717 2108 3770 Deo
2136 3715 2337 3771 donata
2367 3723 2498 3771 sunt
2527 3715 2709 3771 nobis.
2741 3715 2863 3772 Non
2894 3716 3041 3772 enim
3089 3715 3206 3772 haec
3249 3731 3386 3787 pos-

1787 3822 1968 3861 semus
1997 3806 2160 3870 scire,
2188 3805 2231 3861 si
2275 3805 2467 3861 mundi
2511 3805 2768 3878 spiritum
2831 3804 3197 3872 haberemus;
3257 3805 3386 3876 quia

1787 3911 1897 3952 non
1955 3903 2134 3968 potest
2192 3895 2384 3951 mundi
2445 3895 2587 3952 scire
2643 3895 2874 3967 spiritus
2939 3895 3081 3964 (98).
3154 3895 3384 3949 Sensum

1786 3985 1933 4041 enim
1965 3986 2062 4040 Dei
2093 4001 2254 4040 nemo
2285 3985 2461 4052 novit,
2509 3985 2618 4040 nisi
2660 3985 2756 4056 qui
2803 3983 2870 4039 de
2914 3985 3026 4039 Deo
3073 3991 3174 4050 est,
3218 3984 3388 4054 Spiri-

1785 4082 1876 4130 tus
1914 4073 2040 4138 Dei;
2095 4073 2357 4129 inferiora
2403 4073 2554 4129 enim
2598 4088 2712 4128 non
2761 4079 2990 4144 possunt
3037 4072 3385 4144 superiorum

1787 4164 1927 4220 scire
2001 4162 2318 4229 consilium,
2396 4178 2573 4234 neque
2637 4168 2886 4218 creatura
2941 4161 3246 4219 conditoris
3299 4162 3384 4218 sui

1789 4251 2110 4324 dignoscere
2136 4253 2498 4307 voluntatem.

1861 4350 2042 4424 (Vers.
2077 4349 2163 4419 l3,
2210 4351 2322 4421 14.)
2386 4375 2403 4398 ι
2431 4348 2563 4417 Quae
2618 4356 2671 4404 et
2724 4349 3023 4424 loquimur.
3071 4375 3090 4399 ι
3136 4349 3207 4407 Ut
3252 4347 3386 4405 hinc

1789 4443 2140 4499 manifestum
2170 4444 2241 4498 sit
2272 4444 2412 4500 scire
2456 4457 2554 4498 nos
2600 4457 2722 4514 quae
2759 4457 2790 4497 a
2820 4444 2934 4499 Deo
2983 4441 3141 4498 nobis
3183 4440 3384 4497 donata

1788 4540 1948 4600 sunt;
1983 4532 2111 4604 quia
2144 4531 2259 4588 hwc
2285 4541 2340 4588 et
2369 4531 2672 4604 loquimur,
2702 4538 2763 4586 ut
2788 4538 2842 4586 et
2869 4530 2964 4586 alii
3019 4529 3235 4586 discant
3288 4543 3385 4598 per

1782 4619 2087 4676 doctrinam
2118 4621 2445 4692 spiritalem.
2495 4619 2956 4676 Przedicatoribus
2999 4619 3168 4682 enim,
3204 4615 3260 4670 id
3301 4622 3384 4670 est

1787 4711 2049 4782 apostolis
2093 4710 2376 4765 insinuata
2420 4707 2696 4766 divinitus
2742 4715 2890 4773 sunt,
2937 4723 3058 4776 quae
3104 4702 3385 4757 traderent

1787 4801 2024 4870 populis,
2055 4806 2109 4853 et
2128 4799 2474 4854 addiscerent
2507 4794 2784 4866 principes
2814 4793 2982 4864 hujus
3029 4790 3218 4846 saeculi
3249 4788 3385 4860 quid

1786 4888 2140 4946 admisissent
2173 4887 2324 4942 mali.

1870 5000 1889 5023 ι
1939 4977 2059 5030 Νοη
2111 4975 2167 5028 in
2215 4973 2468 5028 doctrina
2511 4967 2807 5023 verborum
2857 4969 3110 5024 humanae
3171 4968 3382 5040 sapien-

1785 5065 1896 5133 tiae,
1929 5063 2022 5120 sed
2052 5063 2110 5118 in
2140 5061 2392 5118 doctrina
2416 5059 2682 5132 spiritus;
2717 5083 2736 5107 ι
2783 5058 2951 5116 verba
2979 5057 3125 5115 enim
3175 5057 3382 5116 huma-

1782 5277 1975 5333 raliter
2007 5292 2113 5330 non
2141 5273 2316 5328 doctos
2334 5288 2352 5336 ;
2375 5268 2600 5342 reliquas
2628 5268 2758 5327 edit.
2789 5289 2852 5330 ac
2882 5287 3011 5328 mss.
3046 5286 3252 5342 magno
3281 5286 3380 5326 nu-

1783 5365 1955 5415 mero,
1981 5347 2122 5417 quod
2167 5341 2632 5417 scit_nat~t_traliter
2671 5361 2776 5398 non
2821 5345 3024 5416 doctus,
3055 5341 3110 5398 id
3135 5341 3236 5410 est,
3270 5358 3380 5397 non

1783 5435 1878 5491 per
1906 5413 2215 5491 doctrinam
2243 5413 2468 5491 aliunde
2487 5424 2786 5491 acceptam.

1855 5490 1970 5562 (98)
2004 5491 2086 5545 Ita
2125 5495 2229 5562 vet.
2263 5486 2394 5541 edit.
2417 5485 2638 5562 acmss'.
2671 5489 2829 5559 longe
2858 5485 3106 5558 plurimi;
3129 5492 3186 5541 at
3214 5485 3375 5542 Rom.

1781 5557 1913 5617 edit.
1949 5557 2076 5617 cum
2116 5557 2238 5613 aliis
2277 5557 2563 5630 nonnullis
2615 5557 2906 5630 mss.,—non
2945 5563 3115 5630 potest
3158 5575 3219 5613 ea
3265 5573 3383 5628 qua

1779 5640 1901 5689 sunt
1928 5633 2027 5690 Dei
2053 5630 2186 5686 scire
2215 5628 2399 5684 mundi
2424 5628 2665 5696 spiritus.
