3952 6202
81 275 183 336 209

1165 279 1526 337 COMMENT.
1568 279 1639 336 ΙΝ
1678 277 1894 333 EPIST.
1921 279 1943 334 Ι
1973 280 2069 356 AD
2108 279 2263 336 COR.

3283 284 3386 343 210

81 420 228 466 stum
266 409 422 467 aliter
454 410 694 484 populis,
735 410 896 466 aliter
924 408 1217 482 discipulis
1247 410 1588 477 interfatum,
1622 416 1676 464 et
1705 410 1754 468 A
1784 407 2154 465 ministerium
2184 409 2438 480 pertinet,
2470 412 2812 468 necessarius
2846 420 2962 482 est;
3003 419 3065 468 ut
3100 412 3384 472 honoriﬁ-

80 498 225 556 inter
253 501 396 572 ipsos
433 502 709 574 apostolos
741 500 912 556 fuisse
944 501 1305 567 distantiam;
1343 501 1524 557 tribus
1554 509 1678 557 ete-

79 589 192 646 nim
245 589 530 664 discipulis
569 592 802 664 gloriam
850 607 1004 646 suam
1059 591 1116 646 in
1167 600 1353 648 monte
1400 590 1676 659 ostendit,

75 677 269 734 dicens
296 677 407 734 illis
446 690 508 738 ut
540 689 786 738 tacerent
818 679 1028 749 visum,
1076 681 1324 753 quandiu
1369 697 1401 736 a
1447 681 1679 736 mortuis

74 775 384 839 resurgeret
415 770 630 839 (Matth.
655 787 797 836 xvu,
833 770 916 838 9).

161 861 298 918 121
345 866 528 936 (Vers.
562 866 643 934 3.)
693 890 709 912 ε
741 865 880 922 Cum
910 866 1058 921 enim
1089 865 1147 922 in
1179 864 1337 921 vobis
1360 866 1678 922 aemulatio-

73 969 171 1009 nes
218 961 274 1012 et
319 955 705 1010 contentiones
734 954 867 1022 sint,
921 971 1104 1010 nonne
1146 955 1390 1010 carnales
1424 955 1575 1026 estis,
1623 962 1678 1010 et

68 1043 384 1099 secundum
423 1043 706 1099 hominem
739 1043 1076 1098 ambulatis?
1107 1067 1124 1089 ι
1161 1041 1513 1113 Indignitatis
1539 1059 1678 1099 cau-

69 1149 190 1188 sam
224 1131 498 1198 ostendit;
534 1132 661 1204 quia
686 1131 778 1203 qui
809 1131 876 1186 de
908 1131 1131 1186 homine
1162 1141 1344 1202 sperat
1375 1131 1672 1200 auxilium,

66 1223 318 1278 carnalis
349 1231 448 1278 est.
483 1221 586 1288 Qui
617 1228 818 1287 autem,
856 1229 1036 1292 spreta
1067 1220 1435 1288 humanitate,
1466 1221 1533 1277 de
1562 1224 1675 1278 Deo

70 1319 278 1384 sperat,
312 1310 578 1383 spiritalis
604 1318 715 1377 est;
751 1310 881 1382 quia
909 1311 1056 1365 Deus
1085 1309 1314 1381 spiritus
1343 1318 1443 1365 est.

148 1401 332 1470 (Vers.
361 1399 443 1470 4.)
489 1423 506 1446 ι
537 1398 672 1457 Cum
703 1399 849 1454 enim
878 1398 1003 1471 quis
1031 1398 1216 1456 dicat:
1248 1399 1364 1470 Ego
1395 1416 1512 1455 sum
1538 1400 1672 1455 Pau-

75 1489 150 1554 li;
208 1488 350 1544 alius
400 1496 630 1543 autem:
693 1488 811 1559 Ego
876 1488 1110 1559 Apollo;
1181 1503 1365 1542 nonne
1421 1487 1673 1545 homines

72 1579 207 1634 estis
231 1578 259 1634 7
298 1602 316 1626 ›
364 1576 519 1634 Sicut
557 1576 706 1632 enim
751 1575 1047 1648 gloriantes
1093 1576 1149 1631 in
1197 1578 1330 1644 Deo,
1361 1583 1414 1632 et
1444 1575 1511 1632 de
1553 1576 1674 1649 ipso

72 1684 293 1724 omnem
325 1667 554 1740 gratiam
591 1675 871 1740 sperantes
903 1668 1008 1738 (3),
1039 1667 1119 1722 dii
1164 1666 1449 1735 dicuntur,
1499 1685 1530 1724 a
1560 1670 1672 1724 Deo

72 1756 357 1829 adoptati;
402 1756 480 1812 ita
508 1764 562 1812 et
612 1755 670 1811 in
700 1755 924 1812 homine
967 1757 1287 1828 gloriantes,
1319 1765 1373 1813 et
1418 1756 1672 1812 homines

72 1854 126 1900 et
172 1847 420 1903 carnales
467 1845 750 1914 dicuntur,
801 1845 1074 1902 sententia
1116 1845 1216 1902 Dei
1259 1847 1525 1913 conclusi,
1576 1847 1670 1920 qui

72 1935 152 1990 ait
181 1953 192 1989 :
236 1959 255 1983 ι
284 1935 399 2006 Ego
425 1934 568 2003 dixi,
593 1934 670 1990 dii
701 1934 834 1990 estis
859 1954 872 2002 ;
907 1952 1005 1990 vos
1033 1941 1215 1990 autem
1247 1935 1389 1990 sicut
1419 1934 1673 1991 homines

73 2023 390 2080 moriemini
441 2026 612 2096 (Psat.
659 2041 854 2089 Lxxxr,
883 2025 936 2090 6,
981 2026 1058 2094 7).
1102 2049 1120 2072 ι
1165 2025 1214 2080 Α
1245 2040 1343 2079 sua
1382 2041 1510 2096 ergo
1540 2041 1675 2098 per-

72 2127 213 2167 sona
232 2111 462 2184 incipit;
503 2129 570 2168 ne
599 2113 740 2168 forte
765 2121 1050 2184 putaretur
1071 2129 1166 2186 per
1195 2114 1464 2170 invidiam
1500 2114 1673 2186 magis

75 2217 336 2272 personas
367 2201 589 2258 illorum
621 2201 916 2269 destruere,
949 2203 1242 2260 ostendens
1282 2221 1542 2276 magnum
1575 2220 1674 2259 er-

72 2305 256 2344 rorem
303 2297 359 2344 et
402 2289 470 2345 ad
517 2289 612 2345 Dei
662 2291 1053 2346 contumeliam
1105 2292 1400 2364 pertinere,
1451 2292 1674 2365 quando

69 2382 186 2436 Deo
218 2378 532 2450 praedicato,
583 2380 756 2451 gloria
787 2379 948 2436 datur
978 2380 1321 2437 hominibus.
1357 2381 1502 2448 Quid
1545 2397 1674 2454 ergo

72 2468 262 2525 minus
293 2478 374 2525 est
402 2486 432 2524 a
458 2468 786 2542 gentilitate,
828 2468 960 2524 dum
992 2468 1175 2524 adhuc
1211 2469 1424 2541 aliquid
1451 2470 1520 2525 de
1564 2468 1676 2525 ho—

76 2557 325 2612 minibus
354 2565 603 2629 speratur
625 2558 652 2614 ?

147 2647 336 2719 (Vers.
367 2646 448 2714 5.)
491 2670 508 2692 ι
550 2646 695 2713 Quid
739 2646 909 2719 igitur
948 2655 1031 2703 est
1075 2645 1324 2718 Apollo?
1370 2647 1516 2715 Quid
1545 2664 1677 2705 vero

77 2736 331 2792 Paulus?
374 2736 612 2792 Ministri
655 2735 793 2807 ejus,
838 2737 930 2794 cui
978 2739 1314 2795 credidistis.
1359 2764 1376 2786 ι
1432 2738 1502 2794 Ut
1549 2738 1679 2811 quia

79 2824 324 2881 ministri
354 2833 512 2892 sunt,
543 2841 665 2897 spes
695 2825 753 2880 in
788 2824 876 2882 his
904 2843 1016 2882 non
1047 2829 1148 2896 sit,
1181 2829 1274 2884 sed
1307 2829 1363 2883 in
1398 2829 1540 2895 Deo,
1572 2845 1680 2884 cu-

71 2915 162 2987 jus
199 2915 442 2970 ministri
486 2923 633 2970 sunt.
678 2915 766 2970 Illi
803 2917 950 2972 enim
995 2918 1293 2987 gratiarum
1328 2918 1473 2974 actio
1512 2917 1681 2974 defe-

77 3005 246 3061 renda
288 3012 389 3073 est,
435 3004 593 3078 cujus
634 3005 841 3060 donum
875 3013 994 3073 est;
1051 3006 1109 3062 hi
1155 3023 1286 3063 vero
1328 3007 1495 3074 servi,
1545 3023 1682 3079 quos

79 3095 243 3150 etiam
303 3094 509 3151 invitos
559 3103 775 3167 oportet
832 3095 1171 3167 dispensare.
1227 3095 1508 3168 Numquid
1566 3112 1754 3188 nonc

79 3185 295 3254 Moyses
325 3191 546 3239 coactus
575 3193 656 3239 est
695 3183 774 3240 ire
804 3183 871 3238 ad
902 3184 1267 3250 Pharaonem,
1298 3193 1352 3239 et
1382 3184 1545 3238 Jonas
1585 3183 1682 3237 in-

81 3277 223 3331 vitus
245 3275 452 3330 missus
471 3282 552 3328 est
584 3273 880 3343 praedicare
900 3271 1188 3340 Ninivitis,
1213 3281 1268 3328 et
1290 3273 1532 3328 Ananias
1552 3288 1680 3328 con-

79 3365 356 3420 tradicens
390 3362 592 3416 missus
621 3367 702 3414 est
742 3358 908 3414 Saulo
939 3376 1162 3414 manum
1193 3361 1475 3431 imponere
1495 3361 1524 3416 ?

157 3483 173 3503 .
211 3457 290 3512 Et
341 3451 646 3522 unicuique
689 3449 831 3506 sicut
873 3451 1146 3506 Dominus
1188 3451 1376 3518 dedit;
1421 3478 1437 3499 -
1483 3452 1539 3509 id
1580 3461 1682 3521 est,

81 3545 216 3601 sicut
245 3542 437 3599 voluit
467 3548 521 3596 et
562 3539 746 3607 scivit,
789 3539 986 3595 divisit
1028 3539 1260 3613 singulis
1291 3541 1472 3598 oﬂicia
1505 3543 1683 3597 mini-

83 3634 249 3690 sterii.

151 3723 338 3790 (Vers.
383 3719 462 3790 6.)
517 3743 536 3766 σ
576 3719 692 3790 Ego
737 3718 1021 3790 plantavi,
1068 3719 1269 3790 Apollo
1308 3719 1547 3791 rigavit,
1587 3720 1681 3777 sed

87 3811 224 3866 Deus
268 3811 673 3865 incrementum
709 3806 880 3863 dedit.
913 3832 931 3854 ι
975 3808 1228 3863 Plantare
1273 3815 1354 3864 est
1393 3810 1683 3881 evangeli-

86 3915 217 3966 zare,
250 3906 306 3955 et
341 3896 411 3952 ad
447 3895 610 3952 ﬁdem
643 3896 916 3951 attrahere
944 3914 956 3952 :
1004 3895 1179 3967 rigare
1211 3913 1363 3964 vero,
1406 3897 1681 3969 baptizare

87 3986 426 4042 solemnibus
471 3983 702 4039 verbis:
763 3991 983 4055 peccata
1033 3992 1214 4040 autem
1265 3985 1582 4052 dimittere,
1628 3995 1682 4043 et

89 4077 349 4148 Spiritum
388 4074 534 4142 dare,
581 4074 679 4130 Dei
721 4073 911 4130 solius.
959 4073 1016 4131 Si
1045 4091 1174 4145 ergo
1202 4075 1456 4131 effectum
1487 4077 1682 4131 salutis

89 4166 223 4221 Deus
247 4165 365 4232 dat,
400 4164 554 4218 nulla
583 4163 756 4234 gloria
787 4163 845 4218 in
876 4164 978 4219 hac
1023 4179 1080 4218 re
1112 4163 1356 4220 hominis
1399 4172 1499 4220 est.
1554 4164 1683 4220 Sci—

93 4268 201 4307 mus
234 4251 388 4308 enim
432 4258 488 4306 et
529 4250 798 4322 Spiritum
830 4258 1078 4306 sanctum
1119 4251 1238 4306 sine
1268 4268 1464 4306 manus
1495 4253 1683 4322 impo—

91 4341 276 4397 sitione
306 4341 501 4397 datum
536 4357 566 4395 a
594 4343 708 4395 Deo
741 4341 882 4410 (Act.
918 4357 977 4406 ιι,
1010 4339 1090 4410 4),
1121 4347 1173 4396 et
1202 4356 1314 4394 non
1345 4339 1683 4412 baptizatum

93 4439 440 4486 consecutum
483 4428 866 4484 remissionem
912 4435 1255 4499 peccatorum
1301 4428 1442 4498 (Act.
1476 4445 1533 4496 Χ,
1565 4427 1681 4498 44).

95 4517 359 4592 Numquid
390 4533 500 4574 non
523 4517 615 4574 hic
636 4515 998 4573 invisibiliter
1018 4516 1326 4588 baptizatus
1341 4523 1444 4584 est,
1467 4516 1684 4590 quando

95 4604 283 4663 donum
315 4607 668 4677 baptismatis
698 4615 1026 4663 consecutus
1054 4615 1137 4662 est
1159 4606 1186 4662 7

160 4697 335 4765 (Vers.
362 4697 449 4768 7.)
479 4720 495 4742 ι
519 4698 707 4769 Itaque
738 4712 913 4769 neque
945 4695 1037 4768 qui
1062 4697 1292 4768 plantat,
1323 4702 1405 4752 est
1434 4695 1676 4768 aliquid;

98 4801 258 4858 neque
283 4787 380 4859 qui
424 4784 565 4857 rigat
592 4803 603 4839 :
646 4785 740 4841 sed
765 4785 860 4858 qui
892 4784 1292 4842 incrementum
1323 4785 1415 4841 dat
1453 4787 1616 4840 Deus.
1651 4810 1669 4831 ι

100 4876 160 4931 Et
204 4879 449 4948 plantata
483 4875 629 4930 enim
665 4875 844 4930 solent
893 4873 1086 4940 emori,
1120 4881 1174 4928 et
1220 4873 1392 4944 rigata
1431 4874 1498 4930 ad
1545 4875 1684 4929 efl‘e-

100 4971 232 5019 ctum
263 4962 626 5021 fecunditatis
657 4961 884 5018 minime
916 4961 1236 5034 pervenire,
1266 4963 1375 5018 nisi
1407 4963 1499 5019 det
1539 4965 1685 5018 Deus

103 5061 332 5124 vegetam
365 5053 562 5108 vitam.
603 5053 879 5119 Quantum
912 5068 1040 5123 ergo
1090 5049 1160 5104 ad
1204 5049 1683 5107 honoriﬁcentiam

102 5139 188 5196 Dei
216 5144 478 5215 pertinet,
513 5140 654 5196 nihil
699 5149 781 5197 est
826 5141 995 5196 homo
1030 5159 1041 5195 :
1088 5146 1358 5212 quantum
1391 5147 1573 5194 autem
1616 5137 1686 5194 ad

168 5319 242 5389 (3)
290 5320 422 5376 Mss.
473 5317 705 5390 aliquot,
762 5318 992 5390 gloriam
1039 5323 1326 5390 sperantes.
1376 5317 1687 5390 Et_rursus

106 5387 191 5457 pro
217 5392 472 5447 sententia
506 5387 607 5446 Dei
642 5387 892 5456 conclusi,
934 5387 1247 5460 non'pauci
1295 5404 1427 5443 mss.
1460 5387 1684 5460 habent,

107 5463 339 5518 sententia
376 5462 480 5518 Dei
524 5460 807 5528 concludit,
853 5476 1018 5527 unus,
1066 5458 1207 5531 quod
1245 5476 1349 5514 uno
1392 5458 1547 5514 verba
1591 5459 1689 5513 Dei

109 5534 337 5588 sententia
366 5533 652 5590 concludit.

172 5601 246 5674 (lt)
283 5603 560 5661 Nonnulli
591 5619 746 5672 mss.,
777 5602 904 5676 quia
933 5601 1085 5658 ambo
1116 5601 1400 5657 necessarii
1436 5605 1578 5656 sunt.

1785 505 1940 554 cetur
1967 497 2122 569 quasi
2155 514 2378 564 servus,
2408 515 2518 556 non
2547 508 2607 556 ut
2634 501 2849 574 aliquid
2879 501 2946 558 de
2989 503 3086 559 illo
3131 511 3381 576 speretur

1787 587 1854 642 ad
1886 586 2145 658 iniuriam
2176 589 2296 644 Dei.

1861 695 2041 766 (Vers.
2065 694 2146 766 8.)
2190 719 2207 741 ι
2239 695 2342 763 Qui
2373 695 2519 751 enim
2551 698 2779 768 plantat,
2807 706 2862 754 et
2887 700 2981 772 qui
3018 700 3177 773 rigat,
3202 719 3377 760 unum

1787 790 1934 839 sunt.
1969 808 1988 832 ι
2021 784 2201 839 Unum
2231 791 2380 851 sunt,
2417 785 2547 855 quia
2575 784 2735 840 ambo
2767 788 3087 844 mercenarii
3117 798 3244 846 sunt
3269 791 3372 862 (5);

1787 872 2039 944 quamvis
2059 873 2276 928 diversa
2305 874 2417 928 sint
2443 873 2665 928 illorum
2689 874 2868 931 cilicia
2896 893 2905 928 :
2947 901 2964 922 ι
2992 876 3377 952 Unusquisque

1785 968 1967 1015 autem
1995 961 2269 1034 propriam
2304 962 2607 1018 mercedem
2629 963 2861 1034 accipiet
2890 965 3188 1020 secundum
3216 983 3376 1024 suum

1788 1050 2050 1106 laborem.
2093 1075 2112 1099 ι
2170 1051 2434 1119 Quamvis
2480 1051 2627 1107 enim
2679 1069 2851 1107 unum
2908 1052 3053 1120 sint,
3107 1053 3200 1109 sed
3252 1054 3382 1127 quia

1787 1138 1962 1210 major
2009 1149 2112 1208 est,
2161 1141 2256 1214 qui
2306 1141 2679 1210 evangelizat,
2729 1156 2892 1212 quam
2948 1142 3044 1213 qui
3100 1141 3376 1214 baptizat;

1784 1227 1909 1283 ideo
1937 1227 2204 1284 discrevit
2247 1229 2523 1285 mercedes
2551 1228 2814 1295 illorum;
2852 1237 2908 1284 et
2952 1246 3065 1285 non
3101 1232 3279 1288 solum
3311 1231 3380 1288 ad

1784 1316 1921 1384 hoc,
1971 1317 2065 1373 sed
2111 1317 2178 1374 ad
2235 1317 2500 1374 doctrinae.
2553 1318 2924 1376 sinceritatem
2976 1322 3259 1391 pertinet:
3319 1329 3382 1378 ut

1785 1404 1979 1476 majori
2023 1405 2267 1463 mercede
2306 1407 2378 1463 sit
2425 1407 2644 1480 dignus,
2697 1407 2791 1480 qui
2841 1407 3166 1465 inviolatam
3213 1410 3380 1469 tradit

1781 1493 2110 1551 doctrinam.

1855 1601 2036 1674 (Vers.
2063 1603 2144 1672 9.)
2182 1626 2199 1648 ι
2226 1603 2323 1658 Dei
2350 1602 2498 1658 enim
2527 1619 2719 1660 sumus
2743 1603 2925 1676 operis
2953 1605 3248 1676 participes
3271 1605 3376 1677 (5);

1780 1692 1878 1748 Dei
1907 1693 2144 1760 cultura,
2172 1693 2269 1748 Dei
2300 1692 2592 1748 aediﬁcatio
2622 1693 2772 1750 estis.
2805 1715 2823 1739 ι
2860 1693 2976 1749 Hoc
3003 1693 3071 1749 ad
3095 1694 3380 1764 apostolo-

1703 1767 1748 1828 Β
1781 1800 1902 1839 rum
1939 1799 2227 1856 personam
2260 1783 2516 1854 pertinet,
2559 1799 2696 1856 quos
2730 1791 2945 1838 constat
2988 1783 3089 1839 Dei
3119 1799 3235 1839 esse
3273 1783 3381 1840 ad-

1775 1873 2018 1945 jutores;
2057 1871 2188 1945 quia
2220 1871 2412 1927 vicarii
2453 1879 2583 1927 sunt
2613 1870 2842 1928 Christi.

1856 1963 2038 2034 (Vers.
2074 1962 2186 2032 10.)
2231 1986 2249 2008 ι
2291 1960 2604 2017 Secundum
2645 1960 2875 2033 gratiam
2920 1960 3039 2029 Dei,
3090 1978 3211 2034 quae
3254 1961 3380 2018 data

1782 2061 1863 2108 est
1895 2051 2065 2116 mihi,
2099 2058 2161 2107 ut
2200 2051 2416 2123 sapiens
2443 2050 2778 2108 architectus
2815 2051 3240 2108 fundamentum
3273 2069 3382 2125 po-

1782 2143 1890 2198 sui.
1927 2163 1944 2187 »
1997 2140 2240 2197 Gratiam
2289 2140 2396 2196 sibi
2443 2139 2626 2196 datam
2672 2139 2840 2209 dicit,
2889 2148 2950 2196 ut
2997 2139 3198 2213 dignus
3243 2150 3384 2198 esset

1785 2231 2078 2306 praedicare
2109 2231 2508 2303 Evangelium;
2557 2237 2617 2285 ut
2665 2239 2718 2287 et
2765 2229 2870 2286 hoc
2912 2231 3012 2287 Dei
3042 2248 3157 2288 esse
3187 2240 3382 2288 osten-

1784 2323 1957 2389 deret,
2007 2337 2116 2376 non
2167 2320 2430 2375 hominis.
2479 2318 2794 2375 Secundum
2836 2318 2979 2377 hanc
3021 2321 3205 2394 itaque
3251 2338 3383 2393 gra—

1786 2410 1939 2478 tiam,
1993 2417 2054 2465 ut
2103 2408 2400 2480 sapientem
2447 2406 2810 2464 architectum
2856 2408 3280 2466 fundamentum
3327 2425 3385 2465 se

1785 2499 1924 2554 dicit
1970 2496 2236 2570 posuisse.
2289 2496 2516 2568 Sapiens
2562 2496 2897 2552 architectus
2926 2505 3026 2565 est,
3074 2498 3170 2570 qui
3220 2497 3388 2568 juxta

1786 2588 2136 2660 disciplinam
2169 2587 2410 2642 auctoris
2448 2589 2685 2644 collocat
2717 2587 3159 2655 fundamentum,
3197 2587 3254 2642 id
3284 2595 3386 2656 est,

1788 2679 1882 2751 qui
1912 2675 2213 2733 secundum
2243 2675 2598 2733 traditionem
2628 2677 2930 2733 Salvatoris
2954 2676 3316 2748 evangelizat.

1872 2800 1890 2824 ι
1911 2775 2074 2833 Alius
2093 2783 2274 2831 autem
2297 2773 2718 2847 superaadiﬁcat.
2746 2799 2763 2820 -
2803 2774 3176 2846 Supemdiﬁci
3191 2791 3222 2830 a
3241 2783 3389 2844 sunt,

1788 2883 1908 2939 quae
1956 2871 2079 2937 post
2132 2864 2578 2937 praedicationem
2628 2865 3001 2936 apostolorum
3050 2881 3082 2920 a
3131 2881 3390 2937 superve-

1790 2955 2072 3010 nientibus
2100 2954 2395 3010 traduntur
2420 2963 2515 3010 aut
2544 2954 2705 3009 malis
2734 2962 2829 3010 aut
2858 2953 3020 3010 bonis
3047 2952 3386 3011 doctoribus.

1877 3078 1894 3100 ι
1924 3051 2307 3125 Unusquisque
2337 3059 2518 3107 autem
2551 3051 2760 3119 videat,
2792 3051 3257 3124 quemadmodum
3287 3069 3391 3108 su-

1790 3142 2121 3213 peraediﬁcet
2143 3143 2247 3214 (6),
2275 3167 2293 3188 ›
2341 3143 2396 3197 id
2426 3151 2526 3208 est,
2560 3151 2620 3197 ut
2653 3143 3052 3212 superaedificia
3083 3153 3392 3214 congruant

1791 3231 2183 3297 fundamento;
2225 3248 2294 3286 ne
2334 3231 2380 3285 si
2408 3231 2632 3301 obliqua
2664 3231 2871 3285 fuerint
2900 3237 2954 3285 et
2992 3230 3218 3297 frivola,
3263 3232 3393 3287 rui-

1790 3335 1917 3374 nam
1947 3319 2175 3387 faciant,
2227 3325 2479 3372 manente
2524 3318 2795 3373 incolumi
2827 3317 3217 3384 fundamento;
3264 3319 3395 3390 quia

1792 3406 1837 3461 si
1871 3408 2012 3462 male
2039 3407 2326 3471 docuerit,
2375 3405 2583 3464 Christi
2634 3420 2837 3460 nomen
2885 3414 3195 3476 permanet,
3246 3405 3393 3478 quod

1793 3504 1874 3552 est
1921 3496 2380 3551 fundamentum:
2437 3493 2690 3552 doctrina
2738 3501 2922 3550 autem
2979 3495 3124 3549 mala
3170 3494 3390 3566 peribit,

1791 3586 1935 3641 sicut
1963 3586 2099 3643 dicit
2126 3586 2428 3641 Dominus:
2479 3611 2496 3632 ι
2528 3583 2722 3640 Omnis
2751 3583 3040 3655 plantatio,
3075 3600 3237 3657 quam
3277 3601 3390 3642 non

1791 3675 2060 3747 plantavit
2090 3675 2247 3730 Pater
2277 3690 2430 3730 meus
2472 3673 2730 3742 ccelestis,
2763 3671 3138 3730 eradicabitur
3171 3673 3384 3746 (Matth.

1791 3783 1885 3833 xv,
1921 3766 2032 3838 13).
2077 3790 2094 3812 ι

1864 3873 2044 3944 (Vers.
2091 3874 2204 3943 11.)
2263 3896 2281 3919 ‹
2324 3871 2768 3929 Fundamentum
2821 3870 2971 3926 enim
3021 3868 3176 3922 aliud
3228 3883 3391 3922 nemo

1793 3971 1969 4035 potest
2012 3979 2213 4036 ponere
2256 3970 2451 4034 praeter
2498 3960 2556 4015 id
2602 3958 2751 4031 quod
2799 3957 3040 4029 positum
3093 3963 3193 4021 est,
3243 3954 3390 4025 quod

1796 4057 1936 4113 122
1965 4067 2046 4116 est
2077 4058 2330 4116 Christus
2354 4059 2528 4113 Iesus.
2563 4079 2579 4101 ι
2623 4055 2752 4110 Ideo
2783 4070 2947 4108 nemo
2980 4060 3158 4125 potest
3188 4069 3390 4125 ponere

1791 4149 1943 4205 aliud
1997 4147 2448 4214 fundamentum,
2500 4145 2630 4217 quia
2675 4143 2927 4218 quamvis
2979 4141 3223 4198 haeretici
3278 4141 3392 4197 sint

1793 4241 1987 4312 aliqui,
2019 4254 2128 4293 non
2158 4244 2342 4292 tamen
2371 4237 2600 4303 docent,
2632 4233 2738 4290 nisi
2769 4232 2872 4289 sub
2903 4231 3109 4289 Christi
3142 4230 3386 4287 nomine.

1793 4333 1971 4388 Aliter
2016 4331 2162 4386 enim
2219 4335 2528 4384 commenta
2581 4327 2782 4384 erroris
2836 4323 3224 4383 commendare
3275 4340 3386 4379 non

1795 4427 2040 4495 possunt,
2072 4419 2179 4475 nisi
2209 4418 2533 4490 interposito
2560 4415 2860 4474 Salvatoris
2911 4414 3138 4471 nomino
3183 4411 3388 4486 pradi-

1792 4519 1917 4568 cent
1941 4530 1954 4578 ;
1988 4519 2048 4566 ut
2077 4527 2161 4565 res
2182 4509 2482 4565 contrarias
2504 4515 2559 4563 et
2586 4506 2850 4563 absurdas
2880 4503 3123 4560 nominis
3149 4502 3390 4574 dignitas

1794 4601 1958 4656 faciat
1985 4599 2362 4671 acceptabiles.

1866 4690 2046 4760 (Vers.
2086 4689 2199 4760 i2.)
2246 4715 2263 4735 ι
2303 4687 2358 4744 Si
2390 4688 2515 4760 quis
2559 4696 2741 4743 autem
2791 4681 3189 4756 superzedificat
3225 4697 3390 4751 supra

1796 4778 2210 4833 fundamentum
2242 4777 2368 4843 hoc,
2400 4792 2617 4841 aurum,
2650 4781 2961 4844 argentum,
3007 4769 3214 4840 lapides
3256 4783 3389 4837 pre-

1794 4871 1981 4926 tiosos.
2015 4892 2033 4914 ι
2077 4866 2308 4937 Lapides
2337 4864 2562 4936 pretiosi
2594 4871 2744 4929 sunt,
2775 4878 2912 4932 quos
2942 4875 3054 4913 non
3084 4855 3391 4926 corrumpit

1795 4958 1957 5030 ignis.
2007 4956 2136 5011 Tria
2174 4969 2369 5026 genera
2407 4952 2591 5024 posuit
2639 4951 2900 5023 praeclara
2947 4949 3002 5002 in
3054 4945 3280 5014 mundo,
3330 4946 3388 5002 in

1794 5048 1996 5122 quibus
2023 5045 2223 5101 bonam
2255 5040 2560 5097 doctrinam
2603 5035 2968 5109 significavit,
3023 5059 3040 5081 ι
3083 5035 3258 5107 ligna,
3298 5035 3389 5090 fe-

1796 5153 1951 5204 num,
1983 5134 2278 5206 stipulam;
2325 5155 2344 5178 ›
2396 5128 2504 5186 tria
2530 5127 2638 5184 alia
2681 5140 2878 5197 genera
2907 5122 3111 5195 posuit,
3153 5123 3248 5179 sed
3278 5123 3388 5178 fri—

1869 5316 1950 5386 (5)
1993 5316 2072 5370 Ita
2101 5319 2211 5368 vet.
2247 5308 2475 5386 edit._a_c
2503 5324 2642 5386 mss._
2669 5303 3116 5386 longeqplurimi;
3148 5311 3204 5358 at
3228 5304 3388 5360 Rom.

1796 5376 2006 5442 editfet
2037 5401 2163 5439 mss.
2192 5381 2473 5453 nonnulli,
2495 5379 2669 5453 operis
2693 5376 2989 5453 adjutores:
3153 5447 3179 5453 ⁴
3356 5443 3366 5453 .

1868 5458 1950 5529 (6)
1991 5455 2154 5529 Corb.
2201 5452 2347 5529 cod,
2387 5447 2644 5529 quaniodo
2692 5447 3088 5529 supermdiﬁcet.
3142 5447 3394 5529 Quantin's

1797 5516 2006 5582 ιιίιῖειίεα
2052 5527 2157 5580 sint
2204 5516 2423 5580 illorum
2469 5521 2671 5594 ofﬁcia,
2720 5531 2918 5570 necesse
2959 5516 3022 5574 ut
3069 5516 3395 5591 superwdiﬁ.

1797 5600 1900 5668 cia,
1931 5607 2035 5654 etc.
