3952 6202
532 228 639 290 211

1574 234 1670 290 AD
1697 232 1932 289 OPERA
1968 231 2023 289 S.
2064 230 2399 290 AMBROSII
2436 232 2815 291 APPENDIX.

3784 234 3895 292 212

536 358 685 416 vola.
735 359 798 415 In
841 357 930 415 his
965 365 1226 433 corrupta
1265 364 1321 414 et
1364 373 1508 416 vana
1551 357 1804 416 doctrina
1849 358 2130 433 designata
2156 358 2208 420 A
2236 368 2345 428 est,
2376 358 2522 433 quod
2551 360 2683 418 estis
2710 377 2829 418 vos.
2862 386 2880 409 ι
2926 358 3052 419 Haec
3090 359 3297 419 idcirco
3328 361 3627 436 praemisit
3661 370 3725 419 ut
3754 362 3894 421 illos

536 447 881 522 dignoscitur
918 447 1025 521 (7).

611 541 794 613 (Vers.
818 539 933 612 13.)
980 564 998 587 ε
1028 540 1132 608 Qui
1165 540 1298 598 facit
1326 538 1434 598 hoc
1452 556 1610 613 opus,
1643 537 1969 596 manifestus
1995 539 2129 608 erit;

537 630 656 689 dies
688 630 836 687 enim
884 629 1208 699 declarabit,
1254 630 1385 704 quia
1432 630 1491 685 in
1538 629 1664 702 igne
1712 629 2068 685 revelabitur.
2104 654 2121 678 ι

537 721 655 779 Hoc
679 729 780 789 est,
816 720 959 777 mala
984 719 1238 776 doctrina
1274 720 1334 775 in
1364 719 1489 792 igne
1516 718 1780 775 omnibus
1815 718 2131 791 apparebit;

538 827 688 869 nunc
734 810 881 866 enim
930 808 1193 882 quosdam
1259 808 1451 865 fallit:
1516 832 1534 856 ι
1582 809 1655 864 Et
1701 808 2137 882 uniuscujusque

537 917 674 974 opus
717 899 878 973 quale
922 899 1030 965 sit,
1082 898 1228 971 ignis
1271 897 1545 971 probabit.
1590 923 1608 946 ι
1655 897 1800 965 Quia
1843 898 1992 954 enim
2040 913 2137 970 per

535 996 720 1063 ignem
750 987 1088 1045 examinatio
1116 987 1232 1055 ﬁet,
1265 987 1313 1044 si
1360 987 1419 1042 in
1456 987 1645 1059 aliquo
1690 1004 1801 1044 non
1837 987 2135 1056 invenerit,

536 1080 685 1156 quod
713 1087 943 1149 exurat,
975 1079 1292 1137 manifestat
1326 1077 1487 1134 illum
1518 1078 1724 1135 bonum
1756 1079 1923 1135 fuisse
1951 1078 2136 1136 docto-

538 1188 688 1238 rem;
740 1170 885 1227 mala
929 1170 1079 1228 enim
1122 1175 1178 1224 et
1222 1167 1475 1224 adultera
1517 1168 1773 1224 doctrina
1819 1168 2031 1225 idcirco
2077 1168 2137 1225 in

538 1260 712 1334 ligno,
741 1259 890 1327 feno,
923 1264 978 1315 et
1011 1256 1218 1330 stipula
1258 1256 1570 1330 signiﬁcata
1596 1264 1699 1325 est,
1729 1263 1792 1314 ut
1824 1256 2137 1313 ostendere-

539 1358 632 1410 tur
660 1352 805 1425 ignis
833 1366 947 1407 esse
970 1366 1110 1408 esca.

616 1442 799 1515 (Vers.
827 1440 939 1512 14.)
982 1465 1000 1489 ι
1036 1441 1092 1498 Si
1121 1440 1282 1514 cujus
1308 1456 1447 1513 opus
1476 1437 1758 1507 manserit,
1782 1435 1927 1511 quod
1955 1452 2139 1510 super-

543 1530 920 1598 aadiﬁcaverit,
973 1531 1278 1587 mercedem
1327 1528 1579 1601 accipiet.
1612 1551 1631 1575 ι
1676 1527 1814 1585 Cum
1860 1526 2009 1583 enim
2058 1525 2140 1583 ni-

542 1620 629 1681 hil
667 1621 725 1677 in
767 1621 869 1678 illo
895 1620 1072 1677 sordis
1116 1619 1405 1677 inventum
1441 1619 1608 1675 fuerit
1637 1633 1819 1691 pravae
1848 1617 2140 1683 doctrinas,

2243 458 2594 524 compungat,
2623 451 2719 525 qui
2752 452 2987 527 turpiter
3010 452 3280 521 viventes,
3321 470 3585 527 corpora
3624 470 3728 511 sua
3767 455 3893 510 vio-

2244 540 2410 596 lando
2432 549 2817 614 corruperant;
2842 540 3086 599 maxime
3116 541 3277 599 illum
3301 543 3400 617 qui
3426 561 3683 602 uxorem
3708 547 3888 619 patris

2245 629 2515 697 habebat;
2561 637 2624 686 ut
2656 637 2781 687 ante
2826 639 2968 688 esset
3013 646 3158 700 rens,
3194 649 3365 705 quam
3397 651 3585 691 causa
3623 636 3787 693 illius
3828 637 3883 691 in

2247 719 2488 775 medium
2532 728 2934 792 prorumperet.
2985 720 3233 795 Denique
3277 722 3487 793 simili,
3526 722 3655 781 imo
3683 726 3882 782 eodem

2248 810 2432 879 modo,
2464 827 2589 866 cum
2630 827 2845 867 causam
2879 811 3032 867 illius
3069 811 3303 884 judicat,
3336 814 3611 887 loquitur
3640 816 3877 874 dicens:

2260 921 2279 945 ι
2309 900 2396 954 An
2444 899 2669 955 nescitis
2717 900 2849 973 quia
2894 917 3126 973 corpora
3171 910 3355 958 vestra
3402 904 3697 977 templum
3742 913 3879 961 sunt

2248 986 2484 1059 Spiritus
2514 989 2708 1058 sancti,
2761 989 2855 1062 qui
2904 990 2959 1045 in
2992 989 3152 1046 vobis
3195 998 3298 1061 est,
3351 1009 3525 1065 quem
3582 994 3804 1051 habetis
3844 1012 3875 1049 a

2246 1077 2358 1133 Deo
2391 1079 2449 1146 (Ῑ
2462 1078 2586 1134 Cor.
2618 1096 2699 1147 γι,
2724 1078 2812 1150 19)
2837 1078 2867 1134 ?
2895 1104 2914 1127 ι
2934 1116 2937 1117 ν
2956 1078 3220 1152 Superius
3245 1083 3525 1154 templum
3552 1085 3659 1140 Dei
3688 1083 3869 1143 dixit:

2248 1168 2354 1223 hoc
2376 1176 2559 1224 autem
2601 1167 2721 1224 loco
2749 1170 3015 1241 templum
3047 1170 3287 1243 Spiritus
3323 1172 3505 1228 sancti
3541 1173 3695 1247 (10).
3734 1175 3870 1242 Quis

2249 1257 2342 1315 hic
2370 1258 2606 1329 dubitet,
2653 1259 2784 1332 quia
2830 1259 3099 1333 Spiritum
3138 1270 3392 1319 sanctum
3421 1264 3616 1320 Deum
3663 1262 3866 1337 signiﬁ-

2248 1348 2398 1405 cavit
2418 1348 2448 1405 ?

2326 1438 2509 1508 (Vers.
2544 1438 2657 1511 18.)
2708 1463 2727 1487 ι
2765 1440 2939 1497 Nemo
2987 1456 3044 1497 se
3090 1440 3351 1511 seducat;
3396 1469 3415 1493 ι
3461 1441 3523 1499 id
3552 1450 3665 1512 est,
3707 1459 3869 1498 nemo

2251 1528 2474 1601 proprio
2499 1530 2585 1585 vel
2621 1529 2866 1586 humano
2895 1530 3135 1589 consilio
3162 1541 3319 1606 putet
3346 1550 3406 1590 se
3434 1533 3549 1591 sibi
3585 1536 3863 1607 prodesse.

2252 1620 2335 1676 Ad
2366 1622 2705 1693 superiorem
2752 1637 2973 1678 sensum
3006 1622 3186 1679 redit:
3232 1647 3250 1671 ι
3282 1624 3338 1681 Si
3371 1625 3501 1697 quis
3532 1625 3759 1681 videtur
3782 1640 3867 1680 sa-

543 1720 607 1769 ut
634 1711 695 1767 in
722 1711 870 1768 bono
896 1726 1065 1778 auro;
1111 1710 1189 1767 ita
1219 1710 1323 1767 erit
1353 1716 1414 1765 ut
1454 1717 1563 1766 tres
1606 1708 1802 1765 fratres
1834 1707 1892 1763 in
1920 1706 2140 1763 camino
2170 1723 2217 1784 Β
2252 1710 2407 1782 piens
2435 1726 2551 1766 esse
2581 1709 2728 1765 inter
2751 1727 2851 1766 vos
2899 1711 2957 1767 in
2990 1711 3099 1768 hoc
3126 1713 3353 1782 saeculo,
3400 1715 3617 1770 stultus
3660 1714 3770 1780 ﬁat,
3797 1720 3862 1767 ut

546 1799 691 1872 ignis
723 1800 889 1871 (Dan.
919 1816 1003 1868 III,
1036 1799 1153 1871 23),
1182 1797 1491 1855 mercedem
1522 1798 1695 1854 vitam
1729 1804 1987 1853 aeternam
2013 1811 2140 1851 cum

548 1888 724 1963 gloria
750 1896 1072 1962 accepturus
1096 1907 1110 1958 ;
1156 1888 1287 1962 quia
1315 1888 1460 1945 sicut
1488 1903 1704 1955 aurum,
1737 1894 1790 1942 et
1829 1892 2140 1958 argentum,

546 1986 601 2037 et
631 1978 856 2052 lapides,
891 1995 1027 2052 quos
1069 1979 1214 2052 ignis
1243 1994 1357 2035 non
1386 1977 1666 2049 consumit
1698 1994 1709 2033 :
1748 1974 1825 2032 ita
1865 1982 1920 2032 et
1964 1973 2144 2031 bonus

546 2070 808 2142 magister
836 2067 1277 2142 incorruptibilis
1307 2065 1669 2141 permanebit.

621 2170 805 2243 (Vers.
841 2170 955 2243 15.)
1002 2193 1021 2218 ι
1051 2169 1109 2227 Si
1139 2169 1301 2241 cujus
1328 2185 1466 2241 opus
1493 2167 1716 2234 arserit,
1750 2162 2143 2222 detrimentum

548 2260 808 2333 patietur.
842 2283 860 2308 ι
903 2259 1055 2333 Opus
1084 2258 1234 2332 quod
1254 2257 1443 2313 ardere
1473 2255 1697 2324 dicitur,
1730 2256 1876 2310 mala
1894 2251 2147 2310 doctrina

548 2357 652 2418 est,
685 2366 805 2422 quae
852 2348 1120 2405 interibit.
1151 2348 1364 2406 Cuncta
1390 2346 1538 2402 enim
1578 2346 1723 2401 mala
1750 2342 2031 2416 peribunt,
2075 2341 2144 2398 si-

550 2444 646 2495 cut
674 2438 778 2493 iter
812 2437 1145 2509 impiorum;
1196 2438 1327 2511 quia
1355 2452 1467 2491 non
1511 2442 1641 2491 sunt
1678 2433 2020 2500 substantiae,
2052 2430 2147 2488 sed

552 2527 983 2585 asseverationes
1025 2542 1315 2599 perversae.
1362 2526 1637 2582 Damnum
1681 2533 1864 2581 autem
1907 2520 2021 2595 pati
2067 2525 2148 2577 est

553 2635 740 2691 pmnas
769 2618 998 2691 perpeti.
1030 2618 1165 2686 Quis
1201 2617 1350 2675 enim
1394 2617 1453 2674 in
1492 2633 1654 2690 poena
1693 2617 1928 2688 positus,
1972 2613 2147 2685 jactu-

553 2726 670 2767 ram
717 2726 830 2767 non
876 2709 1057 2766 facit?
1098 2732 1117 2756 ι
1156 2710 1277 2781 Ipse
1317 2715 1499 2765 autem
1542 2709 1728 2764 salvus
1773 2706 1897 2772 erit,
1948 2703 2028 2761 sic
2070 2710 2148 2758 ta-

558 2814 686 2853 men
731 2798 887 2869 quasi
942 2812 1039 2868 per
1085 2797 1287 2865 ignem.
1337 2820 1354 2841 ·
1411 2795 1637 2850 Salvum
1686 2793 1847 2847 illum
1894 2791 2145 2847 futurum

556 2883 725 2951 dixit,
758 2883 888 2955 quia
926 2899 1039 2937 non
1087 2881 1336 2937 interibit
1383 2882 1710 2951 substantia,
1759 2898 1867 2954 qua
1912 2888 2146 2950 constat,

557 2973 705 3029 sicut
733 2980 786 3028 et
816 2970 1070 3030 doctrina
1096 2972 1241 3027 mala
1269 2970 1493 3043 peribit,
1537 2971 1667 3044 quia
1710 2970 1964 3028 accidens
1987 2987 2152 3028 causa

2255 1799 2327 1855 sit
2355 1798 2591 1872 sapiens.
2625 1821 2643 1847 ι
2689 1799 2805 1856 Hoc
2832 1799 2991 1869 dicit,
3025 1802 3153 1874 quia
3186 1802 3233 1857 si
3262 1802 3388 1875 quis
3422 1802 3697 1877 intelligit
3723 1804 3859 1858 ωιιι-

2253 1898 2364 1947 tem
2397 1889 2745 1963 promissam,
2772 1899 2826 1947 et
2854 1892 3180 1965 mysterium
3215 1892 3621 1949 incarnationis
3643 1892 3856 1949 Domini

2254 1980 2431 2039 nostri
2459 1982 2588 2036 Iesu
2623 1980 2853 2048 Christi,
2903 1980 3108 2037 stultus
3146 1981 3262 2050 ﬁat,
3311 1983 3368 2039 id
3406 1990 3489 2038 est
3534 1982 3861 2054 sapientiam

2255 2069 2448 2128 mundi
2488 2069 2684 2141 fugiat,
2727 2077 2790 2125 ut
2829 2071 3033 2127 stultus
3077 2070 3146 2127 ab
3192 2087 3253 2127 ea
3292 2070 3601 2143 judicetur,
3640 2080 3698 2129 et
3735 2080 3862 2127 tunc

2254 2159 2361 2216 erit
2388 2158 2661 2232 prudens;
2710 2159 2839 2231 quia
2872 2160 3075 2216 stultus
3104 2161 3306 2217 saeculo
3332 2161 3576 2233 prudens
3605 2170 3692 2217 est
3729 2162 3857 2225 Deo,

2254 2258 2387 2315 dum
2431 2257 2608 2314 credit
2646 2257 2821 2312 Deum
2867 2254 3007 2312 123
3045 2257 3259 2327 fecisse,
3307 2275 3428 2332 quae
3476 2259 3624 2315 ratio
3670 2256 3857 2314 mundi

2255 2366 2366 2406 non
2415 2347 2582 2420 capit,
2631 2346 2775 2403 sicut
2824 2364 2988 2420 supra
3034 2347 3357 2403 memoravi.
3406 2346 3855 2420 Pseudoapostoli

2256 2448 2438 2496 autem
2469 2437 2767 2511 prudentes
2796 2437 3047 2494 volentes
3077 2436 3256 2494 videri
3304 2438 3360 2493 in
3405 2438 3644 2507 mundo,
3689 2452 3857 2511 neque

2256 2533 2432 2587 Deum
2461 2528 2669 2583 Filium
2710 2526 2929 2595 habere,
2976 2542 3152 2599 neque
3199 2527 3646 2585 incarnationem
3679 2543 3857 2585 veram

2257 2636 2395 2687 esse,
2428 2635 2603 2691 neque
2628 2633 2847 2673 carnem
2887 2634 3041 2690 posse
3072 2634 3351 2690 resurgere
3380 2618 3779 2691 praedicabant.

2332 2709 2513 2783 (Vers.
2542 2707 2655 2779 19.)
2692 2731 2709 2752 ‹
2737 2705 3014 2779 Sapientia
3036 2706 3185 2762 enim
3215 2706 3381 2780 hujus
3402 2707 3600 2763 mundi
3629 2706 3863 2765 stultitia

2258 2807 2339 2857 est
2367 2798 2511 2870 apud
2541 2799 2737 2853 Deum.
2780 2821 2798 2845 ι
2846 2795 2935 2853 Sic
2982 2797 3221 2853 stultitia
3259 2807 3340 2854 est
3387 2798 3664 2870 sapientia
3704 2797 3863 2869 hujus

2259 2886 2455 2944 mundi
2485 2886 2632 2961 apud
2664 2889 2865 2954 Deum,
2901 2885 3033 2941 dum
3069 2885 3202 2942 facit
3233 2887 3399 2956 Deus,
3435 2886 3584 2959 quod
3626 2885 3862 2941 mundus

2260 2979 2377 3036 ﬁeri
2400 2995 2555 3051 posse
2573 2986 2761 3049 negat;
2793 2976 3117 3049 sapientiam
3137 2976 3289 3032 illius
3310 2977 3611 3034 stultitiam
3642 2976 3857 3050 probat;

557 3070 659 3119 est.
720 3060 848 3117 Ideo
901 3066 1083 3116 autem
1143 3058 1289 3117 dixit
1325 3078 1337 3116 :
1403 3085 1420 3109 ι
1467 3059 1557 3118 Sic
1612 3069 1796 3117 tamen
1851 3059 2007 3133 quasi
2056 3076 2152 3132 per
2180 3070 2225 3132 c
2255 3077 2309 3126 et
2334 3086 2459 3127 cum
2501 3069 2705 3124 multos
2734 3067 2865 3123 deos
2890 3066 3111 3135 dicant,
3147 3066 3282 3123 ﬁdes
3310 3075 3499 3123 autem
3535 3083 3715 3123 unum
3747 3082 3859 3140 pro.

555 3151 775 3225 ignem;
809 3176 828 3200 ι
864 3157 928 3207 ut
958 3150 1107 3207 salus
1135 3148 1255 3207 haec
1284 3166 1397 3207 non
1425 3150 1542 3207 sine
1572 3166 1731 3223 poena
1760 3149 1852 3218 sit,
1884 3148 2013 3222 quia
2040 3165 2152 3204 non

555 3241 744 3299 dixit:
782 3241 981 3299 Salvus
1025 3240 1131 3298 erit
1178 3257 1275 3314 per
1311 3241 1537 3315 ignem;
1591 3249 1652 3298 ut
1698 3239 1896 3296 merito
1943 3256 2043 3296 suo
2083 3238 2152 3295 ab

557 3332 674 3406 igni
700 3348 813 3388 non
841 3330 1163 3389 combustus
1194 3330 1299 3403 (8),
1345 3333 1531 3388 salvus
1561 3330 1657 3386 ﬁat
1684 3328 2033 3385 examinatus
2059 3343 2155 3399 per

556 3422 781 3493 ignem;
841 3420 938 3475 sed
988 3436 1114 3476 cum
1165 3419 1347 3477 dicit:
1410 3444 1429 3468 ι
1465 3420 1557 3478 Sic
1612 3426 1798 3475 tamen
1847 3418 2001 3491 quasi
2059 3433 2155 3489 per

557 3509 764 3580 ignem,
796 3531 816 3555 ι
866 3506 1107 3563 ostendit
1155 3507 1371 3563 salvum
1418 3507 1577 3563 illum
1608 3507 1831 3579 quidem
1878 3506 2150 3573 futurum,

559 3595 655 3653 sed
682 3610 871 3667 pmnas
907 3593 1051 3666 ignis
1079 3610 1406 3666 passurum;
1448 3600 1514 3651 ut
1554 3611 1647 3666 per
1684 3595 1862 3667 ignem
1893 3601 2156 3666 purgatus

559 3683 656 3740 ﬁat
674 3684 881 3749 salvus,
902 3691 956 3740 et
976 3700 1088 3739 non
1110 3682 1254 3741 sicut
1274 3682 1474 3754 perﬁdi
1494 3692 1701 3739 aeterno
1732 3684 1857 3755 igne
1883 3683 1940 3738 in
1967 3699 2153 3756 perpe-

560 3781 718 3831 tuum
747 3778 1099 3846 torqueatur;
1133 3779 1195 3827 ut
1226 3787 1296 3827 ex
1324 3771 1509 3845 aliqua
1538 3779 1690 3845 parte
1712 3788 1888 3844 operae
1918 3772 2150 3843 pretium

557 3862 631 3920 sit
658 3860 957 3921 credidisse
994 3860 1054 3917 in
1084 3859 1389 3919 Christum.
1440 3861 1666 3932 Semper
1693 3859 1841 3914 enim
1872 3858 2156 3915 erubescat

556 3967 776 4011 necesse
796 3960 899 4021 est,
925 3949 1021 4024 qui
1050 3967 1105 4007 se
1127 3948 1280 4005 videt
1307 3948 1504 4005 falsum
1534 3947 1841 4004 defendisse
1871 3963 1969 4019 pro
1991 3963 2148 4014 vero;

556 4050 611 4100 et
638 4042 810 4100 simili
862 4040 1025 4098 modo
1063 4056 1276 4113 semper
1314 4038 1571 4097 ﬁduciam
1613 4037 1837 4094 habebit
1877 4037 2008 4105 Dei;
2059 4037 2153 4110 qui

558 4132 770 4202 abjecto
793 4131 953 4197 falso,
975 4137 1196 4185 secutus
1221 4136 1303 4185 est
1321 4143 1537 4196 verum,
1561 4135 1613 4183 et
1641 4133 1821 4200 spreta
1850 4126 2151 4197 impietate,

558 4217 852 4276 succubuit
890 4217 1100 4289 pietati.
1140 4218 1316 4273 Extra
1342 4215 1672 4272 catholicam
1705 4215 1786 4288 (9)
1820 4215 1969 4271 enim
1998 4215 2154 4289 quid-

559 4307 692 4382 quid
723 4313 824 4376 est,
856 4306 1197 4364 contrarium
1228 4312 1330 4361 est.

2260 3160 2373 3227 bet,
2406 3166 2541 3215 teste
2572 3158 2798 3225 virtute,
2842 3156 2901 3212 in
2944 3156 3239 3229 prudentia
3286 3173 3387 3212 sua
3425 3156 3856 3213 confundentur.

2337 3249 2520 3321 (Vers.
2553 3246 2670 3317 20.)
2720 3271 2737 3294 ι
2777 3246 3052 3318 Scriptum
3082 3255 3165 3303 est
3198 3246 3343 3302 enim
3382 3265 3393 3302 :
3437 3244 3858 3319 Reprehendeus

2263 3339 2538 3413 sapientes
2568 3335 2627 3393 in
2656 3335 2859 3392 astutia
2887 3354 3076 3393 eorum
3109 3337 3131 3407 (
3139 3336 3250 3408 11).
3283 3336 3354 3391 Et
3385 3335 3590 3391 iterum
3618 3355 3629 3391 :
3666 3331 3859 3392 Domi-

2262 3448 2368 3489 nus
2398 3428 2557 3487 novit
2601 3426 2962 3499 cogitationes
3009 3426 3363 3499 sapientium,
3412 3427 3681 3500 quoniam
3714 3439 3857 3481 vanae

2262 3528 2409 3578 sunt.
2444 3543 2463 3567 ι
2505 3517 2658 3575 Istud
2698 3517 2755 3571 in
2787 3517 2997 3589 psalmo
3028 3516 3262 3572 habetur
3286 3516 3647 3587 nonagesimo
3679 3515 3857 3571 tertio.

2262 3610 2511 3682 Denique
2538 3606 2681 3663 idem
2712 3622 2903 3662 sensus
2930 3613 3011 3661 est
3036 3622 3051 3672 ;
3083 3605 3261 3662 sciens
3289 3606 3439 3660 enim
3461 3620 3636 3661 vanas
3665 3602 3861 3675 cogita-

2262 3703 2441 3756 tiones
2468 3698 2712 3765 illorum,
2745 3702 2807 3750 ut
2835 3696 3033 3750 stultos
3062 3695 3189 3751 illos
3225 3694 3503 3767 probaret,
3536 3693 3861 3766 sapientiam

2263 3788 2485 3844 illorum
2511 3783 2886 3857 reprehendit,
2916 3783 3209 3840 ostendens
3229 3800 3421 3839 verum
3444 3800 3561 3839 esse
3588 3782 3740 3855 quod
3770 3780 3863 3836 fal-

2264 3895 2384 3934 sum
2409 3875 2691 3942 dicebant;
2721 3882 2773 3930 et
2803 3873 3025 3941 falsum,
3056 3873 3202 3945 quod
3232 3889 3425 3927 verum
3457 3872 3757 3943 putabant.

2338 3966 2518 4038 (Vers.
2550 3963 2669 4036 21.)
2716 3988 2733 4009 ‹
2760 3964 2948 4036 Itaque
2972 3979 3133 4018 nemo
3165 3961 3431 4034 glorietur
3458 3961 3517 4016 in
3549 3959 3801 4016 homine.
3832 3983 3852 4007 ι

2263 4055 2533 4125 Quoniam
2590 4055 2737 4110 enim
2802 4052 3055 4109 humanae
3110 4051 3468 4125 cogitationes
3520 4058 3577 4106 et
3633 4048 3867 4106 consilia

2263 4143 2575 4218 improvida
2605 4151 2657 4199 et
2704 4140 2925 4197 inﬁrma
2970 4148 3121 4209 sunt,
3175 4156 3288 4195 non
3334 4155 3450 4196 esse
3509 4137 3864 4211 gloriandum

2262 4237 2321 4293 in
2350 4234 2576 4292 homine
2606 4232 2785 4300 docet,
2817 4229 2910 4287 sed
2940 4230 2998 4285 in
3028 4232 3161 4299 Deo,
3185 4228 3343 4301 cujus
3363 4228 3664 4285 consilium
3698 4235 3864 4283 retra-

2261 4326 2396 4384 ctari
2427 4341 2539 4380 non
2568 4330 2744 4396 potest
2769 4338 2780 4376 :
2814 4318 3087 4394 quidquid
3111 4319 3259 4375 enim
3299 4319 3557 4375 homines
3595 4318 3720 4391 sine
3748 4319 3864 4374 Deo

632 4405 814 4496 (Vers.
850 4403 976 4496 i6.)
1006 4402 1300 4496 «_Nesci_tis
1330 4402 1460 4496 quia
1489 4401 1758 4474 templum
1787 4401 1888 4458 Dei
1918 4403 2069 4471 estis,
2100 4410 2153 4461 et
2180 4436 2230 4496 D
2261 4415 2502 4487 sapiunt,
2535 4412 2767 4469 stultum
2799 4416 2898 4465 est.

556 4494 796 4569 Spiritus
819 4495 921 4552 Dei
963 4492 1175 4551 habitat
1219 4492 1277 4548 in
1306 4491 1514 4549 vobis?
1544 4516 1563 4540 ι
1605 4492 1890 4564 Templum
1922 4493 2020 4550 Dei
2052 4512 2151 4553 nos

554 4601 671 4644 esse
703 4583 861 4653 dicit,
892 4590 953 4640 ut
994 4585 1170 4640 Deum
1200 4580 1259 4638 in
1296 4581 1456 4638 nobis
1485 4579 1734 4637 habitare
1766 4581 2037 4652 sciamus;
2090 4585 2149 4641 in

553 4675 761 4748 templo
789 4673 937 4730 enim
967 4690 1067 4729 suo
1114 4669 1325 4728 habitet
1353 4687 1569 4728 necesse
1598 4678 1698 4728 est.
1746 4670 1819 4726 Et
1846 4673 1975 4744 quia
2014 4674 2148 4746 Spi-

548 4764 721 4822 ritum
749 4764 848 4822 Dei
878 4763 1017 4821 dicit
1049 4761 1296 4818 habitare
1337 4760 1397 4817 in
1438 4761 1621 4830 nobis,
1670 4762 1843 4819 Deum
1875 4763 2147 4836 signiﬁcat

549 4854 971 4929 intelligendum
1002 4852 1270 4927 Spiritum
1298 4859 1570 4910 sanctum.

625 4950 808 5036 (Vera.
845 4950 960 5023 17.)
1025 4972 1044 4997 ι
1093 4950 1150 5008 Si
1197 4949 1321 5022 quis
1367 4948 1634 5021 templum
1683 4947 1784 5005 Dei
1824 4946 2140 5017 violaverit,

551 5039 830 5112 disperdat
861 5056 987 5096 eum
1028 5040 1196 5108 Deus,
1240 5038 1508 5112 templum
1544 5036 1696 5095 enim
1743 5037 1844 5094 Dei
1889 5046 2142 5095 sanctum

623 5175 705 5247 (7)
737 5176 895 5233 Rom.
927 5175 1059 5233 edit.
1104 5182 1160 5247 et
1200 5172 1543 5247 paucimss”
1579 5170 1924 5244 dignoscitur.
1952 5172 2142 5244 Cuius-

542 5244 909 5319 ctmq’ueropus
934 5244 1278 5319 manifestam
1306 5244 1425 5299 erit.
1513 5313 1528 5319 _
1746 5267 1750 5270 ι

612 5264 750 5376 ngas
777 5264 909 5319 opus
934 5264 1278 5326 manifestum
1306 5264 1425 5299 cru.

621 5320 642 5386 (
685 5319 702 5386 )
741 5318 929 5377 Codex
959 5319 1131 5384 Vall.,
1157 5317 1225 5371 ab
1252 5331 1371 5386 igne
1394 5313 1710 5372 combustus.

643 5385 703 5455 9)
746 5391 903 5447 Rom.
935 5389 1093 5455 edit.,
1126 5389 1309 5443 Extra
1336 5385 1689 5451 catholicum;
1722 5387 1847 5444 alia)
1879 5402 1942 5444 ac
1980 5404 2135 5455 mss.,

545 5456 729 5519 Eaitr'a
754 5461 1104 5518 catholicam:
1144 5457 1241 5528 ubi
1290 5456 1655 5528 supplendum
1693 5467 1795 5528 est,
1824 5458 2134 5525 Ecclesium,

542 5548 710 5665 quam
741 5548 934 5589 vocem
971 5527 1238 5602 exprimit
1274 5527 1423 5585 solus
1466 5544 1568 5584 ms.
1602 5528 1765 5588 Corb.
1795 5530 1901 5587 hoc
1929 5529 2129 5587 modo:

594 5610 725 5663 atra
751 5601 1062 5661 catholicam
1100 5600 1239 5659 enim
1272 5599 1564 5659 Ecclesium
1603 5602 1865 5674 quidquid
1891 5608 1985 5671 est,
2024 5601 2129 5658 im-

594 5618 725 5663 intra
751 5618 1062 5661 οαιηοιιοαιη
1100 5618 1239 5659 enim
1272 5618 1564 5659 namnam
1603 5618 1865 5671 quiaquia
1891 5618 1985 5671 88¢,
2024 5618 2137 5658 ιιη-

2332 4503 2513 4574 (Vers.
2548 4500 2663 4572 22.)
2708 4522 2726 4545 ι
2758 4492 2969 4554 ‘Omnia
3013 4511 3251 4570 namque
3292 4502 3475 4551 vestra
3520 4500 3691 4561 sunt,
3743 4493 3864 4549 sive

2256 4592 2477 4659 Paulus,
2513 4591 2631 4647 sive
2663 4587 2881 4660 Apollo,
2910 4584 3027 4641 sive
3049 4584 3282 4658 Cephas,
3305 4583 3423 4640 sive
3444 4583 3689 4641 mundus
3715 4584 3736 4654 (
3744 4582 3858 4653 12),

2256 4682 2373 4736 sive
2399 4680 2536 4747 vita,
2580 4678 2698 4734 sive
2739 4692 2904 4742 mors,
2950 4673 3068 4730 sive
3114 4673 3421 4748 praesentia,
3470 4673 3590 4730 sive
3626 4673 3857 4730 futura:

2255 4769 2441 4825 omnia
2468 4773 2682 4834 vestra,
2728 4782 2827 4820 vos
2868 4773 3050 4819 autem
3091 4762 3330 4830 Christi,
3381 4759 3638 4818 Christus
3675 4769 3861 4818 autem

2253 4858 2373 4914 Dei.
2409 4883 2427 4905 ι
2461 4856 2588 4913 ΑΙἰο
2620 4857 2739 4913 loco
2770 4854 2909 4911 dicit
2929 4852 2997 4909 de
3025 4852 3216 4909 eodem
3246 4868 3411 4908 sensu
3440 4869 3453 4907 :
3491 4875 3509 4898 ι
3540 4852 3654 4909 Nos
3672 4860 3858 4908 autem

2252 4962 2439 5003 servos
2458 4954 2669 5002 vestros
2690 4953 2913 5017 propter
2933 4943 3120 4999 Jesum
3147 4942 3235 5014 (ΙΙ
3251 4941 3376 4998 Cor.
3402 4958 3481 5010 Iv,
3499 4940 3583 5013 5).
3608 4966 3626 4989 -
3657 4941 3859 4998 Servos

2252 5052 2350 5109 pro
2368 5035 2638 5092 ministris
2654 5034 2857 5108 posuit;
2882 5038 2945 5089 ut
2966 5047 3079 5088 non
3100 5031 3346 5105 singulos
3367 5028 3474 5087 sibi
3495 5028 3858 5087 defenderent

2243 5172 2397 5245 pium
2423 5179 2498 5228 est
2525 5178 2573 5227 et
2598 5169 2884 5245 funestam.

2323 5244 2441 5317 (10)
2488 5245 2571 5317 Ita
2599 5239 2722 5317 vet.
2755 5241 2888 5297 edit.
2932 5255 3022 5317 ac.
3067 5247 3339 5317 mss.;__at
3389 5240 3551 5317 Bora.
3594 5239 3733 5297 edit.
3778 5239 3857 5297 sic

2248 5310 2601 5372 iminutavit:
2649 5313 2750 5370 Hic
2789 5314 3038 5385 templum
3073 5312 3173 5368 Dei
3201 5310 3348 5380 dicit,
3394 5310 3551 5381 infra
3579 5329 3707 5369 vero
3739 5318 3855 5367 tem-

2242 5388 2418 5458 plum,
2445 5394 2550 5443 etc.

2289 5460 2434 5539 .(l_l_)
2474 5459 2632 5539 Rom.
2666 5454 2828 5524 edit.,
2872 5453 3287 5539 Appreltendam
3316 5453 3703 5526 sapientes..."
3755 5471 3856 5511 sa-

2238 5526 2746 5607 ρίεὲιεέᾲηιὲιιονιιρι
2772 5526 3136 5607 narrem?-

2318 5599 2434 5673 (12)
2474 5598 2604 5659 Mss.
2630 5595 2862 5670 aliquot,
2903 5595 3012 5652 sive
3044 5596 3268 5669 Cephas,
3298 5595 3395 5668 qui
3423 5602 3501 5653 est
3524 5598 3748 5658 Petrus.
