3952 6202
172 261 280 320 213

1265 245 1630 308 COMMENT.
1669 243 1740 300 ΙΝ
1777 240 1995 298 EPIST.
2037 244 2060 297 Ι
2100 242 2194 297 ΑΙ)
2225 242 2382 300 COR.

3377 234 3485 295 2M.

176 387 461 459 (l3),cum
486 383 1063 447 omnibusuterentur,
1083 380 1228 437 sicut
1254 383 1308 432 et
1323 371 1766 432 Dominusdicit:
1799 372 1849 431 A
1881 369 2086 459 mundo
2123 369 2346 426 creditis
2370 367 2704 441 judicandus
2731 375 2866 425 erat.
2903 367 3294 440 Supergressus
3332 366 3480 423 enim

192 503 212 526 «
243 478 358 550 Ego
396 492 516 533 sum
573 474 633 530 in
687 471 872 530 medio
903 479 1169 536 vestrum,
1201 483 1315 524 non
1361 473 1424 521 ut
1472 463 1778 530 ministret,

176 566 276 623 sed
347 573 410 622 ut
492 563 804 620 ministrem
879 559 899 632 (
949 560 1076 616 Luc.
1133 555 1426 626 xxu,27)
1477 597 1490 610 .
1543 577 1562 601 ι
1643 552 1778 608 Nam

177 654 421 712 mundus
473 653 668 726 utique
737 657 924 706 noster
993 655 1094 714 est,
1152 644 1246 701 sed
1302 651 1364 699 ut
1416 642 1484 698 de
1539 641 1639 696 illo
1694 655 1780 694 se-

176 744 424 802 cundum
455 744 556 801 Dei
587 741 935 796 voluntatem
962 736 1263 792 sentiamus
1289 742 1343 789 et
1369 731 1616 787 decretos
1663 745 1784 784 cur-

179 851 276 892 sus
303 833 424 907 ejus
454 834 510 888 in
542 831 641 888 Dei
671 829 962 884 voluntate
993 841 1278 898 ponamus.
1301 823 1373 878 Et
1404 821 1521 876 vita
1549 835 1784 892 praesens

177 941 441 982 concessa
490 921 653 978 nobis
688 926 792 984 est,
850 915 946 972 sed
976 923 1036 970 ut
1078 913 1316 970 modeste
1366 912 1518 967 illam
1550 918 1605 966 et
1658 925 1783 966 cum

178 1015 285 1071 Dei
341 1011 515 1084 gloria
569 1007 956 1079 transigamus.
1026 1003 1198 1057 «Sive
1255 1017 1402 1055 mors
1453 1001 1627 1070 (Rom.
1661 1016 1784 1066 vni,

179 1101 304 1173 38),
336 1123 354 1146 ι
399 1106 462 1154 ut
516 1114 614 1168 pro
644 1095 864 1152 Christo
896 1090 1035 1147 mori
1091 1089 1327 1145 libenter
1357 1087 1657 1143 habeamus
1693 1102 1787 1158 spe

179 1188 574 1264 promissionis
604 1186 822 1242 futura.
879 1207 896 1229 «
922 1182 1049 1238 Sive
1089 1178 1380 1250 praesentia
1411 1177 1630 1249 (Ibid),
1661 1200 1680 1224 ι
1725 1185 1787 1232 ut

183 1279 270 1336 sic
288 1277 647 1352 prasentibus
669 1281 907 1337 utamur,
937 1286 1005 1326 ne
1021 1268 1380 1324 olfendamus.
1417 1291 1433 1315 «
1450 1267 1576 1322 Sive
1601 1266 1788 1321 futura

190 1368 414 1439 (Ibid.),
437 1389 454 1413 ›
497 1371 558 1419 ut
587 1363 775 1418 futura
807 1359 1114 1425 credentes,
1148 1356 1281 1429 ipsis
1305 1371 1405 1412 nos
1437 1355 1631 1427 magis,
1657 1354 1788 1427 quia

184 1455 418 1512 meliora
445 1461 597 1520 sunt,
627 1448 1104 1507 commendemus.

262 1542 444 1614 (Vers.
470 1539 584 1613 23.)
655 1562 673 1585 «
705 1539 817 1594 Vos
845 1543 1028 1592 autem
1076 1532 1283 1590 Christi
1310 1551 1323 1602 ;
1347 1558 1365 1580 ι
1411 1539 1473 1588 ut
1513 1531 1788 1606 quomodo

186 1633 308 1689 haec
331 1629 543 1703 judicio
575 1635 765 1684 nostro
793 1642 1051 1683 concessa
1077 1632 1205 1679 sunt
1242 1633 1295 1680 et
1317 1621 1584 1694 subjecta,
1631 1621 1710 1677 ita
1737 1629 1791 1678 et

1888 458 2185 514 humanam
2209 458 2504 530 justitiam,
2533 459 2742 517 caelesti
2768 456 3000 530 justitiae
3028 455 3309 528 studebat,
3341 455 3485 512 sicut

1890 547 2027 604 dicit
2067 549 2379 604 Dominus:
2441 574 2458 596 «
2483 549 2598 604 Nisi
2642 547 3005 603 abundaverit
3038 545 3260 619 justitia
3306 552 3487 600 vestra

1891 641 2013 711 plus
2043 655 2205 711 quam
2227 638 2539 696 Scribarum
2561 647 2612 694 et
2629 637 3048 704 Pharisaeorum,
3071 652 3181 692 non
3204 634 3487 691 intrabitis

1893 728 1949 783 in
1998 743 2226 799 regnum
2274 726 2370 783 Dei
2422 727 2634 796 (Matth.
2687 743 2743 781 v.
2787 726 2941 795 20).»
3003 726 3316 780 Humanum
3357 739 3488 797 ergo

1897 821 2041 878 124
2071 817 2216 872 diem
2245 833 2374 873 cum
2405 815 2560 880 dicit,
2591 814 2862 885 signiﬁcat
2885 822 2938 869 et
2968 814 3261 879 divinum;
3290 814 3346 869 in
3379 830 3488 886 quo

1889 916 2238 987 judicaturus
2284 920 2366 969 est
2395 911 2667 978 Christus,
2723 911 2852 984 quia
2915 909 3058 966 sicut
3108 909 3487 980 jurisconsulti

1895 1021 1990 1060 seu
2020 1003 2326 1076 pontiﬁces,
2368 1018 2504 1073 quos
2553 1007 2752 1055 vocant
2786 998 3110 1066 sacerdotes,
3159 1007 3334 1054 certos
3377 998 3494 1054 dies

1895 1095 2097 1170 quibus
2139 1093 2442 1166 judicatur,
2492 1091 2854 1148 decreverunt
2887 1109 2898 1145 :
2943 1089 3019 1145 ita
3046 1098 3099 1145 et
3128 1088 3245 1146 dies
3273 1087 3494 1146 Domini

1895 1187 2156 1244 deﬁnitus
2182 1191 2281 1251 est,
2316 1200 2424 1256 quo
2439 1183 2791 1255 judicaturus
2823 1189 2906 1237 est
2933 1180 3192 1236 mundus.

1969 1276 2247 1348 (Versa)
2270 1273 2406 1329 «Sed
2440 1289 2615 1344 neque
2647 1288 2732 1326 me
2756 1272 2933 1342 ipsum
2957 1269 3182 1342 judico;
3217 1268 3358 1325 nihil
3381 1268 3500 1342 qui-

1895 1367 2017 1424 dem
2048 1365 2186 1420 mihi
2219 1365 2471 1421 conscius
2498 1378 2641 1417 sum.
2675 1386 2692 1408 ›
2753 1362 3019 1432 Apertum
3058 1367 3140 1414 est
3185 1358 3316 1428 quia
3357 1373 3502 1413 con-

1897 1455 2183 1513 scientiam
2230 1467 2424 1526 puram
2473 1449 2680 1506 habens
2726 1448 3000 1504 sollicitus
3027 1447 3095 1504 de
3125 1464 3181 1504 se
3218 1463 3330 1502 non
3361 1453 3496 1502 erat.

1913 1571 1930 1596 «
1961 1545 2067 1602 Sed
2097 1561 2207 1601 non
2240 1544 2296 1599 in
2327 1543 2432 1598 hoc
2455 1540 2792 1613 justiﬁcatus
2818 1554 2960 1594 sum.
2993 1564 3011 1586 ι
3054 1539 3213 1594 Nunc
3237 1536 3502 1593 humiliat

1899 1653 1976 1704 se,
2007 1643 2062 1691 et
2092 1634 2338 1707 loquitur
2366 1639 2428 1686 ut
2457 1630 2645 1697 homo,
2669 1630 2763 1703 qui
2785 1628 2955 1701 possit
2975 1627 3193 1700 culpam
3224 1627 3503 1682 incurrere

186 1740 294 1780 nos
336 1721 556 1778 Christo
613 1717 1011 1790 subjiciamur;
1063 1716 1265 1790 quippe
1313 1731 1439 1771 cum
1479 1730 1575 1786 per
1607 1714 1786 1785 ipsum

1922 1726 2139 1783 iescius.
2182 1723 2322 1790 «Qui
2353 1729 2534 1776 autem
2561 1719 2775 1792 judicat
2791 1735 2898 1782 me,
2921 1717 3189 1774 Dominus
3217 1724 3316 1772 est.
3342 1741 3360 1761 ι
3404 1715 3502 1771 Re-

189 1829 309 1868 esse
337 1811 685 1883 cmperimus,
722 1815 775 1864 et
804 1808 861 1863 in
893 1806 1070 1879 prima
1135 1805 1348 1879 origine
1389 1811 1444 1860 et
1499 1818 1792 1876 regenera-

190 1901 368 1958 tione.
437 1924 455 1946 «
486 1899 738 1956 Christus
792 1905 975 1953 autem
1030 1895 1148 1953 Dei.
1182 1921 1199 1943 ›
1253 1893 1506 1952 Christus
1560 1892 1660 1948 Dei
1712 1898 1794 1948 est

190 1991 374 2047 Patris
403 1988 488 2045 sui
531 1987 787 2062 pr0prius
816 1985 1014 2054 Filius,
1036 1985 1245 2042 faciens
1267 1984 1608 2040 voluntatem
1638 1980 1788 2053 ejus;

192 2088 261 2135 ut
288 2085 344 2136 et
391 2095 491 2135 nos
537 2076 710 2150 ipsius
763 2075 1053 2132 faciamus.
1088 2074 1146 2131 Si
1173 2091 1302 2146 ergo
1352 2071 1559 2131 Christi
1601 2084 1795 2126 sumus

195 2167 418 2235 famuli,
457 2165 592 2238 quid
621 2172 702 2222 est
728 2172 791 2220 ut
821 2164 889 2220 ad
917 2163 1036 2236 ejus
1067 2162 1330 2236 injuriam
1373 2161 1441 2218 de
1473 2159 1796 2218 hominibus

195 2257 418 2332 aliquid
442 2272 722 2330 speremus
748 2257 776 2313 (ἵ

810 2433 1039 2492 CAPUT
1071 2433 1166 2491 IV.

279 2583 463 2655 (Vere.
498 2584 575 2658 i.)
619 2607 636 2631 «
664 2583 746 2640 Ita
772 2599 874 2639 nos
897 2581 1179 2638 existimet
1207 2579 1397 2646 homo,
1425 2584 1488 2633 ut
1516 2576 1800 2632 ministros

203 2673 438 2742 Christi,
487 2681 543 2730 et
589 2673 991 2747 dispensatores
1044 2668 1434 2743 mysteriorum
1481 2665 1642 2723 Dei.»
1687 2665 1803 2721 Hoc

200 2764 558 2836 signiﬁcavit,
611 2764 740 2837 quia
786 2762 971 2817 minus
1028 2760 1096 2816 de
1125 2759 1224 2814 illo
1275 2755 1582 2813 sentiebant
1630 2753 1802 2828 aliqui

203 2853 625 2912 Corinthiorum
655 2871 668 2919 ;
730 2852 824 2909 sed
852 2860 914 2906 ut
960 2851 1128 2906 homo
1182 2849 1287 2905 hoc
1315 2847 1382 2904 de
1413 2846 1512 2902 illo
1554 2845 1800 2915 sentiret,

203 2941 355 3015 quod
394 2951 447 2999 et
501 2943 671 3010 Deus,
703 2942 795 3014 qui
825 2940 986 2995 illum
1018 2940 1286 3010 elegerat;
1347 2936 1471 2992 ideo
1519 2934 1805 2990 ministros

202 3029 417 3088 Christi
492 3032 589 3100 ait,
649 3039 702 3087 et
769 3030 1175 3103 dispensatores
1232 3024 1624 3099 mysteriorum
1681 3023 1800 3078 Dei.

203 3120 440 3189 Quando
466 3122 613 3178 enim
648 3138 757 3177 non
776 3120 1071 3178 verborum
1102 3117 1354 3189 strepitu,
1373 3130 1548 3186 neque
1564 3113 1807 3168 humana

195 3211 474 3282 sapientia
501 3210 823 3266 nitebantur
852 3207 1091 3278 intelligi
1116 3224 1129 3270 ;
1176 3204 1367 3260 debuit
1398 3207 1805 3257 sacramentum

195 3299 413 3358 Christi
453 3298 792 3369 dispensare,
813 3296 870 3349 in
896 3311 1009 3349 non
1040 3293 1227 3358 verba,
1260 3291 1359 3346 eed
1388 3291 1567 3346 virtus
1622 3289 1809 3359 fulge-

195 3389 336 3455 bat;
397 3403 512 3441 non
569 3401 666 3456 per
733 3381 881 3455 quod
930 3382 1117 3448 homo,
1171 3379 1266 3435 sed
1334 3381 1480 3434 Deus
1538 3377 1810 3448 gloriosus

197 3478 497 3534 videretur
521 3493 534 3539 ;
555 3473 762 3543 collega
777 3472 924 3526 enim
956 3470 1310 3542 piscatorum,
1330 3483 1442 3523 non
1463 3467 1624 3522 aliter
1649 3481 1810 3538 quam

201 3567 314 3633 illi,
350 3563 637 3620 Christum
687 3560 1038 3634 praedicabat.
1077 3558 1214 3616 Cum
1245 3566 1373 3629 ergo
1409 3556 1725 3612 ministrum
1757 3571 1812 3610 se

205 3654 418 3715 Christi
477 3661 529 3709 et
560 3658 1027 3708 sacramentorum
1074 3648 1173 3704 Dei
1229 3647 1442 3720 probat,
1477 3645 1810 3719 pseudoapo-

206 3744 382 3800 stolos
434 3750 608 3808 notat,
653 3749 707 3797 et
730 3740 962 3811 abnegat
991 3737 1198 3795 Christi
1243 3753 1358 3792 esse
1389 3735 1534 3809 quod
1565 3735 1809 3804 tradunt,

209 3849 309 3907 per
339 3832 396 3887 id
423 3831 570 3904 quod
597 3829 974 3886 discordarent
1003 3846 1034 3884 a
1053 3826 1352 3883 traditione
1379 3824 1700 3898 apostolica.

290 3926 473 3998 (Vers.
507 3923 586 3996 2.)
625 3948 642 3969 «
663 3922 766 3979 Hic
789 3921 904 3995 jam
934 3919 1203 3994 quaeritur
1222 3918 1367 3973 inter
1387 3917 1814 3988 dispensatores,

210 4024 278 4073 ut
306 4014 487 4070 ﬁdelis
520 4013 643 4086 quis
700 4012 1037 4068 inveniatur.
1074 4034 1093 4059 ι
1153 4009 1270 4064 Hoc
1306 4005 1453 4080 quod
1484 4006 1642 4073 dicit,
1704 4020 1816 4059 non

211 4107 398 4163 solum
456 4104 523 4160 ad
571 4102 1154 4176 pseudoapostolorum
1201 4112 1489 4170 personam
1538 4093 1813 4168 pertinet;

215 4196 312 4255 sed
344 4203 398 4251 et
445 4193 512 4249 ad
552 4193 917 4267 reliquorum,
961 4189 1057 4263 qui
1113 4195 1333 4260 accepta
1388 4184 1816 4258 dispensatione,

214 4294 314 4345 aut
346 4283 700 4350 verecundia,
732 4289 825 4338 aut
844 4281 1060 4347 timore,
1092 4287 1186 4335 aut
1215 4287 1360 4334 certe
1391 4272 1819 4333 commendatio-

219 4375 309 4433 nis
351 4392 462 4431 suae
493 4388 658 4429 causa
705 4377 1020 4426 constanter
1069 4383 1294 4439 arguere
1343 4365 1688 4437 trepidabant
1726 4370 1821 4418 aut

220 4466 398 4523 malos
436 4476 633 4519 sensus
688 4465 784 4514 aut
814 4473 1010 4514 mores.
1073 4455 1175 4511 Hic
1207 4455 1355 4510 enim
1389 4462 1508 4509 tam
1556 4461 1820 4509 constans

221 4564 360 4622 erat,
393 4560 457 4610 ut
485 4567 588 4608 nec
615 4549 746 4632 vitae
798 4565 911 4605 sua:
943 4555 1210 4621 parceret,
1255 4543 1558 4603 dummodo
1588 4544 1828 4601 ﬁdeliter

221 4645 416 4701 omnia
444 4641 744 4699 celebraret
778 4640 798 4710 (
806 4637 917 4709 14).

301 4732 485 4803 (Vers.
519 4731 600 4800 3.)
659 4726 836 4784 «Mihi
896 4735 1077 4783 autem
1109 4742 1210 4798 pro
1272 4725 1508 4782 minimo
1554 4731 1658 4793 est,
1709 4730 1830 4778 uta

226 4823 391 4879 vobis
420 4818 715 4892 dijudicer,
746 4825 840 4873 aut
867 4815 935 4872 ab
965 4815 1210 4872 humano
1223 4815 1334 4872 die.
1360 4842 1376 4862 ι
1402 4817 1552 4884 Quos
1581 4815 1639 4870 in
1662 4813 1832 4870 tantis

228 4912 394 4968 vitiis
421 4908 794 4982 reprehendit,
826 4907 1089 4963 miserum
1121 4905 1259 4960 dicit
1289 4904 1356 4960 ab
1378 4904 1467 4960 his
1496 4921 1552 4960 se
1567 4899 1826 4975 judicari;

228 5002 438 5076 quippe
501 5015 626 5054 cum
679 5013 839 5055 neca
891 4995 1059 5068 justis
1112 4992 1479 5066 judicandum
1534 5007 1590 5046 se
1645 4990 1828 5046 sciret.

241 5119 260 5142 «
295 5094 409 5149 Aut
438 5090 506 5146 ab
539 5090 782 5146 humano
803 5087 912 5156 die,
944 5111 962 5134 ι
997 5085 1104 5142 hoc
1125 5093 1227 5152 est,
1261 5083 1390 5154 quia
1417 5097 1519 5137 nec
1547 5095 1579 5134 a
1625 5078 1836 5150 legibus

308 5283 430 5366 (l3)
461 5283 619 5366 110m.
654 5277 811 5366 edit,
844 5273 1209 5366 singulosjsibi
1239 5270 1524 5340 deferveat.
1570 5266 1642 5321 Et
1669 5264 1835 5333 infra,

234 5346 367 5428 quia
382 5346 611 5428 meliora
634 5355 786 5428 sunt,
809 5346 1271 5428 accommodatius.

313 5407 433 5498 (ii)
466 5422 670 5479 Eadem
701 5407 837 5498 edit.
869 5421 1075 5498 Rom,
1103 5415 1281 5497 omnia
1327 5412 1730 5498 consummaret.
1763 5407 1843 5462 Ac

238 5484 361 5573 post
379 5484 594 5573 pauca,
621 5490 975 5573 reprehendit,
1000 5487 1280 5543 minimum
1311 5484 1458 5573 dicit;
1625 5549 1635 5560 .

315 5549 594 5640 (isTvai
622 5549 756 5620 edit.
789 5571 842 5619 et
879 5549 1023 5640 mss._
1053 5555 1382 5640 nonpauci,
1404 5549 1662 5640 pyamuis
1677 5549 1846 5640 “enim

241 5621 402 5700 homo
415 5621 707 5709 [est,quem
725 5651 832 5692 non
854 5638 1044 5706 potest,
1079 5621 1420 5698 nisi'aliquid
1453 5625 1645 5680 lateat:
1677 5621 1843 5679 Rom.

1836 3097 1879 3156 ο
1911 3091 2086 3148 donec
2113 3076 2302 3134 veniat
2329 3071 2619 3130 Dominus.
2664 3093 2682 3116 ›

1903 1826 1988 1875 cte
2000 1817 2102 1871 ait:
2124 1813 2376 1889 quamvis
2390 1811 2537 1882 enim
2568 1807 2950 1865 humiliaverit
2964 1824 3042 1876 se,
3060 1816 3244 1863 tamen
3266 1803 3503 1863 Domino

1905 1908 2124 1967 Christo
2139 1879 2454 1978 .plurimum
2486 1879 2691 1968 dedit;
2737 1901 2866 1974 quia
2906 1907 3101 1974 potest,
3134 1898 3282 1972 quod
3312 1895 3505 1953 homi-
3551 1879 3562 1894 ’

1905 2015 2028 2055 nem
2073 1997 2224 2064 latet,
2260 1995 2392 2051 dum
2443 1992 2658 2050 occulta
2697 1989 2931 2062 judicat,
2984 1987 3352 2056 manifestare,
3393 2005 3505 2045 non

1905 2097 1967 2145 ut
2027 2104 2180 2144 reum
2253 2084 2437 2152 faciat,
2496 2081 2591 2139 sed
2647 2081 2990 2154 prudentem.
3041 2079 3306 2149 Quamvis
3357 2079 3506 2135 enim

1906 2186 2144 2245 sanctus,
2178 2185 2358 2232 tamen
2388 2173 2556 2229 homo
2576 2179 2676 2238 est,
2714 2186 2876 2243 quem
2921 2185 3031 2225 non
3075 2175 3252 2241 potest
3297 2168 3414 2223 ﬁeri
3446 2175 3510 2224 ut

1907 2284 2015 2326 non
2050 2264 2262 2340 aliquid
2295 2266 2458 2320 lateat
2486 2261 2626 2333 (15).
2661 2257 2942 2316 Interdum
2971 2259 3120 2314 enim
3141 2258 3352 2333 aliquid
3372 2259 3510 2316 utile

1909 2367 2184 2432 putamus,
2217 2353 2364 2428 quod
2395 2350 2592 2408 inutile
2635 2357 2744 2416 est;
2793 2363 2895 2405 nec
2931 2348 3080 2403 enim
3110 2348 3298 2403 omnia
3327 2364 3510 2406 mem—

1909 2450 2007 2505 bra
2063 2454 2158 2502 aut
2208 2445 2378 2500 latera
2423 2437 2860 2498 conversationis
2923 2437 3179 2492 humanae
3238 2436 3512 2509 descripta

1911 2537 2178 2594 habemus
2220 2552 2231 2590 :
2279 2533 2346 2588 ab
2395 2531 2465 2587 iis
2498 2537 2682 2586 autem
2729 2543 2848 2600 quae
2895 2526 3085 2599 gravia
3129 2535 3276 2594 sunt,
3328 2534 3513 2598 aperte

1912 2626 2182 2702 prohibiti
2216 2641 2425 2680 sumus.
2476 2624 2610 2679 Nam
2663 2620 2910 2693 quaedam
2959 2635 3134 2674 causae
3189 2634 3289 2673 nos
3330 2618 3518 2674 fallere

1913 2721 2093 2778 solent
2122 2731 2191 2771 ex
2217 2713 2397 2770 causis
2453 2709 2730 2784 aliquibus
2781 2714 2947 2773 ortae;
3001 2713 3064 2761 ut
3109 2705 3256 2776 quod
3297 2721 3407 2760 non
3440 2712 3522 2761 est

1913 2810 2071 2875 utile,
2122 2812 2379 2878 putemus
2424 2799 2581 2867 utile,
2632 2795 2780 2870 quod
2823 2795 2944 2850 leve
2990 2792 3213 2867 quidem
3244 2800 3356 2860 est;
3394 2792 3522 2866 quia

1915 2896 2257 2973 propositum
2289 2890 2526 2948 liberum
2549 2895 2651 2945 est.

1990 2987 2172 3060 (Vers.
2205 2985 2286 3056 5.)
2344 2985 2578 3055 «Itaque
2624 2977 2797 3035 nolite
2843 2982 2969 3032 ante
3004 2982 3222 3046 tempus
3249 2971 3520 3046 judicare,

2741 3067 2928 3123 Monet
2977 3063 3102 3120 illos
3151 3078 3218 3118 ne
3247 3061 3522 3136 judicent,

1919 3193 2043 3235 cum
2071 3165 2358 3245 judicandi
2417 3162 2530 3218 sint
2583 3167 2636 3213 et
2691 3155 2930 3210 habeant
2974 3153 3181 3224 duplex
3218 3159 3525 3223 peccatum,

1920 3241 2087 3326 sicut-
2107 3263 2184 3318 ait
2215 3253 2521 3314 Dominus:
2562 3273 2580 3294 «
2601 3247 2784 3302 Nolite
2799 3244 3069 3315 judicare,
3099 3251 3162 3298 ut
3182 3258 3293 3297 non
3319 3241 3529 3313 judice-

1924 3354 2065 3414 mini
2091 3347 2308 3423 (Matth.
2343 3359 2444 3409 vn,
2479 3338 2568 3410 i);
2604 3361 2622 3383 ι
2659 3333 2753 3390 sed
2785 3336 3098 3403 exspectate
3145 3328 3293 3384 diem
3334 3327 3533 3401 judicii

1926 3448 2048 3516 Dei,
2077 3461 2139 3500 ac
2169 3441 2215 3497 si
2244 3437 2434 3494 ﬁdeles
2467 3441 2520 3489 et
2574 3429 2706 3487 boni
2737 3427 2867 3485 sint.
2916 3423 3125 3497 Injuria
3153 3423 3301 3481 enim
3326 3423 3533 3498 judicis

1921 3512 2094 3604 est,vsi
2125 3538 2250 3587 ante
2283 3523 2654 3598 cognitionem
2685 3517 2803 3592 ejus
2831 3532 2862 3574 a
2898 3531 3057 3572 servo
3087 3513 3345 3588 procedat
3368 3512 3531 3586 judi-

1921 3631 2070 3688 cium
2101 3633 2194 3682 aut
2224 3615 2513 3678 sententia.

2008 3751 2025 3774 «
2056 3723 2160 3792 Qui
2188 3727 2241 3776 et
2271 3710 2611 3774 illuminabit
2640 3705 2855 3765 occulta
2885 3701 3258 3770 tenebrarum,
3314 3710 3368 3758 et
3422 3716 3534 3758 ma-

1923 3787 2208 3867 nifestabit
2249 3801 2479 3861 consilia
2525 3794 2778 3853 cordium
2811 3810 2824 3860 ;
2857 3798 2911 3846 et
2940 3798 3074 3846 tunc
3114 3789 3233 3844 laus
3263 3787 3368 3843 erit
3397 3787 3534 3842 uni-

1925 3901 2122 3973 cuique
2152 3915 2183 3953 a
2211 3897 2342 3951 Deo.
2378 3915 2396 3936 ι
2443 3889 2560 3944 Hoc
2587 3884 2744 3951 dicit,
2780 3882 2911 3954 quia
2941 3879 3000 3934 in
3030 3877 3119 3933 die
3145 3875 3345 3947 judicii
3392 3875 3536 3933 nihil

1922 3964 2203 4048 occultum
2243 3983 2347 4039 erit
2385 3993 2599 4042 eorum,
2631 3988 2752 4045 quae
2785 3976 2938 4041 gesta
2978 3974 3072 4021 aut
3102 3964 3338 4035 cogitata
3359 3970 3487 4018 sunt
3521 3984 3534 4023 ;

1927 4088 1981 4136 et
2037 4073 2364 4147 simplicitas
2411 4075 2466 4122 et
2529 4057 2843 4134 hypocrisis
2886 4054 3005 4110 illic
3048 4052 3364 4125 apparebit;
3398 4057 3460 4106 ut
3487 4061 3540 4108 et

1928 4169 2023 4242 qui
2063 4141 2350 4234 despectus
2403 4153 2732 4217 habebatur,
2782 4147 2926 4202 forte
2989 4151 3246 4217 appareat
3292 4141 3535 4215 dignus:

1928 4231 1984 4314 et
2011 4256 2106 4329 qui
2137 4231 2349 4324 aliquid
2379 4261 2496 4302 esse
2529 4241 2844 4314 putabatur,
2880 4235 3201 4292 inveniatur
3249 4231 3534 4305 reprobus.

1930 4323 2133 4404 Omnia
2161 4323 2309 4398 enim
2345 4335 2494 4393 nuda
2521 4339 2683 4389 erunt
2715 4328 2831 4402 (16)
2873 4327 2930 4382 in
2960 4326 3049 4382 die
3075 4323 3296 4398 judicii,
3328 4330 3382 4379 et
3409 4329 3544 4379 tunc

1848 4451 1897 4509 1)
1931 4443 2051 4497 laus
2083 4434 2187 4490 erit
2225 4432 2364 4487 bene
2394 4425 2574 4499 agenti
2621 4422 2710 4477 vel
2757 4417 3039 4491 cogitanti.
3091 4415 3193 4472 Hic
3224 4413 3395 4470 enim
3448 4417 3544 4484 qui

1938 4522 2215 4588 laudatur,
2249 4516 2612 4592 improbabile
2655 4519 2737 4568 est
2765 4526 2835 4565 an
2875 4509 3072 4580 dignus
3101 4507 3194 4573 sit,
3225 4505 3369 4560 sicut
3397 4510 3452 4557 et
3485 4500 3544 4556 in

1937 4614 2045 4672 alio
2075 4614 2197 4669 loco
2227 4609 2364 4666 dicit
2397 4626 2408 4663 :
2456 4631 2474 4653 «
2503 4605 2622 4661 Non
2653 4600 2800 4656 enim
2831 4597 2924 4671 qui
2955 4611 3012 4652 se
3042 4596 3221 4666 ipsum
3251 4605 3545 4648 commen-

1939 4709 2050 4774 dat,
2086 4707 2184 4762 ille
2223 4703 2483 4776 probatus
2515 4704 2597 4753 est
2632 4714 2642 4750 :
2676 4693 2771 4750 sed
2805 4706 2967 4764 quem
3013 4690 3158 4776 Deus
3197 4679 3549 4740 commendat

1943 4797 2022 4868 (II
2053 4797 2180 4851 Cor.
2213 4775 2271 4859 ᾖ,
2306 4791 2426 4860 18),
2449 4813 2469 4836 ι
2542 4798 2706 4857 quem
2734 4780 2926 4851 utique
2965 4775 3110 4831 nihil
3141 4775 3290 4827 latet.

2017 4894 2198 4962 (Vers.
2249 4889 2330 4959 6.)
2389 4885 2566 4939 «Haec
2623 4888 2827 4944 autem,
2885 4875 3100 4940 fraters,
3158 4865 3546 4938 transﬁguravi

1945 4987 2003 5042 in
2024 4955 2138 5048 ‘me,
2170 4987 2221 5034 et
2243 4955 2440 5047 Apollo
2462 4976 2684 5043 propter
2708 4981 2834 5032 vos;
2864 4970 2925 5018 ut
2943 4961 3001 5016 in
3030 4959 3189 5016 nobis
3209 4955 3452 5024 discetis,
3478 4971 3549 5012 ne

1945 5043 2312 5145 supra'quod
2325 5062 2593 5133 scriptum
2623 5063 2724 5124 est,
2754 5068 2899 5110 unus
2928 5067 3027 5125 pro
3058 5065 3172 5106 uno
3203 5047 3428 5104 inﬂetur
3455 5043 3550 5101 ad-

1947 5260 2082 5316 edit.
2144 5243 2270 5314 cum
2301 5250 2433 5308 Gill.
2469 5247 2527 5303 in
2556 5252 2816 5318 margtet
2865 5258 2996 5318 mss:
3040 5236 3328 5318 nonnullis
3366 5236 3550 5318 locum

1949 5310 2082 5388 satis
2104 5310 2390 5385 commode
2431 5320 2511 5376 sic
2560 5310 2878 5374 emendarat
2911 5333 2921 5370 :
2960 5310 3252 5388 Quiseniin
3281 5310 3431 5362 homo
3455 5313 3547 5378 est,

1951 5383 2235 5473 ﬂamen
2261 5393 2474 5473 aliquid
2494 5392 2673 5473 lateat
2696 5408 2716 5457 ;
2753 5388 2848 5470 sed
2877 5401 3064 5473 veram
3093 5383 3383 5439 lectionem
3411 5395 3551 5454 sup-

1952 5461 2226 5545 peditavit
2250 5461 2382 5545 cod-2
2394 5463 2554 5545 .Vall.
2586 5470 2648 5519 ut
2678 5479 2778 5545 nos
2799 5461 2855 5516 in
2881 5466 3059 5545 textu:

2028 5543 2143 5614 (16)
2176 5542 2304 5597 Mss.
2335 5537 2569 5608 aliquot,
2600 5536 2780 5592 omnia
2807 5530 2944 5588 enim
2964 5534 3090 5584 nota
3118 5531 3289 5583 erunt.
