3952 6202
386 170 491 230 215
1441 172 1536 231 ΑΙ)
1573 173 1806 231 OPERA
1844 172 1900 228 S.
1933 172 2011 229 All

2134 173 2269 231 OSlI
2307 174 2686 232 APPENDIX.
3591 172 3740 234 216

382 315 574 355 versus
602 297 857 356 alterum.
882 323 900 346 ι
932 299 1364 373 Transﬁguravit
1384 300 1500 358 hac
1520 300 1575 355 in
1601 317 1657 355 se
1681 308 1734 355 et
1760 299 1982 371 Apollo,
2014 304 2063 362 A
2093 302 2427 360 novissimos
2456 304 2719 371 ostendit,
2762 304 2920 377 quasi
2960 304 3125 360 morti
3172 303 3511 361 destinatos.
3546 328 3565 348 -
3615 304 3783 359 Hoc

383 387 515 444 dum
565 388 1143 461 pseudoapostolorum
1189 388 1390 462 glorias
1417 395 1471 443 et
1499 388 1825 443 traditiones
1857 404 1988 460 per-
2099 392 2221 448 ideo
2252 409 2493 463 personae
2524 410 2635 449 suae
2665 394 2911 466 deputat,
2943 394 3071 467 quia
3101 409 3319 466 semper
3364 394 3425 449 in
3468 391 3781 450 necessi—

382 495 568 534 versas
597 477 701 533 sub
730 494 826 533 sua
847 495 1076 550 persona
1106 487 1160 536 et
1203 479 1402 551 Apollo
1443 486 1692 546 evacuat,
1735 490 1988 533 summa—
2098 474 2365 550 tate‘fuit,
2406 483 2814 555 persecutiones
2854 489 2908 538 et
2956 498 3237 555 pressuras
3286 482 3437 538 ultra
3491 492 3776 538 caeteros

383 567 484 622 tim
512 566 639 622 illos
669 566 983 639 designans,
1012 584 1126 624 non
1154 567 1512 639 singulatim:
1547 582 1615 621 ne
1644 566 1784 622 forte
1815 564 1989 636 major
2098 590 2309 645 passus,
2341 574 2485 629 sicut
2516 572 2728 645 passuri
2776 582 2906 629 sum,
2950 572 3139 628 Enoch
3191 580 3245 627 et
3275 573 3451 639 Elias,
3487 572 3589 645 qui
3628 571 3766 628 ιιι-

385 654 662 712 discordia
705 655 763 711 in
808 657 1010 727 populo
1058 664 1393 712 nasceretur.
1432 655 1604 710 Nemo
1637 654 1785 710 enim
1836 654 1988 710 audi-
2100 662 2238 717 timo
2269 672 2513 734 tempore
2544 662 2717 717 futuri
2769 670 2899 717 sunt
2936 662 3193 735 apostoli.
3243 662 3389 718 Mitti
3425 663 3584 718 enim
3617 662 3769 717 ba—

387 765 483 805 ens
511 763 711 804 nomen
742 763 901 803 suum
932 747 1131 815 taxari,
1163 754 1258 803 aut
1287 745 1405 818 ejus
1439 747 1534 819 qui
1556 745 1726 814 favet,
1767 753 1990 803 conten-
2099 753 2232 809 bent
2260 761 2384 808 ante
2414 752 2695 810 Christum
2732 754 2849 823 (17)
2883 752 2953 808 ad
2995 751 3413 823 praeparandum
3450 753 3759 824 populum

388 844 476 893 tus
504 846 586 893 est
614 845 818 892 tacere:
846 836 1013 892 tacito
1043 844 1227 891 autem
1258 836 1484 891 nomine
1513 836 1558 891 si
1582 836 1707 907 quis
1734 835 1989 903 audiens,

387 925 601 981 etiamsi
632 925 699 981 de
727 941 782 980 se
814 925 1085 997 intelligat
1111 925 1347 992 dictum,
1378 924 1711 981 dissimulat.
1745 924 1858 980 Sub
1890 923 1993 979 hac

386 1031 514 1086 ergo
533 1013 905 1086 propositione
916 1012 1205 1070 evacuavit
1226 1013 1747 1086 personasillorum,
1764 1030 1890 1069 cum
1912 1012 1992 1068 di-

385 1103 463 1160 cit
494 1121 505 1159 :
555 1127 574 1150 ε
597 1103 715 1175 Ego
744 1102 1010 1174 plantavi,
1060 1102 1261 1174 Apollo
1292 1102 1511 1173 rigavit,
1544 1126 1561 1148 ι
1630 1109 1735 1158 etc.
1772 1101 1827 1173 (ι
1866 1102 1992 1158 Cor.

388 1209 469 1260 ιιι,
503 1190 585 1263 6),
621 1197 683 1246 ut
710 1189 771 1245 in
799 1190 887 1246 his
931 1189 1209 1247 discerent
1255 1189 1399 1245 nihil
1449 1188 1689 1245 dandum
1742 1189 1998 1245 homini-

387 1281 510 1338 bus.

462 1380 647 1453 (Vers.
683 1379 762 1451 7.)
804 1401 822 1425 ι
844 1376 981 1434 Nam
1004 1376 1128 1451 quis
1155 1384 1208 1434 te
1237 1374 1556 1433 discernit?
1583 1398 1602 1422 ι
1641 1374 1703 1431 Id
1732 1382 1837 1443 est,
1872 1381 2002 1430 sunt

388 1469 584 1544 aliqui,
611 1469 706 1543 qui
736 1466 974 1540 amplius
1010 1466 1344 1539 accipientes
1374 1466 1431 1522 in
1460 1465 1786 1537 baptismate
1816 1474 1912 1521 aut
1938 1465 1999 1520 in

388 1559 661 1623 doctrina,
690 1566 917 1613 caeteros
941 1554 1129 1612 dicant
1172 1555 1357 1611 minus
1404 1563 1746 1612 consenctos.
1778 1555 1896 1610 Hoc
1934 1553 2002 1608 iis

2101 842 2221 909 Dei,
2253 852 2307 898 et
2336 841 2661 897 muniendas
2687 858 2878 897 omnes
2914 842 3207 909 Ecclesias,
3248 841 3314 897 ad
3346 841 3753 897 resistendum

2103 932 2470 1000 Antichristo,
2515 949 2652 1005 quos
2711 940 2765 987 et
2816 931 3223 1003 persecutiones
3260 931 3372 1003 pati
3426 940 3483 987 et
3543 930 3751 987 occidi

2104 1021 2269 1078 lectio
2286 1023 2644 1094 Apocalypsis
2660 1028 2922 1092 testatur(
2932 1024 3095 1092 Apoc.
3115 1021 3342 1091 xr,8,9).
3362 1021 3581 1077 Horum
3598 1037 3750 1094 ergo

2105 1122 2322 1184 tempus
2363 1129 2463 1169 suo
2496 1113 2728 1185 tempori
2774 1111 3115 1185 comparavit
3156 1111 3459 1183 Apostolus
3488 1110 3692 1167 dicens
3722 1130 3738 1167 :

2121 1230 2139 1253 ε
2170 1205 2517 1273 Quasimorti
2537 1205 2840 1261 destinatos
2862 1206 2920 1274 (Ι
2940 1205 3065 1261 Cor.
3094 1204 3280 1275 rv,9);
3306 1227 3325 1250 ι
3357 1202 3429 1258 ad
3444 1202 3555 1258 hoc
3578 1203 3738 1258 enim

2109 1294 2331 1350 venturi
2360 1302 2515 1363 sunt,
2544 1303 2608 1350 ut
2636 1293 2982 1351 occidantur.

2194 1407 2212 1430 ι
2244 1384 2384 1451 Quia
2413 1384 2785 1455 spectaculum
2836 1382 2965 1439 facti
3013 1398 3204 1438 sumus
3231 1380 3365 1437 huic
3404 1380 3642 1447 mundo,
3672 1388 3740 1435 et

2110 1473 2317 1545 angelis
2346 1482 2401 1531 et
2451 1473 2789 1529 hominibus.
2826 1498 2843 1520 ι
2889 1472 3029 1539 Quia
3057 1479 3225 1527 erunt
3261 1471 3645 1544 spectaculum
3671 1476 3735 1526 et

2112 1564 2305 1621 Enoch
2353 1571 2407 1619 et
2440 1564 2590 1620 Elias
2637 1578 2810 1636 usque
2852 1562 3009 1630 adeo,
3058 1569 3121 1617 ut
3171 1578 3402 1632 corpora
3434 1578 3632 1617 eorum
3669 1561 3732 1615 in

394 1649 660 1721 loquitur,
694 1646 791 1719 qui
834 1643 1139 1716 baptizatos
1180 1643 1248 1698 ab
1295 1642 1420 1698 aliis
1467 1643 1591 1715 Plus
1632 1641 1843 1716 aliquid
1890 1656 2005 1697 053°
2037 1667 2082 1726 Β
2112 1656 2292 1727 platea
2322 1653 2685 1727 projiciantur
2728 1655 2784 1709 in
2830 1663 3125 1725 conspectu
3171 1654 3343 1710 totius
3390 1654 3587 1726 populi
3630 1654 3729 1708 in—

399 1736 701 1809 putabaut:
736 1749 972 1806 quorum
1003 1730 1316 1804 eloquentia
1344 1730 1765 1799 seducebantur,
1789 1737 1850 1785 ut
1885 1728 2005 1784 fure

394 1824 632 1899 quodam
666 1837 922 1895 perversa
974 1828 1122 1876 recta
1159 1828 1433 1893 putarent.
1484 1819 1658 1875 Tanta
1703 1818 1850 1875 enim
1883 1818 2007 1874 dis-

392 1913 582 1972 cordia
607 1920 724 1969 erat
753 1910 812 1967 in
841 1911 1064 1984 populo,
1098 1917 1159 1966 ut
1189 1912 1363 1966 multa
1390 1920 1570 1967 essent
1597 1910 1784 1966 studia
1811 1909 2010 1965 diver-

394 2017 578 2061 sarum
637 2001 877 2076 partium
936 2019 948 2057 :
1005 2008 1059 2057 et
1106 2001 1186 2057 sic
1227 2001 1414 2057 omnia
1457 2000 1607 2056 dicta
1659 2016 1758 2055 sua
1800 1997 2010 2071 aptavit

394 2093 695 2168 Apostolus
751 2091 870 2147 sine
926 2090 1373 2146 manifestatione
1417 2089 1707 2145 nominum
1749 2086 2008 2143 omnibus

395 2186 671 2260 partibus;
702 2193 763 2240 ut
790 2200 915 2241 cum
948 2183 1219 2255 legeretur
1239 2180 1492 2253 epistola,
1516 2194 1858 2251 unaquaeque
1885 2193 2009 2249 pars

394 2276 463 2333 ad
502 2292 559 2333 se
603 2274 751 2331 dicta
792 2274 1113 2344 susciperet,
1173 2271 1402 2328 audiens
1461 2268 1609 2342 quod
1664 2285 1841 2325 causa;
1898 2283 2010 2324 suae

400 2364 615 2421 intendi
645 2369 1014 2435 cognosceret.

485 2488 503 2512 ι
534 2460 677 2531 Quid
704 2460 851 2517 enim
882 2460 1071 2528 habes,
1111 2459 1257 2533 quod
1299 2473 1413 2514 non
1453 2455 1760 2528 accepisti?
1789 2479 1808 2504 ι
1855 2452 2007 2519 Nihi]

400 2554 561 2611 illum
601 2552 735 2608 boni
765 2552 909 2607 ultra
951 2550 1089 2607 dicit
1138 2556 1494 2606 consecutum
1535 2547 1603 2603 ab
1644 2545 1791 2614 aliis,
1845 2560 2011 2616 quam

400 2642 468 2699 ab
518 2658 584 2698 eo
646 2649 947 2713 acceperat,
1005 2638 1129 2695 ideo
1183 2638 1387 2694 frustra
1428 2636 1617 2710 queri;
1665 2633 1813 2708 quod
1862 2632 2013 2687 enim

403 2730 698 2797 habebant,
732 2730 799 2785 ab
828 2729 1094 2801 Apostolo
1123 2735 1461 2798 acceperant.
1494 2726 1601 2783 Ad.
1627 2738 1799 2779 unum
1828 2728 2015 2776 autem

402 2818 622 2874 videtur
653 2817 825 2888 loqui,
859 2816 990 2887 quia
1017 2814 1086 2869 ad
1114 2824 1323 2885 partem
1362 2812 1535 2883 plebis
1566 2810 1834 2882 loquitur.

489 2934 507 2956 ι
527 2909 585 2964 Si
606 2915 787 2962 autem
809 2905 1091 2976 accepisti,
1109 2903 1242 2974 quid
1265 2902 1534 2973 gloriaris,
1559 2900 1713 2974 quasi
1733 2916 1843 2955 non
1866 2914 2015 2955 acce-

404 2996 549 3068 peris
569 2996 596 3050 ?
626 3019 643 3041 -
685 2994 802 3048 Hoc
829 2994 985 3066 quasi
1015 2992 1368 3047 insultatores
1396 2989 1632 3062 apostoli
1657 2988 1888 3061 agebant
1918 3003 2013 3059 per
2043 3026 2085 3085 Ο

404 3084 771 3158 imperitiam;
823 3090 883 3138 ut
927 3080 1117 3138 eadem
1160 3080 1463 3148 audientes,
1495 3095 1616 3152 quas
1645 3078 1713 3134 ab
1745 3080 2008 3150 Apostolo

398 3173 512 3247 jam
543 3172 871 3240 didicerant,
894 3172 1055 3227 illum
1071 3178 1419 3238 evacuantes,
1450 3167 1517 3224 de
1534 3167 1735 3224 horum
1759 3166 2012 3238 magiste-

405 3267 489 3323 rio
552 3264 959 3339 gloriarentur;
1034 3262 1351 3336 eloquentia
1404 3260 1553 3317 enim
1612 3256 2009 3324 commendati,

402 3353 808 3428 praedicationis
862 3352 1093 3425 gloriam
1144 3351 1200 3406 in
1231 3367 1288 3406 se
1316 3348 1732 3407 convertebant.
1758 3347 2012 3418 Aposto-

404 3444 490 3498 lus
518 3458 649 3498 vero
677 3439 1151 3511 contemptibilem
1184 3455 1242 3493 se
1286 3438 1507 3493 volebat
1529 3435 1730 3503 videri,
1757 3434 2017 3490 dummo-

405 3528 476 3584 do
513 3528 613 3583 Dei
644 3527 875 3598 gloriam
912 3527 1115 3581 faceret
1142 3525 1552 3596 acceptabilem.

480 3624 663 3695 (Vers.
694 3622 775 3694 8.)
822 3620 984 3677 «Jam
1014 3620 1245 3675 saturati
1279 3620 1430 3685 estis,
1467 3619 1583 3691 jam
1631 3619 1836 3675 divites
1881 3617 2017 3673 facti

408 3710 559 3779 estis,
591 3710 711 3767 sine
745 3710 905 3765 nobis
934 3708 1192 3781 regnatis.
1225 3732 1244 3757 ι
1301 3707 1486 3763 Ironia
1533 3715 1637 3773 est,
1680 3716 1743 3763 ut
1786 3706 2014 3775 dicunt;

409 3799 695 3858 irascentis
722 3799 869 3856 enim
902 3797 1071 3854 verba
1114 3801 1245 3859 125
1284 3805 1433 3866 sunt,
1474 3813 1585 3852 non
1617 3796 2015 3854 conﬁrmantis.

408 3900 470 3957 In
498 3898 701 3973 quibus
717 3898 865 3955 enim
887 3905 1041 3954 tanta
1070 3896 1205 3954 vitia
1226 3896 1426 3968 arguit,
1451 3910 1677 3968 regnare
1699 3893 1824 3949 illos
1843 3894 2014 3961 dicit;

407 3988 487 4045 sic
513 3989 661 4044 enim
707 3987 973 4061 putabant
1004 3987 1302 4059 gloriantes
1331 3985 1399 4042 de
1428 3985 1498 4041 iis
1528 4002 1649 4059 quae
1678 4000 1709 4039 a
1737 3982 2020 4056 pseudoa—

408 4078 636 4151 postolis
664 4078 1048 4135 tradebantur.

495 4200 513 4222 ε
541 4177 614 4231 Et
640 4176 855 4232 utinam
893 4174 1151 4246 regnetis,
1182 4184 1245 4230 ut
1273 4182 1329 4231 et
1358 4191 1459 4231 nos
1488 4175 1780 4232 vobiscum
1815 4190 2017 4251 regneE-

411 4281 555 4322 mus.
588 4288 605 4310 ι
676 4264 747 4319 Ut
794 4263 919 4335 pius
972 4272 1125 4334 pater
1188 4264 1353 4319 etiam
1409 4263 1638 4335 ingratis
1696 4265 1831 4321 ﬁliis
1880 4265 2019 4321 bene

411 4359 584 4427 optat.
631 4351 738 4418 Qui
784 4351 933 4407 enim
992 4359 1207 4422 poterat
1260 4350 1401 4417 ﬁeri,
1465 4359 1528 4406 ut
1583 4351 1702 4406 sine
1757 4353 2020 4424 apostolis
2045 4385 2095 4443 Β

412 4440 746 4514 regnarent?
773 4439 1057 4511 Quidquid
1085 4438 1232 4494 enim
1265 4454 1376 4494 non
1419 4440 1486 4495 ab
1536 4440 1798 4511 apostolis
1840 4440 2024 4496 tradi-

412 4541 533 4589 tum
592 4539 694 4599 est,
753 4529 1054 4587 sceleribus
1103 4529 1324 4600 plenum
1377 4535 1478 4583 est.
1536 4529 1627 4585 Sic
1673 4536 1858 4585 tamen
1888 4530 2022 4587 ordo

411 4621 595 4678 fuerat
655 4619 836 4677 dicere
887 4636 899 4675 :
948 4619 1019 4675 Ut
1072 4617 1361 4674 nobiscum
1419 4618 1694 4689 regnetis;
1752 4618 1845 4674 sed
1896 4620 2025 4691 quia

410 4710 792 4785 praemiserat:
859 4710 973 4765 «Et
1014 4707 1230 4765 utinam
1280 4706 1536 4779 regnetis,
1564 4733 1582 4755 ι
1639 4706 1799 4763 aliter
1843 4707 2025 4764 dicere

411 4818 524 4860 non
554 4801 735 4874 potuit
764 4799 873 4857 nisi
903 4816 915 4855 :
965 4824 985 4847 ε
1014 4800 1085 4856 Ut
1113 4805 1168 4855 et
1196 4814 1297 4854 nos
1326 4798 1612 4854 vobiscum
1648 4813 1957 4870 regnemus.
1991 4824 2009 4846 ι

412 4895 657 4965 Regnare
715 4901 903 4948 autem.
952 4899 1035 4947 est
1091 4889 1161 4946 de
1213 4905 1307 4961 spe
1360 4896 1414 4945 et
1473 4888 1757 4961 promissis
1813 4889 2023 4947 Christi

413 4997 665 5037 securum
690 4996 827 5047 esse,
859 4988 913 5036 et
942 4979 1176 5053 gaudere
1205 4978 1261 5034 in
1291 4978 1360 5035 iis
1389 4995 1510 5053 quae
1540 4978 1772 5035 adversa
1790 4985 2018 5051 propter

413 5084 615 5127 nomen
666 5067 873 5127 Christi
935 5068 1226 5136 accidunt;
1285 5068 1500 5126 lucrum
1554 5069 1704 5124 enim
1762 5068 2020 5136 afferunt,

413 5175 525 5216 non
548 5158 967 5217 detrimentum.
998 5156 1154 5214 Unde
1173 5157 1420 5213 alioloco
1445 5157 1580 5216 dicit
1607 5176 1619 5214 :
1667 5182 1685 5203 ι
1703 5156 1842 5214 Cum
1868 5156 2021 5212 inﬁr-

413 5264 553 5316 mor,
593 5256 728 5305 tunc
757 5254 950 5320 potens
979 5262 1101 5302 sum
1134 5245 1224 5318 (ΙΙ
1257 5244 1381 5300 Cor.
1413 5262 1517 5314 xu,
1555 5247 1667 5320 10).
1705 5272 1724 5295 ι

484 5346 665 5419 (Vera.
689 5347 772 5419 9.)
812 5370 832 5395 ‹
859 5346 999 5402 Puto
1035 5345 1186 5401 enim
1223 5343 1371 5417 quod
1418 5345 1564 5401 Deus
1603 5361 1705 5402 nos
1742 5348 2021 5419 apostolos

482 5527 504 5599 (
512 5526 600 5599 17)
632 5523 794 5584 Corb.
845 5541 974 5592 ms.,
1013 5523 1108 5595 qui
1148 5521 1207 5577 in
1248 5518 1501 5577 ultionem
1544 5521 1839 5594 prwfuturi
1891 5530 2016 5581 sunt

2114 1743 2323 1811 ﬁdelis;
2372 1744 2449 1800 ita
2491 1751 2542 1801 et
2573 1743 2806 1815 apostoli
2844 1743 3216 1816 spectaculum
3250 1743 3381 1799 facti
3411 1751 3567 1811 sunt,
3600 1743 3729 1816 quia

2115 1834 2334 1905 publice
2383 1833 2725 1903 ridebantur,
2782 1834 2949 1906 positi
2998 1833 3066 1889 ad
3113 1832 3373 1905 injuriam
3405 1840 3459 1887 et
3492 1840 3725 1888 mortem

2117 1939 2278 1995 quam
2311 1923 2455 1995 passi
2484 1933 2630 1979 sunt.
2681 1923 2949 1979 Mundum
2979 1931 3188 1990 autem,
3219 1922 3438 1994 angelos
3466 1930 3522 1977 et
3551 1920 3729 1977 homio

2118 2029 2214 2068 nes
2242 2012 2419 2079 dixit;
2452 2011 2583 2084 quia
2611 2021 2665 2069 et
2694 2014 2877 2085 angeli
2924 2012 3054 2068 mali
3101 2021 3252 2081 sunt,
3283 2012 3504 2068 dicente
3551 2008 3729 2067 David

2121 2105 2177 2160 in
2213 2105 2423 2177 psalmo
2451 2104 2849 2175 septuagesimo
2878 2103 3140 2175 septimo:
3164 2103 3316 2159 Vexa
3329 2102 3445 2158 abit
3474 2102 3606 2157 illos
3634 2115 3729 2172 per

2118 2194 2340 2264 angelos
2394 2193 2589 2260 malos,
2645 2200 2699 2247 et
2742 2190 2995 2248 homines
3042 2190 3171 2247 mali
3203 2198 3258 2247 et
3287 2189 3593 2256 increduli;
3640 2187 3730 2243 his

2118 2282 2493 2355 apostolorum
2557 2279 2775 2352 injurias
2829 2280 3232 2337 oblectamento
3280 2287 3430 2334 sunt.
3492 2276 3728 2333 Mundus

2120 2381 2303 2427 autem
2343 2370 2551 2427 idcirco
2599 2369 2901 2426 inﬁdelitas
2940 2369 3167 2438 dicitur,
3216 2368 3346 2443 quia
3374 2366 3627 2423 visibilia
3652 2382 3725 2422 se-

2121 2464 2331 2536 quitur.

2196 2553 2377 2625 (Vers.
2413 2550 2526 2621 ΙΟ.)
2574 2575 2592 2598 ι
2616 2551 2727 2606 Nos
2756 2550 2913 2606 stulti
2954 2557 3176 2622 propter
3205 2548 3514 2609 Christum.
3549 2572 3568 2597 ›
3615 2548 3730 2606 Ve-

2123 2658 2243 2698 rum
2274 2649 2357 2697 est
2385 2640 2514 2713 quia
2542 2649 2787 2695 amantes
2818 2639 3125 2707 Christum,
3151 2640 3307 2696 stulti
3338 2647 3469 2694 sunt
3500 2637 3731 2705 mundo,

2137 2755 2155 2778 ι
2186 2732 2299 2787 Vos
2327 2738 2509 2785 autem
2550 2730 2846 2802 prudentes
2895 2730 2952 2785 in
3000 2729 3244 2787 Christo.
3276 2756 3294 2778 ι
3346 2730 3453 2797 Qui
3494 2728 3733 2801 prudens

2125 2820 2183 2875 in
2231 2819 2452 2876 Christo
2503 2818 2787 2891 judicatur
2842 2837 2874 2874 a
2924 2819 3167 2892 perﬁdis,
3218 2835 3331 2874 non
3360 2827 3512 2875 recte
3543 2817 3735 2873 asserit

2125 2908 2430 2967 Christum.
2462 2908 2710 2980 Denique
2740 2908 3005 2975 Marcion,
3030 2908 3158 2981 quia
3188 2914 3345 2979 negat
3375 2908 3587 2962 Filium
3614 2906 3727 2973 Dei,

2125 3007 2179 3054 et
2211 2999 2490 3054 incarnari
2526 3001 2703 3055 Deum
2754 2997 3015 3070 potuisse,
3069 2998 3311 3070 prudens
3357 3006 3443 3053 est
3496 2996 3727 3064 mundo,

2124 3101 2177 3147 et
2198 3092 2488 3147 Photinus.
2526 3091 2655 3165 quia
2685 3106 2793 3147 non
2825 3090 3029 3146 fatetur
3058 3088 3339 3147 Christum
3371 3105 3468 3160 per
3497 3087 3557 3143 id
3588 3086 3731 3161 quod

2125 3190 2286 3237 natus
2315 3190 2417 3250 est,
2446 3183 2643 3248 Deum,
2675 3179 2891 3251 sapiens
2920 3178 3141 3233 videtur
3168 3177 3485 3234 mundanis.

2210 3295 2227 3316 σ
2257 3272 2368 3327 Nos
2399 3269 2628 3325 inﬁrmi.
2663 3295 2682 3317 ι
2724 3268 2934 3325 Inﬁrmi
2971 3268 3115 3335 ideo,
3152 3267 3279 3340 quia
3307 3266 3426 3323 sine
3465 3267 3735 3324 adulatio-

2126 3376 2193 3415 ne
2221 3366 2274 3416 et
2303 3376 2428 3416 cum
2459 3359 2715 3426 stultitia,
2752 3359 2896 3414 sicut
2925 3357 3147 3413 videtur
3194 3356 3514 3424 mundanis,
3547 3356 3737 3429 praedi-

2126 3456 2312 3505 cantes
2342 3447 2625 3504 Christum
2672 3445 2895 3518 injuriis
2936 3445 3391 3517 subjiciebantur.
3441 3469 3459 3491 ι
3490 3445 3609 3502 Vos
3637 3462 3740 3501 au-

2126 3546 2237 3594 tem
2297 3538 2484 3594 fortes.
2516 3564 2535 3585 ι
2606 3536 2734 3593 Ideo
2783 3535 2971 3603 fortes,
3023 3535 3152 3606 quia
3201 3534 3282 3592 sic
3338 3534 3741 3606 proﬁtebantur

2129 3627 2439 3694 Christum,
2470 3642 2538 3682 ne
2592 3624 2906 3681 oﬂ'enderen
2962 3624 3236 3693 homines,
3294 3631 3357 3679 ut
3411 3631 3601 3680 essent
3646 3640 3740 3680 se—

2128 3718 2269 3774 curL

2214 3830 2232 3852 ι
2263 3805 2375 3862 Vos
2397 3803 2632 3859 nobiles.
2675 3828 2693 3851 ι
2745 3803 2853 3871 Qui
2883 3803 3031 3860 enim
3064 3802 3345 3860 Christum
3374 3819 3489 3858 non
3511 3803 3736 3871 fatetur,

2130 3896 2259 3969 quia
2287 3893 2524 3951 Abrahae
2554 3894 2859 3965 promissus
2888 3901 2991 3963 est,
3022 3900 3076 3949 et
3101 3892 3169 3947 ab
3191 3892 3352 3948 initio
3380 3892 3740 3964 praedicatus,

2130 3987 2223 4042 hic
2250 3986 2457 4042 nobilis
2481 3994 2673 4043 contra
2705 3986 2987 4043 Christum
3036 3994 3153 4051 est;
3190 3984 3319 4057 quia
3348 3984 3739 4057 antiquitatem

2132 4073 2391 4147 promissi
2417 4073 2625 4130 Christi
2676 4074 2803 4129 aliis
2839 4074 3082 4145 deputat.
3129 4097 3147 4118 ε
3176 4074 3286 4130 Nos
3333 4088 3463 4128 vero
3514 4071 3744 4144 ignobi-

2132 4169 2279 4226 les”
2346 4167 2613 4242 Ignobilis
2670 4169 2877 4225 mundo
2933 4176 3035 4237 est,
3084 4168 3179 4242 qui
3235 4167 3545 4235 Christum,
3596 4164 3741 4240 quod

2131 4265 2372 4321 mundus
2429 4264 2680 4335 denegat,
2739 4264 2807 4320 ab
2856 4261 3019 4319 initio
3051 4262 3358 4334 proﬁtetur.
3392 4259 3522 4318 Haec
3571 4262 3744 4333 igitur

2131 4355 2320 4410 omnia
2348 4353 2681 4425 supradicta,
2739 4367 2860 4426 quae
2902 4367 3097 4423 negare
3143 4351 3386 4419 videtur,
3425 4350 3740 4417 conﬁrmat,

2132 4452 2186 4500 et
2218 4460 2337 4518 quae
2381 4443 2536 4515 quasi
2582 4442 2907 4498 conlirmare
2935 4440 3175 4509 videtur,
3207 4447 3386 4512 negat.
3449 4438 3743 4497 Irascentis

2136 4536 2287 4591 enim
2318 4532 2489 4588 verba
2515 4539 2662 4600 sunt,
2695 4530 2790 4603 qui
2832 4527 3087 4604 negando~
3126 4529 3443 4598 conﬁtetur,
3469 4536 3526 4586 et
3555 4527 3741 4586 conﬁ-

2134 4623 2303 4680 tendo
2344 4630 2526 4692 negat.
2930 4678 2936 4685 ,
2974 4671 2981 4678 ,
3002 4668 3007 4674 .

2209 4712 2394 4783 (Vers.
2449 4713 2536 4780 ll,
2582 4710 2696 4782 l2.)
2740 4732 2759 4757 ι
2792 4710 2972 4783 Usque
3020 4707 3278 4770 adhanc
3306 4706 3501 4763 horam
3532 4714 3589 4762 et
3622 4723 3740 4761 esu-

2133 4802 2330 4870 rimus,
2364 4810 2419 4857 et
2450 4800 2694 4869 sitimus,
2725 4807 2780 4856 et
2808 4799 2943 4856 nudi
2974 4816 3186 4866 sumus;
3216 4805 3271 4854 et
3299 4796 3737 4869 colaphizamur,

2131 4899 2186 4946 et
2216 4890 2503 4947 instabiles
2554 4907 2763 4958 sumus,
2821 4898 2874 4946 et
2929 4889 3242 4945 laboramus
3289 4894 3583 4959 operantes
3630 4902 3739 4941 ma-

2130 4979 2295 5035 nibus
2327 4979 2550 5036 nostris.
2587 5006 2605 5027 ι
2650 4979 2847 5037 Libere
2877 4978 3025 5035 enim
3066 4984 3122 5033 et
3157 4976 3322 5049 juxta
3352 4991 3541 5030 veram
3573 4973 3739 5030 ﬁdem

2130 5068 2248 5125 sine
2303 5069 2490 5143 aliqua
2544 5068 2861 5125 adulatione
2917 5066 3201 5124 Christum
3253 5063 3638 5137 praedicantes,
3688 5068 3740 5118 et

2130 5174 2277 5241 gesta
2306 5182 2488 5238 pravae
2530 5165 2659 5222 vitas
2691 5172 3000 5236 arguentes,
3045 5161 3275 5235 gratiam
3307 5158 3453 5232 apud
3486 5160 3739 5215 homines

2128 5274 2241 5313 non
2296 5256 2593 5325 habebant,
2648 5264 2703 5311 et
2758 5252 3260 5325 colapbiza‘bantur,
3310 5250 3369 5307 id
3406 5258 3490 5306 est
3514 5248 3739 5321 injuriis

2123 5345 2446 5419 agebantur,
2480 5354 2536 5403 et
2588 5342 2874 5404 instabiles
2930 5350 3122 5409 erant;
3187 5339 3319 5414 quia
3371 5337 3734 5412 fugabantur,

2121 5525 2378 5597 apostoli.
2416 5526 2569 5582 Mitti
2591 5524 2738 5580 enim
2760 5522 2962 5577 habent
2995 5528 3123 5577 ante
3152 5519 3570 5575 antichristum.
