3952 6202
230 199 338 260 217

229 418 483 475 manibus
502 419 894 491 operabantur,
925 422 1053 493 quia
1080 438 1193 477 non
1225 423 1403 477 solum
1423 423 1651 494 gratiam
1686 424 1829 495 apud

228 506 478 565 homines
494 526 604 565 non
628 509 942 575 habebant;
976 526 1169 566 verum
1192 511 1353 566 etiam
1377 511 1445 567 ab
1475 511 1562 567 his
1585 513 1829 584 accipere

230 596 519 668 indignum
552 606 690 664 erat,
723 598 818 670 qui
850 599 1025 653 errori
1055 599 1369 667 studebant,
1416 601 1562 655 sicut
1605 600 1741 656 dicit
1770 602 1830 657 in

226 687 436 757 psalmo
467 688 770 743 centesimo
808 688 1229 760 quadragesimo
1271 708 1281 745 :
1347 713 1365 735 ι
1418 690 1612 745 Oleum
1645 700 1829 747 autem

229 776 532 844 peccatoris
563 792 673 832 non
717 775 1028 847 impinguet
1056 785 1219 848 caput
1260 794 1444 833 meum
1498 780 1670 851 (Psal.
1704 797 1825 848 exn,

224 864 306 929 5).
341 890 359 911 ι
398 865 539 931 Quia
567 872 622 920 et
648 865 961 921 libertatem
979 859 1256 938 arguendi
1285 868 1510 933 amittit,
1536 876 1590 923 et
1620 878 1827 940 peccat,

225 953 324 1024 qui
354 953 425 1009 ab
453 970 519 1009 eo
540 954 761 1025 accipit,
796 954 890 1027 qui
937 954 1060 1011 ideo
1080 955 1199 1023 dat,
1231 972 1299 1012 ne
1329 957 1681 1028 corripiatur.

301 1060 485 1133 (Vers.
526 1062 640 1134 13.)
714 1088 731 1110 ε
782 1061 1171 1118 Maledicimur
1224 1072 1280 1119 et
1335 1064 1717 1121 benedicimus
1748 1082 1761 1131 ;
1796 1091 1814 1113 ι

226 1150 372 1205 male
420 1157 713 1208 tractantes
766 1151 912 1207 enim
965 1168 1021 1207 se
1074 1151 1437 1208 hortabantur
1480 1152 1547 1208 ad
1594 1153 1823 1211 bonum.

239 1263 259 1285 ι
314 1239 751 1296 Persecutionem
809 1240 1055 1312 patimur
1109 1248 1164 1296 et
1218 1241 1597 1308 sustinemus;
1634 1269 1653 1288 ι
1696 1244 1827 1316 quia

222 1327 675 1400 persequentibus
728 1345 784 1385 se
837 1345 948 1385 non
1006 1329 1349 1386 resistebant.
1414 1355 1433 1376 ε
1475 1330 1824 1404 Blasphema-

223 1432 349 1472 mur
377 1424 431 1473 et
457 1415 824 1484 obsecramus;
845 1441 863 1465 ι
881 1418 1327 1491 blasphemantes
1354 1420 1504 1476 enim
1535 1424 1822 1499 rogabant,

222 1512 285 1561 ut
311 1506 693 1577 permitterent
719 1506 829 1563 sibi
860 1506 1017 1563 reddi
1049 1508 1343 1565 rationem.

307 1608 449 1667 126
498 1628 518 1651 ι
548 1605 828 1678 Tanquam
861 1616 1220 1677 purgamenta
1255 1580 1427 1678 hujus
1456 1607 1648 1663 mundi
1692 1608 1821 1665 facti

1344 207 1709 266 COMMENT.
1752 211 1823 267 IN
1860 211 2128 268 EPIST.I
2168 213 2264 269 AD
2302 213 2457 272 COB.

227 346 297 386 ne
325 329 383 385 in
423 330 544 386 loco
572 329 671 387 diu
701 340 1001 400 manentes,
1046 333 1233 405 plures
1270 333 1551 390 docerent.
1594 334 1722 391 Ideo
1763 343 1817 392 et
1846 341 1895 399 A

3425 220 3530 279 218

2004 337 2025 399 (
2048 338 2205 393 Vers.
2242 340 2354 411 17.)
2409 366 2428 388 ι
2456 341 2582 399 Ideo
2615 344 2741 399 misi
2771 343 2842 402 ad
2869 360 2968 402 vos
3015 345 3390 417 Timotheum,
3433 348 3530 423 qui

1938 433 2020 481 est
2061 426 2210 482 ﬁlius
2241 445 2394 486 meus
2428 431 2783 491 charissimus
2809 441 2864 491 et
2907 434 3088 491 ﬁdelis
3117 436 3175 492 in
3203 437 3464 496 Domino.
3497 464 3517 487 ι

1941 517 2203 572 Hortatur
2259 517 2387 576 illos
2414 520 2471 575 in
2500 521 2604 578 hoc
2631 524 2820 580 eodem
2868 525 3180 595 Timotheo,
3211 544 3373 600 quem
3406 528 3530 585 ideo

1939 605 2323 663 charissimum
2355 616 2409 664 et
2438 609 2649 666 ﬁdelem
2679 612 2855 669 ﬁlium
2888 614 3191 671 obtestatur
3239 616 3295 671 in
3342 616 3529 674 Domi-

1939 711 2032 763 no,
2061 704 2123 751 ut
2153 694 2208 750 in
2242 696 2347 753 hoc
2376 697 2665 763 discerent,
2697 702 2831 773 quid
2869 712 3190 774 peccarent;
3223 722 3348 764 cum
3377 706 3523 762 enim

1940 783 2074 841 huic
2101 786 2483 843 testimonium
2514 790 2778 861 perhibet.
2817 792 2944 848 illos
2978 795 3179 865 arguit.

2024 898 2043 920 ι
2072 873 2177 940 Qui
2214 892 2314 930 vos
2354 878 2809 934 commonefaciat
2855 880 2973 936 vias
3021 898 3187 951 meas,
3236 899 3354 955 quae
3402 892 3532 941 sunt

1939 961 1997 1033 in
2027 962 2250 1020 Christo
2277 964 2427 1029 Jesu,
2457 967 2601 1022 sicut
2631 967 2834 1040 ubique
2866 969 2921 1024 in
2969 971 3121 1025 omni
3170 973 3414 1029 Ecclesia
3438 974 3532 1030 do-

1938 1066 2054 1107 ceo.
2086 1076 2104 1099 ›
2148 1053 2250 1108 Per
2281 1053 2449 1109 istum
2500 1072 2663 1128 quem
2712 1056 2931 1112 ﬁdelem
2981 1056 3161 1114 ﬁlium
3188 1058 3246 1115 in
3296 1061 3532 1117 Domino

1936 1142 2250 1212 conﬁrmat,
2280 1144 2479 1200 reverti
2512 1145 2639 1202 illos
2662 1148 2789 1201 vult
2821 1147 2888 1203 ad
2946 1150 3191 1221 regulam
3238 1166 3271 1206 a
3312 1166 3368 1206 se
3413 1159 3536 1207 tra-

1936 1229 2064 1288 dita
2117 1233 2396 1302 veritatis;
2455 1243 2517 1290 ut
2564 1237 2892 1293 commoniti
2937 1240 3124 1296 verbis
3164 1247 3218 1296 et
3267 1242 3536 1313 exemplis

1934 1316 2160 1392 operum
2212 1323 2332 1395 ejus
2390 1326 2795 1398 resipiscerent,
2826 1339 3219 1402 cognoscentes
3264 1348 3377 1387 non
3418 1348 3536 1405 per-

1934 1426 2115 1482 peram
2148 1428 2205 1468 se
2236 1413 2402 1470 fuisse
2429 1416 2498 1473 ab
2528 1419 2791 1490 Apostolo
2820 1420 3032 1490 doctos,
3081 1421 3300 1495 quando
3346 1421 3535 1479 eadem

1935 1502 2119 1553 tenere
2151 1516 2341 1558 omnes
2370 1503 2649 1561 Ecclesias
2678 1506 2971 1564 discerent.

2004 1592 2188 1664 (Vers.
2244 1593 2355 1663 18.)
2419 1618 2437 1643 ι
2487 1595 2768 1669 Tanquam
2802 1615 2914 1669 non
2944 1608 3214 1658 venturus
3263 1617 3432 1659 essem
3466 1602 3533 1659 ad

221 1718 435 1770 sumus,
466 1701 715 1757 omnium
738 1704 1043 1774 peripsema
1070 1719 1245 1774 usque
1276 1704 1440 1759 modo
1469 1705 1608 1775 (18).
1644 1731 1662 1751 ,
1706 1706 1826 1761 Non
1859 1699 1904 1757 Β
1936 1696 2053 1775 vos,
2076 1680 2158 1775 sic
2204 1680 2378 1775 inﬂati
2408 1693 2541 1740 sunt
2594 1686 2838 1775 quidam.
2875 1712 2894 1734 ›
2955 1688 3388 1761 Indignabantur
3419 1691 3534 1763 qui-
3580 1692 3591 1705 '

226 1790 537 1848 resistendo
580 1790 703 1859 ulli,
749 1807 925 1864 neque
967 1790 1144 1849 vicem
1201 1792 1258 1847 in
1318 1793 1478 1849 malis
1528 1793 1827 1861 reddendo,

224 1881 323 1939 sed
372 1883 588 1954 semper
611 1896 667 1936 se
697 1879 1042 1952 subjiciendo
1076 1899 1089 1948 ;
1124 1888 1184 1936 ut
1223 1898 1319 1953 per
1366 1883 1716 1954 partientiam
1748 1900 1828 1939 re-

226 1976 448 2028 vocaret
514 1969 583 2025 ad
634 1968 866 2037 bonum,
924 1971 1363 2043 contemptibilis
1427 1980 1482 2028 et
1542 1972 1830 2044 despectus

229 2057 413 2113 ﬁebat.
460 2082 480 2105 ι
513 2058 694 2130 Usque
725 2057 889 2114 modo
924 2100 940 2126 ,
971 2082 991 2107 ι
1034 2058 1091 2114 id
1133 2067 1236 2126 est,
1278 2076 1451 2132 usque
1481 2077 1632 2117 nunc
1660 2062 1825 2118 etiam

220 2147 372 2220 apud
403 2145 747 2213 Corinthios,
789 2163 889 2218 pro
918 2147 1118 2219 quibus
1164 2148 1304 2216 haec,
1351 2166 1472 2221 quae
1508 2166 1673 2221 supra
1719 2167 1827 2208 me-

230 2244 432 2304 morat,
478 2236 624 2290 mala
663 2251 855 2307 passus
902 2244 1000 2292 est.
1050 2238 1121 2292 Et
1161 2239 1419 2309 quoniam
1456 2239 1827 2299 humilitatem

226 2343 387 2383 suam
420 2324 564 2381 nihil
598 2324 653 2381 in
684 2324 771 2380 his
801 2325 1066 2397 proﬁcere
1093 2326 1333 2396 videbat,
1364 2329 1614 2400 queritur
1643 2330 1828 2388 dolore

233 2422 545 2472 commotus
582 2420 789 2470 tantam
833 2412 1236 2485 subjectionem
1267 2423 1321 2471 et
1350 2415 1582 2488 injurias
1612 2420 1827 2475 nullum

228 2505 474 2560 fructum
507 2502 705 2559 habere
733 2503 976 2575 potuisse
1006 2522 1019 2572 ;
1069 2505 1166 2562 sed
1195 2514 1250 2562 et
1278 2506 1425 2579 quod
1454 2506 1698 2565 deterius
1726 2518 1826 2577 est,

229 2593 287 2649 in
319 2592 474 2666 pejus
500 2593 813 2665 profecisse.

301 2692 485 2761 (Vers.
521 2690 635 2763 14.)
680 2715 697 2739 ι
744 2690 867 2748 Non
916 2702 978 2750 ut
1030 2693 1367 2751 confundam
1401 2712 1522 2764 vos,
1550 2695 1669 2753 haec
1698 2697 1828 2753 scri-

230 2779 339 2849 bo;
368 2805 386 2829 ι
430 2781 537 2838 hoc
589 2788 691 2847 est,
722 2798 834 2837 non
870 2788 933 2837 ut
978 2784 1235 2839 ruborem
1273 2785 1434 2841 vobis
1458 2785 1678 2855 faciam,
1712 2786 1831 2844 haac

226 2869 432 2938 scribo,
466 2871 559 2927 sed
616 2878 679 2926 ut
721 2870 1027 2943 corrigatis.
1077 2897 1095 2919 ι
1145 2873 1251 2929 Sed
1298 2874 1450 2947 quasi
1501 2874 1647 2931 ﬁlios
1679 2893 1828 2933 meos

221 2958 577 3016 charissimes
605 2975 822 3016 moneo.
855 2983 874 3007 ι
945 2960 1146 3017 Adhuc
1194 2978 1251 3017 se
1305 2964 1610 3035 supplicem
1670 2965 1823 3033 facit,

219 3131 342 3205 ejus
369 3142 709 3205 spernerent.
744 3136 805 3191 Id
855 3136 967 3207 agit
1018 3145 1082 3191 ut
1136 3135 1383 3192 medicus
1423 3139 1700 3207 salutaris,
1733 3141 1827 3212 qui

220 3222 510 3293 putamina
537 3221 885 3291 abscindens,
914 3223 1161 3279 dolorem
1195 3223 1409 3279 illatum
1441 3242 1535 3296 spe
1584 3234 1636 3281 et
1678 3227 1830 3283 blan-

215 3308 380 3365 ditiis
412 3309 650 3380 mitigat,
677 3317 738 3365 ut
766 3325 907 3381 aeger
935 3326 992 3365 se
1022 3310 1204 3365 curari
1236 3310 1544 3380 permittat.

293 3407 482 3476 (Vers.
519 3408 633 3478 15.)
681 3431 698 3455 ι
724 3408 781 3463 Si
811 3407 958 3463 enim
999 3408 1187 3465 decem
1212 3410 1365 3466 milia
1407 3411 1827 3483 paedagogorum

214 3496 533 3553 habueritis
558 3496 617 3552 in
655 3496 898 3565 Christo,
928 3499 1023 3555 sed
1056 3516 1168 3554 non
1199 3501 1403 3555 multos
1456 3510 1661 3572 patres.
1693 3501 1830 3557 Nam

218 3586 283 3642 in
313 3584 536 3642 Christo
559 3586 687 3642 Jesu
717 3603 813 3659 per
856 3588 1223 3661 Evangelium
1286 3605 1385 3661 ego
1428 3606 1528 3645 vos
1580 3591 1764 3662 genui.
1799 3617 1817 3638 ι

218 3675 322 3732 His
351 3674 516 3732 dictis
552 3675 795 3733 ostendit
823 3677 1039 3733 nullum
1070 3693 1229 3749 posse
1254 3695 1319 3734 eo
1354 3679 1556 3735 affectu
1601 3679 1829 3752 diligere

222 3764 375 3827 illos.
407 3781 515 3839 quo
564 3766 679 3839 ipse
734 3783 827 3823 eos
884 3767 1168 3840 diligebat.
1223 3769 1357 3837 Quis
1411 3769 1560 3825 enim
1620 3772 1834 3830 alienos

218 3853 369 3910 ﬁlios
392 3855 506 3911 suis
537 3864 818 3929 praeponat
846 3857 905 3913 in
929 3874 1116 3915 amore
1145 3858 1174 3915 ‘I
1213 3858 1291 3915 Ac
1321 3875 1419 3930 per
1467 3859 1574 3915 hoc
1616 3860 1832 3917 monita

217 3941 360 4015 ejus,
412 3943 507 4017 qui
557 3952 611 4001 et
666 3963 764 4018 pro
819 3945 909 4004 his
968 3954 1120 4003 tanta
1176 3948 1320 4003 mala
1362 3963 1554 4019 passus
1586 3954 1690 4016 est,
1720 3965 1832 4003 non

217 4031 420 4089 debere
453 4048 545 4090 eos
573 4051 850 4107 spernere.

295 4132 484 4204 (Vers.
522 4134 636 4205 16.)
689 4159 707 4182 ι
740 4134 982 4191 Obsecro
1019 4151 1148 4208 ergo
1192 4152 1313 4204 vos,
1361 4135 1669 4194 imitatores
1726 4138 1833 4193 mei

219 4228 418 4278 estote.
454 4246 473 4271 ι
516 4223 561 4279 Ο
608 4222 1049 4280 benevolentiam
1071 4224 1246 4279 sancti
1277 4225 1648 4297 Apostoli,qui
1680 4224 1833 4280 obse-

218 4320 336 4369 crat
387 4312 556 4379 ﬁlios,
602 4321 666 4368 ut
721 4313 1012 4370 imitentur
1066 4322 1295 4386 patrem,
1356 4315 1462 4371 hoc
1511 4323 1593 4371 est
1636 4326 1829 4387 sponte

218 4409 375 4474 rogat
429 4418 626 4473 aegros,
680 4411 742 4458 ut
796 4402 1068 4473 recipiant
1121 4403 1453 4459 medicinam
1489 4406 1500 4460 l
1535 4407 1599 4462 In
1629 4405 1717 4461 his
1744 4413 1821 4460 ta-
1850 4417 1900 4476 ι)

220 4506 346 4546 men
376 4491 464 4547 sui
492 4491 622 4547 illos
664 4491 969 4547 imitatores
1021 4492 1142 4547 vult
1195 4508 1357 4560 esse;
1411 4501 1475 4549 ut
1528 4493 1673 4551 sicut
1727 4494 1821 4551 hic

218 4581 393 4635 multa
421 4580 595 4635 exitia
624 4597 722 4652 pro
747 4582 923 4637 salute
950 4597 1138 4638 eorum
1170 4580 1239 4637 ab
1280 4582 1582 4640 incredulis
1628 4601 1820 4656 passus

217 4675 320 4736 est,
373 4674 429 4722 et
469 4683 583 4723 non
632 4668 813 4734 cessit,
865 4668 1167 4726 dummodo
1224 4686 1317 4742 per
1367 4671 1486 4728 dies
1530 4679 1584 4729 et
1634 4680 1821 4728 noctes

217 4757 617 4828 evangelizaret
669 4757 783 4813 illis
832 4757 1039 4814 donum
1095 4758 1285 4831 gratim
1342 4760 1465 4829 Dei,
1501 4760 1580 4815 ita
1635 4769 1690 4816 et
1735 4761 1820 4817 illi

221 4854 511 4903 manentes
538 4847 598 4903 in
628 4847 734 4904 ﬁde
772 4846 889 4920 ejus
939 4857 993 4904 et
1037 4848 1311 4917 doctrina,
1356 4866 1467 4905 non
1518 4851 1825 4923 reciperent

217 4934 484 4992 falsorum
536 4936 906 5008 apostolorum
964 4951 1134 5008 prava
1178 4946 1510 5005 commenta,
1549 4937 1644 4993 sed
1695 4940 1824 4995 resi°

214 5034 424 5083 sterent
446 5026 563 5097 (19)
592 5033 1006 5083 contemnentes
1044 5025 1359 5098 opprobria,
1392 5034 1488 5081 aut
1534 5026 1825 5084 detractio-

214 5131 337 5184 nes,
368 5123 430 5171 ut
461 5114 601 5187 patri
653 5131 753 5172 suo
795 5115 1033 5189 spiritali
1089 5113 1427 5171 inviolatum
1482 5126 1828 5174 reservarent

216 5204 507 5262 aﬂ'ectum.

312 5349 401 5418 18)
435 5348 760 5421 Bom.edit.,
789 5356 1047 5421 tanquam
1077 5351 1429 5405 instrumenta
1460 5364 1624 5420 usque
1652 5352 1825 5408 modo.

311 5422 401 5492 19)
434 5419 640 5477 Omnes
669 5420 830 5490 edit.,
878 5419 969 5477 sed
1020 5424 1407 5491 persisterent;
1435 5419 1632 5478 omnes
1672 5439 1829 5492 mss.,

323 5492 649 5548 resisterent.

282 5562 400 5635 (20)
425 5563 528 5621 Ms.
563 5562 751 5634 Corb.,
804 5563 910 5620 Pia
956 5562 1359 5621 commonitione
1399 5564 1689 5636 promittit,
1722 5572 1828 5624 etc.

1940 1766 2065 1823 dam
2116 1768 2558 1841 Corinthiorum,
2609 1773 2741 1846 quia
2784 1791 2897 1831 non
2946 1776 3062 1831 ibat
3105 1777 3174 1832 ad
3223 1778 3371 1847 illos,
3423 1796 3535 1835 non

1939 1855 2232 1926 desiderio,
2263 1858 2355 1914 sed
2395 1861 2671 1932 superbia,
2711 1863 2859 1934 quod
2900 1864 3058 1936 quasi
3107 1865 3364 1938 indignos
3409 1866 3537 1924 illos

1939 1946 2166 2003 haberet
2197 1966 2211 2007 :
2242 1966 2368 2004 cum
2393 1952 2566 2023 magis
2598 1953 2865 2023 Apostolo
2914 1953 3017 2009 hoc
3067 1954 3311 2012 studium
3344 1956 3533 2024 fuerit,

1938 2044 2000 2091 ut
2021 2036 2088 2094 de
2111 2037 2355 2110 indignis
2384 2039 2584 2097 faceret
2623 2040 2837 2113 dignos.
2873 2042 3117 2101 Habebat
3162 2060 3290 2117 ergo
3338 2053 3531 2102 votum

1939 2125 2129 2194 eundi,
2158 2126 2252 2182 sed
2285 2128 2493 2201 majora
2532 2140 2707 2199 erant,
2734 2148 2854 2204 quae
2885 2132 3094 2204 agebat.

2013 2215 2196 2287 (Vers.
2232 2218 2344 2289 19.)
2417 2245 2434 2266 ι
2468 2220 2701 2275 Veniam
2732 2229 2914 2277 autem
2944 2222 3056 2278 cito
3083 2221 3152 2278 ad
3183 2240 3301 2293 vos,
3335 2225 3378 2280 si
3412 2227 3534 2282 Do-

1939 2303 2125 2361 minus
2184 2307 2498 2378 permiserit
2554 2308 2695 2380 (20).
2756 2334 2772 2356 -
2852 2310 2984 2366 Post
3042 2313 3534 2370 commonitionem

1941 2393 2192 2465 promitit
2222 2411 2278 2450 se
2310 2396 2386 2450 ire
2415 2395 2482 2451 ad
2509 2397 2657 2465 illos,
2682 2397 2775 2452 sed
2794 2397 2839 2452 si
2875 2399 3144 2455 Dominus
3172 2402 3532 2473 permitteret,

1939 2488 2003 2535 ut
2050 2483 2178 2553 quia
2234 2484 2357 2554 plus
2402 2484 2507 2539 scit
2535 2486 2680 2541 Deus
2713 2501 2877 2557 quam
2927 2486 3115 2557 homo,
3146 2489 3269 2546 ideo
3296 2491 3343 2546 si
3373 2492 3536 2550 sciret

1941 2587 2120 2642 opera:
2157 2573 2392 2644 pretium
2451 2590 2591 2643 esse,
2642 2576 3029 2647 permitteret:
3087 2589 3142 2635 et
3194 2581 3236 2637 si
3270 2599 3379 2637 non
3414 2583 3536 2651 iret,

1938 2659 2236 2715 Dominum
2268 2678 2380 2717 non
2412 2663 2639 2719 scivisse
2674 2663 3002 2734 ostenderet,
3047 2684 3208 2723 causa
3238 2671 3430 2742 utique
3460 2670 3538 2726 in-

1938 2750 2226 2821 dignitatis
2263 2751 2509 2807 illorum.

2026 2862 2044 2884 ι
2101 2840 2175 2895 Et
2226 2857 2610 2913 recognoscam
2666 2858 2777 2898 non
2829 2857 3135 2899 sermonem
3170 2844 3413 2915 illorum,
3447 2848 3541 2920 qui

1942 2928 2118 2983 inﬂati
2162 2937 2313 3000 sunt,
2372 2929 2465 2986 sed
2509 2931 2793 2988 virtutem.
2829 2956 2847 2980 ι
2904 2932 3209 2991 Confundit
3234 2935 3381 3004 illos,
3412 2937 3542 3009 quia

222 3061 293 3101 ne
344 3047 600 3117 correpti,
632 3054 687 3102 et
737 3047 804 3102 ad
862 3047 1002 3103 iram
1060 3018 1390 3119 provocati:
1412 3018 1824 3108 admonitiones
1865 3060 1913 3119 (ᾖ
1942 3033 2092 3119 (ΞΨΠ.
2117 3018 2339 3119 “b'iq‘le
2366 3030 2861 3119 .c°.‘“'e"‘a.’e”‘.“."2
2892 3022 3344 3119 il‘dignabanm’
3383 3025 3538 3098 qua“

1943 3103 2095 3177 digni
2125 3115 2304 3161 essent
2335 3106 2403 3161 ab
2426 3110 2692 3178 Apostolo
2723 3110 2959 3165 visitari.

2012 3194 2196 3261 (Vers.
2252 3194 2371 3264 20.)
2444 3218 2462 3239 ι
2507 3196 2618 3250 Nec
2650 3195 2798 3250 enim
2828 3197 2886 3250 in
2912 3213 3162 3253 sermone
3188 3207 3271 3254 est
3298 3216 3529 3271 regnum

1940 3281 2062 3347 Dei,
2093 3280 2190 3335 sed
2234 3280 2293 3335 in
2342 3281 2569 3335 virtute.
2604 3306 2621 3326 ι
2684 3283 2755 3337 Ut
2807 3284 2953 3338 sicut
3006 3300 3233 3355 regnum
3282 3286 3380 3341 Dei
3432 3304 3545 3344 non

1942 3371 2233 3442 splendore
2262 3371 2560 3427 verborum
2592 3373 3030 3443 commendatur,
3081 3375 3173 3431 sed
3219 3376 3428 3434 virtute
3474 3378 3545 3433 si-

1946 3478 2203 3534 gnorum,
2243 3462 2321 3519 ita
2348 3470 2402 3518 et
2430 3461 2486 3517 hi
2519 3480 2628 3519 non
2658 3464 2845 3520 verbis
2864 3464 3051 3534 nudis,
3082 3466 3176 3522 sed
3198 3467 3403 3524 virtute
3418 3485 3544 3540 ope-

1942 3569 2066 3606 rum
2097 3552 2471 3624 spiritualium
2501 3553 2698 3626 dignos
2726 3571 2782 3611 se
2812 3556 3163 3612 ostenderent
3192 3557 3258 3613 ab
3276 3558 3544 3631 Apostolo

1944 3642 2179 3698 visitari.

2016 3732 2197 3803 (Vers.
2258 3732 2371 3805 21.)
2444 3756 2461 3780 ‹
2505 3733 2651 3801 Quid
2698 3735 2868 3791 vultis
2902 3736 2913 3791 l
2954 3737 3015 3791 In
3047 3736 3200 3809 virga
3230 3738 3447 3794 veniam
3474 3738 3544 3795 ad

1944 3840 2061 3891 vos,
2121 3841 2189 3879 an
2238 3825 2303 3895 in
2349 3824 2617 3881 charitate
2651 3833 2705 3881 et
2747 3826 2946 3898 spiritu
2978 3826 3421 3882 mansuetudinis
3450 3827 3479 3882 7
3513 3852 3531 3873 ι

1941 3915 2189 3971 Terroris
2216 3914 2384 3970 verba
2412 3913 2603 3981 infert,
2634 3922 2697 3969 ut
2726 3913 2988 3986 pudorem
3037 3913 3202 3985 passi,
3236 3913 3329 3986 qui
3364 3912 3544 3970 inﬂati

1943 4010 2119 4071 erant,
2167 4002 2636 4067 humiliarentur;
2686 4009 2747 4055 ut
2795 4000 2843 4056 si
2869 4017 2996 4057 vere
3028 4000 3279 4073 Apostoli
3311 4017 3541 4073 praesen-

1944 4092 2082 4147 tiam
2121 4090 2519 4157 desiderarent,
2550 4096 2920 4161 praepararent
2966 4105 3022 4144 se
3050 4089 3119 4145 ad
3152 4088 3541 4161 excipiendum

1944 4198 2093 4249 eum,
2151 4180 2209 4236 id
2247 4188 2348 4248 est,
2402 4180 2689 4235 abluerent
2731 4196 2788 4235 se
2827 4180 2895 4235 ab
2923 4180 3076 4237 omni
3106 4182 3321 4237 macula
3343 4179 3545 4237 crimi-

1946 4272 2033 4327 nis
2064 4270 2181 4344 (21)
2211 4288 2224 4339 ;
2256 4279 2316 4326 ιιι
2342 4270 2568 4327 veniens
2595 4268 2663 4326 ad
2684 4268 2831 4339 illos,
2862 4270 3111 4327 laetitiam
3144 4269 3371 4326 haberet
3386 4269 3542 4343 quasi

1944 4379 2069 4419 cum
2102 4360 2236 4417 ﬁliis
2264 4361 2627 4419 charissimis.

2557 4469 2785 4528 CAPUT
2809 4470 2880 4527 V.

2010 4577 2194 4649 (Vers.
2230 4577 2308 4649 1.)
2354 4603 2371 4625 ‹
2402 4574 2646 4635 Omnino
2674 4576 2900 4632 auditur
2920 4577 3066 4632 inter
3088 4589 3190 4631 vos
3223 4573 3539 4640 fornicatio,

1939 4674 1993 4722 et
2043 4666 2171 4722 talis
2226 4665 2544 4732 fornicatio,
2597 4664 2777 4736 qualis
2834 4681 2937 4720 nec
2988 4664 3136 4719 inter
3164 4669 3372 4732 gentes.
3409 4687 3427 4707 ι
3470 4663 3545 4718 Ut

1948 4773 2110 4830 quam
2165 4772 2326 4827 grave
2378 4757 2451 4811 sit
2493 4754 2641 4809 istud
2684 4760 2824 4815 127
2874 4760 3159 4826 peccatum
3209 4750 3539 4820 ostenderet,

1940 4870 2044 4909 nec
2072 4853 2140 4907 ab
2192 4851 2263 4907 iis
2305 4852 2412 4907 hoc
2447 4850 2595 4906 dixit
2629 4848 2871 4915 admitti,
2900 4849 2998 4921 qui
3030 4850 3205 4903 Deum
3237 4847 3493 4903 nesciunt
3522 4867 3536 4915 ;

1937 4951 2001 4998 ut
2046 4939 2277 5014 proinde
2328 4956 2434 5012 qua
2463 4953 2624 5010 poena
2650 4936 2744 4992 hic
2774 4934 3127 4993 mulctandus
3156 4943 3316 5006 esset,
3349 4945 3544 4994 osten-

1939 5030 2112 5099 deret,
2141 5027 2236 5102 qui
2264 5028 2367 5084 sub
2396 5035 2602 5082 aeterna
2627 5032 2683 5080 et
2709 5023 2902 5080 divina
2923 5022 3142 5096 justitia
3174 5024 3291 5097 (22)
3324 5027 3545 5084 consti-

1941 5127 2115 5189 tutus,
2156 5119 2297 5175 tanti
2330 5114 2557 5174 sceleris
2583 5115 2795 5172 crimen
2824 5115 3138 5171 admiserat.

2028 5232 2047 5256 ι
2090 5211 2172 5266 Ira
2212 5217 2275 5266 ut
2321 5207 2447 5281 quis
2490 5220 2724 5262 uxorem
2756 5205 2927 5281 patris
2957 5202 3174 5261 habeat.
3208 5231 3226 5253 ι
3267 5206 3543 5265 Prannissi

2043 5352 2137 5423 21)
2165 5348 2433 5409 Nonnulli
2465 5363 2626 5417 mss.,
2657 5352 2724 5408 ab
2753 5352 2896 5409 omni
2911 5352 3075 5424 plaga
3103 5346 3362 5407 criminis.

2018 5351 2138 5493 $22)
2168 5424 2279 5479 Mss
2305 5422 2539 5493 aliquot,
2579 5422 2678 5490 qui
2715 5426 2808 5482 sub
2846 5431 3053 5481 ter-rana
3082 5430 3130 5481 et
3163 5419 3349 5479 divina
3379 5421 3408 5493 j

1949 5494 1987 5550 ε,
2018 5421 2138 5495 (22)
2168 5424 2279 5479 MSS
2305 5422 2539 5494 aliquot,
2579 5422 2678 5490 Qui
2715 5426 2808 5482 sub
2846 5421 3053 5481 terreno
3082 5430 3130 5481 et
3163 5421 3349 5479 divina
3379 5421 3549 5494 justi.

1967 5512 2043 5551 ia.
