3952 6202
409 198 515 256 219

406 327 661 386 criminis
689 323 938 398 prodidit
967 339 1159 397 genus,
1190 332 1253 380 ut
1280 340 1391 380 non
1423 324 1599 379 solum
1634 323 1791 378 illum
1826 330 2011 396 aperte

406 434 560 476 reum
590 415 788 473 mortis
817 416 1042 482 faceret,
1073 413 1166 470 sed
1199 422 1253 470 et
1280 413 1625 470 adhaerentes
1655 413 1737 468 illi
1773 429 1882 468 non
1910 413 2012 467 im-

407 522 603 564 munes
652 521 685 561 a
730 503 966 560 crimine
1013 503 1432 570 demonstraret;
1466 502 1525 558 in
1554 518 1662 575 quo
1690 501 1836 557 enim
1869 500 2011 558 difﬁ-

408 599 513 656 cile
541 602 819 670 peccatur,
850 594 976 665 plus
1002 592 1135 649 facit
1163 608 1339 648 reum.

483 685 671 757 (Vere.
713 681 796 752 2.)
868 704 887 727 ι
932 681 1005 735 Et
1050 696 1150 735 vos
1198 678 1377 734 inﬂati
1420 676 1574 746 estis,
1613 685 1809 734 etnon
1838 677 2012 749 magis

411 777 620 831 luctum
674 770 967 828 habuistis.
1020 794 1039 817 ι
1094 767 1416 839 Superbiam
1450 768 1672 824 illorum
1705 768 1762 823 in
1794 777 2008 829 tantum

411 864 689 932 humiliat,
730 871 792 920 ut
818 877 930 917 non
961 860 1221 932 querulos
1243 859 1382 931 jam,
1412 859 1507 916 sed
1536 859 1709 931 magis
1737 862 2011 932 supplices

409 954 591 1012 faciat.
624 953 799 1008 Erant
826 949 973 1006 enim
1005 957 1060 1004 et
1093 948 1198 1021 ipsi
1240 949 1557 1020 participes,
1587 949 1718 1004 dum
1748 958 2012 1021 pateren—

407 1054 498 1103 tur
534 1060 686 1101 reum
715 1050 830 1098 tam
860 1039 1102 1113 ingentis
1132 1039 1397 1095 facinoris
1417 1056 1599 1096 secum
1633 1040 2008 1114 incorreptum

408 1134 746 1201 convenire;
793 1139 856 1187 ut
888 1145 1083 1186 omnes
1109 1144 1224 1184 uno
1257 1129 1489 1184 consilio
1530 1129 1831 1201 abjicerent
1859 1147 2008 1200 eum,

408 1228 454 1283 si
510 1231 734 1298 negaret
781 1220 1073 1278 emendare
1126 1235 1204 1275 se.
1237 1218 1294 1274 Si
1324 1226 1504 1274 autem
1536 1220 1661 1291 quis
1688 1226 2008 1292 potestatem

407 1333 522 1374 non
570 1315 758 1383 habet,
816 1328 978 1385 quem
1023 1310 1129 1366 scit
1156 1325 1334 1376 reum,
1366 1308 1623 1381 abjicere,
1657 1319 1753 1366 aut
1780 1312 2011 1383 probare

408 1422 520 1462 non
549 1405 721 1473 valet,
752 1400 1020 1457 immunis
1048 1406 1153 1464 est,
1183 1406 1237 1454 et
1259 1397 1469 1470 judicis
1493 1414 1603 1454 non
1630 1408 1711 1455 est
1745 1399 1864 1455 sine
1910 1417 2011 1456 ac—

407 1504 659 1555 cusatore
711 1493 993 1559 damnare,
1031 1488 1161 1563 quia
1219 1496 1274 1544 et
1326 1489 1596 1545 Dominus
1632 1489 1850 1558 Judam,
1882 1506 2008 1548 cum

408 1586 498 1642 fur
540 1591 702 1653 esset,
752 1582 883 1656 quia
928 1596 1040 1635 non
1070 1585 1153 1634 est
1184 1585 1493 1647 accusatus,
1524 1578 1756 1634 minime
1786 1579 2005 1651 abjecit.

364 1666 377 1675 ’
495 1699 513 1723 ι
558 1676 629 1730 Ut
672 1672 961 1729 tolleretur
988 1669 1057 1725 de
1088 1668 1273 1723 medio
1299 1676 1566 1737 vestrum,
1595 1668 1689 1740 qui
1733 1668 1839 1725 hoc
1869 1686 2009 1740 opus

409 1763 562 1820 fecit.
586 1788 604 1810 ι
657 1760 893 1833 Cognito
920 1773 1082 1830 opere
1111 1757 1238 1825 isto,
1271 1757 1585 1829 pellendum
1619 1757 1779 1813 illum
1833 1756 2006 1814 fuisse

411 1853 478 1909 de
503 1858 651 1910 caatu
679 1847 1060 1915 fraternitatis;
1088 1862 1278 1903 omnes
1305 1846 1452 1903 enim
1483 1847 1695 1903 crimen
1724 1846 1842 1920 ejus
1873 1848 2007 1905 scie-

412 1944 569 2009 bant,
636 1949 690 1999 et
732 1958 845 1997 non
891 1939 1223 2012 arguebant;
1257 1938 1478 2011 publice
1507 1938 1656 1993 enim
1714 1954 2008 1996 novercam

412 2050 568 2091 suam
605 2034 725 2089 loco
755 2032 948 2088 uxoris
972 2029 1228 2086 habebat.
1251 2030 1314 2085 ln
1345 2044 1453 2100 qua
1486 2044 1543 2082 re
1571 2044 1749 2100 neque
1777 2029 2010 2086 testibus

409 2136 553 2198 opm
582 2130 722 2193 erat,
754 2137 932 2196 neque
969 2117 1423 2195 tergiversatione
1450 2116 1636 2190 aliqua
1656 2124 1869 2190 poterat
1897 2119 2008 2192 tegi

408 2216 641 2272 crimen.

482 2304 664 2375 (Vers.
697 2301 852 2373 3-5.)
914 2322 932 2348 ι
965 2300 1083 2372 Ego
1114 2296 1339 2372 quidem
1370 2296 1566 2353 absens
1594 2311 1845 2369 corpore,
1873 2313 2006 2369 prae-

410 2409 534 2450 sens
561 2400 748 2449 autem
777 2390 980 2464 spiritu
1012 2408 1026 2457 ;
1084 2413 1101 2436 ι
1152 2387 1211 2443 id
1238 2394 1342 2456 est,
1373 2386 1571 2443 absens
1597 2386 1738 2443 facie
1766 2403 2011 2458 praesens

411 2502 593 2551 autem
650 2491 975 2548 auctoritate
1030 2488 1259 2561 spiritus
1286 2532 1302 2558 ,
1359 2487 1455 2560 qui
1510 2502 1781 2560 nusquam
1834 2488 2003 2544 abest.

422 2581 563 2636 «lam
588 2579 839 2652 judicavi
868 2586 931 2635 ut
968 2594 1226 2650 praesens,
1257 2591 1382 2631 eum
1413 2574 1509 2648 qui
1539 2575 1646 2632 hoc
1672 2575 1915 2645 admisit,
1948 2578 2006 2632 in

411 2670 637 2727 nomine
667 2669 894 2727 Domini
933 2667 1108 2723 nostri
1137 2667 1266 2723 Jesu
1304 2665 1512 2724 Christi
1543 2666 1884 2738 congregatis
1912 2682 2006 2721 vo-

410 2769 496 2826 bis
533 2777 588 2825 et
605 2785 726 2824 meo
755 2769 977 2840 spiritu,
1006 2782 1133 2821 cum
1164 2765 1373 2820 virtute
1400 2764 1625 2820 Domini
1658 2762 1833 2817 nostri
1857 2763 2005 2832 Jesu,

390 2857 627 2928 tradere
682 2856 833 2910 hunc
879 2854 1090 2909 Satanas
1121 2852 1178 2905 in
1219 2852 1503 2908 interitum
1552 2852 1754 2909 carnis.
1788 2879 1806 2902 ι
1848 2854 2009 2921 Quo-

412 2945 564 3000 niam
619 2941 802 2997 omnis
838 2940 956 3013 (23)
1011 2940 1194 2995 carnis
1224 2940 1478 3012 voluptas
1506 2957 1537 2995 a
1563 2940 1784 2997 diabolo
1814 2950 1915 3013 est,
1944 2960 2007 3001 ac

1458 194 1554 250 AD
1593 192 1827 250 OPERA
1866 193 1921 249 S.
1965 191 2298 250 AMBROSII
2327 192 2710 249 APPENDIX.

2040 341 2090 399 A

2039 1701 2085 1761 Β

3632 197 3734 256 220

2205 349 2223 371 ι
2274 324 2344 381 Ut
2370 323 2597 396 spiritus
2624 322 2809 379 salvus
2837 322 2910 379 sit
2941 322 3000 379 in
3029 321 3120 380 die
3143 323 3374 381 Domini
3407 325 3547 383 Jesu
3576 326 3731 386 Chri-

2122 414 2213 470 sti.
2244 439 2263 463 ι
2304 414 2494 470 Tradit
2522 414 2962 471 contaminatum
3000 413 3382 484 supradictum
3416 416 3643 475 Satanae
3674 427 3732 475 ut

2121 504 2347 576 spiritus
2404 504 2586 561 salvus
2642 504 2715 560 sit
2769 506 2826 559 in
2887 502 3206 560 hominibus
3247 505 3522 562 Ecclesiae
3554 506 3615 563 in
3645 507 3730 564 die

2114 593 2348 666 judicii;
2415 593 2521 649 nisi
2567 593 2714 649 enim
2753 591 2962 664 ejectus
3008 600 3168 660 esset,
3201 609 3312 649 non
3343 580 3507 651 ﬁeret
3538 596 3728 653 salvus

2120 684 2347 757 spiritus
2401 681 2664 740 Ecclesiae
2717 682 2775 737 in
2825 681 2914 737 die
2956 680 3178 753 judicii.
3221 682 3525 739 Deserebat
3578 685 3728 755 enim

2121 788 2311 828 omnes
2365 769 2851 827 contaminationis
2903 785 3086 837 causa,
3136 776 3199 825 ut
3246 769 3305 825 in
3359 769 3455 827 die
3501 774 3725 830 Domini

2120 862 2254 918 nudi
2303 861 2371 917 ab
2421 860 2631 932 Spiritu
2684 866 2874 917 sancto
2915 857 3150 927 inventi,
3189 859 3452 927 audirent
3479 878 3513 916 a
3537 862 3725 934 judice

2120 952 2358 1009 Domino
2383 966 2395 1003 :
2442 974 2460 997 ι
2491 949 2747 1006 Recedite
2775 965 2807 1005 a
2830 965 2936 1017 me,
2968 965 3080 1004 non
3107 948 3241 1005 novi
3273 967 3371 1006 vos
3395 952 3722 1021 (Matthmr,

2119 1042 2211 1114 23)
2246 1060 2260 1108 ;
2321 1064 2339 1090 ι
2408 1039 2553 1096 sicut
2600 1039 2739 1095 dicit
2788 1038 2856 1093 ad
2885 1040 3199 1096 Romanos:
3246 1063 3265 1085 ι
3295 1039 3353 1096 Si
3384 1040 3513 1113 quis
3540 1050 3721 1099 autem

2120 1131 2377 1204 spiritum
2412 1122 2619 1187 Christi
2651 1144 2762 1184 non
2792 1127 2978 1197 habet,
3014 1128 3108 1184 hic
3138 1144 3250 1184 non
3275 1138 3360 1185 est
3387 1130 3510 1202 ejus
3543 1133 3718 1203 (Rom.

2120 1239 2243 1290 Vill,
2265 1222 2322 1291 9)
2357 1237 2371 1288 ;
2419 1246 2438 1269 ι
2480 1227 2535 1276 et
2575 1220 2632 1275 in
2662 1219 2769 1274 alia
2799 1219 3080 1291 Epistola:
3128 1242 3145 1265 ι
3173 1219 3359 1276 Nolite
3392 1222 3719 1279 contristare

2120 1311 2386 1384 Spiritum
2434 1317 2683 1365 sanctum
2741 1308 2838 1364 Dei
2885 1309 3103 1380 (Ephes.
3137 1326 3212 1376 iv,
3264 1309 3380 1379 30).
3426 1335 3448 1358 ›
3491 1311 3552 1367 Si
3576 1313 3722 1370 enim

2120 1398 2497 1472 contristatur,
2527 1396 2730 1452 deserit
2770 1404 2825 1451 et
2854 1411 2965 1451 non
2994 1396 3101 1452 erit
3128 1398 3347 1454 salvus:
3382 1413 3500 1455 non
3529 1400 3721 1473 utique

2120 1489 2246 1558 sibi,
2296 1488 2391 1561 qui
2449 1487 2810 1562 impassibilis
2856 1494 2958 1555 est,
3001 1487 3097 1544 sed
3127 1488 3289 1545 nobis
3319 1490 3533 1562 quibus
3562 1491 3717 1549 datus

2120 1586 2234 1635 est:
2265 1585 2327 1634 ut
2356 1594 2452 1650 per
2480 1578 2639 1633 illum
2670 1576 2769 1632 Dei
2799 1575 2902 1632 ﬁlii
2930 1592 3046 1632 esse
3090 1577 3408 1649 probemur.
3439 1578 3550 1635 Res
3578 1581 3716 1637 enim

2121 1684 2241 1742 quae
2275 1667 2567 1734 amittitur,
2598 1666 2749 1722 salva
2778 1682 2890 1722 non
2919 1673 3022 1734 est,
3053 1682 3165 1723 non
3197 1666 3392 1741 utique
3437 1668 3574 1738 sibi,
3606 1687 3718 1743 quae

2123 1758 2437 1831 ubicunque
2466 1758 2559 1826 sit,
2590 1771 2807 1814 necesse
2831 1762 2914 1812 est
2936 1763 2999 1812 ut
3026 1756 3131 1825 sit;
3164 1756 3261 1814 sed
3287 1757 3341 1814 ei
3366 1775 3401 1815 a
3428 1776 3546 1833 quo
3568 1760 3719 1817 amit-

2121 1850 2279 1906 titur.

2196 1941 2379 2012 (Vers.
2412 1939 2494 2011 6.)
2540 1962 2557 1986 ε
2588 1939 2741 1996 Bona
2766 1946 2851 1997 est
2879 1936 3136 2013 gloriatio
3161 1946 3345 1996 vestra
3373 1940 3532 2014 (26)?
3558 1968 3578 1991 ι
3606 1943 3716 2001 Hoc

2122 2038 2223 2099 est,
2240 2047 2351 2087 non
2379 2030 2523 2087 bona
2550 2038 2667 2098 est;
2702 2030 2813 2088 laeti
2837 2030 2984 2087 enim
3015 2039 3192 2100 erant,
3222 2046 3348 2087 cum
3386 2031 3565 2104 magis
3582 2049 3721 2089 con-

2119 2123 2330 2180 tristari
2358 2122 2650 2179 debuerint
2678 2122 2737 2178 in
2762 2122 2933 2179 fratre
2960 2130 3075 2178 tam
3104 2122 3299 2180 acerbe
3325 2131 3616 2194 peccante,
3653 2122 3717 2179 si-

2120 2221 2215 2271 cut
2245 2213 2417 2269 tristis
2445 2213 2554 2269 fuit
2581 2213 2799 2268 Samuel
2831 2212 2890 2268 in
2918 2212 3047 2269 Saul
3076 2219 3354 2284 peccante.
3384 2213 3436 2268 A
3465 2229 3580 2286 quo
3605 2213 3718 2271 eri-

2121 2302 2271 2359 mine
2316 2301 2446 2357 mali
2490 2301 2741 2359 doctores
2790 2310 2885 2357 aut
2910 2300 3352 2369 dissimulabant,
3398 2310 3496 2358 aut
3532 2302 3713 2376 negli-

2121 2394 2337 2466 gentius
2358 2393 2659 2466 arguebant
2692 2393 2859 2465 (sicut
2887 2400 2943 2449 et
2970 2392 3093 2449 Heli
3122 2392 3377 2449 sacerdos
3414 2394 3474 2465 (Ι
3497 2396 3627 2466 Reg.
3656 2411 3713 2462 ιι,

2121 2483 2213 2557 23)
2247 2483 2392 2539 ﬁlius
2416 2500 2545 2539 suos
2574 2489 2860 2555 peccantes
2888 2482 2948 2538 in
2969 2482 3193 2555 Deum),
3226 2497 3296 2538 ne
3325 2483 3504 2540 amari
3541 2490 3715 2541 essent

2122 2572 2441 2630 hominibus
2470 2574 2611 2645 (27).

2205 2688 2223 2710 ι
2255 2663 2491 2721 Nescitis
2520 2663 2650 2737 quia
2677 2662 2956 2720 modicum
2986 2661 3321 2720 fermentum
3355 2669 3533 2720 totam
3578 2680 3712 2721 mas-

2119 2769 2233 2810 sam
2263 2752 2619 2825 corrumpit?
2647 2779 2666 2801 ι
2706 2753 2789 2809 Ita
2822 2761 2877 2808 et
2902 2760 3190 2825 peccatum
3221 2753 3409 2822 unius,
3442 2753 3599 2826 quod
3624 2771 3718 2811 co-

2119 2844 2333 2915 gnitum
2367 2861 2481 2900 non
2502 2846 2771 2916 arguitur,
2802 2844 3007 2901 multos
3035 2843 3376 2901 contaminat
3401 2862 3417 2913 ;
3452 2845 3570 2901 imo
3599 2863 3720 2902 om—

2118 2951 2215 2990 nes
2261 2935 2354 3007 qui
2404 2943 2632 3003 norunt,
2682 2944 2735 2991 et
2779 2950 2893 2990 non
2927 2934 3195 3002 devitant,
3228 2942 3324 2990 aut
3348 2952 3479 2992 cum
3509 2937 3720 3008 possint

411 3050 509 3107 per
538 3032 667 3098 hoc,
698 3047 824 3087 cum
855 3029 988 3086 huic
1012 3029 1285 3102 voluptati
1308 3028 1632 3099 remittitur,
1655 3031 1894 3088 traditur
1916 3032 2006 3089 Sa-
2043 3059 2087 3120 ο
2116 3044 2361 3099 arguere,
2397 3027 2772 3083 dissimulant.
2802 3028 2941 3084 Nom
2962 3028 3113 3084 enim
3144 3027 3249 3084 sibi
3279 3027 3507 3085 videtur
3533 3045 3715 3103 pecu-

410 3132 574 3191 tanze;
627 3137 754 3178 caro
802 3119 952 3175 enim
983 3118 1089 3176 hoc
1116 3118 1281 3176 habet
1304 3120 1361 3175 in
1398 3127 1613 3189 natura,
1644 3128 1706 3177 ut
1736 3121 2004 3190 intereat;

410 3213 595 3268 anima
623 3227 751 3283 ergo
777 3226 901 3267 cum
932 3224 990 3266 se
1033 3208 1222 3282 jungit
1250 3207 1527 3266 desiderio
1553 3207 1690 3282 ejus,
1722 3210 2008 3282 inﬁrmans

410 3301 753 3375 spiritualem
783 3317 946 3357 suum
975 3300 1245 3374 vigorem,
1291 3299 1457 3356 simul
1489 3299 1750 3356 interitur
1776 3300 2004 3373 patitur.

409 3393 596 3467 Itaque
637 3393 684 3447 si
728 3391 822 3447 hic
859 3398 1143 3463 correptus
1183 3391 1357 3463 stupri
1388 3389 1632 3448 admissi.
1666 3389 2009 3447 erubesceret

410 3481 644 3553 ejectum
701 3495 779 3544 se,
819 3495 932 3533 non
963 3479 1234 3547 interiret,
1265 3479 1589 3550 poenitentia
1618 3479 2003 3552 subsequente.

410 3572 534 3627 Non
570 3576 786 3625 tantum
844 3566 1094 3622 omnium
1152 3583 1426 3623 consensu
1471 3575 1524 3622 et
1552 3570 1879 3639 praesentia;
1913 3570 2009 3626 sed

411 3661 619 3716 virtute
671 3657 896 3714 Domini
948 3658 1097 3726 Jesu,
1143 3657 1201 3713 id
1249 3665 1331 3713 est
1366 3659 1639 3714 sententia
1667 3659 1828 3731 cujus
1854 3662 2009 3733 legam

411 3750 565 3806 tione
624 3746 915 3821 fugebatur
970 3747 1295 3820 Apostolus,
1342 3746 1716 3819 abjiciendum
1753 3749 1911 3805 illum
1942 3751 2008 3808 de

410 3838 659 3896 Ecclesia
687 3837 903 3895 censuit
934 3836 1076 3911 (24).
1095 3836 1233 3895 Cum
1250 3835 1493 3909 ejicitur,
1524 3837 1770 3894 tradetur
1796 3839 2008 3897 Satanas

410 3929 468 3986 in
492 3927 783 3985 interitum
814 3927 997 3985 carnis
1029 3945 1042 3996 ;
1074 3934 1127 3984 et
1151 3925 1336 3982 anima
1380 3925 1530 3982 enim
1562 3936 1615 3983 et
1643 3945 1841 4002 corpus
1871 3930 2007 3987 inte-

409 4029 590 4087 reunt,
621 4016 842 4092 quando
858 4034 978 4091 qum
1012 4024 1205 4073 contra
1231 4015 1405 4089 legem
1436 4024 1587 4087 sunt,
1620 4017 1796 4074 ﬁunt:
1832 4020 1926 4076 sed
1950 4021 2007 4078 in

409 4105 513 4162 hac
562 4107 723 4162 aliter
757 4122 919 4162 causa
947 4106 1209 4161 interitus
1236 4106 1418 4161 carnis
1446 4106 1662 4164 homini
1692 4107 2004 4181 deputatur.

409 4201 734 4273 Quanquam
764 4200 911 4255 enim
942 4202 1129 4257 omnia
1162 4209 1380 4274 peccata
1408 4204 1684 4259 carnalem
1720 4205 2005 4263 hominem

409 4296 692 4364 prastent,
749 4288 857 4344 hoc
898 4296 1083 4344 tamen
1113 4290 1426 4360 specialiter
1454 4291 1789 4349 desiderium
1823 4297 2009 4352 carnis

410 4387 515 4447 est,
562 4393 672 4451 quo
717 4393 842 4433 cum
898 4391 1128 4447 corpore
1178 4376 1345 4432 tradit
1375 4378 1673 4449 gehennae;
1704 4381 1833 4453 quia
1860 4383 2009 4441 victa

409 4468 616 4536 anima,
645 4464 902 4522 sordibus
929 4465 1199 4520 maculata
1227 4465 1433 4534 anima,
1466 4467 1702 4525 libidine
1731 4472 1914 4529 carnis
1945 4473 2008 4530 ﬁt

409 4573 537 4615 caro
569 4555 727 4630 (25);
769 4554 913 4612 sicut
939 4562 994 4611 et
1030 4571 1231 4628 corpus
1259 4563 1404 4613 recte
1435 4555 1798 4629 gubernatum
1829 4562 2004 4634 spiri-

407 4647 517 4704 tale
567 4646 892 4720 appellatur.
944 4644 1182 4702 Animus
1229 4652 1414 4702 tamen
1444 4654 1542 4715 est,
1575 4649 1669 4721 qui
1698 4658 1794 4706 aut
1820 4651 2004 4710 victus

409 4735 705 4805 illecebris,
752 4742 932 4792 totum
980 4735 1265 4792 hominem
1307 4751 1567 4792 carneum
1618 4737 1780 4795 facit:
1819 4742 2003 4799 autin

407 4825 595 4897 vigore
620 4833 830 4883 naturai
864 4842 977 4883 sua
1006 4841 1255 4896 manens,
1287 4825 1442 4883 carni
1473 4835 1698 4900 prestat,
1729 4837 1791 4886 ut
1828 4831 2005 4905 spiri-

407 4915 575 4973 tualis
601 4915 836 4973 dicatur.

482 5056 620 5130 (23)
650 5057 732 5130 Ita
780 5074 908 5115 mss.
942 5065 997 5116 et
1027 5055 1160 5116 edit.
1196 5068 1330 5130 vet.;
1362 5066 1419 5115 at
1446 5062 1604 5119 Rom.
1645 5061 1781 5119 edit.
1810 5078 2004 5121 vocem

407 5128 586 5186 munis
607 5128 739 5186 hinc
761 5137 1048 5186 resecarat.

479 5199 598 5278 (24)
620 5202 897 5278 Nonnulli
914 5201 1064 5278 cod.,
1084 5204 1222 5278 Nam
1239 5204 1479 5278 omnium
1506 5222 1777 5278 consensu,
1801 5212 1850 5260 et
1863 5223 2004 5278 prte-

406 5273 575 5349 sentia
607 5273 863 5349 Spiritus,
908 5273 1061 5343 cujus
1083 5273 1463 5349 legatione..."
1496 5276 1556 5330 de
1585 5273 1823 5333 Ecclesia
1847 5273 2002 5349 [arm-7

408 5345 570 5417 cepit;
616 5344 711 5402 alii
759 5359 890 5417 mss.
941 5352 996 5400 et
1037 5344 1170 5417 edit.
1222 5344 1367 5401 inter
1406 5362 1463 5401 se
1491 5344 1864 5417 consentiunt,
1897 5348 2005 5405 nisi

407 5414 557 5489 quod
604 5424 715 5492 vet.
735 5415 899 5492 _edit.
935 5415 1239 5492 praeferunt
1265 5417 1432 5492 etiam
1460 5434 1587 5473 nam
1614 5436 1713 5492 pro
1739 5414 1868 5488 non,
1900 5436 2004 5492 nec

407 5486 521 5542 rion
561 5486 898 5564 perindeﬁac
936 5486 1271 5564 Romsedit.
1304 5488 1572 5546 omittunt
1601 5486 1826 5562 tantum,
1853 5486 2005 5564 quod

406 5572 509 5615 nos
536 5572 567 5613 θ
594 5573 725 5615 mss.
757 5560 971 5632 aliquot
1000 5560 1366 5617 restituimus.

2040 4425 2089 4485 D

2118 3132 2198 3183 re,
2235 3116 2454 3188 quando
2483 3133 2515 3173 a
2543 3114 2700 3172 nullo
2727 3116 3027 3189 corripitur
3061 3124 3158 3173 aut
3186 3116 3415 3173 vitatur.

2201 3210 2342 3268 128
2381 3207 2563 3279 (Vers.
2617 3205 2693 3277 7.)
2755 3229 2774 3253 ε
2825 3206 3140 3278 Expurgate
3168 3214 3329 3262 vetus
3355 3206 3713 3277 fermentum,

2118 3312 2179 3360 ut
2208 3304 2330 3359 sitis
2354 3319 2499 3359 nova
2526 3302 2861 3374 conspersio.
2896 3328 2915 3350 ›
2970 3303 3087 3360 Hoc
3115 3302 3325 3375 duplici
3349 3319 3552 3375 genere
3580 3303 3714 3361 acci-

2118 3391 2380 3464 piendum
2438 3399 2541 3461 est,
2591 3391 2721 3465 quia
2767 3399 2849 3448 est
2892 3399 2947 3448 et
2985 3392 3316 3448 fermentum
3348 3391 3600 3448 humana
3627 3392 3715 3449 do-

2120 3482 2319 3550 ctrina,
2347 3482 2564 3538 dicente
2592 3482 2874 3539 Salvatore
2898 3501 2909 3538 :
2956 3506 2975 3529 ι
3002 3483 3201 3541 Cavete
3229 3482 3550 3538 afermento
3582 3482 3714 3538 Pha-

2118 3571 2403 3628 riszeorum
2455 3572 2667 3645 (Matth.
2718 3588 2836 3640 xvr,
2878 3571 2960 3644 6),
3011 3598 3030 3621 ι
3065 3571 3122 3628 id
3150 3580 3233 3628 est
3266 3587 3298 3627 a
3335 3572 3615 3629 doctrina.
3648 3572 3719 3627 Et

2118 3660 2187 3716 ad
2243 3661 2442 3716 malam
2491 3677 2620 3734 ergo
2657 3661 2968 3719 doctrinam
3025 3660 3349 3729 cavendam,
3393 3668 3449 3717 et
3475 3660 3546 3718 ad
3576 3660 3719 3717 hanc

2118 3767 2338 3807 causam
2387 3752 2598 3809 dictum
2648 3760 2751 3819 est,
2803 3753 2933 3826 quia
2960 3752 3135 3825 ejecto
3165 3752 3522 3822 fornicatore,
3553 3760 3717 3809 vetus

2118 3840 2450 3898 fermentum
2491 3842 2734 3915 ejicitur.
2767 3844 2895 3900 Ideo
2924 3850 3107 3898 autem
3140 3851 3318 3908 vetus,
3342 3842 3474 3915 quia
3501 3840 3717 3914 antiqui

2121 3931 2323 3987 erroris
2352 3940 2635 4004 peccatum
2667 3939 2769 3988 est.
2801 3932 2958 3989 Nova
2983 3938 3167 3988 autem
3189 3931 3537 4003 compositio,
3562 3929 3717 3990 Chrio

2121 4019 2191 4075 sti
2222 4019 2477 4075 doctrina
2505 4028 2607 4076 est.

2203 4132 2222 4156 ι
2253 4109 2408 4166 Sicut
2450 4109 2582 4166 estis
2624 4108 2829 4182 azymi.
2882 4134 2901 4157 ι
2943 4109 3154 4181 Azyma
3181 4125 3252 4164 ex
3280 4124 3444 4165 causa
3470 4125 3585 4166 non
3615 4108 3715 4164 fer-

2119 4210 2373 4259 mentata;
2428 4202 2620 4260 farinae
2676 4202 2887 4260 dictum
2938 4208 3040 4269 est,
3072 4218 3198 4258 cum
3230 4200 3336 4258 ﬁlii
3364 4202 3536 4257 Israel
3556 4200 3717 4272 ejecti

2119 4301 2249 4349 sunt
2284 4293 2351 4350 de
2378 4294 2640 4367 Egypto;
2673 4302 2736 4350 ut
2764 4294 3097 4350 fermentum
3124 4299 3368 4348 vetustas
3399 4290 3716 4357 haberetur,

2120 4384 2295 4440 azima
2312 4391 2495 4440 autem
2525 4384 2763 4441 novitas.
2795 4381 3042 4454 Abjectis
3070 4380 3220 4438 enim
3266 4380 3549 4437 veteribus
3573 4396 3715 4437 erro-

2120 4473 2273 4530 ribus
2316 4474 2731 4546 ngyptiorum,
2761 4473 2821 4529 in
2868 4487 3069 4528 novam
3102 4472 3275 4543 legem
3300 4469 3517 4526 inducti
3549 4477 3713 4536 sunt;

2113 4562 2193 4620 ita
2238 4571 2293 4619 et
2338 4561 2613 4619 Corinthii
2660 4570 2781 4634 post
2832 4577 3168 4633 paganorum
3190 4575 3405 4617 errores
3432 4558 3493 4615 in
3521 4560 3717 4616 Evan-

2116 4651 2320 4724 gelium
2376 4651 2585 4709 Christi
2630 4649 2843 4707 inducti
2873 4656 3023 4706 sunt.
3051 4650 3316 4705 Hortatur
3341 4663 3491 4721 ergo,
3532 4656 3596 4705 ut
3639 4663 3716 4704 se~

2112 4741 2354 4798 cundum
2378 4740 2772 4814 professionem
2803 4755 2981 4807 suam,
3016 4754 3181 4811 quam
3209 4736 3280 4792 ab
3306 4737 3577 4810 Apostolo
3614 4734 3716 4792 sub

2113 4830 2341 4887 nomine
2399 4830 2605 4887 Christi
2645 4834 2988 4901 acceperant,
3037 4834 3093 4882 et
3119 4827 3398 4896 viverent,
3422 4825 3543 4898 jam
3588 4826 3716 4881 vita

2112 4934 2271 4976 novae
2298 4920 2555 4977 cultores:
2589 4927 2644 4977 et
2673 4919 2779 4977 hoc
2807 4927 2890 4975 est
2916 4932 3143 4991 azymos
3172 4931 3311 4973 esse.

2186 5064 2303 5135 (25)
2350 5064 2479 5121 Mss.
2524 5061 3099 5135 nonuulli,rgetHRom.
3132 5058 3432 5135 edit,th
3466 5057 3719 5114 cordibus

2112 5131 2382 5191 maculata
2437 5135 2641 5200 anima,
2692 5153 2725 5190 a
2785 5131 3007 5189 libidine
3057 5131 3239 5187 carnis
3293 5131 3355 5202 fit
3408 5147 3556 5197 caro,
3588 5138 3715 5195 etc.;

2112 5207 2353 5275 Thuan.,
2382 5207 2523 5278 quod
2549 5206 2794 5261 sordibus
2824 5205 3150 5260 maculatam
3178 5202 3417 5258 animum
3444 5218 3565 5258 cum
3589 5218 3721 5257 cor-

2108 5296 2239 5351 pore
2262 5279 2436 5351 tradit
2466 5279 2723 5350 gehennw.

2188 5349 2306 5421 (26)
2339 5352 2421 5406 Ita
2446 5344 2573 5405 mss.
2607 5362 2774 5422 prope
2802 5345 2870 5403 ad
2898 5362 3111 5422 unum;
3145 5359 3339 5400 omnes
3372 5360 3510 5422 vero
3550 5344 3714 5412 edit,

2114 5418 2234 5493 Non
2265 5418 2339 5475 est
2364 5422 2499 5476 bona
2527 5418 2779 5493 gloriatio
2805 5425 3001 5493 vestra,
3038 5421 3133 5473 hoc
3164 5423 3259 5484 est,
3281 5418 3434 5472 mala
3460 5422 3558 5471 est.

2187 5491 2303 5565 (27)
2340 5493 2469 5565 M33.
2504 5489 2717 5565 Remig.
2759 5507 2823 5549 ac
2850 5489 3050 5559 Laud.,
3083 5504 3146 5544 ne
3198 5504 3424 5545 amarus
3453 5493 3607 5559 esset,
3641 5502 3724 5545 eos

2112 5580 2221 5620 non
2238 5564 2511 5637 arguebat.
