3952 6202
376 249 475 306 221

1473 246 1836 305 COMMENT.
1879 246 1948 302 ΙΝ
1988 245 2203 302 EPIST.
2246 247 2267 302 Ι
2307 245 2400 301 AD
2441 246 2599 303 COR.

3592 249 3693 307 222

459 399 478 422 ε
515 374 722 432 Pascha
746 382 998 431 nostrum
1021 374 1339 431 immolatus
1365 382 1447 430 est
1475 374 1745 432 Christus.
1784 401 1803 423 ι
1860 376 1966 432 Se-
2006 379 2055 437 A
2083 390 2187 430 nec
2231 390 2579 433 communem
2620 392 2799 433 escam
2843 376 3044 433 docet:
3101 383 3162 432 ut
3205 376 3514 446 erubescat,
3565 395 3692 436 cum

375 466 617 524 cundum
681 467 853 538 legem
910 464 1069 521 docet
1125 466 1432 521 novitatem
1485 466 1706 522 Pascha;
1762 466 1973 522 ratione

377 554 694 621 consistere,
724 561 777 609 et
809 553 933 609 ideo
964 553 1244 610 Christum
1277 571 1393 610 esse
1421 554 1688 623 occisum,
1722 563 1784 610 ut
1811 571 1882 610 ex
1911 571 1975 609 eo

376 662 519 703 nova
549 644 868 717 praedicatio
912 661 1112 700 novam
1144 645 1345 702 faceret
1370 646 1841 702 conversationem
1870 663 1883 712 ;
1916 652 1977 700 ut

377 736 509 809 quia
536 733 757 791 Pascha;
800 733 1070 790 rationem
1104 735 1362 802 colimus,
1395 742 1631 790 veterem
1665 735 1834 789 vitam
1864 750 1976 789 non

375 839 691 897 sequamur.
715 822 923 878 Pascha
955 823 1137 894 itaque
1158 823 1466 880 immolatio
1495 833 1597 891 est,
1629 840 1738 879 non
1766 823 1978 880 transi-

381 923 488 982 tus,
521 913 664 969 sicut
685 913 1012 986 quibusdam
1035 913 1256 969 videtur
1279 933 1292 980 ;
1323 914 1476 986 prius
1506 915 1653 970 enim
1681 914 1906 982 Pascha,
1924 922 1978 970 et

379 1006 462 1062 sic
492 1006 775 1070 transitus,
809 1005 936 1077 quia
966 1013 1091 1061 ante
1126 1007 1445 1077 exemplum
1477 1007 1778 1063 Salvatoris
1808 1016 1890 1062 est
1923 1016 1978 1063 et

379 1094 461 1150 sic
489 1095 705 1165 signum
736 1092 948 1148 salutis.
983 1093 1093 1150 Nec
1131 1093 1282 1148 enim
1341 1103 1468 1149 ante
1517 1095 1758 1166 signum,
1811 1113 1976 1170 quam

377 1199 546 1249 crux;
596 1197 718 1237 nam
776 1180 956 1236 occiso
993 1196 1216 1252 vespere
1246 1197 1405 1252 agno,
1457 1183 1516 1237 in
1581 1185 1822 1256 ngypto
1877 1185 1977 1240 ﬁlii

375 1273 537 1327 Israel
571 1271 774 1327 Pascha
804 1277 1058 1341 egerunt,
1086 1286 1156 1325 ex
1195 1270 1353 1342 cujus
1383 1271 1648 1342 sanguine
1683 1280 1862 1344 postes
1889 1274 1976 1329 si—

373 1367 648 1435 gnarunt:
701 1366 761 1414 ut
802 1366 972 1414 noctu
1022 1359 1252 1430 angelus
1277 1360 1575 1429 transiens,
1609 1377 1669 1416 ea
1701 1361 1820 1417 loca
1866 1379 1978 1419 non

373 1455 736 1525 contingeret,
759 1470 880 1526 quae
893 1453 1159 1526 sanguine
1188 1452 1313 1526 agni
1341 1453 1561 1510 fuerant
1577 1453 1748 1510 oblita
1772 1455 1974 1526 (Exod.

373 1561 479 1613 xu,
509 1543 599 1612 22,
633 1542 752 1613 23).

448 1652 632 1721 (Vers.
660 1650 741 1721 8.)
790 1673 808 1699 ι
846 1650 1035 1722 Itaque
1071 1649 1211 1705 festa
1240 1646 1605 1717 celebremus,
1638 1666 1749 1705 non
1781 1650 1836 1706 in
1861 1650 1980 1707 fer-

2083 463 2310 531 vitatur,
2345 473 2398 520 et
2426 482 2485 521 se
2514 467 2774 538 corrigat.

2159 553 2339 624 (Vers.
2369 553 2480 623 13.)
2528 556 2752 611 «Nonne
2779 555 2846 611 de
2875 555 2944 611 iis
2975 555 3067 628 qui
3092 555 3242 612 intus
3271 564 3422 624 sunt,
3454 574 3554 614 vos
3604 555 3692 628 ju-

2086 640 2282 697 dicatis
2302 642 2329 697 ‘I
2367 669 2386 692 ι
2429 643 2642 699 Iudicat
2673 644 2814 716 quis,
2832 645 2965 700 dum
2996 645 3266 701 discernit
3294 645 3385 700 cui
3421 645 3577 702 fratri
3600 647 3690 702 ad-

2086 730 2309 799 haereat,
2341 748 2503 804 quem
2535 741 2745 803 arguat,
2775 750 2939 804 quem
2967 733 3194 801 devitet,
3232 757 3250 780 ε
3290 735 3427 790 Nam
3455 751 3549 792 eos
3593 736 3689 809 qui

2086 820 2220 876 foris
2249 828 2394 886 sunt,
2419 823 2562 878 Deus
2597 819 2944 890 dijudicabit.
2986 847 3004 867 ι
3076 823 3338 894 Superius
3369 841 3380 877 :
3427 848 3444 870 ι
3478 825 3682 893 Nolite,

2087 909 2183 977 ait,
2215 918 2339 965 ante
2370 917 2585 983 tempus
2608 909 2859 981 judicare
2891 911 2948 981 (Ι
2977 911 3100 967 Cor.
3140 930 3218 979 1v,
3251 913 3347 981 5);
3393 938 3410 958 ›
3459 913 3552 970 hic
3581 931 3690 970 non

2089 999 2361 1069 prohibet.
2413 998 2516 1055 Sed
2563 1001 2815 1070 superius
2867 1000 3148 1071 incognita
3177 1016 3272 1071 per
3320 1003 3688 1072 suspicionem

2092 1088 2330 1144 maxime
2355 1089 2421 1144 de
2456 1096 2668 1144 rectore
2702 1089 2987 1162 prohibuit
3001 1089 3270 1159 judicare,
3303 1091 3432 1162 quia
3462 1093 3561 1148 Dei
3591 1111 3693 1149 so-

2089 1177 2200 1232 lius
2239 1187 2321 1234 est
2351 1179 2565 1234 occulta
2592 1178 2874 1250 judicare;
2910 1179 3014 1234 hoc
3053 1186 3235 1233 autem
3270 1180 3407 1246 loco,
3439 1189 3499 1236 ut
3528 1182 3692 1238 frater

2088 1267 2315 1323 fratrem
2345 1270 2624 1326 examinet
2651 1272 2816 1325 etiam
2842 1269 3019 1340 jubet,
3053 1269 3197 1325 sicut
3247 1269 3358 1325 alio
3391 1275 3529 1333 129
3574 1273 3692 1329 loco

2088 1362 2226 1420 dicit
2253 1365 2338 1435 (ΙΙ
2371 1367 2494 1421 Cor.
2529 1383 2653 1433 xm,
2683 1366 2740 1436 5)
2770 1383 2780 1420 :
2827 1389 2846 1412 ι
2887 1366 2998 1423 Vos
3025 1365 3173 1436 ipsos
3204 1355 3432 1436 tentate,
3466 1368 3512 1422 si
3561 1369 3690 1424 estis

2089 1451 2146 1507 in
2178 1453 2436 1526 ﬁdezipsi
2473 1471 2570 1509 vos
2601 1454 2842 1526 probate.
2878 1478 2894 1500 ›
2940 1453 3045 1520 Qui
3076 1463 3257 1509 autem
3290 1454 3425 1510 foris
3454 1467 3603 1522 sunt,
3636 1456 3693 1511 in

2089 1541 2178 1596 die
2191 1540 2389 1613 judicii
2411 1542 2822 1600 damnabuntur
2846 1562 2859 1610 ;
2881 1542 3008 1616 quia
3035 1542 3182 1598 dixit
3203 1544 3503 1600 Dominus:
3539 1570 3555 1591 ε
3587 1545 3690 1612 Qui

2091 1645 2201 1684 non
2219 1630 2530 1698 crediderit,
2552 1630 2670 1703 jam
2687 1631 2968 1701 judicatus
2993 1639 3075 1686 est
3098 1631 3383 1701 (Joan.m,
3413 1633 3524 1702 18).
3562 1659 3578 1681 ι
3625 1635 3686 1688 In

378 1719 565 1798 mento
595 1719 787 1796 veteri.
828 1764 846 1787 ι
894 1719 1011 1794 Hoc
1036 1747 1118 1795 est
1159 1738 1408 1794 laetitiam
1442 1738 1708 1794 habentes
1737 1756 1980 1796 renova—
2009 1751 2053 1810 Β
2090 1735 2198 1792 (Ιυο
2227 1721 2375 1810 mil“
2407 1736 2526 1792 Spes
2550 1738 2662 1776 "0'1
2693 1728 2792 1787 θεῖν
2826 1727 3171 1810 ΡΓΟΫΠΨΓίυο,
3199 1719 3483 1810 Ϋᾎέῖδθηάαε
3511 1730 3610 1777 θει-

375 1831 564 1897 tionis,
597 1829 738 1885 facta
772 1837 954 1884 vetera
985 1827 1282 1898 fugiamus,
1315 1828 1737 1884 immunditiam
1759 1844 1978 1884 omnem

375 1918 692 1990 abjicientes
723 1934 751 1972 a
798 1916 980 1984 nobis,
1021 1932 1140 1989 quae
1186 1923 1267 1972 est
1298 1917 1621 1988 corruptio;
1657 1918 1787 1990 quia
1839 1917 1982 1973 sicut

375 2009 704 2064 fermentum
751 2013 921 2062 totam
975 2021 1207 2061 massam
1256 2006 1586 2077 corrumpit,
1627 2006 1706 2061 ita
1745 2014 1798 2062 et
1840 2008 1980 2063 mala

378 2097 496 2151 vita
519 2104 698 2152 totum
727 2095 1032 2151 hominem.
1065 2096 1210 2166 Ergo
1241 2104 1301 2150 ut
1333 2111 1444 2150 non
1475 2097 1657 2151 solum
1686 2112 1718 2150 a
1743 2097 1979 2168 turpitu-

381 2185 510 2241 dine
565 2185 693 2239 vitae
747 2200 847 2239 nos
889 2183 1260 2252 observemus,
1320 2184 1414 2240 sed
1453 2193 1506 2242 et
1554 2185 1620 2240 ab
1669 2185 1980 2258 iniquitatis

387 2273 591 2341 studio,
623 2271 826 2345 adjecit
847 2290 858 2327 :

467 2400 484 2421 ε
522 2373 632 2430 Nec
683 2374 739 2428 in
775 2373 1049 2429 fermento
1093 2373 1320 2429 malitiae
1373 2383 1426 2430 et
1455 2374 1741 2448 nequitiae,
1777 2376 1870 2432 sed
1921 2377 1978 2432 in

385 2463 594 2536 azymis
623 2463 957 2522 sinceritatis
985 2470 1039 2519 et
1068 2462 1336 2520 veritatis.
1383 2487 1400 2510 ›
1443 2464 1558 2520 Hoc
1587 2473 1689 2532 est,
1720 2473 1782 2520 ut
1809 2466 1980 2522 since-

379 2554 515 2609 ritas
545 2552 808 2608 mundam
858 2553 1029 2609 vitam
1079 2553 1263 2621 faciat,
1295 2553 1498 2609 veritas
1547 2562 1730 2611 autem
1761 2571 1978 2611 omnem

378 2648 624 2705 fraudem
655 2649 934 2707 excludat.

453 2747 639 2816 (Vers.
678 2748 731 2815 9,
770 2746 882 2817 10.)
926 2770 944 2794 ‹
983 2745 1190 2818 Scripsi
1212 2748 1372 2805 vobis
1396 2748 1452 2803 in
1470 2749 1723 2820 epistola,
1743 2766 1811 2806 ne
1832 2765 1978 2806 com-

379 2835 721 2892 misceamini
778 2835 1108 2893 fornicariis.
1171 2862 1188 2883 ι
1227 2838 1530 2910 .Scripsisse
1588 2854 1644 2893 se
1703 2837 1979 2911 signiﬁcat

379 2927 552 2999 prius,
585 2927 680 2982 ubi
728 2935 1040 2983 commonet
1088 2927 1234 2996 illos,
1267 2945 1334 2984 ne
1376 2929 1674 3000 jungerent
1703 2944 1760 2984 se
1819 2929 1976 2984 malae

378 3016 508 3072 vitae
538 3015 880 3073 hominibus.
923 3019 994 3073 Et
1024 3017 1154 3089 quia
1201 3034 1310 3073 non
1359 3018 1701 3073 intellexisse
1731 3018 1874 3072 forte
1916 3034 1979 3072 ea

2095 1861 2099 1865 .
2177 1809 2436 1863 «Auferte
2449 1810 2653 1865 malum
2672 1825 2741 1866 ex
2754 1808 3077 1880 vobisipsis.
3095 1833 3110 1852 ι
3142 1808 3342 1864 Adhuc
3357 1818 3689 1880 commonet,

2089 1903 2152 1952 ut
2180 1897 2560 1955 discernantur
2589 1916 2619 1954 a
2649 1899 2809 1954 malis
2839 1906 2892 1953 et
2918 1897 3176 1970 operibus
3207 1905 3259 1952 et
3291 1897 3632 1956 hominibus.

2701 2031 2927 2090 CAPUT
2960 2032 3054 2088 VI.

2164 2148 2347 2220 (Vers.
2382 2150 2459 2221 1.)
2507 2175 2524 2196 ι
2553 2149 2737 2206 Audet
2767 2149 2969 2221 aliquis
3000 2156 3242 2205 vestrum
3274 2149 3536 2206 adversus
3560 2149 3688 2205 alte-

2088 2252 2211 2291 rum
2253 2236 2458 2293 habens
2489 2239 2788 2311 negotium,
2805 2238 3043 2310 judicari
3066 2241 3210 2311 apud
3230 2238 3472 2310 iniquos,
3503 2246 3558 2294 et
3577 2254 3688 2293 non

2089 2326 2234 2397 apud
2265 2328 2524 2383 sanctos?
2555 2353 2572 2374 ι
2623 2328 2845 2400 Iniquos
2866 2328 3076 2400 duplici
3095 2344 3288 2400 genere
3317 2327 3612 2399 signiﬁcat,
3635 2335 3690 2383 et

2090 2417 2183 2489 qui
2213 2433 2322 2472 non
2351 2417 2601 2487 credunt,
2659 2428 2712 2474 et
2742 2419 2836 2490 qui
2869 2419 3010 2490 leges
3061 2437 3092 2474 a
3121 2422 3232 2475 Deo
3264 2418 3472 2474 mundo
3502 2419 3691 2474 credi-

2090 2512 2171 2560 tas
2216 2505 2532 2578 frequenter
2562 2524 2687 2562 cum
2743 2507 3058 2564 adulatione
3109 2508 3560 2578 interpretantur,
3595 2524 3687 2562 au-

2090 2595 2399 2651 ctoritatem
2428 2595 2621 2649 harum
2657 2594 2818 2650 idolis
2847 2595 3188 2667 deputantes,
3225 2596 3455 2668 ideoque
3508 2595 3688 2667 iniqui

2088 2692 2218 2738 sunt
2249 2702 2260 2748 ;
2294 2684 2490 2756 etquia
2509 2684 2567 2738 in
2597 2684 2841 2739 Ecclesia
2866 2684 3037 2755 magis
3060 2685 3148 2738 lex
3174 2692 3273 2749 est,
3298 2684 3392 2737 ubi
3416 2683 3683 2738 Dominus

2088 2770 2222 2842 legis
2248 2771 2498 2839 timetur,
2532 2771 2728 2826 melius
2755 2771 2892 2826 dicit
2921 2770 3066 2842 apud
3095 2771 3190 2825 Dei
3224 2770 3506 2826 ministros
3533 2787 3689 2841 agere

2086 2879 2336 2918 causam:
2373 2862 2590 2918 facilius
2620 2862 2766 2916 enim
2806 2862 2872 2918 de
2897 2863 2996 2918 Dei
3028 2862 3223 2918 timore
3249 2863 3574 2918 sententiam
3602 2862 3690 2917 le-

2088 2949 2170 3021 gis
2201 2966 2384 3006 veram
2417 2959 2697 3024 promunt.

2162 3040 2342 3111 (Vers.
2375 3043 2455 3112 2.)
2531 3066 2548 3088 ι
2581 3044 2691 3097 Aut
2723 3042 2988 3114 ignoratis
3015 3041 3276 3114 quoniam
3312 3040 3486 3098 sancti
3532 3041 3682 3097 hunc

379 3123 498 3178 quae
545 3107 858 3174 scripserat,
887 3107 1240 3174 videbantur,
1288 3123 1435 3162 nunc
1482 3107 1540 3160 in
1585 3107 1689 3162 hac
1744 3107 1970 3177 epistola

2087 3107 2352 3184 mundum
2379 3107 2778 3201 judicabuntf-
2821 3107 3159 3185 Nihilotiose
3189 3131 3326 3186 dicit
3347 3131 3680 3209 Apostolus;

379 3195 513 3268 quid
545 3195 846 3266 scripserit,
891 3196 1283 3266 interpretatur
1312 3196 1539 3251 dicens:
1587 3217 1605 3240 ι
1644 3195 1762 3250 Non
1785 3194 1974 3265 utique

377 3283 696 3338 fornicariis
734 3281 900 3352 hujus
940 3283 1156 3351 mundi,
1197 3308 1214 3331 ι
1272 3283 1368 3338 sed
1395 3300 1427 3338 a
1473 3281 1736 3337 fratribus
1773 3282 1976 3338 talibus

378 3373 575 3444 scripsi
605 3371 993 3428 recedendum.

465 3493 483 3517 ι
520 3472 633 3525 Aut
660 3468 860 3536 avaris,
890 3477 986 3524 aut
1013 3468 1322 3540 rapacibus,
1354 3477 1450 3526 aut
1479 3469 1646 3527 idolis
1676 3471 1977 3528 servienti-

375 3558 520 3627 bus;
577 3559 823 3631 alioquin
856 3558 1170 3614 debueratis
1201 3558 1268 3614 de
1311 3559 1418 3615 hoc
1450 3561 1658 3616 mundo
1701 3561 1898 3617 exisse.
1941 3585 1960 3610 ι

374 3649 550 3720 Igitur
579 3649 922 3705 intellectum
945 3660 1133 3704 eorum
1162 3647 1365 3721 arguit,
1399 3650 1490 3721 qui
1524 3650 1788 3721 putabant
1834 3651 1972 3707 forte

375 3738 504 3810 quia
531 3740 599 3796 ab
630 3739 952 3804 incredulis,
991 3737 1327 3803 fornicariis,
1359 3745 1454 3793 aut
1488 3739 1687 3807 avaris,
1744 3749 1838 3796 aut
1875 3758 1972 3798 ra-

373 3828 618 3899 pacibus,
649 3836 744 3884 aut
774 3827 940 3883 idolis
966 3824 1340 3882 servientibus
1369 3827 1761 3899 prohibuisset,
1795 3845 1907 3884 non
1937 3846 1968 3886 a

371 3915 634 3974 fratribus
663 3937 676 3986 ;
706 3927 761 3975 et
790 3918 914 3974 ideo
943 3918 1105 3973 illum
1137 3918 1230 3991 qui
1261 3936 1494 3975 uxorem
1523 3920 1692 3991 patris
1711 3920 1965 3990 habebat,

373 4005 518 4062 inter
561 4025 616 4064 se
645 4025 759 4065 esse
787 4025 900 4064 non
930 4025 1069 4080 aegre
1097 4008 1364 4064 ferebant.
1400 4009 1456 4064 Si
1488 4009 1659 4080 igitur
1689 4009 1777 4065 his
1804 4027 1967 4066 com-

373 4097 954 4171 misceamini,inquit,
977 4099 1174 4154 melius
1211 4105 1327 4153 erat
1364 4099 1504 4155 mori
1526 4117 1662 4168 vos;
1705 4117 1964 4172 compen-

372 4188 533 4244 dium
563 4197 643 4244 est
658 4189 805 4244 enim
837 4189 977 4243 male
993 4189 1299 4261 agentibus,
1319 4188 1364 4244 si
1387 4189 1553 4246 citius
1576 4189 1692 4260 (28)
1725 4190 1964 4246 morian-

369 4287 480 4346 tur,
513 4294 678 4350 quam
711 4277 756 4333 si
786 4278 998 4333 diutius
1026 4278 1082 4333 in
1113 4279 1352 4349 peccatis
1383 4287 1688 4334 versentur.

443 4375 626 4446 (Vers.
663 4375 774 4444 11.)
819 4399 836 4421 ι
876 4375 1035 4432 Nunc
1066 4385 1247 4431 autem
1279 4376 1472 4448 scripsi
1504 4375 1680 4444 vobis,
1714 4392 1781 4432 ne
1801 4395 1964 4435 com—

2084 3215 2207 3270 idco
2246 3219 2395 3271 enim
2428 3218 2579 3272 hunc
2609 3219 2877 3272 mundum
2907 3219 3072 3284 dixit,
3105 3226 3164 3272 ut
3194 3219 3444 3273 ostendat
3464 3227 3517 3274 et
3549 3221 3689 3275 alte-

2085 3321 2245 3370 rum;
2289 3305 2419 3376 quia
2445 3313 2496 3360 et
2526 3307 2763 3360 Joannes
2792 3307 3088 3377 apostolus,
3125 3329 3143 3351 ‹
3173 3307 3376 3372 Nolite,
3420 3307 3516 3373 ait,
3551 3307 3686 3362 dili-

2085 3409 2207 3463 gere
2229 3393 2378 3450 hunc
2398 3395 2665 3450 mundum
2695 3395 2750 3465 (Ι
2773 3396 2929 3452 Joan.
2961 3413 3024 3464 Il,
3053 3395 3164 3467 15).
3201 3420 3218 3442 ι
3245 3395 3314 3450 Et
3336 3397 3603 3451 Dominus
3628 3397 3685 3453 in

2083 3485 2414 3556 Evangelia:
2465 3510 2484 3533 ε
2526 3485 2636 3549 Sic,
2667 3485 2868 3557 inquit,
2899 3486 3098 3541 dilexit
3127 3488 3270 3542 Deus
3331 3486 3622 3556 mundum,
3655 3513 3673 3536 ι

2081 3581 2184 3629 etc.
2223 3574 2400 3645 (Joan.
2430 3592 2511 3642 III,
2549 3574 2659 3645 16).
2695 3575 2796 3631 llic
2823 3591 2949 3646 ergo
2981 3575 3222 3631 mundus
3251 3575 3309 3631 in
3344 3592 3524 3631 errore
3573 3584 3679 3646 est,

2079 3678 2189 3717 non
2220 3661 2315 3716 ille
2344 3662 2612 3734 superior,
2641 3662 2710 3726 ad
2737 3662 2893 3734 cujus
2930 3664 3357 3720 similitudinem
3389 3665 3480 3722 hic
3508 3664 3684 3722 factus

2077 3761 2176 3808 est.
2217 3752 2367 3808 Unde
2397 3753 2565 3808 homo
2597 3753 2687 3809 hic
2736 3755 2944 3826 positus
2973 3762 3075 3822 est,
3107 3755 3175 3810 ad
3224 3757 3517 3826 imaginem
3582 3756 3682 3811 Dei

2077 3842 2272 3910 factus,
2303 3852 2364 3898 ut
2392 3841 2536 3898 sicut
2559 3843 2613 3896 in
2645 3845 2924 3914 superiore
2955 3844 3164 3897 mundo
3192 3843 3259 3897 ab
3277 3859 3387 3897 uno
3411 3845 3521 3898 Deo
3551 3853 3684 3900 sunt

2075 3931 2283 4000 omnia,
2318 3932 2390 3988 ita
2417 3942 2469 3988 et
2499 3933 2556 3986 in
2602 3932 2708 3986 hoc
2738 3932 2806 3985 ab
2849 3947 2960 3986 uno
2991 3931 3216 3985 homine
3255 3947 3447 3985 omnes
3495 3930 3675 3986 habe-

2075 4028 2196 4075 rent
2243 4019 2532 4091 originem.
2586 4019 2728 4074 Hinc
2777 4026 2857 4074 est
2889 4017 3032 4073 unde
3065 4019 3281 4089 Moyses
3307 4017 3386 4071 "in
3419 4019 3677 4074 Deutero-

2072 4109 2262 4164 nomio
2288 4125 2298 4162 :
2347 4133 2364 4154 ι
2395 4108 2534 4164 Cum
2556 4107 2849 4175 divideret,
2875 4106 3075 4179 inquit,
3103 4105 3423 4162 Altissimus
3439 4114 3676 4179 gentem,

2075 4197 2537 4270 quemadmodum
2585 4197 2846 4269 dispersit
2880 4198 3024 4253 ﬁlios
3069 4197 3234 4253 Adae:
3294 4197 3488 4253 statuit
3539 4198 3678 4253 ﬁnes

2070 4289 2314 4361 gentium
2343 4288 2646 4344 secundum
2680 4304 2970 4344 numerum
3001 4289 3320 4360 angelorum
3352 4289 3445 4344 Dei
3481 4287 3670 4359 (Deut.

2071 4395 2254 4448 xxxu,
2290 4379 2370 4449 8).
2403 4404 2421 4426 ι
2459 4378 2602 4447 Quid
2619 4385 2727 4434 tam
2743 4387 3014 4450 apertum,
3047 4379 3198 4436 hunc
3221 4379 3487 4434 mundum
3519 4394 3676 4449 supe-

369 4464 734 4523 misceamini.
767 4466 820 4522 Si
874 4465 920 4521 is
969 4466 1063 4539 qui
1109 4466 1278 4522 frater
1323 4469 1643 4524 nominatur
1674 4468 1816 4525 inter
1845 4487 1960 4537 vos,
1996 4471 2043 4530 D
2076 4467 2235 4524 rioris
2280 4485 2394 4525 esse
2448 4469 2742 4540 imaginem
2773 4477 2921 4524 certa
2971 4485 3040 4524 ex
3082 4468 3296 4524 causa?
3334 4475 3416 4524 est
3446 4469 3595 4523 enim
3624 4475 3678 4525 et

364 4563 446 4611 est
474 4555 796 4624 fornicator,
855 4565 949 4613 aut
986 4573 1206 4623 avarus,
1237 4567 1332 4615 aut
1374 4558 1540 4616 idolis
1568 4559 1832 4626 serviens,
1866 4568 1961 4616 aut

366 4644 686 4713 maledicus,
717 4654 814 4702 aut
839 4645 1108 4714 ebriosus,
1140 4656 1234 4704 aut
1255 4665 1447 4720 rapax,
1479 4666 1602 4705 cum
1637 4650 1959 4723 hujusmodi

363 4752 432 4791 ne
478 4735 664 4791 cibum
716 4735 938 4808 quidem
969 4753 1202 4794 sumere.
1238 4762 1256 4785 ν
1313 4737 1453 4796 Cum
1501 4740 1669 4795 fratre
1705 4741 1960 4812 prohibet

366 4825 550 4882 cibum
602 4841 837 4891 sumere,
875 4843 1002 4882 cum
1034 4825 1246 4882 inﬁdeli
1292 4835 1474 4884 autem
1507 4845 1618 4884 non
1652 4829 1957 4900 prohibuit,

365 4913 564 4984 quippe
592 4928 715 4967 cum
737 4913 884 4970 dicat
909 4931 920 4968 :
955 4913 1010 4969 Si
1037 4913 1160 4986 quis
1189 4930 1289 4969 vos
1317 4923 1477 4971 vocat
1505 4932 1573 4972 ex
1601 4917 1859 4973 fidelibus
1892 4917 1958 4972 ad

364 5018 594 5069 orenam,
627 5011 680 5058 et
709 5004 877 5060 vultis
906 5003 1007 5071 ire,
1039 5020 1204 5059 omne
1237 5003 1388 5076 quod
1416 5006 1733 5077 appositum
1767 5005 1955 5074 fuerit,

363 5091 687 5149 manducata
718 5092 870 5166 (Luc.
905 5111 962 5162 x,
989 5093 1070 5165 8).
1105 5092 1232 5149 Ideo
1259 5092 1338 5148 ait
1373 5110 1385 5150 :

436 5190 615 5260 (Vers.
652 5189 763 5263 12.)
799 5214 818 5239 ι
853 5191 973 5258 Quo
998 5190 1150 5247 enim
1175 5190 1313 5246 mihi
1341 5188 1409 5246 de
1427 5189 1514 5245 his
1545 5188 1640 5262 qui
1673 5189 1806 5247 foris
1830 5200 1958 5248 sunt

355 5277 603 5350 judicare
623 5279 650 5335 ?
691 5305 708 5328 ι
750 5279 958 5336 Verum
990 5288 1071 5335 est
1101 5279 1232 5353 quia
1252 5277 1492 5352 perﬁdos
1522 5279 1812 5352 episcopus
1846 5297 1956 5336 non

359 5375 537 5440 potest
559 5367 845 5441 judicare:
871 5383 997 5424 cum
1028 5367 1194 5424 fratre
1224 5373 1408 5423 autem
1445 5367 1501 5422 in
1533 5383 1642 5440 quo
1678 5367 1818 5424 vitia
1841 5369 1958 5426 haec

358 5457 727 5530 reperiuntur,
760 5472 871 5515 non
892 5456 1071 5512 solum
1100 5462 1441 5512 sacramenta
1469 5471 1580 5512 non
1601 5453 1834 5522 edenda,
1862 5455 1957 5514 sed

431 5598 550 5672 (28)
582 5598 904 5670 Corb.cod.,
936 5598 1094 5656 malis
1123 5615 1232 5655 non
1259 5597 1685 5664 mandantibus,
1716 5599 1761 5653 si
1779 5597 1950 5671 citius,

2070 4559 2370 4614 Jerusalem
2402 4558 2666 4623 inferior;
2719 4566 2772 4613 et
2805 4559 2898 4613 illa
2930 4560 3202 4629 superior,
3238 4575 3403 4630 quam
3438 4566 3670 4612 matrem

2072 4657 2312 4705 nostram
2345 4659 2505 4706 vocat
2549 4649 2698 4704 idem
2730 4650 3027 4718 Apostolus
3064 4649 3272 4718 (Galat.
3309 4665 3388 4712 IV,
3431 4647 3561 4716 26):
3595 4657 3677 4704 est

2070 4738 2300 4793 inferior
2328 4736 2631 4807 paradisus,
2667 4737 2724 4790 in
2763 4752 2871 4806 quo
2903 4735 3070 4789 homo
3102 4734 3311 4804 positus
3348 4734 3673 4792 mandatum

2069 4833 2122 4880 et
2151 4833 2212 4880 ut
2240 4834 2557 4894 cperaretur
2583 4825 2681 4890 ibi,
2713 4830 2766 4877 et
2813 4832 2874 4877 ut
2901 4822 3231 4889 custodiret,
3266 4823 3477 4893 accepit
3516 4824 3672 4894 (Gen.

2070 4931 2129 4980 II,
2166 4914 2277 4983 15).
2312 4913 2409 4967 Est
2437 4920 2491 4967 et
2523 4913 2615 4966 ille
2665 4912 2922 4978 ccelestis,
2961 4913 3016 4965 in
3063 4927 3174 4983 quo
3203 4920 3390 4983 raptus
3438 4915 3674 4985 Aposto-

2069 5005 2172 5072 lus,
2207 5001 2422 5058 audivit
2469 5000 2635 5056 verba
2665 5015 2861 5054 arcana
2900 4999 2984 5071 (II
3017 5000 3141 5056 Cor.
3175 5018 3277 5070 xu,
3324 5001 3404 5073 4).
3438 5002 3672 5060 Iudica-

2065 5099 2205 5156 bunt
2234 5114 2360 5169 ergo
2390 5095 2564 5152 sancti
2600 5095 2749 5151 hunc
2795 5093 3098 5150 mundum:
3136 5095 3266 5166 quia
3320 5097 3580 5168 exemplo
3613 5096 3672 5153 ﬁ-

2066 5189 2154 5246 dei
2184 5189 2410 5244 illorum
2441 5184 2672 5257 perﬁdia
2703 5185 2895 5241 mundi
2928 5183 3306 5241 damnabitur.

2152 5301 2171 5324 ι
2208 5278 2280 5332 Et
2309 5277 2353 5332 si
2382 5277 2437 5331 in
2459 5275 2620 5331 nobis
2631 5274 2976 5346 judicabitur
3006 5273 3265 5332 mundus.
3292 5300 3308 5321 ι
3351 5274 3506 5332 Tunc
3520 5274 3671 5348 judi-

2064 5367 2282 5424 cabitur
2310 5365 2403 5422 hic
2457 5366 2698 5423 mundus
2745 5366 2803 5422 in
2842 5367 3022 5437 nobis,
3068 5367 3114 5423 si
3161 5381 3298 5439 opus
3331 5365 3667 5439 perﬁdorum

2064 5455 2356 5512 hominum
2385 5471 2495 5510 non
2536 5455 2852 5512 inveniatur
2882 5456 2941 5512 in
2970 5455 3147 5514 nobis.
3193 5479 3211 5504 ι
3250 5454 3471 5530 Indigni
3541 5472 3670 5531 ergo

2070 5607 2177 5658 θῑῦ.
