3952 6202
280 203 383 259 223

276 423 392 478 Hoc
412 429 517 488 est,
541 437 648 476 non
679 429 808 477 sunt
830 421 1020 493 utique
1050 420 1263 491 indigni
1284 419 1346 487 ii,
1379 418 1471 492 qui
1505 417 1685 490 ipsum
1723 436 1880 475 mun-

158 510 177 533 '
274 511 405 567 dum
444 509 746 583 judicaturi
778 518 926 569 sunt,
960 526 1024 565 ea
1046 509 1300 582 judicare
1348 526 1468 583 quae
1501 507 1691 563 mundi
1723 516 1874 564 sunt.

349 601 532 667 (Vers.
562 601 642 669 3.)
717 626 734 648 ι
763 600 1002 656 Nescitis
1036 601 1296 672 quoniam
1345 601 1567 672 angelos
1590 598 1881 671 judicabi—

279 708 401 746 mus
424 691 454 746 ?
478 715 498 739 ι
535 689 766 747 Addidit
814 690 955 763 plus,
984 689 1237 745 dicendo:
1294 714 1311 734 ε
1342 688 1564 761 angelos
1596 688 1885 761 judicabi-

280 797 421 849 mus,
454 805 473 830 ι
529 780 586 837 id
635 789 736 849 est,
786 778 1060 853 potentias
1092 779 1385 851 spiritales,
1418 796 1553 852 quas
1599 780 1709 836 alio
1760 780 1883 836 loco

278 871 447 927 tradit
476 871 532 926 in
563 870 875 927 cmlestihus
913 869 1128 941 degere,
1163 869 1355 925 eodem
1387 886 1583 942 genere
1609 870 1876 942 judican-

276 960 373 1017 dos
401 962 623 1032 angelos
649 978 681 1016 a
709 960 891 1027 nobis,
931 977 1040 1033 quo
1066 968 1120 1015 et
1151 960 1389 1016 mundus
1412 959 1781 1031 judicabitur.

351 1051 533 1123 (Vere.
565 1050 620 1119 4,
652 1050 735 1122 5.)
780 1074 798 1098 ι
829 1050 1121 1107 Βωθυιειιιὶει
1149 1049 1318 1122 igitur
1339 1050 1553 1122 judicia
1578 1051 1622 1106 si
1667 1050 1884 1107 habue-

280 1141 419 1208 ritis,
474 1140 920 1213 contemptibiles
949 1140 1044 1213 qui
1079 1148 1209 1196 sunt
1238 1140 1297 1195 in
1327 1141 1602 1208 Ecclesna,
1660 1140 1789 1196 illos
1815 1140 1883 1196 ad

271 1229 633 1302 judicandum
675 1229 1018 1287 constituite.
1054 1255 1072 1277 ι
1139 1229 1433 1285 Seecularia
1470 1228 1686 1301 judicia
1733 1237 1881 1295 sunt,

277 1320 345 1378 ad
373 1335 571 1393 corpus
600 1318 934 1392 pertinentia
959 1319 1047 1375 vel
1078 1334 1360 1389 corporea.
1393 1320 1465 1375 Et
1493 1319 1623 1392 quia
1654 1336 1765 1375 non
1806 1318 1886 1376 sic

279 1409 397 1466 ﬁeri
426 1408 611 1477 debet,
642 1407 879 1480 adjecit:
926 1430 945 1455 ‹
975 1407 1060 1463 Ad
1091 1408 1454 1465 reverentiam
1485 1409 1602 1479 (29)
1639 1416 1879 1464 vestram

276 1499 418 1556 dico.
452 1523 469 1546 ι
503 1498 583 1554 Ne
609 1497 739 1571 quia
766 1497 1224 1569 supranegotium
1258 1496 1591 1564 nominavit,
1623 1496 1721 1553 sed
1750 1514 1885 1569 qua-

280 1588 331 1644 le
380 1602 492 1644 non
531 1586 896 1659 signiﬁcavit:
959 1594 1088 1643 sunt
1115 1585 1266 1643 enim
1295 1595 1349 1642 et
1404 1586 1597 1642 divina
1644 1586 1884 1663 negotia,

1310 202 1404 256 AD
1444 201 1676 257 OPERA
1716 200 1770 254 S.
1803 197 2133 256 AMBROSII
2172 198 2556 254 APPENDIX.

275 340 406 388 sunt
433 329 775 403 hujusmodi,
803 330 896 402 qui
927 330 1091 386 etiam
1131 328 1197 385 de
1253 328 1498 383 minimis
1520 327 1819 399 judicent?
1852 354 1870 377 ι
1911 331 1960 390 Α
1990 327 2190 395 facitis,
2221 335 2274 383 et
2318 325 2584 383 fraudatis
2618 345 2628 382 :
2664 334 2718 383 et
2762 325 2867 383 hoc
2894 326 3177 384 fratribus.
3227 351 3246 374 ι

3498 199 3619 258 224

3308 327 3473 386 Nunc
3502 329 3617 387 hos

1991 418 2239 491 corripit,
2273 434 2505 492 quorum
2541 415 2816 488 injustitia
2838 415 3086 489 jurgium
3119 425 3439 490 generatur;
3471 419 3617 493 quia.

1993 526 2103 565 non
2152 510 2329 565 solum
2381 526 2476 581 per
2506 508 2750 565 fraudem
2783 507 3077 564 admissam
3112 507 3190 564 rei
3218 516 3371 577 sunt,
3405 510 3503 566 sed
3551 517 3612 567 et

1994 606 2199 670 partem
2248 597 2451 653 habent
2498 597 2687 654 delicti
2738 597 2986 664 illorum,
3018 597 3114 670 qui
3164 598 3341 656 coacti
3392 597 3611 671 injuria

1991 696 2085 741 aut
2114 687 2306 742 fraude
2337 703 2550 753 eorum,
2581 685 2834 742 inﬁdeles
2862 693 3055 757 rogant
3085 686 3152 742 ad
3180 685 3549 758 judicandum
3587 707 3601 744 :

1992 784 2045 831 et
2087 792 2211 832 cum
2261 774 2506 831 fraudem
2554 783 2649 830 aut
2679 774 2912 846 injurias
2958 775 3141 831 illatas
3174 777 3429 849 persequi
3483 794 3594 834 non

1992 869 2274 935 deberent,
2306 885 2417 924 non
2448 854 2625 925 solum
2648 867 2936 923 vindicant
2989 867 3083 924 sed
3118 877 3171 924 et
3204 869 3309 941 ipsi
3343 869 3597 927 fraudem

1993 969 2045 1015 et
2077 958 2309 1031 injurias
2339 958 2582 1025 faciunt;
2617 966 2678 1013 ut
2708 959 2988 1031 punienda
3030 961 3284 1032 exempla
3335 960 3600 1018 fratribus

1992 1050 2259 1106 tribuant.
2292 1051 2363 1105 Et
2384 1049 2518 1123 quid
2548 1048 2673 1105 aliis
2704 1049 2881 1106 facere
2908 1049 3186 1119 credatur,
3209 1049 3303 1123 qui
3336 1067 3448 1107 non
3480 1068 3601 1124 par-

1993 1139 2070 1195 cit
2100 1139 2215 1195 suis
2230 1140 2258 1195 ?

2068 1228 2249 1300 (Vers.
2299 1229 2353 1296 9,
2390 1227 2504 1299 10.)
2549 1249 2568 1274 ι
2600 1228 2686 1283 Αη
2718 1228 2963 1297 nescitis,
2997 1226 3127 1300 quia
3157 1227 3339 1301 iniqui
3368 1245 3596 1302 regnum

1995 1318 2091 1373 Dei
2116 1334 2227 1373 non
2258 1316 2662 1390 possidebunt?
2693 1343 2709 1365 ι
2746 1318 2861 1374 Hoc
2880 1318 3030 1373 dicto
3060 1317 3303 1374 ostendit
3334 1319 3459 1375 illos
3488 1336 3599 1376 non

1997 1407 2208 1463 nescios
2250 1422 2491 1479 peccare,
2524 1423 2587 1462 ac
2616 1424 2711 1479 per
2756 1406 2862 1463 hoc
2905 1406 3126 1479 gravius
3174 1406 3596 1465 vindicandum.

1996 1495 2051 1551 Si
2080 1494 2229 1551 enim
2259 1495 2723 1553 immisericordes
2755 1496 2871 1568 (32)
2926 1497 3003 1552 rei
3047 1504 3178 1552 sunt
3225 1497 3371 1570 apud
3400 1499 3597 1567 Deum,

1995 1593 2202 1658 quanto
2234 1586 2405 1658 magis
2434 1586 2651 1659 iniqui?
2710 1610 2727 1634 ε
2773 1587 2957 1641 Nolite
2988 1602 3199 1653 errare;
3248 1602 3373 1642 nam
3423 1603 3599 1661 neque

280 1676 494 1734 dicente
523 1676 751 1734 eodem:
822 1700 841 1723 ι
872 1675 1110 1748 Adjutor
1159 1676 1362 1749 negotii
1406 1676 1512 1732 mei
1543 1678 1725 1748 (Rom.
1764 1694 1882 1747 xvr,
1918 1691 1963 1750 Β
1998 1675 2300 1741 fornicarii,
2352 1692 2529 1747 neque
2561 1674 2727 1731 idolis
2756 1676 3080 1742 servientes,
3114 1692 3292 1749 neque
3333 1675 3596 1745 adulteri,

280 1769 355 1841 3).
396 1792 415 1815 ι
478 1767 551 1823 Et
594 1766 879 1822 saecularia
908 1766 1048 1821 forte
1092 1764 1323 1837 judicia,
1356 1766 1484 1840 quia
1524 1767 1881 1838 prohibuerat

280 1856 425 1930 apud
456 1854 692 1928 perﬁdos
743 1854 972 1927 agenda,
1022 1854 1275 1927 quamvis
1316 1855 1372 1910 in
1430 1855 1701 1923 Ecclesia,
1734 1855 1880 1912 sicut

281 1944 589 2012 audierant,
644 1961 677 2001 a
731 1943 1204 2018 qualibuscunque
1249 1952 1434 2000 tamen
1486 1953 1742 2018 putarent
1780 1962 1872 2001 au-

281 2033 481 2090 dienda
527 2042 622 2090 aut
678 2033 1045 2103 terminanda,
1098 2034 1167 2090 ad
1215 2034 1471 2090 ruborem
1528 2049 1721 2090 eorum
1769 2033 1874 2089 ait:

294 2150 312 2171 ι
345 2123 798 2196 Contemptibiles
816 2125 911 2198 qui
936 2132 1066 2181 sunt
1092 2124 1147 2180 in
1180 2122 1451 2190 Ecclesia,
1479 2122 1605 2178 illos
1636 2121 1708 2178 ad
1732 2121 1880 2194 judi-

280 2213 516 2271 candum
553 2213 893 2271 constituite.
934 2238 952 2261 ι
984 2214 1124 2270 Sunt
1164 2215 1313 2268 enim
1346 2212 1403 2268 in
1450 2210 1697 2267 Ecclesia
1730 2218 1785 2266 et
1816 2209 1881 2265 li-

282 2318 417 2375 gnea
442 2318 596 2369 vasa;
631 2310 742 2358 tam
777 2302 925 2358 enim
956 2302 1334 2358 intractabiles
1361 2310 1415 2357 et
1446 2299 1880 2357 inconsideratos

281 2408 372 2447 eos
427 2391 781 2462 signiﬁcavit,
838 2400 900 2448 ut
953 2391 1240 2465 imperitos
1287 2391 1429 2446 forte
1487 2406 1557 2445 ex
1618 2387 1881 2444 fratribus

276 2480 491 2552 judices
519 2481 801 2552 eligerent.
844 2481 959 2537 Hoc
986 2480 1053 2536 de
1082 2489 1310 2553 experto
1342 2480 1638 2551 Apostolus
1665 2498 1679 2547 ;
1732 2480 1882 2535 scie-

279 2569 371 2627 bat
399 2569 547 2626 enim
580 2587 746 2644 quam
777 2570 948 2642 tepidi
978 2577 1032 2626 et
1064 2570 1366 2644 improvidi
1399 2570 1456 2626 in
1484 2569 1719 2643 reliquis
1747 2585 1873 2625 cau-

283 2657 359 2714 sis
386 2660 602 2716 fuerant
630 2658 986 2732 deprehensi.

369 2773 387 2796 -
417 2748 506 2805 Sic
550 2766 663 2806 non
696 2757 778 2805 est
833 2750 976 2806 inter
1021 2765 1121 2804 vos
1166 2748 1453 2821 quisquam
1485 2747 1724 2818 sapiens,
1786 2746 1882 2818 qui

287 2836 716 2909 possitjudicare
732 2838 878 2893 inter
898 2838 1123 2892 fratrem
1147 2852 1309 2891 suum
1329 2837 1357 2891 7
1378 2860 1395 2882 ι
1432 2836 1572 2902 Quia
1587 2851 1714 2905 ergo
1727 2844 1877 2903 sunt,

286 2926 488 2997 inquit,
520 2924 793 2996 sapientes
819 2924 1033 2990 fratres,
1066 2924 1237 2995 aliqui
1268 2923 1462 2978 horum
1497 2923 1772 2995 eligantur
1815 2922 1881 2979 ad

280 3012 645 3114 judicandum
677 3029 910 3114 quorum
929 3011 1201 3113 judicium
1218 3011 1448 3067 miretur
1469 3012 1710 3114 mundius
1736 3014 1878 3085 (30).
1916 3054 1959 3114 Ο

286 3103 513 3174 Magnus
538 3101 684 3160 enim
736 3100 915 3175 pudor
947 3109 1050 3171 est,
1080 3102 1126 3157 si
1169 3102 1313 3159 inter
1342 3118 1434 3158 eos
1477 3102 1571 3175 qui
1619 3101 1883 3159 dicuntur

283 3192 456 3247 Deum
507 3192 848 3265 cognovisse,
882 3207 993 3247 non
1040 3191 1382 3260 inveniatur,
1413 3191 1509 3264 qui
1563 3191 1881 3247 examinare

282 3283 453 3354 possit
479 3286 759 3357 negotium
784 3281 948 3355 juxta
973 3281 1066 3353 jus
1104 3284 1505 3355 evangelicum.
1539 3281 1668 3338 Ideo
1695 3291 1881 3339 autem

282 3370 503 3427 fratrem
535 3370 782 3444 judicem
808 3370 1121 3443 eligendum
1152 3370 1311 3437 dicit,
1333 3370 1462 3442 quia
1489 3368 1675 3426 adhuc
1700 3376 1882 3426 rector

280 3459 541 3516 Ecclesiae
568 3458 794 3515 illorum
824 3475 936 3514 non
957 3466 1073 3514 erat
1101 3459 1410 3515 ordinatus.

357 3547 540 3616 (Vera.
563 3546 644 3617 6.)
690 3571 709 3593 ι
737 3546 843 3601 Sed
870 3547 1040 3601 frater
1069 3563 1195 3602 cum
1227 3547 1397 3602 fratre
1421 3546 1637 3618 judicio
1657 3556 1879 3603 conten-

284 3632 386 3700 dit,
434 3641 490 3689 et
535 3633 640 3689 hoc
687 3633 829 3704 apud
864 3633 1131 3689 inﬁdeles.
1172 3657 1191 3681 ι
1236 3634 1587 3690 Manifestum
1616 3643 1697 3690 est
1753 3633 1880 3707 quia

287 3720 539 3777 inﬁdeles
584 3729 679 3777 aut
726 3721 982 3790 arbitros,
1014 3731 1076 3779 ut
1104 3723 1304 3777 assolet
1357 3722 1499 3790 ﬁeri,
1563 3722 1871 3793 postulatos

284 3809 579 3882 signiﬁcat,
607 3818 704 3867 aut
722 3809 971 3883 judicem
994 3811 1298 3883 publicum,
1322 3812 1410 3867 cui
1432 3810 1542 3867 dici
1562 3811 1701 3867 solet
1725 3829 1737 3866 :
1760 3811 1884 3866 Ho-

283 3899 372 3956 die
392 3899 509 3957 dies
536 3918 817 3958 sacrorum
849 3910 951 3972 est,
977 3901 1071 3974 jus
1091 3900 1201 3959 dici
1233 3917 1344 3957 non
1367 3908 1563 3975 potest.

366 3997 505 4054 130
533 3992 714 4067 (Vere.
749 3994 828 4065 7.)
894 4018 912 4040 ι
952 3994 1069 4050 Jam
1100 3994 1322 4067 quidem
1354 3994 1583 4051 omnino
1617 3994 1881 4051 delictum

282 4092 340 4147 in
367 4092 525 4148 vobis
549 4101 652 4159 est,
679 4093 825 4165 quod
848 4092 1062 4162 judicia
1093 4093 1305 4150 habetis
1336 4094 1482 4150 inter
1515 4111 1632 4150 vos.
1673 4117 1691 4141 ι
1738 4093 1882 4148 Pec—

283 4190 464 4237 catum
493 4196 609 4237 esse
657 4181 954 4251 signiﬁcat,
1000 4184 1130 4254 quia
1168 4183 1338 4238 frater
1366 4201 1492 4240 cum
1551 4184 1722 4240 fratre
1772 4183 1881 4238 liti-

284 4278 392 4341 gat,
426 4285 553 4324 cum
596 4268 776 4324 danda
826 4285 991 4341 opera
1020 4270 1113 4338 sit,
1139 4280 1200 4326 ut
1229 4273 1529 4328 concordes
1557 4274 1694 4340 sint,
1723 4273 1882 4345 quasi

284 4355 550 4430 germani,
599 4357 839 4412 maxime
891 4373 1018 4413 cum
1070 4356 1206 4414 ﬁdes
1246 4368 1432 4415 nostra
1477 4359 1598 4430 paci
1643 4361 1880 4417 studeat.

283 4447 605 4518 Quanquam
656 4445 805 4501 enim
854 4444 1201 4503 Christianus
1248 4447 1462 4520 litigare
1502 4464 1611 4503 non
1670 4449 1884 4519 debeat,

283 4545 470 4594 tamen
500 4534 547 4592 si
585 4551 746 4609 grave
780 4534 914 4608 quid
958 4528 1145 4602 fuerit,
1197 4546 1253 4592 et
1281 4536 1431 4609 quod
1465 4538 1747 4594 contemni
1776 4554 1888 4596 non

286 4626 477 4699 possit,
508 4641 730 4682 causam
774 4625 845 4682 ad
872 4625 1175 4683 Ecclesiam
1204 4626 1433 4683 deferati
1460 4646 1473 4695 ;
1535 4644 1605 4683 ne
1656 4638 1711 4686 et
1737 4628 1887 4685 dam-

283 4732 417 4773 num
438 4714 507 4772 ad
536 4731 791 4789 praesens,
823 4724 877 4772 et
904 4714 1264 4771 offensionem
1287 4716 1427 4772 forte
1461 4716 1697 4774 incurat.

356 4805 538 4875 (Vere.
573 4805 656 4877 8.)
702 4831 721 4853 ε
750 4806 929 4874 Quare
975 4822 1087 4861 non
1119 4807 1290 4879 magis
1337 4806 1601 4879 injuriam
1635 4807 1887 4881 accipitis

287 4895 404 4967 (31)
427 4894 457 4951 7
485 4910 652 4967 quare
679 4911 792 4951 non
820 4895 993 4968 magis
1028 4895 1277 4953 fraudem
1296 4896 1324 4952 Ῡ
1351 4896 1457 4953 Sed
1490 4914 1589 4954 vos
1619 4896 1885 4971 injuriam

361 5052 478 5126 (29)
503 5052 664 5126 AEdit.
694 5061 748 5109 et
774 5071 901 5110 mss.
933 5056 1212 5126 nonnulli;
1244 5058 1317 5113 ad
1347 5058 1713 5114 verecundiam
1738 5076 1751 5123 ;
1787 5057 1884 5113 alii

285 5124 416 5181 mss.
459 5124 759 5202 pluresac
802 5126 1062 5202 potiores,
1102 5129 1175 5202 ad
1198 5124 1600 5202 reverentiam.
1640 5130 1879 5202 At__seq.

285 5212 452 5322 vetri'su
477 5213 575 5269 pro
616 5197 818 5253 divina’
842 5199 1066 5270 negotia,
1097 5200 1248 5255 solus
1299 5199 1464 5256 Corb.
1500 5201 1652 5273 legit,
1701 5197 1885 5256 divin'a

285 5282 346 5322 tu
384 5282 508 5322 1cm.

311 5282 488 5322 uatem
496 5310 508 5323 .

277 5282 578 5410 ἀίξέθόῗίω
606 5355 736 5414 mss.
754 5338 949 5414 aliqui,
980 5350 1036 5398 et
1062 5348 1174 5397 vet.
1209 5340 1343 5397 edit.
1370 5343 1560 5407 ;Bom.
1591 5358 1721 5398 vero
1751 5342 1884 5397 imi-

291 5415 428 5490 ριιιτ·
461 5411 724 5490 mundus;
785 5411 1075 5490 at‘plures
1119 5428 1283 5480 mss.,
1337 5418 1567 5490 uteretur:
1612 5415 1878 5481 mundus;

285 5479 475 5552 Corb.,
514 5479 722 5552 judicio
751 5479 1149 5538 examinabit”
1192 5479 1441 5539 mundus.
1474 5482 1626 5540 Infra
1672 5479 1880 5552 autem,

286 5550 385 5607 ubi
397 5557 509 5608 vet.
541 5551 673 5609 edit.
702 5568 768 5610 ac
794 5568 925 5609 mss.
958 5569 1069 5610 non
1098 5554 1279 5626 pauci,
1302 5553 1469 5624 juxta
1486 5553 1583 5625 jus
1606 5550 1883 5628 evangelii

1992 1782 2166 1838 neque
2200 1766 2412 1832 molles,
2446 1782 2623 1838 neque
2650 1768 3020 1822 masculorum
3051 1765 3459 1837 concubitores,
3492 1785 3599 1825 ne-

1989 1870 2095 1927 que
2125 1853 2292 1921 fures,
2318 1854 2505 1926 neque
2548 1855 2720 1923 avari,
2754 1871 2930 1927 neque
2960 1853 3185 1921 ebriosi,
3218 1871 3394 1928 neque
3435 1858 3597 1913 male-

1993 1943 2126 2010 dici,
2158 1961 2334 2017 neque
2373 1960 2592 2016 rapaces
2622 1961 2848 2017 regnum
2868 1944 2964 2001 Dei
2996 1944 3375 2016 possidebunt.
3408 1970 3428 1994 ιι
3475 1948 3593 2003 Non

1990 2034 2107 2089 haec
2156 2034 2363 2090 idcirco
2395 2033 2724 2089 memoravit
2754 2034 2909 2107 quasi
2961 2032 3256 2101 nescirent,
3288 2034 3436 2109 apud
3465 2054 3598 2109 quos

1989 2139 2194 2178 annum
2227 2131 2285 2179 et
2312 2140 2405 2179 sex
2440 2140 2657 2179 menses
2676 2123 2838 2191 sedit,
2868 2123 3070 2180 docens
3100 2124 3465 2196 Evangelium
3498 2127 3595 2182 Dei

1994 2212 2136 2284 (Act.
2170 2229 2331 2280 xvm,
2368 2214 2458 2282 11)
2494 2231 2506 2268 :
2540 2212 2634 2268 sed
2677 2212 3041 2278 commonuit,
3076 2220 3138 2269 ut
3179 2222 3512 2271 restauraret
3539 2214 3596 2271 in

1991 2300 2106 2356 illis
2150 2301 2513 2358 reverentiam
2548 2301 2703 2374 legis,
2734 2310 2788 2358 et
2837 2301 3096 2358 meritum
3128 2300 3198 2358 ad
3229 2318 3395 2376 regna
3436 2304 3597 2359 caalo-

1992 2408 2139 2446 rum.

2065 2480 2246 2551 (Vers.
2286 2481 2398 2551 11.)
2446 2505 2464 2527 α
2494 2481 2565 2537 Et
2618 2480 2724 2537 hoc
2753 2480 2975 2555 quidem
3008 2480 3212 2538 fuistis.
3245 2505 3263 2527 ι
3306 2481 3385 2537 Ne
3414 2482 3597 2538 omni-

1990 2569 2095 2626 bus
2139 2570 2246 2627 hoc
2293 2570 2563 2626 ascribere
2610 2569 2912 2638 videretur,
2942 2577 3037 2625 aut
3084 2577 3231 2627 certe
3284 2586 3476 2628 omnes
3528 2570 3595 2626 ab

1993 2658 2080 2714 his
2117 2658 2451 2716 criminibus
2496 2659 2773 2715 immunes
2817 2659 3040 2726 faceret,
3090 2658 3136 2714 si
3189 2666 3396 2716 taceret
3446 2659 3592 2731 (pro-

1994 2746 2239 2804 hibuisse
2296 2748 2445 2805 enim
2502 2747 2815 2815 videbatur,
2874 2763 2985 2802 non
3045 2748 3314 2805 revelasse
3359 2746 3598 2803 crimina

1994 2834 2267 2908 illorum),
2299 2835 2508 2892 idcirco
2539 2836 2619 2893 sic
2645 2836 2724 2891 ait
2757 2854 2768 2892 :
2816 2859 2835 2882 ε
2866 2837 2938 2891 Et
2962 2836 3068 2891 hoc
3087 2835 3308 2909 quidem
3339 2835 3544 2892 fuistis.
3566 2860 3585 2884 ι

1993 2924 2064 2979 Et
2111 2940 2179 2980 ne
2209 2923 2278 2980 ad
2330 2924 2468 2982 iram
2525 2926 2651 2982 illos
2708 2932 3051 2998 provocaret,
3108 2923 3310 2996 adjecit
3364 2943 3376 2980 :
3426 2947 3447 2971 ι
3495 2924 3599 2982 Sed

1992 3013 2168 3069 abluti
2197 3013 2324 3081 esti,
2355 3040 2374 3063 ι
2434 3022 2496 3070 ut
2524 3022 2879 3087 agnoscentes
2919 3014 3155 3070 crimina
3182 3013 3258 3069 rei
3292 3013 3446 3082 facti,
3485 3024 3591 3070 sta-

1990 3103 2091 3158 tim
2124 3102 2454 3174 respirarent
2511 3103 2796 3160 audientes
2856 3121 2869 3158 :
2916 3127 2934 3150 σ
2991 3101 3095 3159 Sed
3137 3101 3315 3159 abluti
3374 3104 3528 3160 estis.
3562 3128 3581 3151 ι

1991 3193 2180 3249 Solent
2210 3193 2356 3249 enim
2408 3192 2579 3265 aliqui
2611 3192 2872 3266 pudorem
2905 3193 3097 3265 pati,et
3125 3192 3422 3264 corrigere,
3462 3209 3587 3249 cum

1992 3280 2061 3338 de
2084 3298 2140 3337 se
2168 3282 2406 3338 audiunt
2437 3282 2599 3338 bona.

2073 3395 2092 3417 ε
2152 3372 2256 3428 Sed
2302 3372 2627 3428 sanctiﬁcati
2675 3371 2826 3441 estis,
2861 3371 2955 3427 sed
3008 3371 3298 3445 justiﬁcati
3357 3372 3492 3428 estis
3542 3373 3599 3428 in

1991 3458 2215 3515 nomine
2261 3460 2484 3515 Domini
2517 3460 2691 3516 nostri
2733 3461 2862 3516 Iesu
2891 3460 3119 3529 Christi,
3151 3469 3207 3517 et
3255 3459 3466 3533 Spiritu
3499 3462 3598 3518 Dei

1991 3547 2185 3603 nostri.
2220 3572 2239 3597 ›
2283 3549 2410 3605 Haec
2447 3550 2635 3606 omnia
2665 3549 2932 3606 beneﬁcia
2987 3550 3247 3624 puritatis
3293 3550 3352 3606 in
3400 3550 3601 3623 baptis.

1990 3645 2133 3694 mate
2156 3639 2438 3695 consecuti
2484 3648 2808 3709 noscuntur,
2860 3640 3009 3714 quod
3038 3649 3120 3697 est
3170 3639 3599 3697 fundamentum

1990 3729 2319 3798 evangelicae
2367 3729 2610 3787 veritati.
2664 3731 2788 3787 Illic
2838 3731 2988 3787 enim
3048 3729 3310 3788 omnibus
3365 3730 3604 3804 peccatis

1990 3817 2274 3890 depositis,
2322 3819 2571 3877 abluitur
2618 3821 2866 3891 credens,
2903 3830 2958 3878 et
3004 3821 3346 3895 justiﬁcatur
3375 3822 3436 3877 in
3483 3822 3606 3877 Do-

1992 3907 2130 3962 mini
2161 3908 2405 3977 nomine,
2432 3917 2485 3966 et
2514 3928 2610 3982 per
2637 3911 2906 3984 Spiritum
2958 3912 3057 3968 Dei
3089 3912 3262 3969 nostri
3300 3913 3412 3968 Deo
3444 3910 3596 3967 ﬁlius

1991 3996 2303 4068 adoptatur.
2346 3999 2449 4054 Per
2490 4000 2596 4056 hoc
2633 4001 2896 4057 admonet
2925 4001 3054 4057 illos
3083 4007 3291 4075 quanta
3318 4006 3373 4057 et
3420 4000 3603 4073 qualis

1991 4086 2064 4141 sit
2110 4085 2303 4157 gratia,
2356 4104 2519 4161 quam
2571 4106 2667 4162 per
2714 4106 2900 4146 veram
2956 4089 3311 4146 traditionem
3367 4088 3605 4145 assecuti

1992 4182 2121 4229 sunt
2172 4193 2184 4231 :
2228 4184 2415 4247 postea
2444 4194 2575 4233 vero
2618 4187 2809 4235 contra
2848 4179 2991 4235 banc
3033 4180 3276 4252 regulam
3316 4177 3446 4233 ﬁdei
3494 4177 3603 4233 im-

1993 4263 2155 4335 pulsu
2188 4265 2456 4321 malorum
2497 4266 2788 4323 doctorum
2831 4267 3149 4331 sentientes,
3185 4266 3272 4323 his
3316 4266 3601 4324 beneﬁciis

1991 4366 2047 4405 se
2075 4362 2373 4409 exuerunt.
2408 4354 2563 4412 Unde
2596 4355 2654 4411 id
2684 4355 2817 4429 agit,
2851 4364 2915 4413 ut
2960 4363 3180 4413 revocet
3223 4357 3350 4412 illos
3378 4354 3449 4411 ad
3497 4372 3604 4411 ve-

1993 4453 2111 4496 ram
2148 4451 2202 4499 et
2250 4444 2485 4516 primam
2523 4443 2874 4514 sententiam,
2920 4453 2983 4501 ut
3013 4451 3421 4519 recuperarent,
3458 4443 3603 4517 quod

1994 4539 2216 4589 tuerant
2241 4534 2545 4590 consecuti.

2070 4622 2251 4693 (Vers.
2287 4623 2400 4694 l2.)
2448 4647 2465 4669 ι
2508 4623 2707 4680 Omnia
2738 4623 2878 4679 mihi
2911 4622 3098 4684 licent.
3134 4621 3229 4678 sed
3277 4638 3389 4678 non
3419 4620 3608 4678 omnia

1995 4710 2299 4782 expediunt
2333 4712 2475 4784 (33).
2499 4738 2516 4759 ι
2560 4711 2903 4778 Quibusdam
2935 4711 3159 4767 videtur
3187 4718 3410 4783 propter
3439 4709 3606 4765 liber-

1996 4808 2162 4857 tatem
2192 4801 2438 4858 concessi
2466 4799 2682 4856 arbitrii
2699 4800 2906 4856 dixisse
2937 4800 3265 4872 Apostolum
3302 4817 3313 4855 :
3353 4822 3371 4845 ιι
3406 4796 3608 4853 Omnia

1995 4888 2133 4944 mihi
2180 4890 2369 4957 licent,
2402 4914 2420 4937 ι
2484 4895 2612 4956 etc.,
2646 4894 2708 4943 ut
2751 4888 2913 4945 liceat
2954 4886 3242 4954 fornicari,
3274 4902 3389 4942 non
3419 4892 3606 4942 tamen

1992 5066 2131 5114 cum,
2158 5048 2393 5105 habetur
2422 5049 2481 5103 in
2512 5047 2638 5105 aliis
2669 5048 2816 5116 cod.,
2841 5047 3009 5118 juxta
3039 5062 3152 5116 ejus
3173 5045 3531 5118 rwangeliumj.

2067 5122 2184 5204 £31)
2216 5122 2372 5176 Hom.
2407 5120 2539 5175 edit.
2570 5128 2623 5202 et
2653 5116 2877 5204 quidam
2914 5134 3068 5200 mss.,
3100 5116 3367 5187 injuriam
3389 5116 3609 5189 patimi-

1994 5190 2095 5248 ni?
2124 5190 2292 5261 quare
2316 5209 2420 5246 non
2443 5192 2616 5261 magis
2644 5190 3010 5261 fraudamim'.

2208 5263 2357 5345 E‘dit.
2389 5258 2652 5345 quaedam
2673 5261 2885 5341 Paris.,_
2901 5260 3123 5345 Signim
3142 5258 3535 5316 misericordes.

2090 5331 2182 5407 33)
2213 5331 2505 5407 Expositio
2537 5334 2702 5407 hujus
2744 5332 3007 5407 versiculi
3060 5331 3119 5407 iu
3152 5347 3281 5407 mss.
3336 5345 3450 5385 non
3479 5345 3611 5407 pan:

1990 5400 2082 5462 cis"
2125 5400 2228 5461 hoc
2257 5400 2378 5463 loco
2425 5400 2723 5472 omittitur,
2768 5404 2862 5459 sed
2912 5402 3199 5475 reponitur
3245 5401 3304 5457 in
3348 5400 3609 5474 sequenti

1990 5475 2207 5549 pagina,
2238 5476 2385 5532 unde
2414 5477 2525 5533 alia
2553 5492 2748 5533 rursus
2774 5480 3239 5548 transponuntur.
