3952 6202
332 348 439 418 225

1430 356 1793 417 COMMENT.
1835 350 1908 416 IN
1943 357 2161 415 EPIST.
2204 362 2228 416 Ι
2265 362 2360 416 AD
2401 360 2559 419 COR.

3528 354 3637 424 226

329 492 602 566 expediat.
636 492 744 550 Sed
772 491 1046 566 quomodo
1066 493 1218 562 licet,
1249 492 1397 566 quod
1427 492 1753 566 prohibetur
1772 493 1800 549 ‘i
1829 493 1943 548 Aut
1974 492 2025 549 A
2048 501 2148 560 est,
2180 509 2340 579 quem
2371 495 2621 567 exemplo
2665 496 2846 553 voluit
2876 496 3181 553 Dominicaa
3211 496 3635 553 resurrectionis

328 592 475 643 certe
497 585 545 641 si
576 585 763 641 omnia
784 585 975 652 licent,
1006 585 1149 641 nihil
1180 583 1494 657 potestdici
1517 584 1803 641 illicitum.
1828 582 1933 639 Sed

330 674 482 743 licet,
513 691 625 730 non
676 682 865 730 tamen
907 672 1153 745 expedit.
1214 674 1339 729 Haec
1381 680 1669 728 susurrant
1724 673 1931 744 potius,

330 782 495 840 quam
553 772 824 834 asserunt,
882 773 978 821 aut
1026 764 1375 821 immemores
1431 773 1526 821 aut
1571 765 1931 838 negligentes.

327 855 480 911 Dicit
529 856 678 911 enim
712 856 949 912 Joannes
996 855 1241 928 Baptista
1287 855 1356 911 ad
1405 854 1706 911 Herodem:
1756 879 1774 902 ‹
1813 855 1934 911 Non

329 943 464 1000 licet
492 944 599 1000 tibi
632 944 1073 1001 habereuxorem
1106 944 1293 1000 fratris
1320 943 1403 999 tui
1428 945 1624 1016 (Marc.
1658 944 1867 1014 v1.18).
1901 970 1921 992 ι

330 1031 438 1088 Sed
492 1033 635 1088 forte
676 1034 908 1090 Joannes
955 1050 1150 1105 expers
1197 1033 1366 1088 fuerit
1413 1033 1651 1089 humani
1700 1031 1933 1105 eloquii,

331 1121 632 1193 inspiratus
661 1123 719 1178 in
748 1130 920 1188 utero,
955 1122 1085 1195 quia
1112 1122 1157 1178 si
1190 1122 1295 1178 hoc
1339 1129 1442 1187 est,
1474 1121 1660 1178 dicere
1690 1120 1889 1177 debuit
1916 1139 1927 1177 :

331 1209 465 1265 licet
492 1210 612 1278 tibi,
645 1211 737 1268 sed
787 1227 897 1268 non
927 1211 1170 1284 expedit.
1210 1211 1316 1268 Sed
1346 1219 1401 1267 et
1435 1211 1707 1267 Dominus
1736 1209 1932 1267 simili.

329 1309 415 1359 ter
467 1303 687 1360 mulieri
733 1302 1055 1361 Chananzeaa
1098 1303 1203 1358 ait:
1277 1329 1293 1347 -
1332 1302 1453 1358 Non
1501 1300 1631 1356 licet
1685 1300 1934 1372 accipere

325 1408 524 1467 panem
578 1394 846 1463 ﬁliorum,
895 1401 951 1450 et
998 1395 1217 1449 mittere
1263 1393 1498 1451 canibus
1554 1391 1771 1463 (Matth.
1828 1408 1929 1458 vn,

325 1482 441 1556 26).
474 1509 492 1530 ι
562 1485 635 1539 Et
676 1484 880 1539 iterum
928 1482 1068 1539 dicit
1124 1482 1395 1539 Dominus
1452 1481 1695 1538 Iudaeis:
1760 1504 1779 1527 ι
1810 1481 1931 1536 Νοιι

325 1573 537 1647 legistis
577 1573 714 1648 quid
761 1574 896 1630 fecit
926 1572 1128 1642 David,
1172 1590 1296 1629 cum
1340 1573 1607 1629 esuriret:
1657 1569 1933 1645 quomodo

325 1663 561 1720 intravit
594 1662 653 1718 in
685 1661 911 1719 domum
963 1662 1207 1731 Domini,
1239 1670 1293 1719 et
1341 1678 1507 1735 panes
1539 1660 1934 1735 propositionis

323 1752 559 1824 accepit,
611 1768 748 1825 quos
777 1768 887 1808 non
946 1752 1147 1808 licebat
1199 1751 1249 1808 ei
1280 1751 1459 1820 edere,
1490 1776 1509 1799 ι
1579 1759 1682 1807 etc.
1734 1751 1928 1822 (Marc.

327 1858 390 1911 ιι,
421 1841 513 1910 25,
536 1840 628 1913 26)
651 1841 867 1899 ?Omne
896 1858 1024 1914 ergo
1049 1840 1195 1915 quod
1226 1841 1573 1913 prohibetur,
1607 1856 1719 1896 non
1757 1840 1923 1906 licet;
1963 1844 2010 1905 B

327 1939 383 1987 et
413 1946 596 2000 omne,
626 1931 772 2005 quod
802 1947 915 1987 non
942 1931 1091 2000 licet,
1123 1930 1452 2003 prohibetur
1482 1929 1601 2003 (34)
1640 1948 1651 1985 :
1709 1929 1803 1985 sed
1833 1927 1931 1983 ali-

326 2019 575 2093 quando,
609 2020 1017 2077 interveniente
1046 2035 1210 2078 causa
1255 2018 1460 2093 aliqua,
1495 2019 1644 2088 licet,
1677 2018 1772 2074 sed
1819 2033 1931 2073 non

327 2108 573 2182 expedit.

415 2220 437 2244 ι
481 2196 681 2253 Omnia
715 2197 855 2253 mihi
885 2198 1075 2266 licent,
1108 2199 1201 2256 sed
1223 2216 1320 2273 ego
1347 2200 1450 2257 sub
1478 2199 1690 2256 nullius
1717 2197 1932 2270 redigar

333 2293 618 2360 potestate.
655 2311 674 2333 ι
732 2285 932 2342 Omnia
985 2287 1091 2341 sibi
1137 2289 1303 2345 licere
1360 2289 1520 2357 dicit,
1580 2305 1640 2344 ea
1695 2288 1929 2351 scilicet,

332 2393 455 2451 qua
483 2384 538 2433 et
594 2377 924 2450 coapostolis
953 2376 1072 2449 ejus
1108 2378 1403 2446 licuerunt,
1449 2395 1568 2451 quae
1600 2386 1653 2433 et
1684 2379 1773 2433 lex
1804 2393 1929 2433 con-

329 2466 473 2522 tinet
517 2466 803 2535 naturalis,
850 2482 961 2522 non
990 2466 1218 2538 Moysis,
1254 2467 1386 2539 quia
1442 2467 1620 2522 multa
1648 2465 1932 2539 prohibuit

331 2554 548 2627 Moyses
577 2564 798 2628 propter
826 2554 1089 2611 duritiam
1121 2555 1304 2612 cordis
1338 2557 1528 2628 populi
1574 2554 1846 2612 increduli
1876 2560 1931 2609 et

326 2643 596 2701 cervicosi
631 2646 843 2717 (Matth.
868 2660 988 2713 xix,
1020 2642 1102 2717 8).
1127 2645 1329 2701 Tamen
1359 2645 1404 2700 si
1435 2644 1503 2700 ad
1523 2661 1742 2701 causam
1761 2644 1928 2716 respi-

330 2734 466 2802 cias,
495 2734 648 2790 aliud
703 2733 812 2789 fuit
840 2734 899 2789 in
929 2751 1093 2791 sensu
1122 2735 1392 2808 Apostoli,
1429 2745 1489 2791 ut
1537 2734 1655 2791 haec
1685 2735 1927 2807 loquere-

328 2828 422 2877 tur
448 2841 462 2891 ;
497 2822 614 2879 hanc
632 2823 781 2878 enim
804 2824 1068 2895 praemisit
1085 2831 1271 2894 postea
1285 2832 1507 2880 acturus
1528 2823 1668 2880 hanc
1684 2841 1925 2894 causam,

327 2909 471 2968 sicut
517 2912 650 2968 fecit
680 2922 733 2968 et
762 2914 829 2969 de
859 2913 958 2967 illo
995 2918 1130 2974 131
1165 2914 1258 2986 qui
1292 2914 1561 2968 incestum
1593 2913 1924 2982 admiserat;

327 3008 587 3081 proponit
616 3010 764 3065 enim
798 3010 1089 3084 designans
1109 3011 1242 3083 quid
1274 3019 1497 3067 acturus
1546 3020 1687 3067 esset
1719 3020 1925 3083 postea.

322 3098 573 3171 Denique
624 3100 814 3155 statim
872 3100 940 3155 ad
997 3102 1336 3172 superiorem
1395 3117 1636 3169 sensum,
1689 3100 1931 3156 breviter

2038 582 2289 650 ﬁrmare;
2339 585 2518 640 virtus
2571 587 2718 642 enim
2768 587 2865 643 Dei
2926 588 3182 646 Christus
3227 596 3328 656 est,
3379 605 3487 662 qua
3534 604 3634 645 nos

2042 673 2349 741 suscitabit,
2377 682 2431 729 et
2458 674 2634 745 ipsum
2667 676 2987 733 Dominum.
3020 678 3135 736 Hoc
3162 679 3327 747 dixit,
3358 678 3488 751 quia
3518 692 3635 749 ipse

2043 764 2312 819 Dominus
2347 778 2549 834 corpus
2586 780 2745 817 suum
2777 766 3087 835 suscitavit,
3117 767 3260 824 sicut
3285 777 3339 824 et
3369 768 3484 841 ipse
3514 769 3636 823 Do-

2045 851 2229 907 minus
2281 852 2357 906 ait
2391 869 2402 906 :
2452 876 2470 897 σ
2500 851 2710 907 Solvite
2757 854 3022 923 templum
3075 854 3200 924 hoc,
3230 864 3285 911 et
3325 872 3423 928 ego
3452 856 3634 912 tribus

2042 939 2238 995 diebus
2280 939 2557 996 suscitabo
2596 940 2754 996 illud.
2789 942 2904 997 Hoc
2944 950 3131 999 autem
3162 944 3308 1000 dixit
3336 946 3401 1000 de
3427 946 3635 1017 templo

2043 1029 2288 1099 corporis
2318 1029 2402 1084 sui
2436 1031 2617 1101 (Joan.
2654 1047 2712 1097 ιι,
2752 1030 2838 1097 19,
2871 1030 2987 1100 21).
3032 1055 3051 1078 ι

2117 1119 2301 1189 (Vers.
2355 1119 2471 1189 15.)
2537 1144 2554 1165 ι
2596 1117 2833 1174 Nescitis
2886 1119 3146 1190 quoniam
3191 1135 3418 1191 corpora
3459 1128 3639 1176 vestra

2043 1206 2289 1261 membra
2338 1214 2468 1261 sunt
2517 1206 2770 1263 Christi?
2801 1232 2819 1255 ι
2869 1206 3113 1279 Corpora
3159 1215 3345 1264 nostra
3397 1208 3641 1264 membra

2042 1295 2248 1353 Christi
2298 1305 2447 1367 sunt,
2493 1298 2588 1354 sed
2626 1297 2685 1353 in
2734 1314 2942 1353 novum
2974 1297 3280 1360 hominem.
3313 1300 3406 1372 qui
3435 1315 3639 1356 secun-

2040 1384 2172 1441 dum
2224 1388 2398 1442 Deum
2448 1395 2666 1444 creatus
2704 1395 2785 1443 est
2836 1388 3059 1460 (Ephes.
3105 1405 3183 1458 1v,
3224 1388 3339 1460 24),
3368 1389 3498 1462 quia
3527 1390 3639 1461 ipse

2042 1482 2125 1530 est
2153 1484 2317 1548 caput
2344 1475 2630 1539 Ecclesiae.
2674 1502 2692 1525 ι
2723 1477 2931 1532 Tollam
2974 1493 3101 1550 ergo
3131 1478 3380 1534 membra
3408 1477 3637 1547 Christi,

2040 1571 2096 1619 et
2126 1565 2323 1621 faciam
2370 1566 2618 1623 membra
2662 1567 2967 1623 meretricis
2987 1567 3015 1623 ?
3046 1567 3226 1623 Absit.
3258 1592 3278 1616 ι
3320 1566 3434 1636 Ait,
3464 1566 3638 1636 Absit,

2042 1654 2173 1725 quia
2219 1657 2493 1713 meretrici
2540 1656 2877 1713 adhaerentia
2924 1657 3169 1714 membra
3217 1656 3478 1713 desinunt
3521 1672 3639 1713 esse

2040 1743 2287 1799 membra
2318 1745 2547 1803 Christi.

2114 1832 2296 1903 (Vers.
2332 1835 2418 1891 16.
2448 1835 2470 1907 )
2512 1858 2531 1880 ι
2562 1834 2651 1889 An
2698 1833 2947 1901 nescitis,
2979 1832 3111 1906 quia
3140 1833 3235 1905 qui
3259 1832 3503 1890 adhaeret
3530 1850 3637 1891 me-

2039 1922 2246 1991 retrici,
2297 1940 2472 1979 unum
2528 1940 2728 1997 corpus
2774 1923 2886 1980 ﬁt?
2914 1950 2933 1971 ι
2988 1923 3105 1979 Hoc
3149 1922 3307 1992 dicit,
3357 1923 3488 1997 quia
3541 1925 3636 1998 qui

2039 2012 2496 2071 contaminationi
2545 2031 2601 2070 se
2646 2012 2934 2083 admiscet,
2968 2028 3142 2069 unum
3174 2010 3237 2068 ﬁt
3265 2027 3391 2067 cum
3429 2029 3516 2082 eo,
3548 2014 3636 2070 cui

2048 2115 2106 2156 se
2134 2101 2420 2159 admiscet.
2453 2103 2770 2160 Fornicatio
2798 2102 2948 2158 enim
2978 2100 3170 2157 ambos
3192 2112 3365 2156 unum
3396 2100 3548 2170 facit,
3578 2110 3640 2158 ut

2040 2191 2317 2261 quomodo
2365 2192 2422 2247 in
2461 2202 2677 2261 natura,
2700 2193 2790 2249 sic
2827 2200 2882 2248 et
2927 2191 2987 2247 in
3031 2191 3247 2248 macula
3287 2207 3461 2247 unum
3503 2193 3634 2249 sint.

2055 2304 2073 2326 ι
2102 2280 2301 2349 Erunt,
2334 2281 2540 2355 inquit,
2582 2281 2694 2338 duo
2737 2282 2795 2337 in
2825 2297 2987 2338 carne
3016 2296 3129 2336 una
3168 2280 3325 2351 (Gen.
3359 2296 3420 2346 ιι,
3454 2279 3568 2353 2t).
3603 2308 3623 2329 ι

2038 2369 2391 2427 Manifestum
2438 2379 2539 2439 est,
2572 2380 2634 2427 ut
2679 2370 2808 2445 quia
2852 2370 3053 2427 mulier
3098 2368 3166 2425 de
3195 2368 3316 2425 viro
3344 2377 3443 2438 est,
3473 2369 3637 2425 ambo

2040 2457 2100 2513 in
2129 2475 2290 2516 carne
2320 2477 2428 2516 una
2451 2462 2585 2517 sint.

2115 2558 2298 2629 (Vers.
2335 2559 2449 2631 17.)
2496 2584 2514 2606 ι
2538 2559 2647 2625 Qui
2695 2568 2877 2615 autem
2922 2557 3167 2614 adhaeret
3204 2558 3462 2627 Domino,
3494 2574 3637 2614 unus

2042 2646 2269 2719 Spiritus
2296 2654 2397 2703 est.
2430 2671 2448 2695 ι
2490 2647 2761 2715 Quoniam
2810 2646 2867 2701 in
2902 2647 3039 2703 bene
3084 2647 3372 2718 agentibus
3401 2645 3637 2717 Spiritus

2039 2736 2141 2793 Dei
2172 2744 2253 2794 est
2282 2737 2596 2792 communis
2625 2753 2750 2793 cum
2781 2738 2896 2792 Deo
2918 2742 2972 2791 et
3002 2734 3343 2790 hominibus.

2114 2836 2297 2907 (Vers.
2350 2833 2465 2906 18.)
2511 2858 2529 2880 ι
2559 2834 2752 2907 Fugite
2801 2831 3248 2890 fornicationem.
3280 2856 3299 2878 ι
3343 2832 3505 2889 Recte
3552 2832 3636 2888 fu-

2039 2931 2291 3003 giendam
2338 2937 2525 2986 monet
2569 2929 2991 2985 fornicationem
3042 2927 3182 3001 (35),
3215 2942 3310 2999 per
3339 2942 3501 2999 quam
3532 2924 3636 2982 ﬁlii

2037 3021 2139 3077 Dei
2187 3021 2327 3076 ﬁunt
2374 3022 2477 3076 ﬁlii
2516 3020 2742 3076 diaboli.
2792 3045 2809 3067 ι
2837 3019 3013 3075 Omne
3038 3026 3323 3090 peccatum
3353 3016 3636 3090 quodcun-

2038 3127 2143 3184 que
2166 3112 2355 3167 fecerit
2380 3112 2564 3177 homo,
2586 3118 2741 3167 extra
2761 3125 2960 3180 corpus
2980 3117 3107 3165 est»
3144 3107 3285 3175 Quia
3301 3114 3495 3163 caetera
3516 3121 3636 3178 pec-

325 3185 614 3242 ίῐηθτίιηΐθ
642 3189 1047 3257 commendata,
1073 3189 1243 3254 redit;
1286 3190 1391 3245 hoc
1419 3190 1571 3245 enim
1602 3190 1726 3245 ideo
1757 3191 1926 3259 δίκην
1959 3204 2003 3264 C‘.
2038 3213 2178 3271 cata,
2200 3205 2303 3259 etsi
2334 3220 2429 3274 per
2456 3219 2656 3273 corpus
2677 3210 3025 3274 generantur,
3050 3216 3161 3255 non
3186 3207 3369 3254 tamen
3395 3198 3633 3253 animam

323 3276 457 3349 quia
489 3276 689 3333 licebat
718 3278 809 3332 illi
837 3278 906 3332 ab
938 3278 1026 3333 his
1069 3285 1322 3349 sumptus
1353 3279 1620 3349 accipere.
1660 3278 1763 3334 Sed
1798 3296 1928 3351 quo-

324 3363 477 3419 niam
522 3366 728 3421 sciebat
768 3364 1251 3437 pseudoapostolos
1296 3368 1639 3423 occasionem
1690 3384 1932 3439 quaerere

324 3452 660 3525 accipiendi,
693 3455 875 3510 noluit
904 3457 974 3512 ab
1003 3454 1091 3511 his
1118 3456 1383 3527 accipere,
1418 3471 1486 3511 ne
1529 3472 1692 3511 causa
1725 3456 1933 3512 ventris

323 3541 486 3614 vigor
534 3544 862 3615 evangelicae
894 3543 1146 3599 veritatis
1191 3552 1543 3616 torpesceret.
1596 3545 1650 3599 Si
1683 3546 1830 3601 enim
1862 3546 1930 3602 ab

321 3629 394 3686 iis
421 3631 714 3704 acciperet,
758 3648 896 3705 quos
931 3632 989 3687 in
1041 3633 1209 3689 tantis
1244 3632 1395 3689 vitiis
1428 3632 1710 3705 arguebat,
1743 3641 1926 3689 aucto-

324 3718 542 3776 ritatem
592 3722 894 3793 magisterii
923 3738 1236 3778 concessam
1290 3722 1397 3778 sibi
1430 3738 1461 3777 a
1493 3723 1730 3778 Domino
1768 3723 1925 3777 incli-

323 3809 532 3878 nabat;
591 3827 701 3867 non
756 3811 903 3868 enim
936 3820 1114 3884 potest
1170 3819 1484 3869 constanter
1527 3812 1682 3885 argui
1738 3829 1770 3868 a
1816 3830 1925 3886 quo

322 3898 628 3971 accipitur:
661 3902 901 3958 maxime
930 3918 1056 3959 cum
1079 3902 1204 3958 ideo
1235 3909 1523 3975 promptus
1554 3903 1624 3958 ad
1655 3902 1922 3973 dandum,

323 3987 416 4057 sit,
447 3997 509 4046 ut.
565 3989 670 4047 sibi
719 3991 979 4048 humiliet
1028 3992 1407 4064 praepositum.
1452 3991 1607 4049 Unde
1661 4003 1713 4050 et
1744 3993 1919 4051 dicit:

336 4102 356 4125 ε
394 4077 498 4136 Sed
528 4097 625 4154 ego
652 4084 755 4139 sub
783 4083 997 4140 nullius
1029 4083 1247 4158 redigar
1275 4092 1565 4157 potestate.
1599 4111 1617 4134 ι

397 4168 580 4241 (Vers.
616 4171 728 4244 l3.)
774 4195 793 4219 ι
831 4174 974 4229 Esca
1000 4174 1207 4243 ventri,
1241 4183 1295 4230 et
1325 4183 1519 4231 venter
1569 4176 1746 4245 escis;
1778 4177 1924 4233 Deus

322 4263 504 4314 autem
533 4266 589 4316 et
618 4259 766 4317 hunc
788 4270 842 4317 et
872 4260 971 4316 has
1002 4261 1267 4319 destruet.
1302 4289 1320 4312 -
1365 4264 1680 4320 Destructio
1711 4264 1924 4321 ventris

319 4352 420 4414 est,
452 4362 581 4402 cum
612 4348 808 4404 edendi
838 4356 1011 4405 cessat
1040 4350 1287 4405 ofﬁcium
1320 4369 1331 4406 :
1383 4368 1518 4408 escae
1548 4369 1681 4408 vero
1712 4352 1922 4409 destru-

318 4434 434 4490 ctio
455 4442 591 4492 tunc
620 4436 747 4505 erit,
782 4436 1002 4510 quando
1030 4438 1242 4495 steterit
1266 4440 1548 4497 nativitas.
1586 4442 1922 4515 Pseudoapo-

318 4527 447 4584 stoli
478 4535 688 4595 autem,
731 4526 827 4599 qui
872 4543 983 4583 non
1024 4528 1213 4601 utique
1255 4528 1539 4603 religionis
1590 4548 1767 4601 causa,
1819 4531 1913 4587 sed

321 4627 561 4693 quaestus
607 4620 997 4690 circumibant,
1032 4623 1386 4694 peccantibus
1411 4625 1584 4681 amari
1621 4641 1736 4681 esse
1765 4628 1912 4682 nole-

321 4709 474 4766 bant.

402 4825 422 4848 ι
452 4800 662 4873 Corpus
680 4810 861 4859 autem
891 4819 1003 4859 non
1033 4803 1423 4872 fornicationi,
1458 4804 1552 4860 sed
1586 4805 1847 4861 Domino.
1891 4831 1909 4854 ι

320 4888 477 4946 Nunc
506 4890 647 4946 redit
677 4890 743 4946 ad
792 4892 1126 4963 superiorem
1157 4909 1414 4948 sensum:
1486 4916 1503 4939 ι
1538 4894 1609 4948 Et
1641 4893 1924 4948 Dominus

321 4981 555 5052 corpori.
588 5006 606 5029 ι
648 4980 791 5047 Quid
812 4981 1082 5038 Dominus
1103 4982 1373 5054 corpori?
1403 4982 1784 5037 Subauditur:
1823 4982 1921 5036 im-

320 5069 708 5125 mortalitatem
730 5070 1052 5128 resuscitato
1073 5070 1355 5143 praestabit
1378 5088 1391 5134 ;
1425 5086 1555 5141 corp
1565 5087 1625 5125 us
1640 5071 1788 5125 enim
1810 5072 1923 5125 Deo

320 5155 581 5225 dicatum,
606 5157 753 5214 dono
767 5160 1006 5233 spiritali
1036 5159 1486 5215 remunerabitur
1506 5158 1707 5214 merito
1739 5158 1919 5227 ducis,

320 5244 379 5302 id
406 5254 506 5315 est,
536 5248 731 5305 animi.

394 5345 575 5417 (Vers.
610 5346 725 5420 14.)
771 5371 791 5395 ι
825 5349 972 5404 Deus
1000 5363 1131 5403 vero
1178 5354 1232 5402 et
1262 5346 1561 5402 Dominum
1610 5344 1921 5415 suscitavit,

319 5441 373 5491 et
399 5451 501 5492 nos
527 5436 819 5493 suscitabit
839 5451 937 5508 per
964 5435 1229 5492 virtutem
1260 5450 1438 5491 suam.
1488 5460 1506 5483 ι
1548 5433 1695 5492 Idem
1730 5450 1924 5491 sensus

340 5658 341 5703 ς
369 5624 510 5753 .834)
568 5626 889 5708 Etnomne...
922 5624 1268 5708 prohibetur,
1286 5626 1345 5681 in
1398 5632 1611 5683 textum
1672 5641 1744 5682 ex
1788 5641 1919 5682 mss.

340 5696 368 5753 Ι
427 5698 466 5753 ι.
498 5706 556 5753 et
580 5700 709 5753 alus
737 5700 1025 5753 nonnullis
1054 5703 1418 5753 restituimus.

318 5695 466 5755 Vell.
489 5695 556 5755 et
580 5698 709 5754 aliis
737 5695 1025 5754 nonnullis
1054 5696 1418 5753 restituimus.

1945 4571 1994 4629 D

2042 3292 2120 3347 ita
2175 3292 2381 3346 carnali
2442 3290 2887 3361 concupiscentia
2940 3288 3153 3343 faciunt
3212 3286 3531 3341 obstrictam
3584 3294 3637 3340 et

2042 3378 2365 3446 obnoxiam,
2389 3376 2854 3450 quemadmodum
2876 3374 3220 3431 commisceri
3238 3373 3369 3429 facit
3396 3374 3636 3428 animam

2040 3485 2168 3526 cum
2216 3470 2336 3540 ipso
2385 3482 2611 3539 corpore
2670 3482 2803 3521 usus
2852 3464 3123 3532 libidinis,
3168 3479 3331 3536 agens
3374 3462 3431 3517 in
3476 3478 3637 3534 opere

2038 3558 2276 3615 carnalis
2313 3554 2729 3621 fornicationis;
2769 3554 2899 3627 quia
2927 3555 2984 3608 in
3016 3560 3231 3608 tantum
3261 3552 3638 3626 agglutinetur

2036 3647 2223 3704 anima
2251 3646 2490 3718 corpori,
2518 3653 2580 3700 ut
2623 3644 2679 3699 in
2726 3645 2846 3716 ipso
2890 3650 3168 3698 momento
3198 3641 3342 3697 nihil
3371 3641 3520 3699 aliud
3547 3659 3633 3698 co-

2035 3738 2208 3809 gitare
2236 3734 2452 3791 homini
2477 3734 2635 3790 liceat
2655 3742 2750 3789 aut
2783 3731 3091 3797 intendere,
3122 3732 3251 3805 quia
3280 3731 3453 3803 ipsam
3485 3748 3633 3788 men-

2032 3834 2145 3882 tem
2187 3825 2462 3898 captivam
2514 3822 2704 3880 subdit
2747 3823 2864 3893 ipsa
2902 3821 3210 3876 submersio
3250 3828 3304 3875 et
3332 3820 3633 3875 absorbitio

2036 3914 2288 3972 libidinis
2315 3924 2370 3970 et
2402 3929 2597 3981 concu,
2622 3911 2867 3966 iscentize
2889 3907 3144 3964 carnalis.
3169 3906 3323 3962 Unde
3341 3906 3628 3962 subditur:

2120 4030 2138 4053 ι
2166 4003 2273 4071 Qui
2301 4010 2485 4059 autem
2514 3999 2843 4064 fornicatur,
2875 3997 2934 4051 in
2971 4012 3169 4069 corpus
3196 4012 3357 4051 suum
3388 4003 3618 4068 peccat.-

2033 4093 2287 4151 Ostendit
2331 4087 2722 4162 gravissimum
2765 4102 2881 4142 esse
2923 4091 3232 4158 peccatum,
3264 4086 3393 4157 quia
3430 4101 3501 4141 ex
3528 4084 3634 4142 hoc

2033 4196 2197 4236 omne
2244 4178 2458 4251 deperit
2498 4192 2701 4249 corpus
2746 4192 2758 4232 :
2804 4175 2863 4230 in
2904 4174 3116 4232 caeteris
3160 4180 3344 4231 autem
3397 4174 3633 4247 peccatis

2033 4268 2214 4341 portio
2253 4268 2416 4340 perit,
2462 4281 2576 4322 non
2626 4271 2823 4321 totum.
2872 4263 3070 4321 Totum
3116 4264 3267 4319 enim
3309 4276 3509 4337 corpus
3548 4264 3634 4319 vir

2033 4366 2113 4414 est
2141 4367 2196 4415 et
2226 4357 2442 4425 mulier,
2462 4356 2590 4430 quia
2620 4354 2801 4428 portio
2830 4354 2939 4410 viri
2960 4362 3041 4411 est
3062 4353 3280 4411 mulier.
3304 4354 3631 4427 Quicunque

2032 4449 2180 4507 enim
2224 4448 2375 4505 aliud
2422 4456 2707 4522 peccatum
2746 4446 3051 4514 admiserit,
3091 4456 3249 4504 extra
3292 4461 3349 4503 se
3385 4454 3569 4518 peccat
3598 4471 3616 4493 ι

2031 4540 2361 4598 fornicarius
2411 4555 2540 4596 vero
2584 4539 2641 4593 in
2680 4553 2901 4594 carnem
2949 4553 3102 4593 suam
3159 4545 3365 4609 peccat.
3412 4538 3552 4608 Age,
3582 4551 3630 4609 si

2023 4632 2217 4705 laqueo
2264 4631 2436 4686 vitam
2488 4630 2667 4697 ﬁniat,
2726 4638 2821 4684 aut
2882 4629 3029 4683 ferro
3084 4641 3142 4681 se
3200 4624 3466 4692 trucidet,
3515 4640 3629 4680 non

2032 4720 2091 4776 in
2146 4737 2345 4791 corpus
2398 4734 2563 4774 suum
2594 4719 2815 4772 videtur
2863 4731 3110 4787 peccare,
3140 4714 3235 4769 sed
3264 4713 3320 4767 in
3365 4713 3627 4782 animam,

2032 4810 2121 4866 cui
2168 4809 2281 4863 vim
2314 4807 2464 4863 facit.
2500 4804 2786 4861 Fornicari
2815 4812 3021 4869 autem,
3052 4802 3334 4871 corporale
3365 4800 3625 4857 delictum

2032 4905 2132 4962 est,
2161 4895 2310 4968 quod
2338 4904 2392 4950 et
2420 4909 2620 4964 corpus
2640 4891 2914 4962 contingit
2943 4898 2996 4945 et
3025 4890 3266 4945 animam
3297 4907 3309 4946 :
3340 4905 3452 4945 non
3481 4884 3627 4947 enim

2032 4986 2150 5040 sine
2187 4982 2464 5039 desiderio
2506 4979 2709 5045 carnis,
2743 4980 2873 5050 quia
2904 4979 3069 5034 habet
3100 4985 3152 5034 et
3180 4994 3307 5034 caro
3348 4980 3627 5053 proprium

2032 5084 2266 5141 motum,
2298 5073 2481 5129 anima
2523 5067 2888 5141 concupiscit,
2940 5077 3001 5126 ut
3050 5079 3235 5142 peccet
3281 5071 3338 5126 in
3383 5088 3624 5142 carnem,

2032 5169 2287 5239 quamvis
2328 5164 2447 5220 sine
2489 5164 2675 5220 anima
2709 5159 2851 5217 nihil
2884 5169 3075 5235 possit.
3110 5162 3210 5216 Per
3240 5162 3295 5218 id
3325 5178 3452 5234 ergo
3481 5164 3628 5236 quod

2032 5257 2091 5312 in
2121 5271 2361 5322 carnem,
2386 5272 2504 5329 quaa
2526 5270 2595 5311 ex
2624 5269 2681 5310 se
2709 5263 2814 5323 est,
2843 5262 3034 5326 peccat
3064 5251 3158 5325 (ad
3186 5253 3456 5324 originem
3479 5256 3627 5312 enim

2031 5347 2272 5419 retulit),
2303 5348 2359 5403 in
2394 5364 2595 5421 corpus
2621 5362 2782 5403 suum
2813 5346 3023 5404 dicitur
3053 5360 3293 5419 peccare,
3325 5350 3386 5398 ut
3413 5343 3631 5403 desinat

2031 5453 2063 5493 a
2091 5436 2474 5506 fornicatione,
2507 5436 2668 5511 quasi
2699 5435 2805 5492 sibi
2830 5451 3079 5509 parcens.
3107 5431 3415 5490 Novatiano
3443 5444 3628 5495 tamen

2107 5624 2222 5697 (35)
2257 5626 2358 5682 Hic
2403 5625 2670 5682 articulus
2716 5624 2870 5697 abest
2905 5639 2937 5679 α
2965 5638 3097 5680 mss.
3130 5618 3354 5686 nostris,
3385 5627 3442 5675 at
3484 5638 3632 5684 oon—

2033 5696 2125 5752 ιη
2144 5697 2203 5752 in
2243 5698 2460 5754 cunctis
2488 5704 2671 5753 exstat
2698 5696 2832 5753 edit.
