3952 6202
335 312 438 376 227

336 549 581 605 peccare,
618 532 712 588 sed
745 533 798 587 in
831 532 1073 599 Christi;
1115 534 1276 590 aliter
1300 536 1444 591 enim
1470 535 1574 591 hoc
1592 535 1935 606 pronuntiat,

339 634 399 681 ut
430 625 592 680 etiam
629 626 809 694 illum,
833 625 924 698 qui
955 625 1282 695 fornicatur,
1305 628 1360 682 in
1387 627 1653 698 Spiritum
1684 634 1934 682 sanctum

334 714 482 770 dicat
531 733 752 788 peccare
788 734 798 770 :
836 725 1057 787 propter
1105 734 1345 785 causam,
1386 735 1492 790 qua
1532 717 1807 772 abscissus
1855 725 1936 773 est

335 803 403 859 ab
434 805 700 861 Ecclesia.
736 806 852 861 Hoc
876 807 1030 861 nulla
1059 807 1271 862 ratione
1299 808 1470 862 astrui
1498 815 1702 878 potest;
1738 824 1935 879 corpus

334 895 481 949 enim
519 894 723 951 Christi
778 911 886 949 non
925 905 1005 951 est
1035 912 1179 951 unus
1209 906 1304 952 aut
1336 897 1448 953 duo
1479 896 1806 961 Christiani,
1839 895 1932 952 sed

333 997 542 1050 omnes,
576 982 781 1054 singuli
816 991 998 1038 autem
1034 984 1277 1039 membra.
1304 993 1454 1040 sunt.
1489 985 1776 1052 Quomodo
1805 1002 1932 1054 ergo

333 1069 427 1141 qui
474 1068 800 1135 fornicatur,
833 1070 890 1124 in
938 1087 1137 1142 corpus
1179 1071 1384 1128 Christi
1423 1081 1635 1144 peccat,
1665 1090 1788 1128 cum
1822 1089 1931 1128 non

332 1173 519 1213 omnes
547 1158 888 1214 contaminet
913 1160 938 1214 εἰ
969 1160 1126 1227 Quod
1158 1161 1205 1216 si
1234 1161 1310 1216 ita
1339 1170 1498 1228 esset,
1532 1169 1594 1216 ut
1625 1161 1932 1216 Novatiano

334 1254 573 1325 videtur,
620 1267 815 1314 caetera
868 1255 1009 1312 132
1055 1259 1244 1313 omnia
1293 1266 1508 1330 peccata
1553 1266 1709 1314 extra
1757 1259 1932 1314 Deum

334 1355 532 1414 essent,
566 1354 618 1402 et
657 1348 775 1404 sola
826 1347 1118 1403 fornicatio
1150 1356 1431 1418 peccatum
1465 1355 1606 1403 esset
1635 1348 1691 1402 in
1734 1350 1929 1403 Deum.

335 1434 516 1490 Etiam
565 1437 660 1508 qui
709 1435 861 1493 vadit
905 1436 973 1492 ad
1029 1436 1198 1506 idola,
1234 1453 1346 1492 non
1396 1444 1584 1509 peccat
1634 1435 1692 1490 in
1734 1438 1930 1504 Deum,

333 1539 432 1579 nec
458 1524 552 1595 qui
582 1533 742 1596 negat
773 1525 828 1579 in
859 1526 1259 1597 persecutione,
1293 1525 1421 1598 quia
1451 1542 1614 1581 omne
1645 1533 1932 1598 peccatum

331 1611 698 1686 quodcunque
741 1613 931 1670 fecerit
976 1614 1166 1683 homo,
1211 1621 1368 1668 extra
1411 1630 1611 1685 corpus
1656 1624 1737 1670 est
1776 1613 1930 1672 Chri-

330 1701 422 1767 sti,
473 1701 615 1756 sicut
672 1702 757 1756 illi
821 1703 1062 1758 videtur.
1125 1703 1182 1758 Si
1242 1711 1422 1758 autem
1493 1712 1547 1759 et
1603 1703 1710 1759 hoc
1771 1705 1932 1759 aliter

330 1789 571 1844 voluerit
645 1791 1026 1862 pronuntiare,
1103 1799 1166 1846 ut
1238 1800 1396 1865 neget
1472 1793 1699 1866 aliquod
1773 1802 1929 1849 extra
1961 1821 2007 1880 Β
2042 1810 2185 1868 δεδι,

331 1892 529 1948 corpus
601 1877 806 1934 Christi
882 1896 998 1936 esse
1064 1889 1370 1952 peccatum,
1451 1890 1675 1954 cogetur
1749 1882 1930 1938 dicere

331 1965 460 2038 quia
489 1967 672 2022 omnis
702 1968 1067 2042 quodcunque
1096 1979 1378 2043 peccatum
1421 1971 1634 2040 fecerit,
1669 1972 1725 2026 in
1755 1974 1930 2027 Deum

329 2063 534 2128 peccat,
567 2063 620 2112 et
666 2057 724 2111 in
771 2058 1037 2130 Spiritum
1068 2067 1321 2115 sanctum
1358 2078 1369 2115 :
1404 2068 1466 2115 ut
1491 2067 1544 2115 et
1572 2061 1684 2130 fur,
1717 2070 1771 2117 et
1799 2077 1933 2131 per-

327 2143 509 2216 jurus,
561 2153 615 2201 et
666 2147 905 2204 mendax
961 2149 1018 2204 in
1070 2149 1338 2222 Spiritum
1396 2157 1650 2205 sanctum
1709 2167 1931 2222 peccare

332 2233 566 2290 dicatur.
601 2237 672 2291 Et
714 2237 991 2308 quomodo
1019 2245 1101 2293 est
1136 2238 1300 2307 illud,
1331 2238 1478 2311 quod
1509 2239 1586 2294 ait
1616 2241 1921 2297 Dominus:

345 2346 363 2368 ·
413 2324 553 2390 Quia
599 2326 787 2380 omnia
833 2335 1054 2397 peccata
1097 2336 1150 2383 et
1196 2327 1539 2399 blasphemia
1580 2328 1932 2385 remittentur

331 2411 686 2480 hominibus;
735 2416 827 2486 qui
859 2424 1037 2472 autem
1073 2419 1381 2489 peccaverit
1409 2419 1464 2473 in
1496 2418 1761 2490 Spiritum
1793 2434 1931 2472 san-

333 2509 507 2569 ctum,
537 2519 646 2556 non
676 2506 989 2561 remittetur
1015 2508 1088 2573 ei,
1119 2525 1297 2580 neque
1328 2509 1442 2577 hic,
1473 2525 1648 2582 neque
1682 2509 1735 2563 in
1767 2509 1932 2564 futu—

329 2610 390 2648 ro
446 2594 658 2666 (Matth.
716 2612 818 2664 xu,
877 2597 1016 2670 3i)?
1067 2625 1085 2647 ›
1139 2601 1379 2672 Apparet
1427 2601 1637 2673 utique,
1688 2600 1932 2674 exceptis

329 2687 539 2742 caneris
581 2689 836 2759 peccatis,
869 2689 1020 2745 aliud
1059 2707 1173 2746 esse
1213 2702 1519 2763 peccatum,
1553 2694 1702 2766 quod
1732 2710 1933 2765 pecca—

335 2782 450 2830 tum
499 2777 703 2834 dicitur
751 2781 803 2834 in
835 2780 1101 2850 Spiritum
1134 2791 1404 2838 sanctum.
1439 2784 1779 2850 Quibusdam
1816 2784 1930 2837 ite-

335 2881 456 2920 rum
507 2868 728 2922 videtur
781 2869 910 2938 quia
953 2870 1047 2939 qui
1098 2871 1422 2935 fornicatur,
1455 2872 1580 2927 ideo
1626 2873 1682 2927 in
1733 2889 1929 2944 corpus

333 2969 494 3008 suum
550 2955 756 3010 dicitur
810 2973 1056 3027 peccare,
1115 2959 1246 3030 quia
1306 2946 1564 3016 Ecclesiae
1622 2961 1930 3017 membrum

335 3049 417 3096 est
447 3060 458 3096 :
494 3050 547 3096 et
589 3060 645 3098 se
674 3044 1078 3114 contaminans,
1112 3046 1169 3102 in
1199 3049 1500 3104 Ecclesiam
1533 3058 1741 3121 peccat,
1773 3050 1930 3122 cujus

334 3130 642 3186 membrum
695 3139 795 3189 est.
850 3134 956 3201 Qui
1002 3150 1128 3208 ergo
1175 3137 1434 3194 Ecclesim
1474 3140 1779 3195 membrum
1823 3148 1922 3209 est,

329 3217 623 3277 dicendum
653 3229 734 3278 est
755 3223 860 3294 illi,
885 3241 1012 3281 cum
1042 3226 1366 3297 fornicatur,
1393 3229 1522 3302 quia
1544 3245 1653 3284 non
1676 3229 1802 3298 sibi,
1831 3229 1927 3285 sed

327 3307 386 3364 in
432 3311 734 3368 Ecclesiam
779 3323 985 3386 peccat.
1019 3317 1188 3374 Porro
1223 3327 1403 3375 autem
1435 3320 1574 3376 dicit
1602 3321 1921 3392 Apostolus,

327 3399 456 3471 quia
484 3403 579 3473 qui
606 3403 932 3473 fornicatur,
968 3423 1062 3478 per
1087 3408 1141 3463 id
1169 3409 1314 3480 quod
1343 3409 1400 3464 in
1430 3411 1742 3482 portionem
1768 3427 1923 3467 suam

326 3487 619 3561 delinquit,
649 3493 708 3547 in
740 3510 940 3564 corpus
971 3511 1131 3551 suum
1165 3505 1372 3567 peccat.

400 3579 582 3649 (Vers.
637 3581 750 3650 19.)
817 3603 834 3626 ε
893 3584 979 3636 An
1023 3585 1247 3640 nescitis
1291 3586 1422 3656 quia
1473 3604 1701 3660 corpora
1743 3601 1925 3648 vestra

326 3668 591 3738 templum
623 3676 704 3723 est
732 3669 969 3741 Spiritus
995 3677 1192 3738 sancti,
1225 3675 1319 3746 qui
1349 3679 1406 3730 in
1437 3678 1596 3732 vobis
1625 3687 1725 3747 est,
1761 3697 1922 3754 quem

324 3756 538 3812 habetis
565 3773 597 3813 a
625 3759 778 3814 Deo?
807 3783 825 3806 ›
869 3761 1132 3832 Superius
1164 3764 1220 3832 (Ι
1254 3763 1379 3818 Cor.
1413 3781 1498 3833 III,
1533 3767 1620 3838 16)
1654 3771 1922 3841 templum

324 3850 422 3906 Dei
453 3850 618 3921 dixit,
651 3850 744 3909 hic
770 3855 1037 3926 templum
1068 3854 1308 3927 Spiritus
1335 3857 1531 3929 sancti,
1555 3862 1686 3933 quia
1710 3861 1768 3918 in
1797 3865 1922 3920 sub-

320 3940 522 3996 stantia
550 3941 656 3998 hoc
687 3950 768 3998 est
799 3944 1058 4016 Spiritus,
1091 3945 1238 4018 quod
1269 3947 1414 4003 Deus
1442 3956 1541 4005 est.
1577 3951 1692 4008 Hoc
1718 3952 1922 4009 idcirco

319 4028 482 4100 dixit,
517 4040 579 4088 ut
624 4049 853 4106 corpora
900 4046 1087 4092 nostra
1128 4037 1568 4096 incontaminata
1615 4058 1916 4114 servemus,

323 4128 382 4176 ut
408 4125 580 4194 possit
609 4125 726 4181 illic
753 4127 994 4197 Spiritus
1023 4136 1244 4185 sanctus
1275 4129 1545 4188 habitare.

392 4219 574 4291 (Vers.
628 4221 747 4292 20.)
811 4246 829 4268 ‹
878 4223 949 4278 Et
995 4240 1107 4279 non
1156 4228 1287 4282 estis
1333 4231 1530 4297 vestri;
1569 4233 1738 4304 empti
1769 4233 1917 4288 enim

319 4307 452 4362 estis
516 4309 692 4380 pretio
757 4326 974 4383 magno.
1026 4337 1045 4361 ι
1104 4315 1455 4372 Manifestum
1506 4328 1588 4374 est
1639 4322 1770 4392 quia
1823 4323 1918 4394 qui

318 4403 536 4468 emptus
582 4405 685 4464 est,
729 4415 842 4454 non
905 4410 985 4457 est
1033 4401 1117 4456 sui
1157 4405 1397 4474 arbitrii,
1447 4408 1540 4463 sed
1588 4409 1705 4480 ejus
1741 4428 1772 4465 a
1810 4428 1918 4484 quo

317 4499 535 4561 emptus
584 4499 685 4560 est,
729 4499 792 4547 ut
840 4509 952 4548 non
993 4511 1171 4565 suam,
1202 4497 1297 4552 sed
1327 4499 1480 4554 illius
1510 4499 1675 4556 faciat
1703 4504 1915 4559 volun-

1371 322 1466 377 AD
1506 319 1739 376 OPERA
1778 319 1833 375 S.
1875 317 2210 378 AMBROSII
2247 317 2626 377 APPENDIX.

336 445 448 512 hic,
479 446 574 517 qui
626 444 951 512 fornicatur,
993 461 1104 500 non
1155 446 1213 500 in
1257 463 1457 519 corpus
1499 463 1659 502 suum
1712 446 1932 502 videtur
1965 452 2016 508 A

3539 318 3652 383 228

2645 446 2875 504 CAPUT
2912 446 3034 504 VII.

2122 556 2303 627 (Vers.
2340 557 2418 629 i.)
2463 581 2482 604 ε
2521 559 2598 614 De
2647 557 2717 613 iis
2768 565 2949 612 autem
2998 572 3118 629 quae
3149 555 3450 627 scripsistis
3483 557 3652 629 mihi,

2044 644 2249 702 bonum
2283 655 2362 702 est
2401 646 2612 702 homini
2652 647 2938 701 mulierem
2972 662 3084 700 non
3115 652 3354 717 tangere.
3391 669 3408 691 ι
3456 647 3654 706 Pravis

2045 736 2294 793 sensibus
2339 735 2922 808 pseudoapostolorum
2973 734 3254 807 exagitati,
3283 735 3378 807 qui
3426 738 3653 808 nuptias

2043 842 2138 898 per
2187 826 2530 898 hypocrisin,
2590 834 2651 880 ut
2716 826 2965 898 puriores
3029 825 3242 881 caneris
3298 823 3649 898 viderentur,

2042 918 2378 988 spernendas
2425 917 2716 985 docebant,
2764 917 2883 974 haac
2915 933 3007 988 per
3041 916 3330 988 epistolam
3363 916 3434 972 ab
3485 920 3650 990 Apo-

2042 1007 2184 1062 stolo
2232 1007 2615 1078 requirebant;
2675 1009 2804 1079 quia
2849 1007 2998 1063 enim
3056 1023 3166 1062 non
3226 1005 3650 1064 oblectabantur

2042 1095 2145 1152 hac
2207 1098 2500 1165 sententia,
2567 1097 2948 1168 praetermissis
3005 1097 3238 1164 czeteris,
3297 1096 3404 1154 hoc
3465 1099 3645 1154 solum

2041 1185 2349 1258 requirunt.
2408 1186 2620 1254 Quibus
2676 1193 2857 1241 tamen
2919 1185 3202 1257 respondit
3264 1186 3474 1243 bonum
3532 1205 3648 1245 esse

2041 1275 2262 1346 quidem
2312 1276 2599 1333 mulierem
2648 1293 2758 1331 non
2789 1276 3126 1349 contingere,
3164 1293 3479 1351 quanquam
3534 1295 3642 1334 non

2043 1365 2125 1420 illi
2165 1367 2302 1422 illud
2327 1367 2656 1438 simpliciter
2682 1375 2946 1424 asserant.

2116 1455 2299 1526 (Vers.
2333 1456 2413 1528 2.)
2459 1482 2476 1503 ι
2519 1458 2720 1512 Tamen
2743 1465 2965 1529 propter
2994 1456 3449 1528 fornicationem,
3481 1485 3498 1508 ι
3541 1459 3646 1518 hoc

2042 1552 2144 1611 est,
2172 1561 2241 1599 ne
2271 1545 2403 1618 quid
2449 1553 2640 1602 contra
2671 1547 2841 1618 legem
2875 1545 3221 1615 admittatur,
3264 1565 3392 1604 cum
3423 1549 3644 1622 quando

2042 1635 2188 1707 quod
2220 1637 2309 1690 lex
2337 1653 2445 1692 non
2478 1637 2754 1708 prohibet,
2782 1638 2991 1694 vitatur
3015 1656 3026 1694 :
3065 1662 3083 1684 ε
3107 1640 3490 1713 unusquisque
3512 1657 3643 1696 uxo-

2040 1739 2155 1778 rem
2203 1740 2358 1780 suam
2407 1725 2622 1794 habeat,
2657 1735 2708 1782 et
2741 1743 3082 1799 unaquaeque
3129 1746 3289 1784 suum
3324 1730 3510 1785 virum
3537 1730 3644 1785 ha-

2236 1838 2254 1860 ι
2319 1814 2509 1870 Solent
2561 1814 2706 1870 enim
2766 1815 2861 1888 qui
2918 1817 3310 1887 compendium
3363 1827 3641 1892 quaerunt,

2042 1919 2240 1960 errare.
2276 1905 2381 1972 Qui
2413 1906 2560 1961 enim
2589 1905 2707 1961 fieri
2739 1914 2938 1978 posset,
2965 1915 3028 1962 ut
3049 1906 3107 1962 hi
3139 1909 3206 1964 ab
3235 1909 3507 1966 uxoribus
3529 1912 3641 1967 suis

2041 2007 2097 2046 se
2145 1992 2504 2062 abstinerent,
2547 2012 2683 2068 quos
2734 1996 2793 2051 in
2835 1995 3005 2053 tantis
3055 1997 3208 2053 vitiis
3235 2000 3485 2070 reperit?
3515 2001 3641 2056 Ideo

2041 2099 2168 2154 ergo
2219 2101 2328 2140 non
2380 2086 2671 2156 permittit,
2724 2103 2793 2142 ne
2848 2087 2916 2142 ab
2966 2088 3134 2144 licitis
3182 2105 3238 2144 se
3280 2089 3638 2157 abstinentes,

2040 2172 2361 2229 inconcessa
2401 2183 2815 2246 praesumerent,
2866 2175 3009 2232 sicut
3061 2177 3273 2233 faciunt
3324 2179 3632 2236 Manichaei.

2115 2263 2296 2334 (Vers.
2329 2265 2382 2332 3,
2420 2264 2500 2336 4.)
2549 2291 2565 2312 ι
2597 2266 2769 2320 Uxori
2800 2266 2887 2320 vir
2915 2265 3161 2322 debitum
3193 2265 3405 2335 reddat,
3433 2268 3640 2324 simili—

2041 2360 2126 2409 ter
2153 2361 2334 2409 autem
2371 2362 2424 2410 et
2452 2371 2595 2410 uxor
2633 2356 2770 2411 viro.
2807 2381 2824 2403 ι
2867 2356 3111 2412 Invicem
3140 2355 3246 2411 sibi
3277 2355 3484 2428 subjici
3516 2357 3640 2414 illos

2040 2441 2098 2498 in
2147 2442 2250 2500 hac
2299 2461 2481 2514 causa,
2519 2453 2579 2500 ut
2626 2446 2754 2519 quia
2786 2463 2960 2502 unum
2992 2463 3190 2518 corpus
3220 2455 3368 2512 sunt,
3402 2464 3516 2503 una
3541 2465 3640 2504 eo-

2041 2547 2164 2587 rum
2214 2533 2287 2588 sit
2334 2541 2387 2588 et
2433 2533 2691 2589 voluntas
2739 2534 2797 2590 in
2841 2535 2956 2608 lege
2989 2543 3220 2591 naturai.
3267 2559 3285 2581 ε
3316 2535 3517 2593 Mulier
3555 2537 3638 2592 sui

2041 2620 2286 2691 corporis
2329 2629 2651 2692 potestatem
2699 2639 2810 2678 non
2840 2621 3060 2692 habeat,
3090 2624 3182 2680 sed
3217 2624 3303 2678 vir
3332 2643 3346 2691 ;
3381 2625 3639 2682 similiter

2041 2717 2094 2764 et
2124 2708 2210 2763 vir
2238 2710 2324 2765 sui
2351 2711 2597 2782 corporis
2628 2719 2949 2783 potestatem
2981 2730 3091 2768 non
3126 2713 3342 2782 habeat,
3370 2713 3467 2771 sed
3506 2732 3636 2770 mu—

2044 2796 2162 2852 lier.
2198 2822 2214 2844 ι
2261 2799 2378 2854 lloc
2426 2799 2583 2867 dicit,
2628 2801 2776 2873 quod
2824 2818 3001 2874 neque
3035 2801 3156 2858 viro
3202 2819 3379 2876 neque
3418 2804 3636 2860 mulieri

2042 2887 2202 2945 liceat
2231 2906 2430 2962 corpus
2458 2908 2619 2947 suum
2651 2893 2744 2947 alii
2775 2893 3024 2962 tradere;
3077 2895 3314 2950 invicem
3355 2896 3505 2951 enim
3535 2895 3636 2952 sibi

2043 2976 2315 3036 debitores
2369 2989 2498 3037 sunt
2558 2982 2617 3038 in
2678 2982 2779 3040 hac
2830 3001 3011 3054 causa,
3059 3002 3126 3042 ne
3174 2986 3438 3059 peccandi
3482 2987 3640 3044 detur

2043 3071 2276 3126 occasio.
2812 3144 2822 3153 .

2116 3159 2297 3231 (Vers.
2347 3160 2429 3232 5.)
2497 3161 2700 3218 «Nolite
2749 3163 3002 3221 fraudare
3037 3165 3298 3222 invicem.
3335 3192 3353 3214 ι
3393 3168 3511 3225 Hoc
3548 3170 3640 3226 di-

2046 3246 2142 3316 cit,
2175 3258 2234 3304 ut
2263 3251 2558 3308 conveniat
2587 3251 2701 3308 illis
2737 3253 2852 3325 (36)
2885 3255 2943 3310 in
2986 3271 3042 3314 re
3071 3257 3286 3325 uxoria,
3316 3274 3385 3313 ne
3415 3258 3635 3316 dissen—

2041 3337 2124 3393 sio
2172 3349 2393 3410 generet
2439 3341 2883 3400 fornicationem.
2938 3369 2956 3392 ι
3003 3346 3118 3402 Nisi
3161 3363 3230 3402 ex
3267 3363 3542 3407 consensu
3569 3351 3634 3408 ad

2036 3434 2273 3500 tempus,
2317 3454 2334 3475 ι
2382 3430 2438 3486 id
2488 3439 2592 3500 est,
2645 3439 2706 3487 ut
2763 3450 2832 3490 ex
2881 3435 3139 3494 condicto
3191 3437 3503 3496 abstineant
3559 3458 3633 3510 se,

2036 3525 2260 3589 propter
2289 3520 2587 3590 gratiarum
2620 3524 2885 3581 actiones.
2931 3549 2949 3572 ι
2980 3526 3049 3582 Ut
3080 3529 3284 3584 vacetis
3313 3529 3573 3585 orationi.
3606 3555 3621 3574 ι

2035 3605 2361 3679 Quanquam
2410 3609 2557 3664 enim
2603 3611 2720 3668 sine
2770 3612 3182 3672 intermissione
3229 3619 3498 3675 orandum
3540 3621 3629 3688 sit,

2038 3697 2322 3754 meditatio
2370 3701 2518 3756 enim
2567 3701 2685 3759 haec
2729 3705 2882 3762 omni
2920 3706 3010 3762 die
3040 3707 3289 3765 facienda
3314 3721 3416 3780 est,
3451 3719 3631 3768 tamen

2037 3791 2100 3840 ut
2140 3788 2376 3843 orationi
2423 3789 2699 3861 insistant,
2734 3793 2865 3850 huic
2904 3796 2982 3851 rei
3027 3797 3334 3854 vacandum
3362 3802 3629 3875 praecipit,

2032 3875 2374 3950 interpositis
2396 3888 2504 3937 tem
2514 3883 2739 3954 poribus
2754 3885 2821 3941 ad
2843 3881 3141 3944 Dominum
3164 3891 3587 3961 promerendum
3615 3913 3627 3961 ;

2028 3974 2091 4022 ut
2165 3968 2310 4024 enim
2393 3971 2742 4041 misereatur,
2806 3976 3069 4033 mundius
3145 3978 3458 4036 exorandus
3523 3990 3626 4038 est.

2035 4054 2303 4123 Quamvis
2333 4061 2538 4117 munda
2560 4062 2674 4120 sint
2700 4064 2976 4139 conjugia,
2999 4074 3182 4124 tamen
3212 4069 3376 4125 etiam
3401 4086 3432 4125 a
3461 4069 3627 4127 licitis

2033 4144 2425 4204 abstinendum
2458 4159 2559 4220 est,
2592 4161 2652 4209 ut
2680 4155 2897 4211 facilius
2927 4155 2996 4211 ad
3034 4156 3284 4213 effectum
3326 4157 3628 4216 deducatur

2029 4237 2228 4294 oratio.
2264 4239 2398 4295 Nam
2435 4249 2490 4297 et
2535 4242 2594 4298 in
2638 4245 2750 4317 lege
2788 4245 3119 4303 sanctificari
3163 4247 3430 4317 volentes,
3483 4249 3627 4306 inter

2029 4333 2224 4382 caetera
2251 4330 2417 4386 etiam
2459 4331 2526 4387 ab
2572 4335 2695 4390 uvis
2738 4336 2910 4407 passis
2949 4335 3106 4408 jussu
3149 4337 3372 4393 Domini
3413 4346 3620 4412 tempe-

2028 4413 2243 4485 rabant,
2303 4425 2366 4472 ut
2417 4418 2612 4477 ﬁerent
2667 4423 2965 4480 sanctiores
3023 4425 3205 4496 (Num.
3247 4443 3328 4494 v1,
3370 4425 3450 4497 4).
3484 4425 3621 4483 Cum

2029 4504 2176 4558 enim
2220 4507 2344 4579 quis
2389 4510 2553 4565 etiam
2603 4528 2858 4568 concessa
2905 4529 3016 4569 non
3045 4515 3342 4587 contingit,
3382 4515 3621 4572 ostendit

317 4587 507 4636 tatem.
554 4581 627 4636 Et
656 4583 784 4655 quia
813 4581 979 4639 cbaro
1009 4585 1186 4657 pretio
1224 4588 1395 4659 empti
1427 4605 1638 4659 sumus,
1670 4608 1916 4665 propen—
1947 4565 1993 4624 D
2025 4609 2080 4648 se
2115 4565 2275 4664 velle,
2309 4599 2456 4670 quod
2775 4565 3054 4674 accipere.

315 4671 429 4728 sius
465 4672 705 4728 Domino
753 4684 940 4731 nostro
979 4677 1186 4734 servire
1240 4678 1524 4750 debemus,
1557 4699 1624 4738 ne
1653 4685 1913 4757 offensus,

314 4779 345 4818 a
392 4780 499 4836 qua
546 4781 647 4822 nos
694 4767 946 4836 redemit,
983 4770 1144 4824 morti
1177 4786 1279 4826 nos
1318 4771 1528 4829 reddat.
1563 4773 1735 4841 Quam
1766 4778 1911 4834 enim

313 4853 638 4913 charissimo
690 4858 867 4929 pretio
919 4875 1021 4914 nos
1068 4859 1222 4929 emit,
1272 4869 1334 4917 ut
1386 4863 1706 4935 sanguinem
1750 4883 1911 4924 suum

312 4940 465 4999 daret
497 4960 594 5015 pro
624 4945 829 5002 nobis?

398 5064 416 5086 ι
446 5039 757 5098 Clariﬁcate
788 5052 841 5100 et
871 5055 1080 5117 portate
1107 5050 1282 5106 Deum
1307 5052 1362 5108 in
1393 5069 1621 5124 corpore
1647 5061 1852 5112 vestro.
1877 5081 1893 5104 -

311 5127 429 5184 Hoc
473 5139 555 5187 est
597 5132 898 5191 clariﬁcare
941 5146 995 5193 et
1027 5147 1242 5210 portare
1274 5144 1446 5198 Deum
1480 5143 1537 5197 in
1566 5160 1815 5215 corpore,
1848 5153 1910 5200 ut

310 5227 610 5277 secundum
652 5222 823 5294 legem
855 5225 973 5297 ejus
1001 5229 1382 5297 ambulemus;
1433 5247 1529 5302 per
1558 5233 1728 5304 legem
1758 5235 1905 5290 enim

311 5327 463 5367 suam
511 5313 624 5385 ipse
668 5315 886 5371 videtur
929 5318 989 5374 in
1020 5319 1199 5395 nobis.
1234 5321 1458 5375 Portare
1491 5329 1672 5378 tamen
1705 5325 1902 5395 Deum,

311 5397 417 5456 hoc
437 5410 538 5472 est,
555 5404 848 5478 imaginem
869 5409 970 5464 Dei
987 5409 1044 5464 in
1064 5409 1228 5465 rebus
1247 5409 1386 5464 bene
1407 5409 1570 5480 gestis
1595 5413 1901 5473 ostendere.

385 5619 500 5692 (36)
534 5622 690 5679 Rom.
718 5621 878 5692 edit.,
908 5630 968 5678 ut
995 5625 1304 5680 conveniant
1333 5625 1437 5681 illi.

385 5623 476 5692 (36
534 5623 690 5679 Rom.
718 5623 878 5692 edit.,
908 5630 968 5678 ut
995 5625 1304 5680 conveniant
1333 5625 1437 5681 illi.

384 5623 500 5767 (37;
533 5693 666 5752 Cod.
711 5695 906 5763 Laud.,
960 5695 1217 5768 conjugiis
1264 5697 1542 5753 consilium
1595 5699 1776 5770 datur,
1829 5703 1900 5758 ad

2111 4690 2251 4747 133
2286 4712 2303 4734 ι
2328 4688 2400 4743 Et
2427 4690 2625 4745 iterum
2654 4691 2996 4747 revertimini
3017 4691 3087 4748 ad
3110 4692 3166 4749 id
3196 4693 3400 4765 ipsum.
3423 4719 3441 4741 ι
3478 4693 3619 4762 Quo-

2023 4781 2171 4839 niam
2217 4785 2513 4840 consilium
2561 4786 2888 4860 conjugibus
2915 4789 3032 4862 (37)
3064 4789 3158 4846 dat
3187 4797 3309 4863 post
3338 4789 3455 4846 dies
3484 4807 3615 4847 ora-

2023 4872 2190 4928 tionis
2221 4873 2288 4929 ad
2317 4891 2475 4930 usum
2506 4877 2808 4932 naturalem
2841 4879 3041 4934 reverti
3072 4879 3270 4935 debere
3306 4898 3316 4934 :
3366 4904 3384 4926 ‹
3411 4879 3490 4935 Ne
3520 4896 3616 4937 vos

2025 4963 2436 5019 tentetSatanas
2451 4973 2671 5035 propter
2690 4965 3170 5040 intemperantiam
3203 4978 3440 5025 vestram
3477 4995 3494 5017 ι
3535 4969 3613 5024 in-

2020 5053 2298 5122 terpositis
2321 5052 2514 5109 diebus
2533 5054 2922 5112 abstinendum
2948 5065 3133 5113 monet
3155 5075 3168 5125 ;
3204 5074 3272 5114 ne
3291 5058 3506 5115 occasio
3526 5058 3614 5114 de-

2019 5147 2110 5195 tur
2156 5140 2396 5210 diabolo,
2445 5143 2588 5200 sicut
2634 5145 2772 5203 dicit
2816 5148 3010 5203 Petrus
3050 5148 3376 5219 apostolus:
3426 5173 3443 5195 ι
3474 5149 3614 5204 Ecce

2016 5228 2270 5285 diabolus
2308 5239 2370 5286 ut
2400 5233 2484 5288 leo
2521 5235 2743 5304 rugiens
2782 5235 3002 5302 circuit,
3027 5252 3278 5308 quaarens
3308 5253 3471 5310 quem
3507 5236 3613 5293 de-

2016 5327 2171 5373 voret
2203 5321 2260 5389 (I
2283 5321 2426 5376 Petr.
2450 5339 2507 5389 v,
2529 5321 2608 5392 8).
2641 5346 2659 5369 υ
2702 5322 2756 5378 Si
2787 5323 2933 5378 enim
2963 5340 3124 5380 causa
3153 5323 3396 5381 ﬁliorum
3426 5342 3612 5383 crean-

2013 5406 2210 5464 dorum
2260 5409 2484 5466 ducitur
2529 5427 2693 5482 uxor,
2728 5427 2838 5466 non
2877 5415 3117 5471 multum
3147 5421 3363 5487 tempus
3390 5431 3609 5473 conces-

2010 5630 2183 5702 ipsum
2204 5630 2491 5687 Dominum
2519 5639 2873 5702 revertantur,
2905 5634 3220 5691 abstinentes
3248 5653 3300 5691 se
3327 5637 3394 5694 ab
3417 5635 3607 5692 uxori.

2010 5702 2104 5760 bus
2143 5704 2278 5771 suis,
2322 5709 2381 5758 ut
2409 5704 2617 5775 possint
2642 5705 2856 5775 dignius
2881 5706 3116 5777 accipere
3141 5724 3336 5779 corpus
3361 5707 3602 5766 Domini.
