3952 6202
217 342 321 408 229

1316 348 1680 409 COMMENT.
1721 348 1794 407 IN
1828 344 2045 408 EPIST.
2087 351 2112 407 Ι
2149 352 2245 407 ΑΙ)
2285 346 2442 409 COR.

3412 354 3519 415 230

216 501 336 542 sum
363 482 585 541 videtur
609 483 678 542 ad
708 484 889 557 ipsum
914 498 1113 551 usum;
1165 482 1296 558 quia
1340 492 1395 540 et
1423 482 1541 539 dies
1570 483 1718 550 festi,
1753 492 1809 541 et
1834 491 1884 549 Α
1918 492 2069 553 sunt,
2104 483 2373 540 denuntio
2398 501 2508 542 non
2537 501 2656 557 ego,
2684 485 2779 543 sed
2807 484 3106 544 Dominus.
3139 512 3158 537 ι
3205 483 3531 563 Postquam,

216 572 331 647 dies
360 575 749 647 processionis,
777 582 834 630 et
863 574 981 647 ipsa
1007 575 1152 631 ratio
1189 580 1489 646 conceptus
1520 580 1573 629 et
1626 581 1814 645 partus

210 659 374 733 juxta
402 662 573 736 legem
604 662 805 719 cessari
834 663 1181 735 temporibus
1210 662 1298 718 his
1340 661 1537 719 debere
1592 660 1815 717 demon-

216 756 410 810 stram.

288 844 471 915 (Vers.
496 844 551 913 6,
570 844 650 917 7.)
678 864 703 895 (ι
719 843 836 900 Hoc
849 852 1032 900 autem
1050 843 1174 900 dico
1190 842 1491 900 secundum
1530 840 1818 913 indulgen-

216 932 374 1003 tiam,
406 949 521 990 non
546 932 849 989 secundum
872 931 1577 1006 imperium-Manifestum
1599 938 1680 984 est
1696 929 1818 986 ideo

215 1020 324 1078 hoc
342 1022 502 1078 illum
525 1022 657 1080 dare
667 1023 981 1091 consilium,
1002 1031 1063 1078 ut
1081 1020 1505 1077 fornicationem
1537 1018 1815 1088 excludat,

140 1186 143 1189 _
213 1128 331 1170 non
353 1121 416 1169 ut
444 1112 516 1168 ad
545 1112 827 1169 meliorem
862 1111 1032 1168 vitam
1051 1110 1411 1167 tendentibus
1432 1111 1538 1166 iter
1572 1109 1812 1166 claudat.

233 1224 253 1249 ι
275 1200 540 1259 Volebam
563 1210 743 1259 autem
763 1218 956 1259 omnes
976 1201 1231 1257 homines
1251 1216 1365 1258 esse
1409 1200 1554 1256 sicut
1596 1214 1685 1253 me
1737 1197 1815 1268 ip-

215 1305 391 1347 sum.»
418 1291 697 1360 Quantum
714 1309 843 1364 ergo
863 1290 931 1348 ad
949 1292 1284 1349 benevolum
1301 1299 1356 1347 et
1374 1289 1680 1346 sollicitum
1706 1306 1815 1345 ma-

214 1386 363 1437 trum
417 1381 676 1454 pertinet,
721 1397 914 1438 omnes
946 1381 1107 1448 tales,
1130 1380 1176 1437 si
1214 1379 1335 1437 ﬁeri
1362 1385 1564 1451 posset,
1594 1376 1816 1434 volebat

214 1484 332 1526 esse
385 1471 528 1528 sicut
554 1489 612 1527 se
642 1472 844 1544 ipsum.
864 1472 1058 1540 Qualis
1076 1478 1260 1528 autem
1292 1470 1409 1543 ipse
1423 1475 1558 1537 erat,
1592 1484 1724 1524 mox
1756 1467 1816 1523 in

214 1558 480 1631 subjectis
520 1561 801 1619 ostendit:
868 1586 887 1609 ι
934 1559 1041 1617 Sed
1091 1558 1472 1632 unusquisque
1530 1557 1815 1630 proprium

214 1662 350 1704 num
377 1647 541 1706 habet
562 1666 635 1705 ex
663 1648 947 1718 Deo,alius
974 1649 1196 1722 quidem
1228 1646 1478 1713 sic,alius
1506 1662 1637 1703 vero
1665 1646 1744 1702 sic
1761 1665 1803 1713 ;-

216 1735 323 1794 hoc
375 1746 477 1807 est,
521 1738 900 1812 unusquisque
949 1736 1101 1809 justa
1148 1744 1342 1793 votum
1397 1753 1559 1792 suum
1608 1735 1815 1791 donum

212 1825 316 1882 Dei
345 1825 535 1897 habet,
565 1836 627 1883 ut
653 1827 700 1883 si
724 1827 881 1897 velit,
915 1826 1090 1899 ipsius
1146 1835 1287 1883 nutu
1312 1826 1443 1894 Dei,
1480 1823 1815 1898 possibilita-
1848 1855 1897 1916 Β

212 1925 323 1974 tem
355 1926 741 1991 consequatur.
780 1918 909 1975 Ideo
936 1935 1048 1974 non
1089 1918 1253 1976 debet
1285 1918 1409 1991 quis
1457 1915 1763 1988 constringi
1795 1933 1811 1984 ;

214 2023 286 2064 ne
312 2024 345 2064 a
373 2008 526 2066 licito
583 2008 918 2082 prohibitus,
976 2009 1178 2067 illicita
1217 2008 1515 2065 admittat:
1565 2006 1661 2064 sed
1703 2007 1820 2080 ipse

214 2096 324 2154 sibi
353 2097 541 2171 eligat,
571 2098 707 2171 quid
735 2107 1016 2172 sequatur.

292 2184 479 2258 (Vers.
509 2186 565 2241 8.
595 2186 614 2257 )
679 2210 699 2233 ε
737 2186 876 2243 Dico
921 2196 1103 2244 autem
1158 2203 1271 2244 non
1308 2187 1499 2261 nuptis
1526 2193 1581 2243 et
1608 2185 1817 2255 viduis,

215 2274 432 2331 bonum
469 2283 553 2332 est
582 2275 771 2345 illis,si
799 2277 882 2334 sic
898 2278 1485 2349 permaneant,sicutet
1500 2293 1617 2349 ego.
1649 2303 1666 2325 ι
1694 2278 1816 2333 Non

216 2364 446 2432 diceret,
478 2365 685 2422 bonum
730 2375 812 2423 est
850 2367 1119 2438 innuptis,
1154 2374 1216 2421 ut
1242 2368 1372 2433 sint,
1405 2367 1548 2421 sicut
1589 2374 1643 2421 et
1673 2382 1771 2438 ego
1801 2383 1815 2432 ;

216 2453 329 2510 nisi
358 2462 500 2511 esset
528 2454 741 2528 integer
767 2456 1133 2527 corpore.Nec
1154 2455 1362 2511 diceret
1386 2473 1397 2511 :
1436 2478 1454 2501 ι
1486 2454 1689 2510 Omnes
1725 2453 1819 2509 ho-

219 2544 398 2600 mines
426 2544 681 2601 volebam
711 2560 848 2614 esse,
877 2545 1021 2602 sicut
1038 2562 1123 2601 me
1154 2545 1335 2617 ipsum
1366 2563 1379 2611 ;
1414 2569 1433 2592 ι
1477 2544 1523 2599 si
1553 2544 1703 2599 enim
1726 2542 1820 2599 ha-

215 2632 407 2690 buerit
433 2650 687 2706 uxorem,
721 2644 776 2691 et
817 2634 926 2692 hoc
964 2634 1129 2703 dixit,
1179 2634 1421 2706 virgines
1467 2650 1585 2690 esse
1614 2632 1815 2689 noluit.

218 2721 327 2779 Sed
355 2722 526 2780 absit:
562 2724 643 2781 sic
662 2725 811 2780 enim
833 2724 1115 2797 apueritia
1144 2724 1376 2781 servivit
1393 2722 1536 2795 (38),
1572 2730 1634 2777 ut
1654 2721 1821 2793 hujus

222 2811 303 2867 rei
333 2812 577 2869 studium
611 2830 723 2869 non
753 2813 1012 2882 haberet;
1052 2813 1256 2888 quippe
1306 2829 1434 2868 cum
1480 2810 1819 2885 juveuculus

218 2901 555 2973 anticipatus
584 2901 656 2958 sit
683 2918 716 2958 a
734 2902 907 2975 gratia
932 2901 1053 2959 Dei.
1095 2903 1387 2974 Postquam
1420 2900 1567 2956 dixit
1620 2917 1817 2956 unum-

223 3006 500 3064 quemque
530 2994 817 3065 proprium
862 2991 1070 3048 donum
1112 2991 1314 3047 habere
1353 3007 1383 3046 a
1411 2992 1546 3059 Deo,
1569 2987 1813 3045 ostendit

224 3078 285 3137 in
315 3096 423 3153 qua
452 3097 510 3136 re
538 3081 740 3138 melius
767 3089 851 3138 est
879 3098 995 3138 esse
1022 3080 1434 3154 propensiorem
1464 3097 1478 3147 ;
1515 3079 1645 3151 quia
1662 3078 1721 3132 in
1755 3094 1820 3134 eo

218 3167 515 3242 adjuvatur
544 3171 844 3245 quis,quod
869 3171 1092 3228 videtur
1122 3170 1388 3227 aviditate
1417 3168 1619 3224 mentis
1662 3181 1819 3239 appe-

220 3265 358 3315 tere.

295 3347 484 3420 (Vers.
515 3347 599 3419 9.)
644 3370 664 3394 ι
699 3346 860 3414 Quod
887 3346 934 3403 si
963 3362 1021 3403 se
1051 3362 1165 3401 non
1194 3344 1502 3419 continent,
1536 3343 1769 3399 nubant.
1793 3366 1811 3390 ι

216 3438 283 3495 In
314 3437 423 3492 ista
444 3452 501 3491 re
520 3436 648 3492 illos
676 3437 798 3492 vult
829 3436 947 3509 (39)
978 3435 1334 3506 contendere,
1366 3444 1429 3491 ut
1479 3435 1821 3491 contineant.

217 3525 369 3596 Quid
396 3524 443 3581 si
475 3525 721 3597 impulsu
749 3528 932 3583 carnis
961 3542 1309 3599 perseverare
1337 3542 1394 3582 se
1418 3524 1665 3581 viderint
1714 3539 1828 3579 non

219 3631 398 3689 posse,
430 3615 561 3688 quia
580 3630 682 3672 nec
709 3624 839 3672 sunt
868 3615 1235 3688 promptiores
1265 3615 1324 3670 in
1354 3631 1419 3671 eo
1450 3614 1591 3686 ipso,
1622 3620 1684 3668 ut
1734 3612 1825 3668 ad-

218 3702 492 3777 juventur
515 3721 546 3759 a
574 3706 720 3773 Deo;
755 3705 915 3761 illum
946 3704 1097 3761 enim
1120 3706 1269 3761 Deus
1283 3704 1463 3777 juvat,
1486 3718 1650 3776 quem
1676 3700 1825 3756 videt

222 3801 343 3851 tota
384 3793 589 3851 virtute
624 3795 990 3852 contendere:
1044 3794 1259 3850 nubant
1291 3794 1504 3866 utique,
1554 3790 1601 3847 si
1629 3788 1731 3869 uri.
1756 3788 1822 3845 ti-

222 3890 397 3940 ment.
456 3884 616 3941 Forte
667 3883 816 3940 enim
874 3892 1133 3956 poterunt
1174 3883 1281 3940 hoc
1327 3891 1516 3957 postea
1552 3880 1820 3952 adipisci;

221 3969 440 4045 digesto
485 3972 633 4028 enim
674 3973 1077 4046 impedimento
1111 3979 1325 4046 reparat
1368 3988 1425 4029 se
1457 3978 1716 4027 voluntas
1731 3986 1816 4025 ro-

220 4060 470 4119 bustiore
485 4063 708 4120 virtute.

309 4174 328 4198 -
357 4150 554 4207 Melius
582 4160 664 4208 est
689 4151 837 4209 enim
864 4152 1072 4209 nubere
1102 4168 1265 4227 quam
1319 4152 1426 4209 uri.
1452 4176 1471 4200 ι
1530 4150 1651 4207 Non
1699 4140 1825 4207 ideo

222 4238 408 4297 dixit:
455 4264 474 4287 ‹
504 4242 705 4299 Melius
738 4251 820 4298 est
850 4241 999 4298 enim
1031 4241 1238 4299 nubere
1269 4256 1435 4314 quam
1462 4240 1572 4308 uri,
1604 4265 1621 4286 ι
1665 4238 1825 4312 quasi

223 4329 438 4386 bonum
471 4330 544 4385 sit
566 4329 678 4397 uri,
709 4329 833 4385 ideo
852 4330 1057 4386 nubere
1088 4330 1322 4386 melius:
1354 4328 1449 4385 sed
1479 4327 1826 4384 consuetudi-

229 4434 358 4475 nem
407 4424 633 4474 secutus
660 4425 761 4474 est.
791 4418 1041 4474 Solemus
1081 4418 1228 4473 enim
1275 4417 1483 4474 dicere:
1514 4417 1709 4473 Melius
1746 4423 1829 4473 est

224 4510 447 4566 lucrum
472 4508 672 4576 facere,
708 4523 872 4583 quam
902 4507 1184 4565 damnum.
1204 4508 1307 4566 Ubi
1326 4525 1455 4566 vero
1483 4516 1584 4578 est,
1615 4506 1825 4565 deside-

224 4601 327 4658 riis
354 4601 441 4674 agi
472 4602 561 4656 vel
593 4600 744 4657 vinci
770 4619 781 4658 :
814 4618 938 4657 cum
971 4601 1119 4658 enim
1150 4602 1406 4659 voluntas
1436 4601 1607 4658 calori
1638 4599 1821 4656 carnis
1854 4584 1904 4643 D

224 4691 529 4761 consentit,
560 4693 743 4749 uritur
769 4709 781 4748 :
814 4708 941 4748 nam
968 4692 1238 4750 desideria
1253 4693 1390 4767 pati,
1421 4701 1474 4750 et
1494 4709 1611 4749 non
1643 4690 1820 4758 vinci,

230 4780 469 4838 illustris
497 4781 613 4837 viri
637 4790 719 4839 est
736 4789 792 4838 et
821 4781 1068 4854 perfecti.

305 4870 710 4945 (Vers.!OJL)
757 4896 776 4919 ι
806 4871 878 4930 Iis
898 4881 1081 4930 autem
1111 4872 1207 4947 qui
1231 4871 1591 4930 matrimonio
1636 4866 1823 4943 juncti

461 5073 620 5153 Boni.
653 5072 786 5153 edit.
802 5044 884 5132 ‘ac
911 5091 1054 5153 mss;
1067 5072 1346 5152 nonnulli,
1371 5072 1581 5153 spiritu
1608 5070 1823 5153 ferbuit.

331 5145 425 5218 39)
461 5145 585 5203 Vet.
617 5146 751 5202 edit.
780 5162 845 5203 ac
866 5163 994 5203 mss.
1028 5143 1487 5218 frequentissimi,
1518 5143 1729 5198 imitari
1754 5143 1827 5218 il-

229 5213 460 5276 losqu
488 5235 502 5283 ;
532 5218 689 5275 Rom.
722 5218 880 5286 edit.,
916 5261 954 5274 ..
989 5235 1042 5272 se
1086 5213 1218 5271 υᾱιι.
1257 5214 1414 5269 Haud
1453 5213 1826 5286 incommode,

231 5306 423 5361 veram
449 5297 634 5345 tamen
658 5285 917 5361 putamus
953 5288 1247 5345 lectionem
1270 5302 1409 5351 esse,
1443 5301 1609 5358 quam
1646 5299 1676 5338 e
1704 5285 1827 5340 cod.

230 5360 380 5421 Vall.
414 5360 776 5421 reposuimus.

1924 571 2172 644 innuptis
2212 580 2265 628 et
2314 571 2497 630 viduis
2531 574 2750 632 locutus
2795 584 2897 645 est,
2926 575 3028 634 hos
3070 576 3374 650 alloquitur
3416 575 3514 649 qui

1924 661 2280 719 matrimonio
2304 661 2485 733 juncti
2511 670 2660 731 sunt,
2692 681 2786 720 ore
2813 666 3106 723 Dominico
3142 686 3153 723 :
3220 691 3239 715 ι
3269 667 3515 723 Uxorem

1925 768 1957 807 a
1994 752 2118 807 viro
2144 767 2256 806 non
2286 750 2602 818 discedere;
2635 753 2782 824 quod
2809 755 2856 808 si
2903 754 3236 826 discesserit,
3297 772 3519 812 manere

1926 842 2240 913 innuptam.
2274 868 2292 891 ›
2336 842 2451 899 Hoc
2477 842 2729 914 Apostoli
2769 844 3063 899 consilium
3093 853 3194 914 est,
3227 854 3289 901 ut
3318 847 3365 901 si
3394 845 3521 902 dis—

1925 932 2149 988 cesserit
2217 941 2439 1003 propter
2486 932 2683 987 malam
2722 934 3196 989 conversationem
3224 934 3354 1001 viri,
3405 933 3518 1005 jam

1927 1021 2160 1094 innupta
2181 1030 2415 1078 maneat.
2464 1047 2482 1069 ‹
2503 1024 2616 1078 Aut
2642 1022 2764 1078 viro
2784 1037 2888 1077 suo
2919 1022 3283 1080 reconciliari.
3308 1048 3327 1070 ι
3367 1022 3525 1089 Quod

1924 1112 1970 1168 si
2002 1113 2285 1168 continere
2315 1129 2391 1181 se,
2423 1112 2746 1185 inquit,uon
2764 1120 2965 1184 potest,
2995 1112 3124 1185 quia
3154 1127 3393 1184 pugnare
3412 1127 3524 1167 non

1924 1202 2048 1255 vult
2073 1209 2266 1257 contra
2293 1218 2534 1269 carnem,
2562 1201 2684 1256 viro
2742 1202 3171 1269 reconcilietur;
3232 1216 3346 1257 non
3378 1200 3524 1256 enim

1924 1291 2262 1362 permittitur
2283 1290 2524 1358 mulieri,
2547 1297 2610 1347 ut
2663 1289 2857 1359 nubat,
2889 1291 2935 1347 si
2966 1290 3149 1346 virum
3176 1306 3337 1347 suum
3365 1306 3528 1346 causa

1922 1380 2308 1439 fornicationis
2337 1381 2644 1461 dimiserit,
2667 1389 2764 1439 aut
2787 1381 3097 1454 apostasia,
3131 1390 3228 1438 aut
3252 1381 3300 1436 si
3331 1380 3528 1436 illicita

1925 1472 2243 1545 impellente
2272 1473 2523 1538 lascivia,
2553 1489 2714 1528 usum
2745 1480 2955 1545 quaerat
2984 1472 3178 1527 uxoris
3210 1470 3329 1544 (40)
3360 1488 3371 1525 :
3396 1470 3528 1543 quia

1924 1562 2157 1619 inferior
2187 1579 2297 1619 non
2329 1562 2557 1618 omnino
2582 1561 2702 1618 hzec
2738 1562 2855 1634 lege
2884 1562 3079 1630 utitur,
3104 1577 3212 1634 qua
3240 1559 3441 1632 potior.
3469 1558 3527 1615 Si

1928 1657 2111 1707 tamen
2142 1652 2535 1724 apostataverit
2573 1651 2681 1720 vir,
2712 1659 2808 1707 aut
2869 1667 3033 1707 usum
3088 1646 3296 1722 quierat
3336 1648 3529 1706 uxoris

1926 1740 2225 1809 invertere,
2252 1755 2354 1797 nec
2383 1740 2481 1796 alii
2514 1747 2691 1812 potest
2716 1740 2924 1796 nubere
2950 1738 3175 1807 mulier,
3198 1755 3299 1796 nec
3320 1738 3525 1793 reverti

1926 1828 1995 1885 ad
2024 1829 2187 1885 illum
2222 1828 2361 1899 (41).
2402 1852 2420 1874 ε
2448 1829 2519 1884 Et
2558 1828 2747 1884 virum
2777 1844 3007 1883 uxorem
3037 1842 3150 1882 non
3182 1826 3513 1882 dimittere.-

1931 1917 2273 1975 Subauditur
2301 1927 2507 1987 autem,
2557 1926 2785 1990 excepta
2821 1916 3209 1974 fornicationis
3239 1933 3422 1973 causa.
3454 1916 3527 1973 Et

1930 2008 2055 2065 ideo
2084 2024 2195 2065 non
2225 2007 2468 2077 sub,ecit
2490 2006 2699 2077 dicens,
2729 2006 2874 2064 sicut
2912 2006 2979 2063 de
3007 2005 3274 2074 muliere;
3296 2004 3445 2078 quod
3474 2005 3521 2061 si

1929 2096 2260 2165 discesserit,
2298 2112 2519 2153 manere
2549 2095 2666 2163 sic;
2700 2096 2831 2170 quia
2858 2096 2982 2153 viro
3012 2096 3143 2153 licet
3155 2094 3356 2151 ducere
3386 2111 3522 2150 uxo-

1928 2204 2064 2257 rem,
2106 2187 2152 2244 si
2180 2186 2455 2243 dimiserit
2485 2203 2715 2243 uxorem
2764 2193 3112 2259 peccantem:
3141 2185 3273 2258 quia
3304 2201 3415 2240 non
3447 2184 3554 2239 ita'

1930 2278 2046 2351 lege
2079 2276 2481 2349 constringitur
2535 2277 2643 2346 vir,
2691 2276 2837 2334 sicut
2865 2276 3107 2345 mulier;
3169 2284 3333 2348 caput
3373 2273 3525 2331 enim

1930 2367 2179 2423 mulieris
2211 2368 2301 2423 vir
2328 2373 2428 2423 est.

2004 2457 2185 2529 (Vers.
2239 2456 2351 2528 12.)
2399 2482 2417 2503 ι
2442 2455 2579 2511 Nam
2615 2454 2825 2511 caeteris
2853 2470 2951 2525 ego
2997 2453 3145 2524 dico,
3178 2471 3291 2511 non
3320 2451 3526 2511 Domi-

1929 2562 2055 2603 nus.
2082 2572 2099 2594 ι
2136 2547 2252 2602 Hoc
2279 2545 2442 2613 dixit,
2465 2554 2527 2601 ut
2541 2544 2795 2600 ostendat
2827 2543 2960 2616 quid
2976 2544 3200 2616 proprio
3220 2560 3314 2599 ore
3336 2544 3524 2601 Domi-

1929 2651 2035 2691 nus
2059 2634 2246 2706 jussit,
2269 2643 2323 2690 et
2349 2634 2484 2707 quid
2512 2632 2680 2704 hujus
2703 2633 3023 2689 auctoritati
3052 2634 3361 2701 concessit;
3395 2634 3526 2706 quia

1930 2733 1985 2781 et
2034 2740 2133 2796 per
2177 2723 2347 2780 istum
2378 2721 2652 2778 Dominus
2702 2719 2989 2793 loquitur.‘
3023 2721 3120 2777 Ait
3145 2722 3332 2777 enim:
3380 2744 3398 2767 ι
3433 2724 3520 2776 An

1927 2816 2369 2889 experimentum
2416 2813 2664 2887 quaeritis
2717 2810 2838 2883 ejus
2884 2809 2980 2885 qui
3033 2811 3094 2867 in
3149 2826 3237 2867 me
3278 2811 3525 2885 loquitur

1928 2906 2183 2965 Christus
2214 2906 2304 2977 (II
2332 2905 2457 2961 Cor.
2490 2919 2615 2971 χιιι,
2648 2901 2705 2973 3)
2736 2901 2765 2957 Ῡ
2796 2926 2814 2949 ι

2013 3003 2155 3059 134
2185 2996 2365 3069 (Vers.
2402 2994 2515 3066 i3.)
2563 3018 2581 3042 ι
2611 2993 2668 3049 Si
2696 2993 2822 3065 quis
2850 2991 3021 3049 frater
3070 3006 3304 3048 uxorem
3349 2988 3518 3048 habet

1927 3093 2230 3162 inﬁdelem,
2257 3104 2312 3151 et
2340 3094 2459 3150 haec
2481 3094 2758 3150 consentit
2783 3091 3034 3149 habitare
3059 3108 3187 3149 cum
3230 3090 3353 3159 illo,
3404 3106 3518 3147 non

1929 3182 2175 3240 dimittat
2194 3183 2369 3237 illam.
2394 3184 2466 3236 Et
2493 3182 2540 3236 si
2572 3196 2682 3253 qua
2702 3180 2899 3235 mulier
2928 3179 3096 3234 habet
3121 3178 3309 3233 virum
3329 3176 3524 3233 inﬁde-

1936 3270 2066 3334 lem,
2088 3277 2143 3325 et
2167 3269 2260 3324 hic
2277 3269 2554 3324 consentit
2568 3267 2816 3323 habitare
2830 3282 2955 3321 cum
2978 3266 3095 3333 illa,
3110 3281 3225 3320 non
3242 3264 3520 3335 relinquat

1937 3359 2141 3414 virum.
2169 3384 2188 3407 ι
2230 3358 2347 3413 Hoc
2370 3356 2538 3425 dixit,
2569 3356 2700 3428 quia
2730 3356 2873 3412 inter
2911 3355 3011 3411 illa
3040 3353 3363 3427 primordia,
3390 3370 3521 3410 cum

1936 3446 2100 3504 ambo
2130 3446 2321 3521 utique
2349 3454 2527 3503 essent
2558 3445 2810 3518 gentiles,
2840 3444 3006 3501 ﬁebat
3034 3452 3094 3500 ut
3124 3460 3267 3500 unus
3322 3459 3393 3499 ex
3442 3441 3529 3499 his

1937 3535 2218 3593 crederet:
2251 3545 2305 3592 et
2334 3536 2462 3609 quia
2509 3535 2809 3592 horrebant
2840 3533 3033 3607 perﬁdi
3073 3533 3351 3591 culturam
3396 3531 3521 3602 Dei,

1934 3626 2197 3682 similiter
2245 3634 2299 3682 et
2350 3626 2633 3682 credentes
2685 3623 3214 3682 contaminationem
3257 3622 3524 3694 praeteriti

1934 3718 2136 3775 erroris
2162 3735 2176 3785 ;
2212 3716 2334 3773 ideo
2354 3716 2700 3789 praecipit,ut
2719 3717 2765 3772 si
2794 3715 3043 3775 contenti
3065 3722 3248 3772 essent
3278 3714 3527 3770 habitare

1933 3824 2058 3865 cum
2087 3807 2414 3875 immutatis,
2445 3806 2693 3864 contenti
2720 3814 2903 3863 essent
2939 3812 2994 3862 et
3040 3804 3232 3861 ﬁdeles
3251 3819 3367 3859 esse
3394 3819 3520 3859 cum

1933 3897 2067 3954 illis.

2007 3986 2189 4059 (Vers.
2225 3986 2337 4058 14.)
2377 4010 2395 4033 ι
2425 3984 2811 4041 Sanctiﬁcatus
2833 3990 2914 4037 est
2950 3982 3101 4037 enim
3136 3980 3226 4036 vir
3290 3977 3530 4037 inﬁdelis

1934 4092 2031 4148 per
2059 4092 2289 4133 uxorem
2320 4073 2560 4141 ﬁdelem,
2594 4081 2648 4127 et
2676 4070 3015 4128 sanctiﬁcata
3039 4077 3122 4126 est
3150 4069 3353 4126 mulier
3407 4067 3529 4124 inﬁ-

1934 4166 2077 4223 delis
2106 4181 2175 4221 ex
2204 4166 2327 4220 viro
2355 4162 2527 4219 ﬁdeli.
2553 4188 2573 4211 ι
2614 4162 2824 4218 Habere
2858 4160 2985 4217 illos
3012 4158 3341 4216 beneﬁcium
3372 4157 3529 4216 bonae

1935 4254 2241 4312 voluntatis
2286 4253 2527 4311 ostendit
2570 4251 2719 4328 (42),
2766 4252 2895 4325 quia
2941 4251 3226 4308 horrorem
3286 4249 3532 4307 nominis

1936 4346 2143 4404 Christi
2173 4362 2284 4401 non
2315 4345 2557 4402 habent:
2591 4354 2645 4402 et
2699 4344 2768 4400 ad
2806 4344 3105 4402 tuitionem
3150 4341 3381 4415 hospitii
3412 4357 3529 4414 per-

1934 4436 2094 4506 tinet,
2127 4437 2184 4493 in
2215 4453 2325 4511 quo
2353 4437 2572 4509 signum
2603 4434 2667 4492 ﬁt
2691 4435 2890 4504 crucis,
2924 4451 3033 4508 quo
3060 4449 3206 4489 mors
3239 4432 3386 4489 victa
3413 4439 3524 4500 est,

1934 4527 2298 4585 sanctiﬁcatio
2326 4529 2473 4584 enim
2509 4534 2609 4584 est.

2021 4643 2039 4666 «ι
2062 4619 2326 4692 Alioquin
2349 4616 2454 4674 ﬁlii
2481 4615 2651 4673 vestri
2674 4613 2950 4671 immundi
2971 4618 3170 4668 essent.
3196 4636 3214 4659 ι
3248 4608 3530 4666 Immundi

1933 4718 2113 4766 essent
2141 4708 2243 4763 ﬁlii
2270 4724 2483 4774 eorum,
2524 4706 2571 4761 si
2600 4704 2945 4759 dimitterent
2974 4701 3224 4756 volentes
3283 4698 3532 4753 habitare

1935 4814 2120 4854 secum
2139 4796 2279 4867 (43),
2314 4803 2367 4850 et
2392 4794 2514 4849 aliis
2537 4808 2594 4847 se
2625 4791 2977 4863 copularent;
3010 4794 3191 4842 essent
3212 4785 3361 4839 enim
3379 4784 3531 4841 adul-

1936 4888 2061 4955 teri,
2093 4902 2156 4942 ac
2182 4901 2278 4957 per
2307 4883 2413 4940 hoc
2433 4891 2489 4939 et
2513 4881 2619 4937 ﬁlii
2647 4895 2838 4937 eorum
2856 4877 3031 4949 spurii
3056 4894 3070 4944 ;
3100 4875 3225 4931 ideo
3254 4874 3532 4931 immundi

1937 5064 2171 5136 subjecti,
2202 5071 2330 5130 etc.,
2388 5075 2561 5136 usque
2607 5056 2676 5114 ad
2710 5071 2852 5112 vers.
2889 5053 2975 5136 Ψ,
3001 5052 3161 5136 abest
3196 5071 3228 5111 a
3253 5052 3381 5136 cod:
3417 5052 3532 5136 Re:

1937 5126 2350 5227 mig.“u‘rion,”Et
2377 5126 2653 5204 adjectum
2682 5127 2969 5187 contendit
2995 5128 3056 5183 P.
3108 5126 3455 5184 Lombardus
3486 5128 3528 5184 Ι.

1936 5210 2381 5354 η’(ἓὲῗῐίιὲὄῦθι.
2411 5276 2545 5334 edit.
2578 5292 2641 5332 ac
2669 5291 2799 5331 mss.
2825 5273 3100 5402 (plerique,
3132 5289 3164 5328 a
3193 5271 3396 5344 quibus
3417 5287 3531 5329 non

1939 5353 2168 5402 dimittet.
2197 5355 2354 5402 Rom-
2386 5351 2541 5402 edit..
2575 5348 2680 5402 nisi
2712 5363 2822 5402 auo
2896 5347 3133 5402 praefert.
3194 5360 3297 5397 non
3342 5344 3531 5401 habere

1939 5344 2168 5409 dissidet
2196 5355 2354 5410 Rom.
2386 5351 2541 5417 edit.,
2575 5348 2680 5403 nisi
2712 5344 2861 5420 quod
2896 5344 3143 5420 praefert,
3194 5360 3297 5420 ηρη
3342 5344 3533 5420 habere

448 5413 822 5498 abiit—iii,
853 5436 952 5487 aut
1009 5430 1060 5484 si
1090 5429 1388 5504 impellente
1417 5427 1660 5504 lascivia,
1678 5442 1833 5480 usum
1939 5428 2010 5504 ad
2040 5425 2313 5504 tuitionem
2334 5440 2484 5504 :‘ms.
2518 5413 2700 5504 autem
2728 5413 2912 5477 Corbf
2925 5417 3076 5489 legit,
3110 5417 3178 5473 In
3208 5413 3384 5485 fratre
3422 5416 3534 5474 ha-

232 5498 443 5577 quizra't
472 5504 663 5577 umoris
686 5504 980 5577 invertere;
1006 5498 1353 5577 _vet.e'dit_._ac
1370 5509 1596 5577 mss._ut
1625 5498 1831 5577 incon-

234 5568 415 5648 textu,
447 5576 565 5648 nisi
589 5574 737 5648 quod
767 5575 902 5648 alibi
934 5572 1186 5639 habetur,
1218 5569 1561 5648 itticite,aljbi
1602 5568 1828 5648 illicita.

308 5620 423 5720 (iii
447 5620 1834 5720 ῖὸἓιὲιῖίὸοῖῦῗτῐξὲἶὲἐῦἐιῖεζὲᾲὶὶὲᾶῇνῖηᾴιίοήέὲ

235 5713 512 5776 αάϊιιίιτη.
547 5716 708 5787 Quod
735 5713 918 5775 autem
955 5715 1188 5773 habetur
1224 5714 1373 5771 infra
1416 5715 1531 5771 :Et
1576 5713 1691 5768 ideo
1720 5727 1829 5767 non

1941 5497 2056 5551 bere
2082 5497 2205 5551 illos
2231 5495 2550 5564 beneﬁcium,
2564 5563 2568 5564 ν
2582 5500 2688 5564 etc.

2016 5566 2130 5639 (43)
2166 5568 2263 5623 Ms.
2306 5562 2497 5639 Corb.,
2526 5563 2571 5615 si
2611 5562 2942 5639 dimitterent
2962 5574 3188 5639 uxorein
3230 5573 3402 5639 suem,
3441 5575 3535 5614 πο.

1944 5629 2239 5695 ιεηὶρεὶαπι
2296 5629 2488 5692 habere
2510 5649 2699 5688 secum.
2741 5634 2813 5690 Et
2853 5631 3023 5697 infra,
3057 5629 3189 5701 quia
3214 5629 3351 5684 etde
3394 5644 3535 5683 con-

1933 5710 2153 5784 jugibus
2183 5709 2359 5769 licitis.
