  <div class='ocr_page' id='page_1' title='image "/cluster/home/n/w/nwhite01/storage/ocr_20150623/17/uva.x000826553/123.png"; bbox 0 0 3952 6202; ppageno 0'>
   <div class='ocr_carea' id='block_1_1' title="bbox 439 380 542 454">
    <p class='ocr_par' dir='ltr' id='par_1_1' title="bbox 439 380 542 454">
     <span class='ocr_line' id='line_1_1' title="bbox 439 380 542 454; baseline -0.039 -1"><span class='ocrx_word' id='word_1_1' title='bbox 439 380 542 454; x_wconf 73' lang='lat'><strong>231</strong></span> 
     </span>
    </p>
   </div>
   <div class='ocr_carea' id='block_1_2' title="bbox 441 599 2033 680">
    <p class='ocr_par' dir='ltr' id='par_1_2' title="bbox 441 599 2033 680">
     <span class='ocr_line' id='line_1_2' title="bbox 441 599 2033 680; baseline -0.006 -16"><span class='ocrx_word' id='word_1_2' title='bbox 441 607 716 680; x_wconf 88' lang='lat' dir='ltr'><strong>conjugiis</strong></span> <span class='ocrx_word' id='word_1_3' title='bbox 774 606 942 662; x_wconf 80' lang='lat' dir='ltr'><strong>licitis</strong></span> <span class='ocrx_word' id='word_1_4' title='bbox 969 606 1084 661; x_wconf 90' lang='lat' dir='ltr'><strong>nati</strong></span> <span class='ocrx_word' id='word_1_5' title='bbox 1141 613 1303 661; x_wconf 90' lang='lat' dir='ltr'><strong>sunt:</strong></span> <span class='ocrx_word' id='word_1_6' title='bbox 1363 610 1417 657; x_wconf 91' lang='lat' dir='ltr'><strong>et</strong></span> <span class='ocrx_word' id='word_1_7' title='bbox 1446 602 1575 673; x_wconf 83' lang='lat' dir='ltr'><strong>quia</strong></span> <span class='ocrx_word' id='word_1_8' title='bbox 1622 599 1725 656; x_wconf 85' lang='lat' dir='ltr'><strong>sub</strong></span> <span class='ocrx_word' id='word_1_9' title='bbox 1755 599 2033 656; x_wconf 82' lang='lat' dir='ltr'><strong>Creatoris</strong></span> 
     </span>
    </p>
   </div>
   <div class='ocr_carea' id='block_1_3' title="bbox 442 692 2035 767">
    <p class='ocr_par' dir='ltr' id='par_1_3' title="bbox 442 692 2035 767">
     <span class='ocr_line' id='line_1_3' title="bbox 442 692 2035 767; baseline -0.004 -14"><span class='ocrx_word' id='word_1_10' title='bbox 442 699 796 756; x_wconf 77' lang='lat' dir='ltr'><strong>veneratione</strong></span> <span class='ocrx_word' id='word_1_11' title='bbox 845 700 959 755; x_wconf 89' lang='lat' dir='ltr'><strong>nati</strong></span> <span class='ocrx_word' id='word_1_12' title='bbox 1015 704 1145 754; x_wconf 91' lang='lat' dir='ltr'><strong>sunt</strong></span> <span class='ocrx_word' id='word_1_13' title='bbox 1198 695 1546 767; x_wconf 85' lang='lat' dir='ltr'><strong>propensiore</strong></span> <span class='ocrx_word' id='word_1_14' title='bbox 1577 709 1645 747; x_wconf 83' lang='lat' dir='ltr'><strong>ex</strong></span> <span class='ocrx_word' id='word_1_15' title='bbox 1676 701 1848 763; x_wconf 89' lang='lat' dir='ltr'><strong>parte.</strong></span> <span class='ocrx_word' id='word_1_16' title='bbox 1895 692 2035 758; x_wconf 83' lang='lat' dir='ltr'><strong>Quia</strong></span> 
     </span>
    </p>
   </div>
   <div class='ocr_carea' id='block_1_4' title="bbox 442 781 2029 861">
    <p class='ocr_par' dir='ltr' id='par_1_4' title="bbox 442 781 2029 861">
     <span class='ocr_line' id='line_1_4' title="bbox 442 781 2029 861; baseline -0.006 -17"><span class='ocrx_word' id='word_1_17' title='bbox 442 788 587 845; x_wconf 80' lang='lat' dir='ltr'><strong>sicut</strong></span> <span class='ocrx_word' id='word_1_18' title='bbox 618 787 890 861; x_wconf 87' lang='lat' dir='ltr'><strong>quidquid</strong></span> <span class='ocrx_word' id='word_1_19' title='bbox 912 804 1005 859; x_wconf 90' lang='lat' dir='ltr'><strong>per</strong></span> <span class='ocrx_word' id='word_1_20' title='bbox 1036 786 1436 842; x_wconf 78' lang='lat' dir='ltr'><strong>dedicationem</strong></span> <span class='ocrx_word' id='word_1_21' title='bbox 1471 783 1745 839; x_wconf 86' lang='lat' dir='ltr'><strong>idolorum</strong></span> <span class='ocrx_word' id='word_1_22' title='bbox 1779 781 1841 836; x_wconf 87' lang='lat' dir='ltr'><strong>ﬁt</strong></span> <span class='ocrx_word' id='word_1_23' title='bbox 1890 781 2029 850; x_wconf 88' lang='grc'>(44),</span> 
     </span>
    </p>
   </div>
   <div class='ocr_carea' id='block_1_5' title="bbox 444 871 2031 946">
    <p class='ocr_par' dir='ltr' id='par_1_5' title="bbox 444 871 2031 946">
     <span class='ocr_line' id='line_1_5' title="bbox 444 871 2031 946; baseline -0.004 -14"><span class='ocrx_word' id='word_1_24' title='bbox 444 877 790 933; x_wconf 87' lang='lat' dir='ltr'><strong>immundum</strong></span> <span class='ocrx_word' id='word_1_25' title='bbox 824 886 936 943; x_wconf 89' lang='lat' dir='ltr'><strong>est;</strong></span> <span class='ocrx_word' id='word_1_26' title='bbox 974 876 1050 931; x_wconf 89' lang='lat' dir='ltr'><strong>ita</strong></span> <span class='ocrx_word' id='word_1_27' title='bbox 1078 873 1350 946; x_wconf 85' lang='lat' dir='ltr'><strong>quidquid</strong></span> <span class='ocrx_word' id='word_1_28' title='bbox 1372 872 1477 929; x_wconf 88' lang='lat' dir='ltr'><strong>sub</strong></span> <span class='ocrx_word' id='word_1_29' title='bbox 1506 871 1604 927; x_wconf 85' lang='lat' dir='ltr'><strong>Dei</strong></span> <span class='ocrx_word' id='word_1_30' title='bbox 1626 872 1891 926; x_wconf 84' lang='lat' dir='ltr'><strong>creatoris</strong></span> <span class='ocrx_word' id='word_1_31' title='bbox 1913 886 2031 941; x_wconf 92' lang='lat' dir='ltr'><strong>pro-</strong></span> 
     </span>
    </p>
   </div>
   <div class='ocr_carea' id='block_1_6' title="bbox 440 967 1213 1034">
    <p class='ocr_par' dir='ltr' id='par_1_6' title="bbox 440 967 1213 1034">
     <span class='ocr_line' id='line_1_6' title="bbox 440 967 1213 1034; baseline -0.005 -11"><span class='ocrx_word' id='word_1_32' title='bbox 440 968 677 1025; x_wconf 84' lang='lat' dir='ltr'><strong>fessione</strong></span> <span class='ocrx_word' id='word_1_33' title='bbox 706 967 788 1034; x_wconf 88' lang='lat' dir='ltr'><strong>ﬁt,</strong></span> <span class='ocrx_word' id='word_1_34' title='bbox 828 974 1079 1021; x_wconf 88' lang='lat' dir='ltr'><strong>sanctum</strong></span> <span class='ocrx_word' id='word_1_35' title='bbox 1110 971 1213 1020; x_wconf 89' lang='lat' dir='ltr'><strong>est.</strong></span> 
     </span>
    </p>
   </div>
   <div class='ocr_carea' id='block_1_7' title="bbox 514 1048 2021 1127">
    <p class='ocr_par' dir='ltr' id='par_1_7' title="bbox 514 1048 2021 1127">
     <span class='ocr_line' id='line_1_7' title="bbox 514 1048 2021 1127; baseline -0.005 -16"><span class='ocrx_word' id='word_1_36' title='bbox 514 1056 820 1127; x_wconf 73' lang='lat' dir='ltr'><strong>(Vers.15.)</strong></span> <span class='ocrx_word' id='word_1_37' title='bbox 867 1080 885 1102; x_wconf 79' lang='grc' dir='ltr'>ι</span> <span class='ocrx_word' id='word_1_38' title='bbox 914 1054 1072 1121; x_wconf 87' lang='lat' dir='ltr'><strong>Quod</strong></span> <span class='ocrx_word' id='word_1_39' title='bbox 1104 1054 1149 1110; x_wconf 95' lang='lat' dir='ltr'><strong>si</strong></span> <span class='ocrx_word' id='word_1_40' title='bbox 1183 1051 1424 1108; x_wconf 88' lang='lat' dir='ltr'><strong>inﬁdelis</strong></span> <span class='ocrx_word' id='word_1_41' title='bbox 1449 1048 1702 1117; x_wconf 87' lang='lat' dir='ltr'><strong>discedit,</strong></span> <span class='ocrx_word' id='word_1_42' title='bbox 1731 1048 2021 1105; x_wconf 54' lang='lat' dir='ltr'><strong>discedat»</strong></span> 
     </span>
    </p>
   </div>
   <div class='ocr_carea' id='block_1_8' title="bbox 438 1138 2036 1217">
    <p class='ocr_par' dir='ltr' id='par_1_8' title="bbox 438 1138 2036 1217">
     <span class='ocr_line' id='line_1_8' title="bbox 438 1138 2036 1217; baseline -0.006 -17"><span class='ocrx_word' id='word_1_43' title='bbox 438 1145 785 1217; x_wconf 85' lang='lat' dir='ltr'><strong>Propositum</strong></span> <span class='ocrx_word' id='word_1_44' title='bbox 850 1143 1134 1215; x_wconf 79' lang='lat' dir='ltr'><strong>religionis</strong></span> <span class='ocrx_word' id='word_1_45' title='bbox 1198 1141 1466 1208; x_wconf 85' lang='lat' dir='ltr'><strong>custodit,</strong></span> <span class='ocrx_word' id='word_1_46' title='bbox 1543 1138 1917 1212; x_wconf 64' lang='lat' dir='ltr'><strong>praecipiendo</strong></span> <span class='ocrx_word' id='word_1_47' title='bbox 1969 1152 2036 1192; x_wconf 89' lang='lat' dir='ltr'><strong>ne</strong></span> 
     </span>
    </p>
   </div>
   <div class='ocr_carea' id='block_1_9' title="bbox 440 1226 2037 1305">
    <p class='ocr_par' dir='ltr' id='par_1_9' title="bbox 440 1226 2037 1305">
     <span class='ocr_line' id='line_1_9' title="bbox 440 1226 2037 1305; baseline -0.006 -15"><span class='ocrx_word' id='word_1_48' title='bbox 440 1233 740 1291; x_wconf 86' lang='lat' dir='ltr'><strong>Christiani</strong></span> <span class='ocrx_word' id='word_1_49' title='bbox 780 1234 1095 1305; x_wconf 91' lang='lat' dir='ltr'><strong>relinquant</strong></span> <span class='ocrx_word' id='word_1_50' title='bbox 1123 1230 1413 1302; x_wconf 87' lang='lat' dir='ltr'><strong>conjugia:</strong></span> <span class='ocrx_word' id='word_1_51' title='bbox 1448 1229 1539 1285; x_wconf 89' lang='lat' dir='ltr'><strong>sed</strong></span> <span class='ocrx_word' id='word_1_52' title='bbox 1562 1229 1605 1283; x_wconf 89' lang='lat' dir='ltr'><strong>si</strong></span> <span class='ocrx_word' id='word_1_53' title='bbox 1638 1227 1880 1283; x_wconf 89' lang='lat' dir='ltr'><strong>inﬁdelis</strong></span> <span class='ocrx_word' id='word_1_54' title='bbox 1909 1226 2037 1281; x_wconf 91' lang='lat' dir='ltr'><strong>odio</strong></span> 
     </span>
    </p>
   </div>
   <div class='ocr_carea' id='block_1_10' title="bbox 441 1316 2037 1390">
    <p class='ocr_par' dir='ltr' id='par_1_10' title="bbox 441 1316 2037 1390">
     <span class='ocr_line' id='line_1_10' title="bbox 441 1316 2037 1390; baseline -0.006 -11"><span class='ocrx_word' id='word_1_55' title='bbox 441 1323 541 1380; x_wconf 91' lang='lat' dir='ltr'><strong>Dei</strong></span> <span class='ocrx_word' id='word_1_56' title='bbox 572 1322 829 1390; x_wconf 85' lang='lat' dir='ltr'><strong>discedit,</strong></span> <span class='ocrx_word' id='word_1_57' title='bbox 861 1321 1041 1376; x_wconf 89' lang='lat' dir='ltr'><strong>ﬁdelis</strong></span> <span class='ocrx_word' id='word_1_58' title='bbox 1068 1336 1179 1374; x_wconf 91' lang='lat' dir='ltr'><strong>non</strong></span> <span class='ocrx_word' id='word_1_59' title='bbox 1208 1320 1316 1373; x_wconf 90' lang='lat' dir='ltr'><strong>erit</strong></span> <span class='ocrx_word' id='word_1_60' title='bbox 1375 1334 1498 1374; x_wconf 89' lang='lat' dir='ltr'><strong>reus</strong></span> <span class='ocrx_word' id='word_1_61' title='bbox 1550 1316 1806 1373; x_wconf 87' lang='lat' dir='ltr'><strong>dissoluti</strong></span> <span class='ocrx_word' id='word_1_62' title='bbox 1837 1316 2037 1371; x_wconf 88' lang='lat' dir='ltr'><strong>matri-</strong></span> 
     </span>
    </p>
   </div>
   <div class='ocr_carea' id='block_1_11' title="bbox 440 1405 2040 1482">
    <p class='ocr_par' dir='ltr' id='par_1_11' title="bbox 440 1405 2040 1482">
     <span class='ocr_line' id='line_1_11' title="bbox 440 1405 2040 1482; baseline -0.004 -15"><span class='ocrx_word' id='word_1_63' title='bbox 440 1412 655 1479; x_wconf 87' lang='lat' dir='ltr'><strong>monii;</strong></span> <span class='ocrx_word' id='word_1_64' title='bbox 689 1409 867 1482; x_wconf 86' lang='lat' dir='ltr'><strong>major</strong></span> <span class='ocrx_word' id='word_1_65' title='bbox 893 1410 1043 1465; x_wconf 90' lang='lat' dir='ltr'><strong>enim</strong></span> <span class='ocrx_word' id='word_1_66' title='bbox 1083 1425 1247 1466; x_wconf 89' lang='lat' dir='ltr'><strong>causa</strong></span> <span class='ocrx_word' id='word_1_67' title='bbox 1274 1408 1373 1464; x_wconf 94' lang='lat' dir='ltr'><strong>Dei</strong></span> <span class='ocrx_word' id='word_1_68' title='bbox 1402 1416 1484 1463; x_wconf 91' lang='lat' dir='ltr'><strong>est</strong></span> <span class='ocrx_word' id='word_1_69' title='bbox 1523 1423 1684 1480; x_wconf 89' lang='lat' dir='ltr'><strong>quam</strong></span> <span class='ocrx_word' id='word_1_70' title='bbox 1743 1405 2040 1461; x_wconf 90' lang='lat' dir='ltr'><strong>matrimo-</strong></span> 
     </span>
    </p>
   </div>
   <div class='ocr_carea' id='block_1_12' title="bbox 439 1517 543 1557">
    <p class='ocr_par' dir='ltr' id='par_1_12' title="bbox 439 1517 543 1557">
     <span class='ocr_line' id='line_1_12' title="bbox 439 1517 543 1557; baseline 0.019 -2"><span class='ocrx_word' id='word_1_71' title='bbox 439 1517 543 1557; x_wconf 76' lang='lat' dir='ltr'><strong>Ill].</strong></span> 
     </span>
    </p>
   </div>
   <div class='ocr_carea' id='block_1_13' title="bbox 515 1583 2041 1662">
    <p class='ocr_par' dir='ltr' id='par_1_13' title="bbox 515 1583 2041 1662">
     <span class='ocr_line' id='line_1_13' title="bbox 515 1583 2041 1662; baseline -0.005 -16"><span class='ocrx_word' id='word_1_72' title='bbox 515 1589 631 1660; x_wconf 90' lang='lat'><strong>(28,</strong></span> <span class='ocrx_word' id='word_1_73' title='bbox 659 1605 713 1662; x_wconf 91' lang='lat' dir='ltr'><strong>q.</strong></span> <span class='ocrx_word' id='word_1_74' title='bbox 735 1589 793 1658; x_wconf 88' lang='lat'><strong>2,</strong></span> <span class='ocrx_word' id='word_1_75' title='bbox 822 1605 870 1645; x_wconf 90' lang='lat' dir='ltr'><strong>c.</strong></span> <span class='ocrx_word' id='word_1_76' title='bbox 900 1586 1254 1658; x_wconf 70' lang='lat' dir='ltr'><strong>Siinﬁdelis.)</strong></span> <span class='ocrx_word' id='word_1_77' title='bbox 1298 1611 1315 1632; x_wconf 79' lang='grc' dir='ltr'>ι</span> <span class='ocrx_word' id='word_1_78' title='bbox 1346 1586 1463 1641; x_wconf 89' lang='lat' dir='ltr'><strong>Non</strong></span> <span class='ocrx_word' id='word_1_79' title='bbox 1490 1594 1571 1642; x_wconf 88' lang='lat' dir='ltr'><strong>est</strong></span> <span class='ocrx_word' id='word_1_80' title='bbox 1590 1585 1738 1641; x_wconf 87' lang='lat' dir='ltr'><strong>enim</strong></span> <span class='ocrx_word' id='word_1_81' title='bbox 1767 1583 2041 1640; x_wconf 84' lang='lat' dir='ltr'><strong>frateraut</strong></span> 
     </span>
    </p>
   </div>
   <div class='ocr_carea' id='block_1_14' title="bbox 439 1674 2035 1746">
    <p class='ocr_par' dir='ltr' id='par_1_14' title="bbox 439 1674 2035 1746">
     <span class='ocr_line' id='line_1_14' title="bbox 439 1674 2035 1746; baseline -0.004 -11"><span class='ocrx_word' id='word_1_82' title='bbox 439 1694 597 1735; x_wconf 90' lang='lat' dir='ltr'><strong>soror</strong></span> <span class='ocrx_word' id='word_1_83' title='bbox 620 1677 875 1733; x_wconf 87' lang='lat' dir='ltr'><strong>servituti</strong></span> <span class='ocrx_word' id='word_1_84' title='bbox 903 1675 1184 1746; x_wconf 83' lang='lat' dir='ltr'><strong>subjectus</strong></span> <span class='ocrx_word' id='word_1_85' title='bbox 1226 1674 1283 1730; x_wconf 91' lang='lat' dir='ltr'><strong>in</strong></span> <span class='ocrx_word' id='word_1_86' title='bbox 1314 1674 1655 1745; x_wconf 90' lang='lat' dir='ltr'><strong>hujusmodi.</strong></span> <span class='ocrx_word' id='word_1_87' title='bbox 1694 1700 1712 1723; x_wconf 76' lang='grc' dir='ltr'><strong><em>ι</em></strong></span> <span class='ocrx_word' id='word_1_88' title='bbox 1762 1674 1875 1730; x_wconf 87' lang='lat' dir='ltr'><strong>Hoc</strong></span> <span class='ocrx_word' id='word_1_89' title='bbox 1930 1682 2035 1741; x_wconf 92' lang='lat' dir='ltr'><strong>est,</strong></span> 
     </span>
    </p>
   </div>
   <div class='ocr_carea' id='block_1_15' title="bbox 442 1761 2038 1835">
    <p class='ocr_par' dir='ltr' id='par_1_15' title="bbox 442 1761 2038 1835">
     <span class='ocr_line' id='line_1_15' title="bbox 442 1761 2038 1835; baseline -0.002 -15"><span class='ocrx_word' id='word_1_90' title='bbox 442 1782 554 1820; x_wconf 94' lang='lat' dir='ltr'><strong>non</strong></span> <span class='ocrx_word' id='word_1_91' title='bbox 592 1764 827 1820; x_wconf 90' lang='lat' dir='ltr'><strong>debetur</strong></span> <span class='ocrx_word' id='word_1_92' title='bbox 848 1764 1157 1819; x_wconf 83' lang='lat' dir='ltr'><strong>reverentia</strong></span> <span class='ocrx_word' id='word_1_93' title='bbox 1185 1762 1429 1835; x_wconf 89' lang='lat' dir='ltr'><strong>conjugii</strong></span> <span class='ocrx_word' id='word_1_94' title='bbox 1449 1762 1499 1817; x_wconf 91' lang='lat' dir='ltr'><strong>ei</strong></span> <span class='ocrx_word' id='word_1_95' title='bbox 1520 1761 1614 1835; x_wconf 91' lang='lat' dir='ltr'><strong>qui</strong></span> <span class='ocrx_word' id='word_1_96' title='bbox 1638 1761 1827 1817; x_wconf 86' lang='lat' dir='ltr'><strong>horret</strong></span> <span class='ocrx_word' id='word_1_97' title='bbox 1854 1768 2038 1817; x_wconf 85' lang='lat' dir='ltr'><strong>aucto-</strong></span> 
     </span>
    </p>
   </div>
   <div class='ocr_carea' id='block_1_16' title="bbox 1460 374 2719 446">
    <p class='ocr_par' dir='ltr' id='par_1_16' title="bbox 1460 374 2719 446">
     <span class='ocr_line' id='line_1_16' title="bbox 1460 374 2719 446; baseline 0.002 -4"><span class='ocrx_word' id='word_1_98' title='bbox 1460 386 1557 442; x_wconf 83' lang='lat' dir='ltr'><strong>AD</strong></span> <span class='ocrx_word' id='word_1_99' title='bbox 1595 382 1829 440; x_wconf 83' lang='lat' dir='ltr'><strong>OPERA</strong></span> <span class='ocrx_word' id='word_1_100' title='bbox 1869 382 1925 440; x_wconf 93' lang='lat' dir='ltr'><strong>S.</strong></span> <span class='ocrx_word' id='word_1_101' title='bbox 1969 374 2301 441; x_wconf 80' lang='lat' dir='ltr'><strong>AMBROSII</strong></span> <span class='ocrx_word' id='word_1_102' title='bbox 2341 380 2719 446; x_wconf 80' lang='lat' dir='ltr'><strong>APPENDIX.</strong></span> 
     </span>
    </p>
   </div>
   <div class='ocr_carea' id='block_1_17' title="bbox 454 494 2111 582">
    <p class='ocr_par' dir='ltr' id='par_1_17' title="bbox 454 494 2111 582">
     <span class='ocr_line' id='line_1_17' title="bbox 454 494 2111 582; baseline -0.007 -7"><span class='ocrx_word' id='word_1_103' title='bbox 454 543 473 565; x_wconf 78' lang='grc' dir='ltr'>ι</span> <span class='ocrx_word' id='word_1_104' title='bbox 511 519 673 575; x_wconf 90' lang='lat' dir='ltr'><strong>Nunc</strong></span> <span class='ocrx_word' id='word_1_105' title='bbox 708 525 891 573; x_wconf 88' lang='lat' dir='ltr'><strong>autem</strong></span> <span class='ocrx_word' id='word_1_106' title='bbox 920 494 1096 573; x_wconf 81' lang='lat' dir='ltr'><strong>sancti</strong></span> <span class='ocrx_word' id='word_1_107' title='bbox 1138 521 1285 571; x_wconf 91' lang='lat' dir='ltr'><strong>sunt.</strong></span> <span class='ocrx_word' id='word_1_108' title='bbox 1319 539 1336 562; x_wconf 76' lang='grc' dir='ltr'><strong>ι</strong></span> <span class='ocrx_word' id='word_1_109' title='bbox 1379 511 1561 568; x_wconf 79' lang='lat' dir='ltr'><strong>Sancti</strong></span> <span class='ocrx_word' id='word_1_110' title='bbox 1591 517 1741 576; x_wconf 89' lang='lat' dir='ltr'><strong>sunt,</strong></span> <span class='ocrx_word' id='word_1_111' title='bbox 1801 509 1931 582; x_wconf 88' lang='lat' dir='ltr'><strong>quia</strong></span> <span class='ocrx_word' id='word_1_112' title='bbox 1961 509 2028 565; x_wconf 90' lang='lat' dir='ltr'><strong>de</strong></span> <span class='ocrx_word' id='word_1_113' title='bbox 2062 513 2111 570; x_wconf 84' lang='grc' dir='ltr'><strong>Α</strong></span> 
     </span>
    </p>
   </div>
   <div class='ocr_carea' id='block_1_18' title="bbox 3658 384 3776 444">
    <p class='ocr_par' dir='ltr' id='par_1_18' title="bbox 3658 384 3776 444">
     <span class='ocr_line' id='line_1_18' title="bbox 3658 384 3776 444; baseline 0.017 -2"><span class='ocrx_word' id='word_1_114' title='bbox 3658 384 3776 444; x_wconf 82' lang='grc'>232</span> 
     </span>
    </p>
   </div>
   <div class='ocr_carea' id='block_1_19' title="bbox 2228 507 3770 580">
    <p class='ocr_par' dir='ltr' id='par_1_19' title="bbox 2228 507 3770 580">
     <span class='ocr_line' id='line_1_19' title="bbox 2228 507 3770 580; baseline 0.001 -15"><span class='ocrx_word' id='word_1_115' title='bbox 2228 535 2245 557; x_wconf 77' lang='grc' dir='ltr'>ι</span> <span class='ocrx_word' id='word_1_116' title='bbox 2271 510 2425 566; x_wconf 90' lang='lat' dir='ltr'><strong>Sicut</strong></span> <span class='ocrx_word' id='word_1_117' title='bbox 2454 511 2511 566; x_wconf 92' lang='lat' dir='ltr'><strong>in</strong></span> <span class='ocrx_word' id='word_1_118' title='bbox 2543 512 2800 569; x_wconf 87' lang='lat' dir='ltr'><strong>omnibus</strong></span> <span class='ocrx_word' id='word_1_119' title='bbox 2829 508 3095 567; x_wconf 91' lang='lat' dir='ltr'><strong>Ecclesiis</strong></span> <span class='ocrx_word' id='word_1_120' title='bbox 3124 507 3348 565; x_wconf 58' lang='lat' dir='ltr'><strong>doceo»</strong></span> <span class='ocrx_word' id='word_1_121' title='bbox 3392 509 3471 567; x_wconf 89' lang='lat' dir='ltr'><strong>Ut</strong></span> <span class='ocrx_word' id='word_1_122' title='bbox 3492 511 3770 580; x_wconf 81' lang='lat' dir='ltr'><strong>suadeat,</strong></span> 
     </span>
    </p>
   </div>
   <div class='ocr_carea' id='block_1_20' title="bbox 2145 597 3769 672">
    <p class='ocr_par' dir='ltr' id='par_1_20' title="bbox 2145 597 3769 672">
     <span class='ocr_line' id='line_1_20' title="bbox 2145 597 3769 672; baseline 0.001 -17"><span class='ocrx_word' id='word_1_123' title='bbox 2145 616 2256 656; x_wconf 92' lang='lat' dir='ltr'><strong>non</strong></span> <span class='ocrx_word' id='word_1_124' title='bbox 2285 618 2341 656; x_wconf 87' lang='lat' dir='ltr'><strong>se</strong></span> <span class='ocrx_word' id='word_1_125' title='bbox 2366 602 2525 657; x_wconf 82' lang='lat' dir='ltr'><strong>aliter</strong></span> <span class='ocrx_word' id='word_1_126' title='bbox 2554 601 2869 657; x_wconf 90' lang='lat' dir='ltr'><strong>histradere</strong></span> <span class='ocrx_word' id='word_1_127' title='bbox 2900 616 3064 672; x_wconf 92' lang='lat' dir='ltr'><strong>quam</strong></span> <span class='ocrx_word' id='word_1_128' title='bbox 3095 597 3311 655; x_wconf 56' lang='lat' dir='ltr'><strong>caeteris</strong></span> <span class='ocrx_word' id='word_1_129' title='bbox 3344 617 3357 665; x_wconf 90' lang='lat'><strong>;</strong></span> <span class='ocrx_word' id='word_1_130' title='bbox 3396 606 3464 655; x_wconf 90' lang='lat' dir='ltr'><strong>ut</strong></span> <span class='ocrx_word' id='word_1_131' title='bbox 3495 616 3638 656; x_wconf 89' lang='lat' dir='ltr'><strong>cum</strong></span> <span class='ocrx_word' id='word_1_132' title='bbox 3661 618 3769 657; x_wconf 58' lang='lat' dir='ltr'><strong>caeo</strong></span> 
     </span>
    </p>
   </div>
   <div class='ocr_carea' id='block_1_21' title="bbox 2145 686 3774 763">
    <p class='ocr_par' dir='ltr' id='par_1_21' title="bbox 2145 686 3774 763">
     <span class='ocr_line' id='line_1_21' title="bbox 2145 686 3774 763; baseline 0.001 -17"><span class='ocrx_word' id='word_1_133' title='bbox 2145 698 2290 746; x_wconf 88' lang='lat' dir='ltr'><strong>teros</strong></span> <span class='ocrx_word' id='word_1_134' title='bbox 2319 691 2485 763; x_wconf 78' lang='lat' dir='ltr'><strong>hujus</strong></span> <span class='ocrx_word' id='word_1_135' title='bbox 2513 692 2638 747; x_wconf 89' lang='lat' dir='ltr'><strong>ﬁdei</strong></span> <span class='ocrx_word' id='word_1_136' title='bbox 2673 690 2779 747; x_wconf 91' lang='lat' dir='ltr'><strong>hoc</strong></span> <span class='ocrx_word' id='word_1_137' title='bbox 2808 690 2994 746; x_wconf 88' lang='lat' dir='ltr'><strong>doceri</strong></span> <span class='ocrx_word' id='word_1_138' title='bbox 3026 686 3281 755; x_wconf 91' lang='lat' dir='ltr'><strong>audiunt,</strong></span> <span class='ocrx_word' id='word_1_139' title='bbox 3306 689 3640 761; x_wconf 88' lang='lat' dir='ltr'><strong>promptius</strong></span> <span class='ocrx_word' id='word_1_140' title='bbox 3667 707 3774 747; x_wconf 86' lang='lat' dir='ltr'><strong>as-</strong></span> 
     </span>
    </p>
   </div>
   <div class='ocr_carea' id='block_1_22' title="bbox 2132 776 3770 851">
    <p class='ocr_par' dir='ltr' id='par_1_22' title="bbox 2132 776 3770 851">
     <span class='ocr_line' id='line_1_22' title="bbox 2132 776 3770 851; baseline 0.001 -18"><span class='ocrx_word' id='word_1_141' title='bbox 2132 789 2459 851; x_wconf 45' lang='lat' dir='ltr'><strong>sequantur.</strong></span> <span class='ocrx_word' id='word_1_142' title='bbox 2498 781 2678 836; x_wconf 88' lang='lat' dir='ltr'><strong>Facile</strong></span> <span class='ocrx_word' id='word_1_143' title='bbox 2734 778 2882 835; x_wconf 91' lang='lat' dir='ltr'><strong>enim</strong></span> <span class='ocrx_word' id='word_1_144' title='bbox 2915 778 3040 851; x_wconf 89' lang='lat' dir='ltr'><strong>quis</strong></span> <span class='ocrx_word' id='word_1_145' title='bbox 3088 776 3415 846; x_wconf 86' lang='lat' dir='ltr'><strong>inclinatur,</strong></span> <span class='ocrx_word' id='word_1_146' title='bbox 3450 778 3500 833; x_wconf 89' lang='lat' dir='ltr'><strong>si</strong></span> <span class='ocrx_word' id='word_1_147' title='bbox 3553 778 3770 835; x_wconf 88' lang='lat' dir='ltr'><strong>viderit</strong></span> 
     </span>
    </p>
   </div>
   <div class='ocr_carea' id='block_1_23' title="bbox 2146 871 2747 927">
    <p class='ocr_par' dir='ltr' id='par_1_23' title="bbox 2146 871 2747 927">
     <span class='ocr_line' id='line_1_23' title="bbox 2146 871 2747 927; baseline 0.003 -4"><span class='ocrx_word' id='word_1_148' title='bbox 2146 871 2355 925; x_wconf 89' lang='lat' dir='ltr'><strong>socium</strong></span> <span class='ocrx_word' id='word_1_149' title='bbox 2388 872 2747 927; x_wconf 89' lang='lat' dir='ltr'><strong>consensisse.</strong></span> 
     </span>
    </p>
   </div>
   <div class='ocr_carea' id='block_1_24' title="bbox 2222 956 3762 1031">
    <p class='ocr_par' dir='ltr' id='par_1_24' title="bbox 2222 956 3762 1031">
     <span class='ocr_line' id='line_1_24' title="bbox 2222 956 3762 1031; baseline 0 -17"><span class='ocrx_word' id='word_1_150' title='bbox 2222 960 2401 1031; x_wconf 88' lang='lat' dir='ltr'><strong>(Vers.</strong></span> <span class='ocrx_word' id='word_1_151' title='bbox 2431 960 2542 1030; x_wconf 89' lang='grc'>18.)</span> <span class='ocrx_word' id='word_1_152' title='bbox 2569 958 2965 1017; x_wconf 71' lang='grc' dir='ltr'><strong>ιΟἱτειιῐηοὶειιε.</strong></span> <span class='ocrx_word' id='word_1_153' title='bbox 2986 956 3189 1029; x_wconf 86' lang='lat' dir='ltr'><strong>aliquis</strong></span> <span class='ocrx_word' id='word_1_154' title='bbox 3219 966 3455 1013; x_wconf 88' lang='lat' dir='ltr'><strong>vocatus</strong></span> <span class='ocrx_word' id='word_1_155' title='bbox 3485 967 3573 1015; x_wconf 92' lang='lat' dir='ltr'><strong>est</strong></span> <span class='ocrx_word' id='word_1_156' title='bbox 3596 958 3762 1016; x_wconf 78' lang='lat' dir='ltr'><strong>?Non</strong></span> 
     </span>
    </p>
   </div>
   <div class='ocr_carea' id='block_1_25' title="bbox 2146 1046 3762 1121">
    <p class='ocr_par' dir='ltr' id='par_1_25' title="bbox 2146 1046 3762 1121">
     <span class='ocr_line' id='line_1_25' title="bbox 2146 1046 3762 1121; baseline 0.003 -20"><span class='ocrx_word' id='word_1_157' title='bbox 2146 1046 2382 1103; x_wconf 88' lang='lat' dir='ltr'><strong>adducat</strong></span> <span class='ocrx_word' id='word_1_158' title='bbox 2434 1050 2783 1121; x_wconf 63' lang='lat' dir='ltr'><strong>praeputium.</strong></span> <span class='ocrx_word' id='word_1_159' title='bbox 2819 1074 2837 1096; x_wconf 81' lang='grc'><strong>›</strong></span> <span class='ocrx_word' id='word_1_160' title='bbox 2884 1048 2998 1103; x_wconf 87' lang='lat' dir='ltr'><strong>Hoc</strong></span> <span class='ocrx_word' id='word_1_161' title='bbox 3029 1053 3133 1114; x_wconf 89' lang='lat' dir='ltr'><strong>est,</strong></span> <span class='ocrx_word' id='word_1_162' title='bbox 3175 1046 3324 1117; x_wconf 88' lang='lat' dir='ltr'><strong>quod</strong></span> <span class='ocrx_word' id='word_1_163' title='bbox 3364 1046 3539 1116; x_wconf 86' lang='lat' dir='ltr'><strong>dixit,</strong></span> <span class='ocrx_word' id='word_1_164' title='bbox 3575 1058 3638 1105; x_wconf 93' lang='lat' dir='ltr'><strong>ut</strong></span> <span class='ocrx_word' id='word_1_165' title='bbox 3683 1050 3762 1105; x_wconf 81' lang='lat' dir='ltr'><strong>ita</strong></span> 
     </span>
    </p>
   </div>
   <div class='ocr_carea' id='block_1_26' title="bbox 2149 1137 3760 1205">
    <p class='ocr_par' dir='ltr' id='par_1_26' title="bbox 2149 1137 3760 1205">
     <span class='ocr_line' id='line_1_26' title="bbox 2149 1137 3760 1205; baseline 0.002 -13"><span class='ocrx_word' id='word_1_166' title='bbox 2149 1138 2414 1205; x_wconf 87' lang='lat' dir='ltr'><strong>ambulet,</strong></span> <span class='ocrx_word' id='word_1_167' title='bbox 2447 1138 2591 1194; x_wconf 89' lang='lat' dir='ltr'><strong>sicut</strong></span> <span class='ocrx_word' id='word_1_168' title='bbox 2620 1147 2847 1195; x_wconf 89' lang='lat' dir='ltr'><strong>vocatus</strong></span> <span class='ocrx_word' id='word_1_169' title='bbox 2878 1144 2958 1193; x_wconf 89' lang='lat' dir='ltr'><strong>est</strong></span> <span class='ocrx_word' id='word_1_170' title='bbox 2992 1154 3005 1204; x_wconf 92' lang='lat'>;</span> <span class='ocrx_word' id='word_1_171' title='bbox 3031 1143 3092 1191; x_wconf 92' lang='lat' dir='ltr'><strong>ut</strong></span> <span class='ocrx_word' id='word_1_172' title='bbox 3129 1142 3274 1198; x_wconf 73' lang='lat'><strong>135</strong></span> <span class='ocrx_word' id='word_1_173' title='bbox 3319 1137 3549 1195; x_wconf 71' lang='lat' dir='ltr'><strong>Iudaeus</strong></span> <span class='ocrx_word' id='word_1_174' title='bbox 3580 1139 3760 1195; x_wconf 80' lang='lat' dir='ltr'><strong>factus</strong></span> 
     </span>
    </p>
   </div>
   <div class='ocr_carea' id='block_1_27' title="bbox 2150 1232 3754 1307">
    <p class='ocr_par' dir='ltr' id='par_1_27' title="bbox 2150 1232 3754 1307">
     <span class='ocr_line' id='line_1_27' title="bbox 2150 1232 3754 1307; baseline 0 -17"><span class='ocrx_word' id='word_1_175' title='bbox 2150 1234 2496 1291; x_wconf 88' lang='lat' dir='ltr'><strong>Christianus</strong></span> <span class='ocrx_word' id='word_1_176' title='bbox 2525 1251 2635 1290; x_wconf 90' lang='lat' dir='ltr'><strong>non</strong></span> <span class='ocrx_word' id='word_1_177' title='bbox 2662 1242 2814 1306; x_wconf 89' lang='lat' dir='ltr'><strong>putet</strong></span> <span class='ocrx_word' id='word_1_178' title='bbox 2838 1250 2895 1288; x_wconf 92' lang='lat' dir='ltr'><strong>se</strong></span> <span class='ocrx_word' id='word_1_179' title='bbox 2918 1232 3059 1288; x_wconf 85' lang='lat' dir='ltr'><strong>forte</strong></span> <span class='ocrx_word' id='word_1_180' title='bbox 3081 1233 3395 1305; x_wconf 90' lang='lat' dir='ltr'><strong>indignum,</strong></span> <span class='ocrx_word' id='word_1_181' title='bbox 3430 1235 3570 1307; x_wconf 82' lang='lat' dir='ltr'><strong>quia</strong></span> <span class='ocrx_word' id='word_1_182' title='bbox 3603 1252 3754 1306; x_wconf 75' lang='lat' dir='ltr'><strong>prae-</strong></span> 
     </span>
    </p>
   </div>
   <div class='ocr_carea' id='block_1_28' title="bbox 2151 1321 3756 1396">
    <p class='ocr_par' dir='ltr' id='par_1_28' title="bbox 2151 1321 3756 1396">
     <span class='ocr_line' id='line_1_28' title="bbox 2151 1321 3756 1396; baseline 0.001 -19"><span class='ocrx_word' id='word_1_183' title='bbox 2151 1324 2367 1394; x_wconf 89' lang='lat' dir='ltr'><strong>putium</strong></span> <span class='ocrx_word' id='word_1_184' title='bbox 2396 1340 2507 1378; x_wconf 91' lang='lat' dir='ltr'><strong>non</strong></span> <span class='ocrx_word' id='word_1_185' title='bbox 2532 1323 2717 1390; x_wconf 87' lang='lat' dir='ltr'><strong>habet,</strong></span> <span class='ocrx_word' id='word_1_186' title='bbox 2752 1322 2888 1378; x_wconf 89' lang='lat' dir='ltr'><strong>dans</strong></span> <span class='ocrx_word' id='word_1_187' title='bbox 2920 1321 3148 1393; x_wconf 84' lang='lat' dir='ltr'><strong>gloriam</strong></span> <span class='ocrx_word' id='word_1_188' title='bbox 3183 1321 3478 1393; x_wconf 73' lang='lat' dir='ltr'><strong>przeputio.</strong></span> <span class='ocrx_word' id='word_1_189' title='bbox 3511 1324 3601 1378; x_wconf 71' lang='grc' dir='ltr'><strong>ειη</strong></span> <span class='ocrx_word' id='word_1_190' title='bbox 3623 1340 3756 1396; x_wconf 74' lang='lat' dir='ltr'><strong>prae-</strong></span> 
     </span>
    </p>
   </div>
   <div class='ocr_carea' id='block_1_29' title="bbox 2151 1409 3755 1483">
    <p class='ocr_par' dir='ltr' id='par_1_29' title="bbox 2151 1409 3755 1483">
     <span class='ocr_line' id='line_1_29' title="bbox 2151 1409 3755 1483; baseline 0.001 -18"><span class='ocrx_word' id='word_1_191' title='bbox 2151 1412 2306 1483; x_wconf 90' lang='lat' dir='ltr'><strong>putio</strong></span> <span class='ocrx_word' id='word_1_192' title='bbox 2350 1412 2474 1483; x_wconf 92' lang='lat' dir='ltr'><strong>quis</strong></span> <span class='ocrx_word' id='word_1_193' title='bbox 2515 1419 2739 1467; x_wconf 89' lang='lat' dir='ltr'><strong>vocatus</strong></span> <span class='ocrx_word' id='word_1_194' title='bbox 2773 1411 2903 1465; x_wconf 75' lang='lat' dir='ltr'><strong>est?</strong></span> <span class='ocrx_word' id='word_1_195' title='bbox 2948 1426 3060 1465; x_wconf 91' lang='lat' dir='ltr'><strong>non</strong></span> <span class='ocrx_word' id='word_1_196' title='bbox 3099 1409 3556 1466; x_wconf 88' lang='lat' dir='ltr'><strong>circumcidatur.</strong></span> <span class='ocrx_word' id='word_1_197' title='bbox 3612 1435 3631 1458; x_wconf 78' lang='grc' dir='ltr'><strong><em>ι</em></strong></span> <span class='ocrx_word' id='word_1_198' title='bbox 3688 1411 3755 1466; x_wconf 85' lang='lat' dir='ltr'><strong>Ut</strong></span> 
     </span>
    </p>
   </div>
   <div class='ocr_carea' id='block_1_30' title="bbox 2151 1497 3749 1571">
    <p class='ocr_par' dir='ltr' id='par_1_30' title="bbox 2151 1497 3749 1571">
     <span class='ocr_line' id='line_1_30' title="bbox 2151 1497 3749 1571; baseline -0.001 -16"><span class='ocrx_word' id='word_1_199' title='bbox 2151 1500 2372 1571; x_wconf 77' lang='lat' dir='ltr'><strong>gentilis</strong></span> <span class='ocrx_word' id='word_1_200' title='bbox 2401 1508 2626 1557; x_wconf 86' lang='lat' dir='ltr'><strong>vocatus</strong></span> <span class='ocrx_word' id='word_1_201' title='bbox 2660 1516 2766 1555; x_wconf 87' lang='lat' dir='ltr'><strong>non</strong></span> <span class='ocrx_word' id='word_1_202' title='bbox 2800 1499 3035 1555; x_wconf 67' lang='lat' dir='ltr'><strong>aestimet</strong></span> <span class='ocrx_word' id='word_1_203' title='bbox 3064 1514 3121 1553; x_wconf 91' lang='lat' dir='ltr'><strong>se</strong></span> <span class='ocrx_word' id='word_1_204' title='bbox 3150 1498 3352 1553; x_wconf 91' lang='lat' dir='ltr'><strong>debere</strong></span> <span class='ocrx_word' id='word_1_205' title='bbox 3394 1497 3749 1565; x_wconf 89' lang='lat' dir='ltr'><strong>circumcidi,</strong></span> 
     </span>
    </p>
   </div>
   <div class='ocr_carea' id='block_1_31' title="bbox 2151 1586 3741 1662">
    <p class='ocr_par' dir='ltr' id='par_1_31' title="bbox 2151 1586 3741 1662">
     <span class='ocr_line' id='line_1_31' title="bbox 2151 1586 3741 1662; baseline -0.001 -17"><span class='ocrx_word' id='word_1_206' title='bbox 2151 1605 2247 1661; x_wconf 89' lang='lat' dir='ltr'><strong>per</strong></span> <span class='ocrx_word' id='word_1_207' title='bbox 2276 1589 2332 1644; x_wconf 91' lang='lat' dir='ltr'><strong>id</strong></span> <span class='ocrx_word' id='word_1_208' title='bbox 2358 1606 2494 1662; x_wconf 91' lang='lat' dir='ltr'><strong>quos</strong></span> <span class='ocrx_word' id='word_1_209' title='bbox 2524 1589 2670 1644; x_wconf 90' lang='lat' dir='ltr'><strong>ﬁlios</strong></span> <span class='ocrx_word' id='word_1_210' title='bbox 2702 1588 2937 1643; x_wconf 65' lang='lat' dir='ltr'><strong>Abrahae</strong></span> <span class='ocrx_word' id='word_1_211' title='bbox 2966 1586 3119 1642; x_wconf 88' lang='lat' dir='ltr'><strong>audit</strong></span> <span class='ocrx_word' id='word_1_212' title='bbox 3152 1586 3419 1658; x_wconf 69' lang='lat' dir='ltr'><strong>prmponi.</strong></span> <span class='ocrx_word' id='word_1_213' title='bbox 3456 1588 3569 1643; x_wconf 88' lang='lat' dir='ltr'><strong>Nec</strong></span> <span class='ocrx_word' id='word_1_214' title='bbox 3600 1589 3741 1643; x_wconf 87' lang='lat' dir='ltr'><strong>enim</strong></span> 
     </span>
    </p>
   </div>
   <div class='ocr_carea' id='block_1_32' title="bbox 2152 1674 3748 1750">
    <p class='ocr_par' dir='ltr' id='par_1_32' title="bbox 2152 1674 3748 1750">
     <span class='ocr_line' id='line_1_32' title="bbox 2152 1674 3748 1750; baseline 0 -19"><span class='ocrx_word' id='word_1_215' title='bbox 2152 1678 2281 1750; x_wconf 91' lang='lat' dir='ltr'><strong>quia</strong></span> <span class='ocrx_word' id='word_1_216' title='bbox 2300 1678 2613 1734; x_wconf 87' lang='lat' dir='ltr'><strong>circumcisi</strong></span> <span class='ocrx_word' id='word_1_217' title='bbox 2630 1685 3205 1748; x_wconf 73' lang='lat' dir='ltr'><strong>sunt,przeponuntur,</strong></span> <span class='ocrx_word' id='word_1_218' title='bbox 3236 1674 3330 1731; x_wconf 91' lang='lat' dir='ltr'><strong>sed</strong></span> <span class='ocrx_word' id='word_1_219' title='bbox 3351 1675 3558 1731; x_wconf 90' lang='lat' dir='ltr'><strong>merito</strong></span> <span class='ocrx_word' id='word_1_220' title='bbox 3587 1676 3748 1732; x_wconf 79' lang='lat' dir='ltr'><strong>Abra-</strong></span> 
     </span>
    </p>
   </div>
   <div class='ocr_carea' id='block_1_33' title="bbox 2152 1765 3747 1839">
    <p class='ocr_par' dir='ltr' id='par_1_33' title="bbox 2152 1765 3747 1839">
     <span class='ocr_line' id='line_1_33' title="bbox 2152 1765 3747 1839; baseline -0.001 -18"><span class='ocrx_word' id='word_1_221' title='bbox 2152 1766 2260 1835; x_wconf 62' lang='lat' dir='ltr'><strong>hae,</strong></span> <span class='ocrx_word' id='word_1_222' title='bbox 2295 1767 2454 1839; x_wconf 89' lang='lat' dir='ltr'><strong>cujus</strong></span> <span class='ocrx_word' id='word_1_223' title='bbox 2483 1768 2586 1822; x_wconf 91' lang='lat' dir='ltr'><strong>ﬁlii</strong></span> <span class='ocrx_word' id='word_1_224' title='bbox 2616 1767 2825 1823; x_wconf 88' lang='lat' dir='ltr'><strong>suntin</strong></span> <span class='ocrx_word' id='word_1_225' title='bbox 2857 1775 3109 1839; x_wconf 89' lang='lat' dir='ltr'><strong>utroque,</strong></span> <span class='ocrx_word' id='word_1_226' title='bbox 3143 1766 3187 1821; x_wconf 90' lang='lat' dir='ltr'><strong>si</strong></span> <span class='ocrx_word' id='word_1_227' title='bbox 3219 1765 3450 1821; x_wconf 85' lang='lat' dir='ltr'><strong>credant</strong></span> <span class='ocrx_word' id='word_1_228' title='bbox 3485 1784 3498 1821; x_wconf 93' lang='lat'><strong>:</strong></span> <span class='ocrx_word' id='word_1_229' title='bbox 3561 1766 3609 1823; x_wconf 88' lang='lat' dir='ltr'><strong>si</strong></span> <span class='ocrx_word' id='word_1_230' title='bbox 3648 1782 3747 1839; x_wconf 89' lang='lat' dir='ltr'><strong>quo</strong></span> 
     </span>
    </p>
   </div>
   <div class='ocr_carea' id='block_1_34' title="bbox 442 1852 3742 1931">
    <p class='ocr_par' dir='ltr' id='par_1_34' title="bbox 442 1852 3742 1931">
     <span class='ocr_line' id='line_1_34' title="bbox 442 1852 3742 1931; baseline -0 -22"><span class='ocrx_word' id='word_1_231' title='bbox 442 1871 556 1911; x_wconf 91' lang='lat' dir='ltr'><strong>rem</strong></span> <span class='ocrx_word' id='word_1_232' title='bbox 588 1854 859 1927; x_wconf 84' lang='lat' dir='ltr'><strong>conjugii;</strong></span> <span class='ocrx_word' id='word_1_233' title='bbox 893 1870 1003 1909; x_wconf 92' lang='lat' dir='ltr'><strong>non</strong></span> <span class='ocrx_word' id='word_1_234' title='bbox 1035 1855 1183 1909; x_wconf 89' lang='lat' dir='ltr'><strong>enim</strong></span> <span class='ocrx_word' id='word_1_235' title='bbox 1246 1862 1424 1909; x_wconf 89' lang='lat' dir='ltr'><strong>ratum</strong></span> <span class='ocrx_word' id='word_1_236' title='bbox 1454 1860 1536 1909; x_wconf 90' lang='lat' dir='ltr'><strong>est</strong></span> <span class='ocrx_word' id='word_1_237' title='bbox 1598 1852 2040 1921; x_wconf 87' lang='lat' dir='ltr'><strong>matrimonium,</strong></span> <span class='ocrx_word' id='word_1_238' title='bbox 2071 1871 2118 1931; x_wconf 78' lang='grc' dir='ltr'>Β</span> <span class='ocrx_word' id='word_1_239' title='bbox 2154 1856 2359 1924; x_wconf 89' lang='lat' dir='ltr'><strong>minus,</strong></span> <span class='ocrx_word' id='word_1_240' title='bbox 2384 1856 2593 1929; x_wconf 88' lang='lat' dir='ltr'><strong>pejores</strong></span> <span class='ocrx_word' id='word_1_241' title='bbox 2619 1864 2781 1912; x_wconf 85' lang='lat' dir='ltr'><strong>erunt</strong></span> <span class='ocrx_word' id='word_1_242' title='bbox 2812 1856 3149 1929; x_wconf 80' lang='lat' dir='ltr'><strong>gentilibus;</strong></span> <span class='ocrx_word' id='word_1_243' title='bbox 3183 1854 3426 1910; x_wconf 87' lang='lat' dir='ltr'><strong>deterius</strong></span> <span class='ocrx_word' id='word_1_244' title='bbox 3471 1863 3558 1911; x_wconf 90' lang='lat' dir='ltr'><strong>est</strong></span> <span class='ocrx_word' id='word_1_245' title='bbox 3605 1856 3742 1911; x_wconf 84' lang='lat' dir='ltr'><strong>enim</strong></span> 
     </span>
    </p>
   </div>
   <div class='ocr_carea' id='block_1_35' title="bbox 444 1941 2036 2017">
    <p class='ocr_par' dir='ltr' id='par_1_35' title="bbox 444 1941 2036 2017">
     <span class='ocr_line' id='line_1_35' title="bbox 444 1941 2036 2017; baseline -0.003 -18"><span class='ocrx_word' id='word_1_246' title='bbox 444 1943 591 2017; x_wconf 90' lang='lat' dir='ltr'><strong>quod</strong></span> <span class='ocrx_word' id='word_1_247' title='bbox 620 1942 742 1999; x_wconf 89' lang='lat' dir='ltr'><strong>sine</strong></span> <span class='ocrx_word' id='word_1_248' title='bbox 792 1943 892 2000; x_wconf 94' lang='lat' dir='ltr'><strong>Dei</strong></span> <span class='ocrx_word' id='word_1_249' title='bbox 947 1942 1243 1999; x_wconf 79' lang='lat' dir='ltr'><strong>devotione</strong></span> <span class='ocrx_word' id='word_1_250' title='bbox 1273 1950 1375 2011; x_wconf 90' lang='lat' dir='ltr'><strong>est,</strong></span> <span class='ocrx_word' id='word_1_251' title='bbox 1407 1957 1470 1997; x_wconf 90' lang='lat' dir='ltr'><strong>ac</strong></span> <span class='ocrx_word' id='word_1_252' title='bbox 1527 1958 1623 2014; x_wconf 90' lang='lat' dir='ltr'><strong>per</strong></span> <span class='ocrx_word' id='word_1_253' title='bbox 1651 1941 1757 1997; x_wconf 88' lang='lat' dir='ltr'><strong>hoc</strong></span> <span class='ocrx_word' id='word_1_254' title='bbox 1814 1957 1924 1996; x_wconf 92' lang='lat' dir='ltr'><strong>non</strong></span> <span class='ocrx_word' id='word_1_255' title='bbox 1954 1948 2036 1996; x_wconf 93' lang='lat' dir='ltr'><strong>est</strong></span> 
     </span>
    </p>
   </div>
   <div class='ocr_carea' id='block_1_36' title="bbox 442 2032 2037 2109">
    <p class='ocr_par' dir='ltr' id='par_1_36' title="bbox 442 2032 2037 2109">
     <span class='ocr_line' id='line_1_36' title="bbox 442 2032 2037 2109; baseline -0.001 -17"><span class='ocrx_word' id='word_1_256' title='bbox 442 2042 723 2108; x_wconf 85' lang='lat' dir='ltr'><strong>peccatum</strong></span> <span class='ocrx_word' id='word_1_257' title='bbox 756 2036 807 2091; x_wconf 90' lang='lat' dir='ltr'><strong>ei</strong></span> <span class='ocrx_word' id='word_1_258' title='bbox 836 2035 933 2109; x_wconf 91' lang='lat' dir='ltr'><strong>qui</strong></span> <span class='ocrx_word' id='word_1_259' title='bbox 962 2035 1269 2092; x_wconf 86' lang='lat' dir='ltr'><strong>dimittitur</strong></span> <span class='ocrx_word' id='word_1_260' title='bbox 1296 2042 1518 2107; x_wconf 88' lang='lat' dir='ltr'><strong>propter</strong></span> <span class='ocrx_word' id='word_1_261' title='bbox 1546 2037 1744 2103; x_wconf 90' lang='lat' dir='ltr'><strong>Deum,</strong></span> <span class='ocrx_word' id='word_1_262' title='bbox 1776 2032 1823 2089; x_wconf 92' lang='lat' dir='ltr'><strong>si</strong></span> <span class='ocrx_word' id='word_1_263' title='bbox 1854 2034 1946 2089; x_wconf 91' lang='lat' dir='ltr'><strong>alii</strong></span> <span class='ocrx_word' id='word_1_264' title='bbox 1980 2051 2037 2091; x_wconf 89' lang='lat' dir='ltr'><strong>se</strong></span> 
     </span>
    </p>
   </div>
   <div class='ocr_carea' id='block_1_37' title="bbox 436 2122 2035 2195">
    <p class='ocr_par' dir='ltr' id='par_1_37' title="bbox 436 2122 2035 2195">
     <span class='ocr_line' id='line_1_37' title="bbox 436 2122 2035 2195; baseline -0.001 -14"><span class='ocrx_word' id='word_1_265' title='bbox 436 2122 706 2195; x_wconf 76' lang='lat' dir='ltr'><strong>iunxerit.</strong></span> <span class='ocrx_word' id='word_1_266' title='bbox 743 2125 1093 2183; x_wconf 89' lang='lat' dir='ltr'><strong>Contumelia</strong></span> <span class='ocrx_word' id='word_1_267' title='bbox 1116 2126 1265 2181; x_wconf 91' lang='lat' dir='ltr'><strong>enim</strong></span> <span class='ocrx_word' id='word_1_268' title='bbox 1296 2124 1571 2181; x_wconf 89' lang='lat' dir='ltr'><strong>Creatoris</strong></span> <span class='ocrx_word' id='word_1_269' title='bbox 1600 2123 1768 2179; x_wconf 88' lang='lat' dir='ltr'><strong>solvit</strong></span> <span class='ocrx_word' id='word_1_270' title='bbox 1790 2123 1882 2195; x_wconf 89' lang='lat' dir='ltr'><strong>jus</strong></span> <span class='ocrx_word' id='word_1_271' title='bbox 1927 2140 2035 2179; x_wconf 89' lang='lat' dir='ltr'><strong>ma-</strong></span> 
     </span>
    </p>
   </div>
   <div class='ocr_carea' id='block_1_38' title="bbox 440 2214 2034 2288">
    <p class='ocr_par' dir='ltr' id='par_1_38' title="bbox 440 2214 2034 2288">
     <span class='ocr_line' id='line_1_38' title="bbox 440 2214 2034 2288; baseline -0.001 -19"><span class='ocrx_word' id='word_1_272' title='bbox 440 2214 692 2271; x_wconf 89' lang='lat' dir='ltr'><strong>trimonii</strong></span> <span class='ocrx_word' id='word_1_273' title='bbox 713 2216 859 2273; x_wconf 88' lang='lat' dir='ltr'><strong>circa</strong></span> <span class='ocrx_word' id='word_1_274' title='bbox 879 2233 1005 2272; x_wconf 88' lang='lat' dir='ltr'><strong>eum</strong></span> <span class='ocrx_word' id='word_1_275' title='bbox 1028 2215 1122 2288; x_wconf 91' lang='lat' dir='ltr'><strong>qui</strong></span> <span class='ocrx_word' id='word_1_276' title='bbox 1153 2214 1509 2287; x_wconf 89' lang='lat' dir='ltr'><strong>relinquitur,</strong></span> <span class='ocrx_word' id='word_1_277' title='bbox 1539 2230 1607 2268; x_wconf 89' lang='lat' dir='ltr'><strong>ne</strong></span> <span class='ocrx_word' id='word_1_278' title='bbox 1634 2221 1920 2269; x_wconf 88' lang='lat' dir='ltr'><strong>accusetur</strong></span> <span class='ocrx_word' id='word_1_279' title='bbox 1940 2214 2034 2269; x_wconf 91' lang='lat' dir='ltr'><strong>alii</strong></span> 
     </span>
    </p>
   </div>
   <div class='ocr_carea' id='block_1_39' title="bbox 441 2303 2038 2375">
    <p class='ocr_par' dir='ltr' id='par_1_39' title="bbox 441 2303 2038 2375">
     <span class='ocr_line' id='line_1_39' title="bbox 441 2303 2038 2375; baseline -0.001 -15"><span class='ocrx_word' id='word_1_280' title='bbox 441 2305 748 2375; x_wconf 86' lang='lat' dir='ltr'><strong>copulatus.</strong></span> <span class='ocrx_word' id='word_1_281' title='bbox 782 2307 1025 2361; x_wconf 91' lang='lat' dir='ltr'><strong>lnﬁdelis</strong></span> <span class='ocrx_word' id='word_1_282' title='bbox 1055 2315 1237 2361; x_wconf 91' lang='lat' dir='ltr'><strong>autem</strong></span> <span class='ocrx_word' id='word_1_283' title='bbox 1267 2304 1578 2369; x_wconf 88' lang='lat' dir='ltr'><strong>discedens,</strong></span> <span class='ocrx_word' id='word_1_284' title='bbox 1619 2310 1673 2358; x_wconf 91' lang='lat' dir='ltr'><strong>et</strong></span> <span class='ocrx_word' id='word_1_285' title='bbox 1702 2303 1760 2357; x_wconf 92' lang='lat' dir='ltr'><strong>in</strong></span> <span class='ocrx_word' id='word_1_286' title='bbox 1790 2306 1965 2359; x_wconf 90' lang='lat' dir='ltr'><strong>Deum</strong></span> <span class='ocrx_word' id='word_1_287' title='bbox 1984 2311 2038 2358; x_wconf 90' lang='lat' dir='ltr'><strong>et</strong></span> 
     </span>
    </p>
   </div>
   <div class='ocr_carea' id='block_1_40' title="bbox 442 2395 2038 2470">
    <p class='ocr_par' dir='ltr' id='par_1_40' title="bbox 442 2395 2038 2470">
     <span class='ocr_line' id='line_1_40' title="bbox 442 2395 2038 2470; baseline -0.001 -19"><span class='ocrx_word' id='word_1_288' title='bbox 442 2396 503 2451; x_wconf 94' lang='lat' dir='ltr'><strong>in</strong></span> <span class='ocrx_word' id='word_1_289' title='bbox 532 2398 946 2453; x_wconf 89' lang='lat' dir='ltr'><strong>matrimonium</strong></span> <span class='ocrx_word' id='word_1_290' title='bbox 996 2413 1216 2470; x_wconf 88' lang='lat' dir='ltr'><strong>peccare</strong></span> <span class='ocrx_word' id='word_1_291' title='bbox 1270 2395 1634 2467; x_wconf 82' lang='lat' dir='ltr'><strong>dignoscitur,</strong></span> <span class='ocrx_word' id='word_1_292' title='bbox 1685 2396 1815 2469; x_wconf 89' lang='lat' dir='ltr'><strong>quia</strong></span> <span class='ocrx_word' id='word_1_293' title='bbox 1859 2395 2038 2450; x_wconf 89' lang='lat' dir='ltr'><strong>noluit</strong></span> 
     </span>
    </p>
   </div>
   <div class='ocr_carea' id='block_1_41' title="bbox 444 2484 2038 2557">
    <p class='ocr_par' dir='ltr' id='par_1_41' title="bbox 444 2484 2038 2557">
     <span class='ocr_line' id='line_1_41' title="bbox 444 2484 2038 2557; baseline -0.001 -16"><span class='ocrx_word' id='word_1_294' title='bbox 444 2485 546 2541; x_wconf 88' lang='lat' dir='ltr'><strong>sub</strong></span> <span class='ocrx_word' id='word_1_295' title='bbox 576 2487 676 2542; x_wconf 91' lang='lat' dir='ltr'><strong>Dei</strong></span> <span class='ocrx_word' id='word_1_296' title='bbox 705 2486 997 2543; x_wconf 90' lang='lat' dir='ltr'><strong>devotione</strong></span> <span class='ocrx_word' id='word_1_297' title='bbox 1020 2487 1216 2543; x_wconf 83' lang='lat' dir='ltr'><strong>habere</strong></span> <span class='ocrx_word' id='word_1_298' title='bbox 1244 2484 1583 2557; x_wconf 86' lang='lat' dir='ltr'><strong>conjugium.</strong></span> <span class='ocrx_word' id='word_1_299' title='bbox 1618 2485 1806 2557; x_wconf 89' lang='lat' dir='ltr'><strong>Itaque</strong></span> <span class='ocrx_word' id='word_1_300' title='bbox 1825 2502 1935 2540; x_wconf 91' lang='lat' dir='ltr'><strong>non</strong></span> <span class='ocrx_word' id='word_1_301' title='bbox 1956 2491 2038 2540; x_wconf 85' lang='lat' dir='ltr'><strong>est</strong></span> 
     </span>
    </p>
   </div>
   <div class='ocr_carea' id='block_1_42' title="bbox 446 2574 2037 2649">
    <p class='ocr_par' dir='ltr' id='par_1_42' title="bbox 446 2574 2037 2649">
     <span class='ocr_line' id='line_1_42' title="bbox 446 2574 2037 2649; baseline 0.001 -19"><span class='ocrx_word' id='word_1_302' title='bbox 446 2576 495 2631; x_wconf 93' lang='lat' dir='ltr'><strong>ei</strong></span> <span class='ocrx_word' id='word_1_303' title='bbox 549 2574 684 2631; x_wconf 89' lang='lat' dir='ltr'><strong>ﬁdes</strong></span> <span class='ocrx_word' id='word_1_304' title='bbox 730 2576 997 2632; x_wconf 89' lang='lat' dir='ltr'><strong>servanda</strong></span> <span class='ocrx_word' id='word_1_305' title='bbox 1040 2577 1305 2649; x_wconf 83' lang='lat' dir='ltr'><strong>conjugii,</strong></span> <span class='ocrx_word' id='word_1_306' title='bbox 1359 2578 1488 2649; x_wconf 88' lang='lat' dir='ltr'><strong>quia</strong></span> <span class='ocrx_word' id='word_1_307' title='bbox 1536 2576 1659 2633; x_wconf 90' lang='lat' dir='ltr'><strong>ideo</strong></span> <span class='ocrx_word' id='word_1_308' title='bbox 1722 2578 1942 2633; x_wconf 90' lang='lat' dir='ltr'><strong>recessit</strong></span> <span class='ocrx_word' id='word_1_309' title='bbox 1970 2592 2037 2632; x_wconf 90' lang='lat' dir='ltr'><strong>ne</strong></span> 
     </span>
    </p>
   </div>
   <div class='ocr_carea' id='block_1_43' title="bbox 443 2664 2034 2738">
    <p class='ocr_par' dir='ltr' id='par_1_43' title="bbox 443 2664 2034 2738">
     <span class='ocr_line' id='line_1_43' title="bbox 443 2664 2034 2738; baseline 0 -18"><span class='ocrx_word' id='word_1_310' title='bbox 443 2664 663 2721; x_wconf 88' lang='lat' dir='ltr'><strong>audiret</strong></span> <span class='ocrx_word' id='word_1_311' title='bbox 690 2666 1095 2738; x_wconf 62' lang='lat' dir='ltr'><strong>auctorem(45)</strong></span> <span class='ocrx_word' id='word_1_312' title='bbox 1113 2683 1226 2723; x_wconf 87' lang='lat' dir='ltr'><strong>esse</strong></span> <span class='ocrx_word' id='word_1_313' title='bbox 1241 2665 1686 2724; x_wconf 83' lang='lat' dir='ltr'><strong>Christianorum</strong></span> <span class='ocrx_word' id='word_1_314' title='bbox 1711 2670 1885 2723; x_wconf 89' lang='lat' dir='ltr'><strong>Deum</strong></span> <span class='ocrx_word' id='word_1_315' title='bbox 1908 2682 2034 2722; x_wconf 89' lang='lat' dir='ltr'><strong>con-</strong></span> 
     </span>
    </p>
   </div>
   <div class='ocr_carea' id='block_1_44' title="bbox 443 2755 2035 2828">
    <p class='ocr_par' dir='ltr' id='par_1_44' title="bbox 443 2755 2035 2828">
     <span class='ocr_line' id='line_1_44' title="bbox 443 2755 2035 2828; baseline -0.001 -18"><span class='ocrx_word' id='word_1_316' title='bbox 443 2755 606 2828; x_wconf 81' lang='lat' dir='ltr'><strong>jugii.</strong></span> <span class='ocrx_word' id='word_1_317' title='bbox 621 2757 757 2812; x_wconf 86' lang='lat' dir='ltr'><strong>Nam</strong></span> <span class='ocrx_word' id='word_1_318' title='bbox 775 2758 819 2813; x_wconf 90' lang='lat' dir='ltr'><strong>si</strong></span> <span class='ocrx_word' id='word_1_319' title='bbox 842 2756 1044 2813; x_wconf 86' lang='lat' dir='ltr'><strong>Esdras</strong></span> <span class='ocrx_word' id='word_1_320' title='bbox 1061 2758 1269 2812; x_wconf 90' lang='lat' dir='ltr'><strong>dimitti</strong></span> <span class='ocrx_word' id='word_1_321' title='bbox 1295 2758 1424 2813; x_wconf 90' lang='lat' dir='ltr'><strong>fecit</strong></span> <span class='ocrx_word' id='word_1_322' title='bbox 1448 2775 1649 2812; x_wconf 81' lang='lat' dir='ltr'><strong>uxores</strong></span> <span class='ocrx_word' id='word_1_323' title='bbox 1676 2765 1770 2811; x_wconf 90' lang='lat' dir='ltr'><strong>aut</strong></span> <span class='ocrx_word' id='word_1_324' title='bbox 1792 2756 2035 2810; x_wconf 87' lang='lat' dir='ltr'><strong>virosin-</strong></span> 
     </span>
    </p>
   </div>
   <div class='ocr_carea' id='block_1_45' title="bbox 450 2844 2040 2917">
    <p class='ocr_par' dir='ltr' id='par_1_45' title="bbox 450 2844 2040 2917">
     <span class='ocr_line' id='line_1_45' title="bbox 450 2844 2040 2917; baseline 0.002 -19"><span class='ocrx_word' id='word_1_325' title='bbox 450 2844 637 2900; x_wconf 89' lang='lat' dir='ltr'><strong>ﬁdeles</strong></span> <span class='ocrx_word' id='word_1_326' title='bbox 673 2848 791 2915; x_wconf 88' lang='grc' dir='ltr'><strong>(ΙΙΙ</strong></span> <span class='ocrx_word' id='word_1_327' title='bbox 816 2848 1072 2913; x_wconf 62' lang='lat' dir='ltr'><strong>Esdrnx,</strong></span> <span class='ocrx_word' id='word_1_328' title='bbox 1102 2849 1178 2916; x_wconf 81' lang='lat'><strong>9),</strong></span> <span class='ocrx_word' id='word_1_329' title='bbox 1210 2854 1272 2899; x_wconf 94' lang='lat' dir='ltr'><strong>ut</strong></span> <span class='ocrx_word' id='word_1_330' title='bbox 1290 2846 1557 2917; x_wconf 89' lang='lat' dir='ltr'><strong>propitius</strong></span> <span class='ocrx_word' id='word_1_331' title='bbox 1588 2845 1741 2900; x_wconf 85' lang='lat' dir='ltr'><strong>ﬁeret</strong></span> <span class='ocrx_word' id='word_1_332' title='bbox 1770 2848 2040 2911; x_wconf 86' lang='lat' dir='ltr'><strong>Deus,nec</strong></span> 
     </span>
    </p>
   </div>
   <div class='ocr_carea' id='block_1_46' title="bbox 451 2934 2037 3006">
    <p class='ocr_par' dir='ltr' id='par_1_46' title="bbox 451 2934 2037 3006">
     <span class='ocr_line' id='line_1_46' title="bbox 451 2934 2037 3006; baseline 0.002 -17"><span class='ocrx_word' id='word_1_333' title='bbox 451 2934 625 2989; x_wconf 89' lang='lat' dir='ltr'><strong>iratus</strong></span> <span class='ocrx_word' id='word_1_334' title='bbox 655 2944 816 3001; x_wconf 84' lang='lat' dir='ltr'><strong>esset,</strong></span> <span class='ocrx_word' id='word_1_335' title='bbox 860 2936 905 2988; x_wconf 89' lang='lat' dir='ltr'><strong>si</strong></span> <span class='ocrx_word' id='word_1_336' title='bbox 935 2935 1070 2989; x_wconf 88' lang='lat' dir='ltr'><strong>alias</strong></span> <span class='ocrx_word' id='word_1_337' title='bbox 1099 2950 1168 2988; x_wconf 86' lang='lat' dir='ltr'><strong>ex</strong></span> <span class='ocrx_word' id='word_1_338' title='bbox 1202 2952 1395 3005; x_wconf 84' lang='lat' dir='ltr'><strong>genere</strong></span> <span class='ocrx_word' id='word_1_339' title='bbox 1418 2952 1520 2990; x_wconf 89' lang='lat' dir='ltr'><strong>suo</strong></span> <span class='ocrx_word' id='word_1_340' title='bbox 1550 2936 1861 3006; x_wconf 83' lang='lat' dir='ltr'><strong>acciperent</strong></span> <span class='ocrx_word' id='word_1_341' title='bbox 1886 2955 1898 3004; x_wconf 89' lang='lat'>;</span> <span class='ocrx_word' id='word_1_342' title='bbox 1927 2953 2037 2992; x_wconf 89' lang='lat' dir='ltr'><strong>non</strong></span> 
     </span>
    </p>
   </div>
   <div class='ocr_carea' id='block_1_47' title="bbox 446 3022 2038 3093">
    <p class='ocr_par' dir='ltr' id='par_1_47' title="bbox 446 3022 2038 3093">
     <span class='ocr_line' id='line_1_47' title="bbox 446 3022 2038 3093; baseline 0.003 -16"><span class='ocrx_word' id='word_1_343' title='bbox 446 3023 595 3077; x_wconf 90' lang='lat' dir='ltr'><strong>enim</strong></span> <span class='ocrx_word' id='word_1_344' title='bbox 627 3022 704 3077; x_wconf 89' lang='lat' dir='ltr'><strong>ita</strong></span> <span class='ocrx_word' id='word_1_345' title='bbox 739 3030 1067 3093; x_wconf 67' lang='lat' dir='ltr'><strong>praeceptum</strong></span> <span class='ocrx_word' id='word_1_346' title='bbox 1119 3022 1207 3078; x_wconf 88' lang='lat' dir='ltr'><strong>his</strong></span> <span class='ocrx_word' id='word_1_347' title='bbox 1245 3034 1347 3091; x_wconf 90' lang='lat' dir='ltr'><strong>est,</strong></span> <span class='ocrx_word' id='word_1_348' title='bbox 1378 3031 1440 3078; x_wconf 93' lang='lat' dir='ltr'><strong>ut</strong></span> <span class='ocrx_word' id='word_1_349' title='bbox 1468 3024 1709 3079; x_wconf 59' lang='lat' dir='ltr'><strong>remissis</strong></span> <span class='ocrx_word' id='word_1_350' title='bbox 1730 3025 1871 3092; x_wconf 86' lang='lat' dir='ltr'><strong>istis,</strong></span> <span class='ocrx_word' id='word_1_351' title='bbox 1903 3027 2038 3082; x_wconf 90' lang='lat' dir='ltr'><strong>alias</strong></span> 
     </span>
    </p>
   </div>
   <div class='ocr_carea' id='block_1_48' title="bbox 447 3110 2040 3185">
    <p class='ocr_par' dir='ltr' id='par_1_48' title="bbox 447 3110 2040 3185">
     <span class='ocr_line' id='line_1_48' title="bbox 447 3110 2040 3185; baseline 0.004 -21"><span class='ocrx_word' id='word_1_352' title='bbox 447 3110 678 3167; x_wconf 89' lang='lat' dir='ltr'><strong>minime</strong></span> <span class='ocrx_word' id='word_1_353' title='bbox 708 3110 1008 3167; x_wconf 89' lang='lat' dir='ltr'><strong>ducerent:</strong></span> <span class='ocrx_word' id='word_1_354' title='bbox 1043 3120 1249 3184; x_wconf 89' lang='lat' dir='ltr'><strong>quanto</strong></span> <span class='ocrx_word' id='word_1_355' title='bbox 1280 3113 1453 3185; x_wconf 88' lang='lat' dir='ltr'><strong>magis</strong></span> <span class='ocrx_word' id='word_1_356' title='bbox 1485 3113 1533 3168; x_wconf 91' lang='lat' dir='ltr'><strong>si</strong></span> <span class='ocrx_word' id='word_1_357' title='bbox 1565 3112 1804 3169; x_wconf 87' lang='lat' dir='ltr'><strong>inﬁdelis</strong></span> <span class='ocrx_word' id='word_1_358' title='bbox 1824 3115 2040 3170; x_wconf 88' lang='lat' dir='ltr'><strong>disces-</strong></span> 
     </span>
    </p>
   </div>
   <div class='ocr_carea' id='block_1_49' title="bbox 444 3202 2113 3297">
    <p class='ocr_par' dir='ltr' id='par_1_49' title="bbox 444 3202 2113 3297">
     <span class='ocr_line' id='line_1_49' title="bbox 444 3202 2113 3297; baseline 0.004 -40"><span class='ocrx_word' id='word_1_359' title='bbox 444 3203 594 3272; x_wconf 90' lang='lat' dir='ltr'><strong>serit,</strong></span> <span class='ocrx_word' id='word_1_360' title='bbox 626 3203 862 3260; x_wconf 91' lang='lat' dir='ltr'><strong>liberum</strong></span> <span class='ocrx_word' id='word_1_361' title='bbox 888 3202 1107 3262; x_wconf 90' lang='lat' dir='ltr'><strong>habebit</strong></span> <span class='ocrx_word' id='word_1_362' title='bbox 1140 3204 1457 3274; x_wconf 90' lang='lat' dir='ltr'><strong>arbitrium,</strong></span> <span class='ocrx_word' id='word_1_363' title='bbox 1488 3205 1533 3261; x_wconf 91' lang='lat' dir='ltr'><strong>si</strong></span> <span class='ocrx_word' id='word_1_364' title='bbox 1558 3205 1799 3260; x_wconf 90' lang='lat' dir='ltr'><strong>voluerit</strong></span> <span class='ocrx_word' id='word_1_365' title='bbox 1830 3205 2035 3263; x_wconf 91' lang='lat' dir='ltr'><strong>nubere</strong></span> <span class='ocrx_word' id='word_1_366' title='bbox 2070 3236 2113 3297; x_wconf 67' lang='grc' dir='ltr'>ο</span> 
     </span>
    </p>
   </div>
   <div class='ocr_carea' id='block_1_50' title="bbox 443 3292 2035 3366">
    <p class='ocr_par' dir='ltr' id='par_1_50' title="bbox 443 3292 2035 3366">
     <span class='ocr_line' id='line_1_50' title="bbox 443 3292 2035 3366; baseline 0.002 -18"><span class='ocrx_word' id='word_1_367' title='bbox 443 3292 577 3365; x_wconf 89' lang='lat' dir='ltr'><strong>legis</strong></span> <span class='ocrx_word' id='word_1_368' title='bbox 604 3311 716 3351; x_wconf 64' lang='lat' dir='ltr'><strong>suae</strong></span> <span class='ocrx_word' id='word_1_369' title='bbox 756 3295 879 3350; x_wconf 91' lang='lat' dir='ltr'><strong>viro</strong></span> <span class='ocrx_word' id='word_1_370' title='bbox 899 3294 927 3351; x_wconf 75' lang='lat' dir='ltr'><strong>‘P</strong></span> <span class='ocrx_word' id='word_1_371' title='bbox 964 3295 1269 3351; x_wconf 88' lang='lat' dir='ltr'><strong>Illudenim</strong></span> <span class='ocrx_word' id='word_1_372' title='bbox 1300 3312 1409 3351; x_wconf 89' lang='lat' dir='ltr'><strong>non</strong></span> <span class='ocrx_word' id='word_1_373' title='bbox 1441 3294 1603 3351; x_wconf 90' lang='lat' dir='ltr'><strong>debet</strong></span> <span class='ocrx_word' id='word_1_374' title='bbox 1634 3296 1893 3366; x_wconf 89' lang='lat' dir='ltr'><strong>imputari</strong></span> <span class='ocrx_word' id='word_1_375' title='bbox 1926 3313 2035 3351; x_wconf 89' lang='lat' dir='ltr'><strong>ma-</strong></span> 
     </span>
    </p>
   </div>
   <div class='ocr_carea' id='block_1_51' title="bbox 437 3384 2024 3458">
    <p class='ocr_par' dir='ltr' id='par_1_51' title="bbox 437 3384 2024 3458">
     <span class='ocr_line' id='line_1_51' title="bbox 437 3384 2024 3458; baseline 0.004 -19"><span class='ocrx_word' id='word_1_376' title='bbox 437 3384 786 3452; x_wconf 86' lang='lat' dir='ltr'><strong>trimonium,</strong></span> <span class='ocrx_word' id='word_1_377' title='bbox 819 3384 966 3458; x_wconf 90' lang='lat' dir='ltr'><strong>quod</strong></span> <span class='ocrx_word' id='word_1_378' title='bbox 996 3394 1156 3441; x_wconf 83' lang='lat' dir='ltr'><strong>extra</strong></span> <span class='ocrx_word' id='word_1_379' title='bbox 1182 3385 1466 3442; x_wconf 88' lang='lat' dir='ltr'><strong>decretum</strong></span> <span class='ocrx_word' id='word_1_380' title='bbox 1499 3386 1596 3441; x_wconf 93' lang='lat' dir='ltr'><strong>Dei</strong></span> <span class='ocrx_word' id='word_1_381' title='bbox 1632 3386 1840 3442; x_wconf 86' lang='lat' dir='ltr'><strong>factum</strong></span> <span class='ocrx_word' id='word_1_382' title='bbox 1899 3397 1981 3444; x_wconf 91' lang='lat' dir='ltr'><strong>est</strong></span> <span class='ocrx_word' id='word_1_383' title='bbox 2013 3406 2024 3444; x_wconf 89' lang='lat'><strong>:</strong></span> 
     </span>
    </p>
   </div>
   <div class='ocr_carea' id='block_1_52' title="bbox 437 3474 2036 3550">
    <p class='ocr_par' dir='ltr' id='par_1_52' title="bbox 437 3474 2036 3550">
     <span class='ocr_line' id='line_1_52' title="bbox 437 3474 2036 3550; baseline 0.002 -20"><span class='ocrx_word' id='word_1_384' title='bbox 437 3474 533 3530; x_wconf 89' lang='lat' dir='ltr'><strong>sed</strong></span> <span class='ocrx_word' id='word_1_385' title='bbox 561 3491 685 3531; x_wconf 89' lang='lat' dir='ltr'><strong>cum</strong></span> <span class='ocrx_word' id='word_1_386' title='bbox 740 3485 866 3546; x_wconf 88' lang='lat' dir='ltr'><strong>post</strong></span> <span class='ocrx_word' id='word_1_387' title='bbox 912 3476 1195 3547; x_wconf 83' lang='lat' dir='ltr'><strong>cognoscit</strong></span> <span class='ocrx_word' id='word_1_388' title='bbox 1249 3485 1303 3532; x_wconf 90' lang='lat' dir='ltr'><strong>et</strong></span> <span class='ocrx_word' id='word_1_389' title='bbox 1350 3476 1500 3532; x_wconf 91' lang='lat' dir='ltr'><strong>dolet</strong></span> <span class='ocrx_word' id='word_1_390' title='bbox 1528 3493 1584 3532; x_wconf 91' lang='lat' dir='ltr'><strong>se</strong></span> <span class='ocrx_word' id='word_1_391' title='bbox 1630 3476 1947 3550; x_wconf 89' lang='lat' dir='ltr'><strong>deliquisse,</strong></span> <span class='ocrx_word' id='word_1_392' title='bbox 1980 3494 2036 3534; x_wconf 90' lang='lat' dir='ltr'><strong>se</strong></span> 
     </span>
    </p>
   </div>
   <div class='ocr_carea' id='block_1_53' title="bbox 439 3563 2038 3630">
    <p class='ocr_par' dir='ltr' id='par_1_53' title="bbox 439 3563 2038 3630">
     <span class='ocr_line' id='line_1_53' title="bbox 439 3563 2038 3630; baseline 0.003 -14"><span class='ocrx_word' id='word_1_393' title='bbox 439 3563 715 3630; x_wconf 88' lang='lat' dir='ltr'><strong>emendat,</strong></span> <span class='ocrx_word' id='word_1_394' title='bbox 750 3571 813 3617; x_wconf 89' lang='lat' dir='ltr'><strong>ut</strong></span> <span class='ocrx_word' id='word_1_395' title='bbox 851 3564 1069 3617; x_wconf 80' lang='lat' dir='ltr'><strong>veniam</strong></span> <span class='ocrx_word' id='word_1_396' title='bbox 1104 3571 1398 3620; x_wconf 89' lang='lat' dir='ltr'><strong>mereatur.</strong></span> <span class='ocrx_word' id='word_1_397' title='bbox 1422 3566 1478 3620; x_wconf 88' lang='lat' dir='ltr'><strong>Si</strong></span> <span class='ocrx_word' id='word_1_398' title='bbox 1508 3574 1689 3620; x_wconf 79' lang='lat' dir='ltr'><strong>autem</strong></span> <span class='ocrx_word' id='word_1_399' title='bbox 1720 3566 1882 3621; x_wconf 91' lang='lat' dir='ltr'><strong>ambo</strong></span> <span class='ocrx_word' id='word_1_400' title='bbox 1909 3583 2038 3622; x_wconf 89' lang='lat' dir='ltr'><strong>cre-</strong></span> 
     </span>
    </p>
   </div>
   <div class='ocr_carea' id='block_1_54' title="bbox 440 3647 2034 3726">
    <p class='ocr_par' dir='ltr' id='par_1_54' title="bbox 440 3647 2034 3726">
     <span class='ocr_line' id='line_1_54' title="bbox 440 3647 2034 3726; baseline 0.006 -24"><span class='ocrx_word' id='word_1_401' title='bbox 440 3647 808 3720; x_wconf 90' lang='lat' dir='ltr'><strong>diderint,per</strong></span> <span class='ocrx_word' id='word_1_402' title='bbox 826 3650 1200 3721; x_wconf 87' lang='lat' dir='ltr'><strong>cognitionem</strong></span> <span class='ocrx_word' id='word_1_403' title='bbox 1220 3651 1316 3706; x_wconf 92' lang='lat' dir='ltr'><strong>Dei</strong></span> <span class='ocrx_word' id='word_1_404' title='bbox 1336 3652 1664 3707; x_wconf 87' lang='lat' dir='ltr'><strong>conﬁrmant</strong></span> <span class='ocrx_word' id='word_1_405' title='bbox 1691 3654 2034 3726; x_wconf 89' lang='lat' dir='ltr'><strong>conjugium.</strong></span> 
     </span>
    </p>
   </div>
   <div class='ocr_carea' id='block_1_55' title="bbox 524 3738 2035 3813">
    <p class='ocr_par' dir='ltr' id='par_1_55' title="bbox 524 3738 2035 3813">
     <span class='ocr_line' id='line_1_55' title="bbox 524 3738 2035 3813; baseline 0.003 -19"><span class='ocrx_word' id='word_1_406' title='bbox 524 3760 543 3784; x_wconf 83' lang='grc'><strong>‹</strong></span> <span class='ocrx_word' id='word_1_407' title='bbox 574 3738 636 3794; x_wconf 89' lang='lat' dir='ltr'><strong>In</strong></span> <span class='ocrx_word' id='word_1_408' title='bbox 670 3753 801 3809; x_wconf 90' lang='lat' dir='ltr'><strong>pace</strong></span> <span class='ocrx_word' id='word_1_409' title='bbox 832 3746 1016 3795; x_wconf 89' lang='lat' dir='ltr'><strong>autem</strong></span> <span class='ocrx_word' id='word_1_410' title='bbox 1046 3741 1271 3795; x_wconf 90' lang='lat' dir='ltr'><strong>vocavit</strong></span> <span class='ocrx_word' id='word_1_411' title='bbox 1300 3756 1403 3796; x_wconf 90' lang='lat' dir='ltr'><strong>nos</strong></span> <span class='ocrx_word' id='word_1_412' title='bbox 1432 3743 1597 3797; x_wconf 91' lang='lat' dir='ltr'><strong>Deus.</strong></span> <span class='ocrx_word' id='word_1_413' title='bbox 1631 3766 1649 3788; x_wconf 77' lang='grc' dir='ltr'><strong><em>ι</em></strong></span> <span class='ocrx_word' id='word_1_414' title='bbox 1703 3742 1911 3798; x_wconf 77' lang='lat' dir='ltr'><strong>Verum</strong></span> <span class='ocrx_word' id='word_1_415' title='bbox 1934 3752 2035 3813; x_wconf 91' lang='lat' dir='ltr'><strong>est,</strong></span> 
     </span>
    </p>
   </div>
   <div class='ocr_carea' id='block_1_56' title="bbox 441 3830 2040 3908">
    <p class='ocr_par' dir='ltr' id='par_1_56' title="bbox 441 3830 2040 3908">
     <span class='ocr_line' id='line_1_56' title="bbox 441 3830 2040 3908; baseline 0.004 -23"><span class='ocrx_word' id='word_1_416' title='bbox 441 3830 572 3901; x_wconf 87' lang='lat' dir='ltr'><strong>quia</strong></span> <span class='ocrx_word' id='word_1_417' title='bbox 598 3845 714 3887; x_wconf 90' lang='lat' dir='ltr'><strong>non</strong></span> <span class='ocrx_word' id='word_1_418' title='bbox 745 3840 959 3904; x_wconf 89' lang='lat' dir='ltr'><strong>oportet</strong></span> <span class='ocrx_word' id='word_1_419' title='bbox 992 3832 1207 3905; x_wconf 86' lang='lat' dir='ltr'><strong>litigare</strong></span> <span class='ocrx_word' id='word_1_420' title='bbox 1233 3849 1359 3890; x_wconf 90' lang='lat' dir='ltr'><strong>cum</strong></span> <span class='ocrx_word' id='word_1_421' title='bbox 1390 3849 1455 3889; x_wconf 91' lang='lat' dir='ltr'><strong>eo</strong></span> <span class='ocrx_word' id='word_1_422' title='bbox 1481 3834 1576 3906; x_wconf 94' lang='lat' dir='ltr'><strong>qui</strong></span> <span class='ocrx_word' id='word_1_423' title='bbox 1608 3832 1844 3890; x_wconf 90' lang='lat' dir='ltr'><strong>discedit</strong></span> <span class='ocrx_word' id='word_1_424' title='bbox 1866 3853 1886 3900; x_wconf 89' lang='lat'><em>;</em></span> <span class='ocrx_word' id='word_1_425' title='bbox 1909 3837 2040 3908; x_wconf 90' lang='lat' dir='ltr'><strong>quia</strong></span> 
     </span>
    </p>
   </div>
   <div class='ocr_carea' id='block_1_57' title="bbox 439 3920 2038 3997">
    <p class='ocr_par' dir='ltr' id='par_1_57' title="bbox 439 3920 2038 3997">
     <span class='ocr_line' id='line_1_57' title="bbox 439 3920 2038 3997; baseline 0.001 -20"><span class='ocrx_word' id='word_1_426' title='bbox 439 3920 569 3979; x_wconf 93' lang='lat' dir='ltr'><strong>odio</strong></span> <span class='ocrx_word' id='word_1_427' title='bbox 599 3921 700 3980; x_wconf 90' lang='lat' dir='ltr'><strong>Dei</strong></span> <span class='ocrx_word' id='word_1_428' title='bbox 725 3921 983 3989; x_wconf 85' lang='lat' dir='ltr'><strong>discedit,</strong></span> <span class='ocrx_word' id='word_1_429' title='bbox 1015 3940 1078 3981; x_wconf 90' lang='lat' dir='ltr'><strong>ac</strong></span> <span class='ocrx_word' id='word_1_430' title='bbox 1110 3940 1207 3997; x_wconf 90' lang='lat' dir='ltr'><strong>per</strong></span> <span class='ocrx_word' id='word_1_431' title='bbox 1234 3922 1342 3982; x_wconf 92' lang='lat' dir='ltr'><strong>hoc</strong></span> <span class='ocrx_word' id='word_1_432' title='bbox 1370 3940 1472 3981; x_wconf 91' lang='lat' dir='ltr'><strong>nec</strong></span> <span class='ocrx_word' id='word_1_433' title='bbox 1495 3923 1696 3997; x_wconf 87' lang='lat' dir='ltr'><strong>dignus</strong></span> <span class='ocrx_word' id='word_1_434' title='bbox 1754 3924 2038 3981; x_wconf 87' lang='lat' dir='ltr'><strong>habendus</strong></span> 
     </span>
    </p>
   </div>
   <div class='ocr_carea' id='block_1_58' title="bbox 435 4020 538 4070">
    <p class='ocr_par' dir='ltr' id='par_1_58' title="bbox 435 4020 538 4070">
     <span class='ocr_line' id='line_1_58' title="bbox 435 4020 538 4070; baseline 0.019 -2"><span class='ocrx_word' id='word_1_435' title='bbox 435 4020 538 4070; x_wconf 88' lang='lat' dir='ltr'><strong>est.</strong></span> 
     </span>
    </p>
   </div>
   <div class='ocr_carea' id='block_1_59' title="bbox 511 4101 2036 4175">
    <p class='ocr_par' dir='ltr' id='par_1_59' title="bbox 511 4101 2036 4175">
     <span class='ocr_line' id='line_1_59' title="bbox 511 4101 2036 4175; baseline 0 -16"><span class='ocrx_word' id='word_1_436' title='bbox 511 4101 695 4173; x_wconf 77' lang='lat' dir='ltr'><strong>(Vere.</strong></span> <span class='ocrx_word' id='word_1_437' title='bbox 740 4101 854 4175; x_wconf 83' lang='grc'>16.)</span> <span class='ocrx_word' id='word_1_438' title='bbox 892 4102 1059 4172; x_wconf 75' lang='grc' dir='ltr'><strong>«Οιιίᾶ</strong></span> <span class='ocrx_word' id='word_1_439' title='bbox 1087 4103 1235 4159; x_wconf 89' lang='lat' dir='ltr'><strong>enim</strong></span> <span class='ocrx_word' id='word_1_440' title='bbox 1253 4105 1383 4173; x_wconf 92' lang='lat' dir='ltr'><strong>scis,</strong></span> <span class='ocrx_word' id='word_1_441' title='bbox 1404 4103 1626 4172; x_wconf 91' lang='lat' dir='ltr'><strong>mulier,</strong></span> <span class='ocrx_word' id='word_1_442' title='bbox 1660 4103 1707 4159; x_wconf 93' lang='lat' dir='ltr'><strong>si</strong></span> <span class='ocrx_word' id='word_1_443' title='bbox 1727 4103 1913 4159; x_wconf 87' lang='lat' dir='ltr'><strong>virum</strong></span> <span class='ocrx_word' id='word_1_444' title='bbox 1936 4103 2036 4159; x_wconf 88' lang='lat' dir='ltr'><strong>sal-</strong></span> 
     </span>
    </p>
   </div>
   <div class='ocr_carea' id='block_1_60' title="bbox 438 4188 2034 4261">
    <p class='ocr_par' dir='ltr' id='par_1_60' title="bbox 438 4188 2034 4261">
     <span class='ocr_line' id='line_1_60' title="bbox 438 4188 2034 4261; baseline 0.002 -18"><span class='ocrx_word' id='word_1_445' title='bbox 438 4204 572 4243; x_wconf 88' lang='lat' dir='ltr'><strong>vum</strong></span> <span class='ocrx_word' id='word_1_446' title='bbox 598 4188 769 4245; x_wconf 85' lang='lat' dir='ltr'><strong>facies</strong></span> <span class='ocrx_word' id='word_1_447' title='bbox 796 4190 825 4246; x_wconf 81' lang='lat'><strong>?</strong></span> <span class='ocrx_word' id='word_1_448' title='bbox 855 4199 950 4246; x_wconf 90' lang='lat' dir='ltr'><strong>aut</strong></span> <span class='ocrx_word' id='word_1_449' title='bbox 978 4191 1125 4247; x_wconf 90' lang='lat' dir='ltr'><strong>unde</strong></span> <span class='ocrx_word' id='word_1_450' title='bbox 1151 4193 1278 4259; x_wconf 90' lang='lat' dir='ltr'><strong>scis,</strong></span> <span class='ocrx_word' id='word_1_451' title='bbox 1327 4193 1434 4261; x_wconf 90' lang='lat' dir='ltr'><strong>vir,</strong></span> <span class='ocrx_word' id='word_1_452' title='bbox 1467 4193 1515 4248; x_wconf 90' lang='lat' dir='ltr'><strong>si</strong></span> <span class='ocrx_word' id='word_1_453' title='bbox 1545 4209 1777 4249; x_wconf 89' lang='lat' dir='ltr'><strong>uxorem</strong></span> <span class='ocrx_word' id='word_1_454' title='bbox 1828 4193 2034 4249; x_wconf 90' lang='lat' dir='ltr'><strong>salvam</strong></span> 
     </span>
    </p>
   </div>
   <div class='ocr_carea' id='block_1_61' title="bbox 441 4277 2038 4356">
    <p class='ocr_par' dir='ltr' id='par_1_61' title="bbox 441 4277 2038 4356">
     <span class='ocr_line' id='line_1_61' title="bbox 441 4277 2038 4356; baseline 0.003 -24"><span class='ocrx_word' id='word_1_455' title='bbox 441 4277 651 4333; x_wconf 80' lang='lat' dir='ltr'><strong>facies?</strong></span> <span class='ocrx_word' id='word_1_456' title='bbox 682 4302 702 4326; x_wconf 75' lang='grc' dir='ltr'><strong><em>ι</em></strong></span> <span class='ocrx_word' id='word_1_457' title='bbox 746 4278 861 4334; x_wconf 86' lang='lat' dir='ltr'><strong>Hoc</strong></span> <span class='ocrx_word' id='word_1_458' title='bbox 891 4278 1050 4347; x_wconf 91' lang='lat' dir='ltr'><strong>dicit,</strong></span> <span class='ocrx_word' id='word_1_459' title='bbox 1082 4282 1211 4353; x_wconf 90' lang='lat' dir='ltr'><strong>quia</strong></span> <span class='ocrx_word' id='word_1_460' title='bbox 1239 4282 1383 4339; x_wconf 82' lang='lat' dir='ltr'><strong>forte</strong></span> <span class='ocrx_word' id='word_1_461' title='bbox 1410 4292 1639 4354; x_wconf 87' lang='lat' dir='ltr'><strong>possunt</strong></span> <span class='ocrx_word' id='word_1_462' title='bbox 1669 4284 1916 4351; x_wconf 90' lang='lat' dir='ltr'><strong>credere,</strong></span> <span class='ocrx_word' id='word_1_463' title='bbox 1941 4283 2038 4356; x_wconf 91' lang='lat' dir='ltr'><strong>qui</strong></span> 
     </span>
    </p>
   </div>
   <div class='ocr_carea' id='block_1_62' title="bbox 440 4364 1458 4441">
    <p class='ocr_par' dir='ltr' id='par_1_62' title="bbox 440 4364 1458 4441">
     <span class='ocr_line' id='line_1_62' title="bbox 440 4364 1458 4441; baseline 0.006 -21"><span class='ocrx_word' id='word_1_464' title='bbox 440 4382 553 4421; x_wconf 90' lang='lat' dir='ltr'><strong>non</strong></span> <span class='ocrx_word' id='word_1_465' title='bbox 579 4364 809 4421; x_wconf 90' lang='lat' dir='ltr'><strong>horrent</strong></span> <span class='ocrx_word' id='word_1_466' title='bbox 838 4382 1041 4423; x_wconf 89' lang='lat' dir='ltr'><strong>nomen</strong></span> <span class='ocrx_word' id='word_1_467' title='bbox 1079 4368 1287 4425; x_wconf 89' lang='lat' dir='ltr'><strong>Christi</strong></span> <span class='ocrx_word' id='word_1_468' title='bbox 1318 4370 1458 4441; x_wconf 87' lang='grc'>(46).</span> 
     </span>
    </p>
   </div>
   <div class='ocr_carea' id='block_1_63' title="bbox 516 4456 2024 4529">
    <p class='ocr_par' dir='ltr' id='par_1_63' title="bbox 516 4456 2024 4529">
     <span class='ocr_line' id='line_1_63' title="bbox 516 4456 2024 4529; baseline 0.002 -16"><span class='ocrx_word' id='word_1_469' title='bbox 516 4456 699 4527; x_wconf 85' lang='lat' dir='ltr'><strong>(Vers.</strong></span> <span class='ocrx_word' id='word_1_470' title='bbox 732 4456 845 4526; x_wconf 90' lang='grc'>17.)</span> <span class='ocrx_word' id='word_1_471' title='bbox 891 4480 909 4503; x_wconf 77' lang='grc' dir='ltr'>ι</span> <span class='ocrx_word' id='word_1_472' title='bbox 941 4457 1060 4512; x_wconf 88' lang='lat' dir='ltr'><strong>Nisi</strong></span> <span class='ocrx_word' id='word_1_473' title='bbox 1092 4457 1392 4529; x_wconf 89' lang='lat' dir='ltr'><strong>unicuique</strong></span> <span class='ocrx_word' id='word_1_474' title='bbox 1419 4458 1563 4516; x_wconf 87' lang='lat' dir='ltr'><strong>sicut</strong></span> <span class='ocrx_word' id='word_1_475' title='bbox 1593 4458 1787 4515; x_wconf 77' lang='lat' dir='ltr'><strong>divisit</strong></span> <span class='ocrx_word' id='word_1_476' title='bbox 1809 4462 1971 4516; x_wconf 92' lang='lat' dir='ltr'><strong>Deus.</strong></span> <span class='ocrx_word' id='word_1_477' title='bbox 2008 4487 2024 4509; x_wconf 76' lang='grc' dir='ltr'><strong>ι</strong></span> 
     </span>
    </p>
   </div>
   <div class='ocr_carea' id='block_1_64' title="bbox 446 4545 2039 4620">
    <p class='ocr_par' dir='ltr' id='par_1_64' title="bbox 446 4545 2039 4620">
     <span class='ocr_line' id='line_1_64' title="bbox 446 4545 2039 4620; baseline 0.003 -18"><span class='ocrx_word' id='word_1_478' title='bbox 446 4545 656 4602; x_wconf 89' lang='lat' dir='ltr'><strong>Divisit</strong></span> <span class='ocrx_word' id='word_1_479' title='bbox 717 4545 1022 4618; x_wconf 89' lang='lat' dir='ltr'><strong>unicuique</strong></span> <span class='ocrx_word' id='word_1_480' title='bbox 1057 4546 1352 4615; x_wconf 89' lang='lat' dir='ltr'><strong>Dominus,</strong></span> <span class='ocrx_word' id='word_1_481' title='bbox 1385 4548 1603 4620; x_wconf 86' lang='lat' dir='ltr'><strong>quando</strong></span> <span class='ocrx_word' id='word_1_482' title='bbox 1634 4549 1739 4603; x_wconf 67' lang='lat' dir='ltr'><strong>salt</strong></span> <span class='ocrx_word' id='word_1_483' title='bbox 1755 4558 1895 4618; x_wconf 91' lang='lat' dir='ltr'><strong>etur,</strong></span> <span class='ocrx_word' id='word_1_484' title='bbox 1933 4550 2039 4607; x_wconf 91' lang='lat' dir='ltr'><strong>hoc</strong></span> 
     </span>
    </p>
   </div>
   <div class='ocr_carea' id='block_1_65' title="bbox 447 4636 2034 4710">
    <p class='ocr_par' dir='ltr' id='par_1_65' title="bbox 447 4636 2034 4710">
     <span class='ocr_line' id='line_1_65' title="bbox 447 4636 2034 4710; baseline 0.001 -16"><span class='ocrx_word' id='word_1_485' title='bbox 447 4645 551 4705; x_wconf 85' lang='lat' dir='ltr'><strong>est,</strong></span> <span class='ocrx_word' id='word_1_486' title='bbox 573 4637 679 4693; x_wconf 90' lang='lat' dir='ltr'><strong>scit</strong></span> <span class='ocrx_word' id='word_1_487' title='bbox 712 4636 933 4710; x_wconf 84' lang='lat' dir='ltr'><strong>quando</strong></span> <span class='ocrx_word' id='word_1_488' title='bbox 985 4646 1164 4710; x_wconf 89' lang='lat' dir='ltr'><strong>potest</strong></span> <span class='ocrx_word' id='word_1_489' title='bbox 1192 4636 1435 4705; x_wconf 88' lang='lat' dir='ltr'><strong>credere,</strong></span> <span class='ocrx_word' id='word_1_490' title='bbox 1493 4646 1548 4694; x_wconf 91' lang='lat' dir='ltr'><strong>et</strong></span> <span class='ocrx_word' id='word_1_491' title='bbox 1575 4639 1807 4694; x_wconf 88' lang='lat' dir='ltr'><strong>sustinet</strong></span> <span class='ocrx_word' id='word_1_492' title='bbox 1854 4639 2034 4695; x_wconf 88' lang='lat' dir='ltr'><strong>illum.</strong></span> 
     </span>
    </p>
   </div>
   <div class='ocr_carea' id='block_1_66' title="bbox 437 4726 2037 4801">
    <p class='ocr_par' dir='ltr' id='par_1_66' title="bbox 437 4726 2037 4801">
     <span class='ocr_line' id='line_1_66' title="bbox 437 4726 2037 4801; baseline 0.001 -16"><span class='ocrx_word' id='word_1_493' title='bbox 437 4726 511 4785; x_wconf 88' lang='lat' dir='ltr'><strong>Et</strong></span> <span class='ocrx_word' id='word_1_494' title='bbox 539 4727 632 4784; x_wconf 90' lang='lat' dir='ltr'><strong>hic</strong></span> <span class='ocrx_word' id='word_1_495' title='bbox 659 4728 819 4785; x_wconf 85' lang='lat' dir='ltr'><strong>docet</strong></span> <span class='ocrx_word' id='word_1_496' title='bbox 834 4727 1232 4801; x_wconf 87' lang='lat' dir='ltr'><strong>exspectandos</strong></span> <span class='ocrx_word' id='word_1_497' title='bbox 1257 4744 1371 4795; x_wconf 92' lang='lat' dir='ltr'><strong>eos,</strong></span> <span class='ocrx_word' id='word_1_498' title='bbox 1394 4745 1495 4785; x_wconf 89' lang='lat' dir='ltr'><strong>nec</strong></span> <span class='ocrx_word' id='word_1_499' title='bbox 1521 4728 1837 4785; x_wconf 89' lang='lat' dir='ltr'><strong>scandalum</strong></span> <span class='ocrx_word' id='word_1_500' title='bbox 1861 4730 1927 4785; x_wconf 90' lang='lat' dir='ltr'><strong>de</strong></span> <span class='ocrx_word' id='word_1_501' title='bbox 1950 4730 2037 4786; x_wconf 89' lang='lat' dir='ltr'><strong>his</strong></span> 
     </span>
    </p>
   </div>
   <div class='ocr_carea' id='block_1_67' title="bbox 438 4818 2034 4893">
    <p class='ocr_par' dir='ltr' id='par_1_67' title="bbox 438 4818 2034 4893">
     <span class='ocr_line' id='line_1_67' title="bbox 438 4818 2034 4893; baseline 0.002 -19"><span class='ocrx_word' id='word_1_502' title='bbox 438 4819 553 4892; x_wconf 91' lang='lat' dir='ltr'><strong>pati</strong></span> <span class='ocrx_word' id='word_1_503' title='bbox 584 4818 801 4889; x_wconf 86' lang='lat' dir='ltr'><strong>debere,</strong></span> <span class='ocrx_word' id='word_1_504' title='bbox 855 4820 987 4893; x_wconf 88' lang='lat' dir='ltr'><strong>quia</strong></span> <span class='ocrx_word' id='word_1_505' title='bbox 1014 4820 1377 4878; x_wconf 88' lang='lat' dir='ltr'><strong>custodienda</strong></span> <span class='ocrx_word' id='word_1_506' title='bbox 1404 4827 1485 4876; x_wconf 91' lang='lat' dir='ltr'><strong>est</strong></span> <span class='ocrx_word' id='word_1_507' title='bbox 1541 4836 1663 4892; x_wconf 86' lang='lat' dir='ltr'><strong>spes</strong></span> <span class='ocrx_word' id='word_1_508' title='bbox 1693 4820 1913 4876; x_wconf 88' lang='lat' dir='ltr'><strong>illorum</strong></span> <span class='ocrx_word' id='word_1_509' title='bbox 1943 4839 1955 4887; x_wconf 89' lang='lat'>;</span> <span class='ocrx_word' id='word_1_510' title='bbox 1988 4821 2034 4877; x_wconf 92' lang='lat' dir='ltr'><strong>si</strong></span> 
     </span>
    </p>
   </div>
   <div class='ocr_carea' id='block_1_68' title="bbox 436 4909 1850 4982">
    <p class='ocr_par' dir='ltr' id='par_1_68' title="bbox 436 4909 1850 4982">
     <span class='ocr_line' id='line_1_68' title="bbox 436 4909 1850 4982; baseline 0.002 -17"><span class='ocrx_word' id='word_1_511' title='bbox 436 4909 586 4965; x_wconf 87' lang='lat' dir='ltr'><strong>enim</strong></span> <span class='ocrx_word' id='word_1_512' title='bbox 620 4910 721 4982; x_wconf 88' lang='lat' dir='ltr'><strong>ipsi</strong></span> <span class='ocrx_word' id='word_1_513' title='bbox 751 4910 1124 4980; x_wconf 87' lang='lat' dir='ltr'><strong>discesserint,</strong></span> <span class='ocrx_word' id='word_1_514' title='bbox 1156 4911 1623 4969; x_wconf 90' lang='lat' dir='ltr'><strong>dissimulandum</strong></span> <span class='ocrx_word' id='word_1_515' title='bbox 1655 4912 1723 4968; x_wconf 90' lang='lat' dir='ltr'><strong>ab</strong></span> <span class='ocrx_word' id='word_1_516' title='bbox 1745 4912 1850 4968; x_wconf 90' lang='lat' dir='ltr'><strong>his.</strong></span> 
     </span>
    </p>
   </div>
   <div class='ocr_carea' id='block_1_69' title="bbox 524 4998 2019 5074">
    <p class='ocr_par' dir='ltr' id='par_1_69' title="bbox 524 4998 2019 5074">
     <span class='ocr_line' id='line_1_69' title="bbox 524 4998 2019 5074; baseline 0.002 -20"><span class='ocrx_word' id='word_1_517' title='bbox 524 5025 542 5045; x_wconf 80' lang='grc' dir='ltr'>ι</span> <span class='ocrx_word' id='word_1_518' title='bbox 565 4998 1020 5074; x_wconf 86' lang='lat' dir='ltr'><strong>Unumquemque</strong></span> <span class='ocrx_word' id='word_1_519' title='bbox 1036 5001 1181 5058; x_wconf 90' lang='lat' dir='ltr'><strong>sicut</strong></span> <span class='ocrx_word' id='word_1_520' title='bbox 1199 5003 1423 5059; x_wconf 84' lang='lat' dir='ltr'><strong>vocavit</strong></span> <span class='ocrx_word' id='word_1_521' title='bbox 1448 5005 1616 5071; x_wconf 92' lang='lat' dir='ltr'><strong>Deus,</strong></span> <span class='ocrx_word' id='word_1_522' title='bbox 1636 5002 1710 5059; x_wconf 88' lang='lat' dir='ltr'><strong>ita</strong></span> <span class='ocrx_word' id='word_1_523' title='bbox 1731 5002 2019 5057; x_wconf 76' lang='lat' dir='ltr'><strong>ambulet.-</strong></span> 
     </span>
    </p>
   </div>
   <div class='ocr_carea' id='block_1_70' title="bbox 438 5088 2029 5167">
    <p class='ocr_par' dir='ltr' id='par_1_70' title="bbox 438 5088 2029 5167">
     <span class='ocr_line' id='line_1_70' title="bbox 438 5088 2029 5167; baseline 0.003 -23"><span class='ocrx_word' id='word_1_524' title='bbox 438 5088 553 5144; x_wconf 85' lang='lat' dir='ltr'><strong>Hoc</strong></span> <span class='ocrx_word' id='word_1_525' title='bbox 586 5096 687 5157; x_wconf 88' lang='lat' dir='ltr'><strong>est,</strong></span> <span class='ocrx_word' id='word_1_526' title='bbox 718 5099 780 5147; x_wconf 92' lang='lat' dir='ltr'><strong>ut</strong></span> <span class='ocrx_word' id='word_1_527' title='bbox 808 5092 853 5147; x_wconf 90' lang='lat' dir='ltr'><strong>si</strong></span> <span class='ocrx_word' id='word_1_528' title='bbox 887 5093 1243 5149; x_wconf 90' lang='lat' dir='ltr'><strong>matrimonio</strong></span> <span class='ocrx_word' id='word_1_529' title='bbox 1267 5094 1499 5166; x_wconf 89' lang='lat' dir='ltr'><strong>junctus</strong></span> <span class='ocrx_word' id='word_1_530' title='bbox 1546 5103 1627 5151; x_wconf 89' lang='lat' dir='ltr'><strong>est</strong></span> <span class='ocrx_word' id='word_1_531' title='bbox 1683 5094 1778 5167; x_wconf 92' lang='lat' dir='ltr'><strong>qui</strong></span> <span class='ocrx_word' id='word_1_532' title='bbox 1835 5093 2029 5161; x_wconf 90' lang='lat' dir='ltr'><strong>credit,</strong></span> 
     </span>
    </p>
   </div>
   <div class='ocr_carea' id='block_1_71' title="bbox 438 5177 2033 5256">
    <p class='ocr_par' dir='ltr' id='par_1_71' title="bbox 438 5177 2033 5256">
     <span class='ocr_line' id='line_1_71' title="bbox 438 5177 2033 5256; baseline 0.001 -22"><span class='ocrx_word' id='word_1_533' title='bbox 438 5194 550 5235; x_wconf 91' lang='lat' dir='ltr'><strong>non</strong></span> <span class='ocrx_word' id='word_1_534' title='bbox 579 5177 811 5248; x_wconf 88' lang='lat' dir='ltr'><strong>deserat,</strong></span> <span class='ocrx_word' id='word_1_535' title='bbox 843 5198 1019 5256; x_wconf 90' lang='lat' dir='ltr'><strong>neque</strong></span> <span class='ocrx_word' id='word_1_536' title='bbox 1049 5183 1157 5251; x_wconf 87' lang='lat' dir='ltr'><strong>vir,</strong></span> <span class='ocrx_word' id='word_1_537' title='bbox 1193 5199 1366 5255; x_wconf 90' lang='lat' dir='ltr'><strong>neque</strong></span> <span class='ocrx_word' id='word_1_538' title='bbox 1389 5185 1591 5241; x_wconf 88' lang='lat' dir='ltr'><strong>mulier</strong></span> <span class='ocrx_word' id='word_1_539' title='bbox 1622 5227 1636 5252; x_wconf 92' lang='lat'><strong>,</strong></span> <span class='ocrx_word' id='word_1_540' title='bbox 1670 5183 1767 5240; x_wconf 90' lang='lat' dir='ltr'><strong>sed</strong></span> <span class='ocrx_word' id='word_1_541' title='bbox 1797 5184 1877 5240; x_wconf 89' lang='lat' dir='ltr'><strong>sic</strong></span> <span class='ocrx_word' id='word_1_542' title='bbox 1906 5199 2033 5239; x_wconf 67' lang='grc' dir='ltr'><strong>[ηδ-ι</strong></span> 
     </span>
    </p>
   </div>
   <div class='ocr_carea' id='block_1_72' title="bbox 437 5271 1413 5343">
    <p class='ocr_par' dir='ltr' id='par_1_72' title="bbox 437 5271 1413 5343">
     <span class='ocr_line' id='line_1_72' title="bbox 437 5271 1413 5343; baseline 0.003 -17"><span class='ocrx_word' id='word_1_543' title='bbox 437 5278 584 5340; x_wconf 89' lang='lat' dir='ltr'><strong>neat,</strong></span> <span class='ocrx_word' id='word_1_544' title='bbox 611 5271 728 5328; x_wconf 88' lang='lat' dir='ltr'><strong>sive</strong></span> <span class='ocrx_word' id='word_1_545' title='bbox 756 5271 1000 5343; x_wconf 68' lang='lat' dir='ltr'><strong>Iudaeus,</strong></span> <span class='ocrx_word' id='word_1_546' title='bbox 1030 5273 1149 5329; x_wconf 83' lang='lat' dir='ltr'><strong>sive</strong></span> <span class='ocrx_word' id='word_1_547' title='bbox 1169 5272 1413 5331; x_wconf 77' lang='lat' dir='ltr'><strong>Graecus.</strong></span> 
     </span>
    </p>
   </div>
   <div class='ocr_carea' id='block_1_73' title="bbox 510 5481 2031 5559">
    <p class='ocr_par' dir='ltr' id='par_1_73' title="bbox 510 5481 2031 5559">
     <span class='ocr_line' id='line_1_73' title="bbox 510 5481 2031 5559; baseline 0.004 -19"><span class='ocrx_word' id='word_1_548' title='bbox 510 5481 627 5559; x_wconf 84' lang='grc'>(44)</span> <span class='ocrx_word' id='word_1_549' title='bbox 659 5487 924 5543; x_wconf 86' lang='lat' dir='ltr'><strong>Nonnulli</strong></span> <span class='ocrx_word' id='word_1_550' title='bbox 956 5504 1112 5556; x_wconf 92' lang='lat' dir='ltr'><strong>mss.,</strong></span> <span class='ocrx_word' id='word_1_551' title='bbox 1139 5485 1401 5558; x_wconf 77' lang='lat' dir='ltr'><strong>quidquid</strong></span> <span class='ocrx_word' id='word_1_552' title='bbox 1443 5489 1825 5559; x_wconf 63' lang='lat' dir='ltr'><strong>praedicatione</strong></span> <span class='ocrx_word' id='word_1_553' title='bbox 1866 5491 2031 5547; x_wconf 74' lang='lat' dir='ltr'><strong>idolo-</strong></span> 
     </span>
    </p>
   </div>
   <div class='ocr_carea' id='block_1_74' title="bbox 434 5557 2029 5714">
    <p class='ocr_par' dir='ltr' id='par_1_74' title="bbox 434 5557 2029 5714">
     <span class='ocr_line' id='line_1_74' title="bbox 434 5557 2029 5714; baseline 0.004 -31"><span class='ocrx_word' id='word_1_554' title='bbox 434 5557 744 5708; x_wconf 47' lang='lat' dir='ltr'><strong>nagtlta</strong></span> <span class='ocrx_word' id='word_1_555' title='bbox 774 5627 910 5714; x_wconf 91' lang='lat' dir='ltr'><strong>edit.</strong></span> <span class='ocrx_word' id='word_1_556' title='bbox 950 5637 1412 5714; x_wconf 42' lang='lat' dir='ltr'><strong>omnes,.et_mss._</strong></span> <span class='ocrx_word' id='word_1_557' title='bbox 1441 5632 1691 5714; x_wconf 79' lang='lat' dir='ltr'><strong>aliquot:</strong></span> <span class='ocrx_word' id='word_1_558' title='bbox 1725 5633 1818 5714; x_wconf 58' lang='lat' dir='ltr'><strong>alii</strong></span> <span class='ocrx_word' id='word_1_559' title='bbox 1842 5641 2029 5714; x_wconf 73' lang='lat' dir='ltr'><strong>autem</strong></span> 
     </span>
    </p>
   </div>
   <div class='ocr_carea' id='block_1_75' title="bbox 436 5704 2032 5777">
    <p class='ocr_par' dir='ltr' id='par_1_75' title="bbox 436 5704 2032 5777">
     <span class='ocr_line' id='line_1_75' title="bbox 436 5704 2032 5777; baseline 0.003 -23"><span class='ocrx_word' id='word_1_560' title='bbox 436 5704 631 5777; x_wconf 75' lang='lat' dir='ltr'><strong>majori</strong></span> <span class='ocrx_word' id='word_1_561' title='bbox 662 5713 915 5765; x_wconf 87' lang='lat' dir='ltr'><strong>numero,</strong></span> <span class='ocrx_word' id='word_1_562' title='bbox 952 5717 1014 5754; x_wconf 79' lang='lat' dir='ltr'><strong>ne</strong></span> <span class='ocrx_word' id='word_1_563' title='bbox 1057 5704 1268 5777; x_wconf 72' lang='lat' dir='ltr'><strong>audiret</strong></span> <span class='ocrx_word' id='word_1_564' title='bbox 1308 5709 1578 5777; x_wconf 80' lang='lat' dir='ltr'><strong>rectorem,</strong></span> <span class='ocrx_word' id='word_1_565' title='bbox 1618 5712 1722 5760; x_wconf 89' lang='lat' dir='ltr'><strong>etc.</strong></span> <span class='ocrx_word' id='word_1_566' title='bbox 1748 5704 2032 5777; x_wconf 88' lang='lat' dir='ltr'><strong>Quidquid</strong></span> 
     </span>
    </p>
   </div>
   <div class='ocr_carea' id='block_1_76' title="bbox 436 5769 2032 5849">
    <p class='ocr_par' dir='ltr' id='par_1_76' title="bbox 436 5769 2032 5849">
     <span class='ocr_line' id='line_1_76' title="bbox 436 5769 2032 5849; baseline 0.002 -20"><span class='ocrx_word' id='word_1_567' title='bbox 436 5769 567 5829; x_wconf 74' lang='lat' dir='ltr'><strong>vero</strong></span> <span class='ocrx_word' id='word_1_568' title='bbox 597 5769 748 5829; x_wconf 89' lang='lat' dir='ltr'><strong>hunc</strong></span> <span class='ocrx_word' id='word_1_569' title='bbox 784 5786 1006 5830; x_wconf 81' lang='lat' dir='ltr'><strong>sensum</strong></span> <span class='ocrx_word' id='word_1_570' title='bbox 1035 5774 1285 5846; x_wconf 83' lang='lat' dir='ltr'><strong>sequitur</strong></span> <span class='ocrx_word' id='word_1_571' title='bbox 1316 5790 1486 5849; x_wconf 86' lang='lat' dir='ltr'><strong>usque</strong></span> <span class='ocrx_word' id='word_1_572' title='bbox 1515 5769 1584 5833; x_wconf 86' lang='lat' dir='ltr'><strong>ad</strong></span> <span class='ocrx_word' id='word_1_573' title='bbox 1611 5777 1680 5833; x_wconf 85' lang='lat' dir='ltr'><strong>In</strong></span> <span class='ocrx_word' id='word_1_574' title='bbox 1697 5769 1828 5849; x_wconf 53' lang='lat' dir='ltr'><strong>pars</strong></span> <span class='ocrx_word' id='word_1_575' title='bbox 1852 5769 2032 5832; x_wconf 71' lang='lat' dir='ltr'><strong>autem</strong></span> 
     </span>
    </p>
   </div>
   <div class='ocr_carea' id='block_1_77' title="bbox 2063 4604 2111 4663">
    <p class='ocr_par' dir='ltr' id='par_1_77' title="bbox 2063 4604 2111 4663">
     <span class='ocr_line' id='line_1_77' title="bbox 2063 4604 2111 4663; baseline 0 0"><span class='ocrx_word' id='word_1_576' title='bbox 2063 4604 2111 4663; x_wconf 92' lang='lat' dir='ltr'><strong>D</strong></span> 
     </span>
    </p>
   </div>
   <div class='ocr_carea' id='block_1_78' title="bbox 2146 1944 3451 2018">
    <p class='ocr_par' dir='ltr' id='par_1_78' title="bbox 2146 1944 3451 2018">
     <span class='ocr_line' id='line_1_78' title="bbox 2146 1944 3451 2018; baseline 0.001 -18"><span class='ocrx_word' id='word_1_577' title='bbox 2146 1945 2312 2002; x_wconf 85' lang='lat' dir='ltr'><strong>fuisse</strong></span> <span class='ocrx_word' id='word_1_578' title='bbox 2342 1954 2395 2001; x_wconf 93' lang='lat' dir='ltr'><strong>et</strong></span> <span class='ocrx_word' id='word_1_579' title='bbox 2435 1963 2543 2001; x_wconf 91' lang='lat' dir='ltr'><strong>non</strong></span> <span class='ocrx_word' id='word_1_580' title='bbox 2574 1963 2713 2011; x_wconf 83' lang='lat' dir='ltr'><strong>esse,</strong></span> <span class='ocrx_word' id='word_1_581' title='bbox 2746 1963 2910 2018; x_wconf 91' lang='lat' dir='ltr'><strong>quam</strong></span> <span class='ocrx_word' id='word_1_582' title='bbox 2952 1961 3234 2017; x_wconf 89' lang='lat' dir='ltr'><strong>nunquam</strong></span> <span class='ocrx_word' id='word_1_583' title='bbox 3264 1944 3451 2001; x_wconf 89' lang='lat' dir='ltr'><strong>fuisse.</strong></span> 
     </span>
    </p>
   </div>
   <div class='ocr_carea' id='block_1_79' title="bbox 2218 2034 3740 2109">
    <p class='ocr_par' dir='ltr' id='par_1_79' title="bbox 2218 2034 3740 2109">
     <span class='ocr_line' id='line_1_79' title="bbox 2218 2034 3740 2109; baseline -0.002 -17"><span class='ocrx_word' id='word_1_584' title='bbox 2218 2038 2401 2109; x_wconf 85' lang='lat' dir='ltr'><strong>(Vers.</strong></span> <span class='ocrx_word' id='word_1_585' title='bbox 2434 2037 2547 2107; x_wconf 87' lang='grc'>19.)</span> <span class='ocrx_word' id='word_1_586' title='bbox 2591 2059 2609 2081; x_wconf 76' lang='grc' dir='ltr'>ι</span> <span class='ocrx_word' id='word_1_587' title='bbox 2642 2036 3005 2092; x_wconf 89' lang='lat' dir='ltr'><strong>Circumcisio</strong></span> <span class='ocrx_word' id='word_1_588' title='bbox 3034 2034 3175 2090; x_wconf 92' lang='lat' dir='ltr'><strong>nihil</strong></span> <span class='ocrx_word' id='word_1_589' title='bbox 3200 2041 3301 2102; x_wconf 91' lang='lat' dir='ltr'><strong>est,</strong></span> <span class='ocrx_word' id='word_1_590' title='bbox 3334 2043 3390 2090; x_wconf 91' lang='lat' dir='ltr'><strong>et</strong></span> <span class='ocrx_word' id='word_1_591' title='bbox 3416 2034 3740 2105; x_wconf 67' lang='lat' dir='ltr'><strong>praputium</strong></span> 
     </span>
    </p>
   </div>
   <div class='ocr_carea' id='block_1_80' title="bbox 2146 2122 3744 2198">
    <p class='ocr_par' dir='ltr' id='par_1_80' title="bbox 2146 2122 3744 2198">
     <span class='ocr_line' id='line_1_80' title="bbox 2146 2122 3744 2198; baseline 0.001 -19"><span class='ocrx_word' id='word_1_592' title='bbox 2146 2124 2289 2180; x_wconf 89' lang='lat' dir='ltr'><strong>nihil</strong></span> <span class='ocrx_word' id='word_1_593' title='bbox 2332 2133 2431 2180; x_wconf 90' lang='lat' dir='ltr'><strong>est.</strong></span> <span class='ocrx_word' id='word_1_594' title='bbox 2468 2150 2486 2173; x_wconf 76' lang='grc' dir='ltr'><strong>ι</strong></span> <span class='ocrx_word' id='word_1_595' title='bbox 2543 2125 2897 2180; x_wconf 86' lang='lat' dir='ltr'><strong>Manifestum</strong></span> <span class='ocrx_word' id='word_1_596' title='bbox 2949 2134 3048 2193; x_wconf 91' lang='lat' dir='ltr'><strong>est,</strong></span> <span class='ocrx_word' id='word_1_597' title='bbox 3100 2124 3232 2198; x_wconf 90' lang='lat' dir='ltr'><strong>quia</strong></span> <span class='ocrx_word' id='word_1_598' title='bbox 3269 2140 3372 2179; x_wconf 92' lang='lat' dir='ltr'><strong>nec</strong></span> <span class='ocrx_word' id='word_1_599' title='bbox 3406 2122 3587 2192; x_wconf 89' lang='lat' dir='ltr'><strong>obest,</strong></span> <span class='ocrx_word' id='word_1_600' title='bbox 3651 2140 3744 2180; x_wconf 83' lang='lat' dir='ltr'><strong>nec</strong></span> 
     </span>
    </p>
   </div>
   <div class='ocr_carea' id='block_1_81' title="bbox 2147 2213 3741 2286">
    <p class='ocr_par' dir='ltr' id='par_1_81' title="bbox 2147 2213 3741 2286">
     <span class='ocr_line' id='line_1_81' title="bbox 2147 2213 3741 2286; baseline -0.001 -16"><span class='ocrx_word' id='word_1_601' title='bbox 2147 2214 2387 2286; x_wconf 88' lang='lat' dir='ltr'><strong>prodest.</strong></span> <span class='ocrx_word' id='word_1_602' title='bbox 2431 2238 2449 2261; x_wconf 75' lang='grc' dir='ltr'>ι</span> <span class='ocrx_word' id='word_1_603' title='bbox 2476 2213 2581 2269; x_wconf 92' lang='lat' dir='ltr'><strong>Sed</strong></span> <span class='ocrx_word' id='word_1_604' title='bbox 2608 2214 2920 2271; x_wconf 90' lang='lat' dir='ltr'><strong>observatio</strong></span> <span class='ocrx_word' id='word_1_605' title='bbox 2946 2214 3329 2271; x_wconf 88' lang='lat' dir='ltr'><strong>mandatorum</strong></span> <span class='ocrx_word' id='word_1_606' title='bbox 3360 2213 3485 2281; x_wconf 88' lang='lat' dir='ltr'><strong>Dei,</strong></span> <span class='ocrx_word' id='word_1_607' title='bbox 3516 2238 3535 2261; x_wconf 75' lang='grc' dir='ltr'><strong><em>ι</em></strong></span> <span class='ocrx_word' id='word_1_608' title='bbox 3569 2213 3629 2269; x_wconf 90' lang='lat' dir='ltr'><strong>id</strong></span> <span class='ocrx_word' id='word_1_609' title='bbox 3647 2222 3741 2282; x_wconf 86' lang='lat' dir='ltr'><strong>est,</strong></span> 
     </span>
    </p>
   </div>
   <div class='ocr_carea' id='block_1_82' title="bbox 2145 2302 3742 2375">
    <p class='ocr_par' dir='ltr' id='par_1_82' title="bbox 2145 2302 3742 2375">
     <span class='ocr_line' id='line_1_82' title="bbox 2145 2302 3742 2375; baseline 0 -17"><span class='ocrx_word' id='word_1_610' title='bbox 2145 2302 2281 2359; x_wconf 89' lang='lat' dir='ltr'><strong>ﬁdes</strong></span> <span class='ocrx_word' id='word_1_611' title='bbox 2309 2304 2609 2375; x_wconf 90' lang='lat' dir='ltr'><strong>propitium</strong></span> <span class='ocrx_word' id='word_1_612' title='bbox 2644 2304 2775 2360; x_wconf 81' lang='lat' dir='ltr'><strong>facit</strong></span> <span class='ocrx_word' id='word_1_613' title='bbox 2804 2306 3002 2373; x_wconf 88' lang='lat' dir='ltr'><strong>Deum,</strong></span> <span class='ocrx_word' id='word_1_614' title='bbox 3058 2304 3106 2359; x_wconf 91' lang='lat' dir='ltr'><strong>si</strong></span> <span class='ocrx_word' id='word_1_615' title='bbox 3155 2304 3319 2359; x_wconf 91' lang='lat' dir='ltr'><strong>bouis</strong></span> <span class='ocrx_word' id='word_1_616' title='bbox 3357 2303 3626 2375; x_wconf 87' lang='lat' dir='ltr'><strong>operibus</strong></span> <span class='ocrx_word' id='word_1_617' title='bbox 3656 2319 3742 2375; x_wconf 88' lang='lat' dir='ltr'><strong>ap-</strong></span> 
     </span>
    </p>
   </div>
   <div class='ocr_carea' id='block_1_83' title="bbox 2146 2394 2427 2465">
    <p class='ocr_par' dir='ltr' id='par_1_83' title="bbox 2146 2394 2427 2465">
     <span class='ocr_line' id='line_1_83' title="bbox 2146 2394 2427 2465; baseline 0.007 -18"><span class='ocrx_word' id='word_1_618' title='bbox 2146 2394 2427 2465; x_wconf 88' lang='lat' dir='ltr'><strong>probetur.</strong></span> 
     </span>
    </p>
   </div>
   <div class='ocr_carea' id='block_1_84' title="bbox 2220 2483 3748 2558">
    <p class='ocr_par' dir='ltr' id='par_1_84' title="bbox 2220 2483 3748 2558">
     <span class='ocr_line' id='line_1_84' title="bbox 2220 2483 3748 2558; baseline -0.002 -17"><span class='ocrx_word' id='word_1_619' title='bbox 2220 2485 2401 2556; x_wconf 87' lang='lat' dir='ltr'><strong>(Vers.</strong></span> <span class='ocrx_word' id='word_1_620' title='bbox 2435 2485 2525 2554; x_wconf 86' lang='lat'><strong>20,</strong></span> <span class='ocrx_word' id='word_1_621' title='bbox 2556 2485 2673 2557; x_wconf 86' lang='grc'>21.)</span> <span class='ocrx_word' id='word_1_622' title='bbox 2710 2509 2728 2532; x_wconf 80' lang='grc' dir='ltr'>ι</span> <span class='ocrx_word' id='word_1_623' title='bbox 2760 2485 3145 2558; x_wconf 88' lang='lat' dir='ltr'><strong>Unusquisque</strong></span> <span class='ocrx_word' id='word_1_624' title='bbox 3176 2483 3234 2539; x_wconf 93' lang='lat' dir='ltr'><strong>in</strong></span> <span class='ocrx_word' id='word_1_625' title='bbox 3259 2499 3321 2540; x_wconf 89' lang='lat' dir='ltr'><strong>ea</strong></span> <span class='ocrx_word' id='word_1_626' title='bbox 3342 2484 3670 2552; x_wconf 87' lang='lat' dir='ltr'><strong>vocatione,</strong></span> <span class='ocrx_word' id='word_1_627' title='bbox 3693 2484 3748 2538; x_wconf 87' lang='lat' dir='ltr'><strong>in</strong></span> 
     </span>
    </p>
   </div>
   <div class='ocr_carea' id='block_1_85' title="bbox 2146 2573 3748 2647">
    <p class='ocr_par' dir='ltr' id='par_1_85' title="bbox 2146 2573 3748 2647">
     <span class='ocr_line' id='line_1_85' title="bbox 2146 2573 3748 2647; baseline 0.001 -20"><span class='ocrx_word' id='word_1_628' title='bbox 2146 2589 2254 2645; x_wconf 90' lang='lat' dir='ltr'><strong>qua</strong></span> <span class='ocrx_word' id='word_1_629' title='bbox 2274 2582 2497 2630; x_wconf 90' lang='lat' dir='ltr'><strong>vocatus</strong></span> <span class='ocrx_word' id='word_1_630' title='bbox 2526 2582 2625 2642; x_wconf 92' lang='lat' dir='ltr'><strong>est,</strong></span> <span class='ocrx_word' id='word_1_631' title='bbox 2671 2575 2731 2630; x_wconf 90' lang='lat' dir='ltr'><strong>in</strong></span> <span class='ocrx_word' id='word_1_632' title='bbox 2776 2575 2894 2646; x_wconf 88' lang='lat' dir='ltr'><strong>ipsa</strong></span> <span class='ocrx_word' id='word_1_633' title='bbox 2932 2583 3264 2647; x_wconf 89' lang='lat' dir='ltr'><strong>permaneat.</strong></span> <span class='ocrx_word' id='word_1_634' title='bbox 3299 2598 3317 2620; x_wconf 75' lang='grc' dir='ltr'>ι</span> <span class='ocrx_word' id='word_1_635' title='bbox 3374 2573 3492 2631; x_wconf 88' lang='lat' dir='ltr'><strong>Hoc</strong></span> <span class='ocrx_word' id='word_1_636' title='bbox 3532 2573 3748 2641; x_wconf 88' lang='lat' dir='ltr'><strong>ﬁrmat,</strong></span> 
     </span>
    </p>
   </div>
   <div class='ocr_carea' id='block_1_86' title="bbox 2148 2663 3743 2737">
    <p class='ocr_par' dir='ltr' id='par_1_86' title="bbox 2148 2663 3743 2737">
     <span class='ocr_line' id='line_1_86' title="bbox 2148 2663 3743 2737; baseline -0.001 -18"><span class='ocrx_word' id='word_1_637' title='bbox 2148 2664 2294 2736; x_wconf 91' lang='lat' dir='ltr'><strong>quod</strong></span> <span class='ocrx_word' id='word_1_638' title='bbox 2324 2682 2488 2737; x_wconf 90' lang='lat' dir='ltr'><strong>supra</strong></span> <span class='ocrx_word' id='word_1_639' title='bbox 2517 2665 2683 2720; x_wconf 84' lang='lat' dir='ltr'><strong>dixit.</strong></span> <span class='ocrx_word' id='word_1_640' title='bbox 2731 2690 2749 2712; x_wconf 78' lang='grc' dir='ltr'>ι</span> <span class='ocrx_word' id='word_1_641' title='bbox 2779 2665 2982 2721; x_wconf 88' lang='lat' dir='ltr'><strong>Servus</strong></span> <span class='ocrx_word' id='word_1_642' title='bbox 3013 2674 3240 2721; x_wconf 86' lang='lat' dir='ltr'><strong>vocatus</strong></span> <span class='ocrx_word' id='word_1_643' title='bbox 3268 2664 3513 2720; x_wconf 79' lang='lat' dir='ltr'><strong>es?Non</strong></span> <span class='ocrx_word' id='word_1_644' title='bbox 3543 2665 3619 2720; x_wconf 87' lang='lat' dir='ltr'><strong>sit</strong></span> <span class='ocrx_word' id='word_1_645' title='bbox 3646 2663 3743 2719; x_wconf 93' lang='lat' dir='ltr'><strong>tibi</strong></span> 
     </span>
    </p>
   </div>
   <div class='ocr_carea' id='block_1_87' title="bbox 2146 2752 3746 2826">
    <p class='ocr_par' dir='ltr' id='par_1_87' title="bbox 2146 2752 3746 2826">
     <span class='ocr_line' id='line_1_87' title="bbox 2146 2752 3746 2826; baseline -0.001 -17"><span class='ocrx_word' id='word_1_646' title='bbox 2146 2769 2323 2809; x_wconf 66' lang='lat' dir='ltr'><strong>curas:</strong></span> <span class='ocrx_word' id='word_1_647' title='bbox 2351 2754 2445 2809; x_wconf 92' lang='lat' dir='ltr'><strong>sed</strong></span> <span class='ocrx_word' id='word_1_648' title='bbox 2475 2762 2529 2808; x_wconf 93' lang='lat' dir='ltr'><strong>et</strong></span> <span class='ocrx_word' id='word_1_649' title='bbox 2549 2755 2592 2809; x_wconf 89' lang='lat' dir='ltr'><strong>si</strong></span> <span class='ocrx_word' id='word_1_650' title='bbox 2617 2764 2771 2826; x_wconf 91' lang='lat' dir='ltr'><strong>potes</strong></span> <span class='ocrx_word' id='word_1_651' title='bbox 2794 2755 2933 2809; x_wconf 90' lang='lat' dir='ltr'><strong>liber</strong></span> <span class='ocrx_word' id='word_1_652' title='bbox 2963 2754 3105 2822; x_wconf 87' lang='lat' dir='ltr'><strong>ﬁeri,</strong></span> <span class='ocrx_word' id='word_1_653' title='bbox 3138 2754 3311 2825; x_wconf 89' lang='lat' dir='ltr'><strong>magis</strong></span> <span class='ocrx_word' id='word_1_654' title='bbox 3329 2760 3503 2808; x_wconf 88' lang='lat' dir='ltr'><strong>utere.</strong></span> <span class='ocrx_word' id='word_1_655' title='bbox 3538 2778 3559 2802; x_wconf 72' lang='grc' dir='ltr'><strong><em>ι</em></strong></span> <span class='ocrx_word' id='word_1_656' title='bbox 3602 2752 3746 2807; x_wconf 87' lang='lat' dir='ltr'><strong>Hor-</strong></span> 
     </span>
    </p>
   </div>
   <div class='ocr_carea' id='block_1_88' title="bbox 2147 2841 3743 2907">
    <p class='ocr_par' dir='ltr' id='par_1_88' title="bbox 2147 2841 3743 2907">
     <span class='ocr_line' id='line_1_88' title="bbox 2147 2841 3743 2907; baseline -0.002 -9"><span class='ocrx_word' id='word_1_657' title='bbox 2147 2850 2295 2898; x_wconf 91' lang='lat' dir='ltr'><strong>tatur</strong></span> <span class='ocrx_word' id='word_1_658' title='bbox 2324 2851 2384 2897; x_wconf 93' lang='lat' dir='ltr'><strong>ut</strong></span> <span class='ocrx_word' id='word_1_659' title='bbox 2403 2843 2540 2899; x_wconf 92' lang='lat' dir='ltr'><strong>bene</strong></span> <span class='ocrx_word' id='word_1_660' title='bbox 2560 2844 2807 2899; x_wconf 88' lang='lat' dir='ltr'><strong>serviens</strong></span> <span class='ocrx_word' id='word_1_661' title='bbox 2825 2843 2891 2899; x_wconf 92' lang='lat' dir='ltr'><strong>de</strong></span> <span class='ocrx_word' id='word_1_662' title='bbox 2908 2844 3006 2899; x_wconf 91' lang='lat' dir='ltr'><strong>Dei</strong></span> <span class='ocrx_word' id='word_1_663' title='bbox 3039 2844 3237 2898; x_wconf 91' lang='lat' dir='ltr'><strong>timore</strong></span> <span class='ocrx_word' id='word_1_664' title='bbox 3260 2842 3470 2898; x_wconf 91' lang='lat' dir='ltr'><strong>carnali</strong></span> <span class='ocrx_word' id='word_1_665' title='bbox 3494 2841 3743 2907; x_wconf 89' lang='lat' dir='ltr'><strong>domino,</strong></span> 
     </span>
    </p>
   </div>
   <div class='ocr_carea' id='block_1_89' title="bbox 2147 2932 3742 3003">
    <p class='ocr_par' dir='ltr' id='par_1_89' title="bbox 2147 2932 3742 3003">
     <span class='ocr_line' id='line_1_89' title="bbox 2147 2932 3742 3003; baseline 0.003 -16"><span class='ocrx_word' id='word_1_666' title='bbox 2147 2932 2374 3003; x_wconf 89' lang='lat' dir='ltr'><strong>dignum</strong></span> <span class='ocrx_word' id='word_1_667' title='bbox 2406 2950 2462 2988; x_wconf 92' lang='lat' dir='ltr'><strong>se</strong></span> <span class='ocrx_word' id='word_1_668' title='bbox 2483 2933 2647 2989; x_wconf 79' lang='lat' dir='ltr'><strong>faciat</strong></span> <span class='ocrx_word' id='word_1_669' title='bbox 2679 2934 2952 3000; x_wconf 89' lang='lat' dir='ltr'><strong>libertate,</strong></span> <span class='ocrx_word' id='word_1_670' title='bbox 2988 2950 3055 2989; x_wconf 91' lang='lat' dir='ltr'><strong>ne</strong></span> <span class='ocrx_word' id='word_1_671' title='bbox 3081 2933 3313 2989; x_wconf 90' lang='lat' dir='ltr'><strong>audiens</strong></span> <span class='ocrx_word' id='word_1_672' title='bbox 3343 2934 3484 2988; x_wconf 83' lang='lat' dir='ltr'><strong>forte</strong></span> <span class='ocrx_word' id='word_1_673' title='bbox 3510 2951 3523 2989; x_wconf 92' lang='lat'>:</span> <span class='ocrx_word' id='word_1_674' title='bbox 3564 2958 3583 2981; x_wconf 85' lang='grc'><strong>‹</strong></span> <span class='ocrx_word' id='word_1_675' title='bbox 3630 2936 3742 2992; x_wconf 88' lang='lat' dir='ltr'><strong>Ser-</strong></span> 
     </span>
    </p>
   </div>
   <div class='ocr_carea' id='block_1_90' title="bbox 2148 3023 3746 3096">
    <p class='ocr_par' dir='ltr' id='par_1_90' title="bbox 2148 3023 3746 3096">
     <span class='ocr_line' id='line_1_90' title="bbox 2148 3023 3746 3096; baseline 0.002 -19"><span class='ocrx_word' id='word_1_676' title='bbox 2148 3039 2250 3077; x_wconf 88' lang='lat' dir='ltr'><strong>vus</strong></span> <span class='ocrx_word' id='word_1_677' title='bbox 2278 3032 2505 3079; x_wconf 88' lang='lat' dir='ltr'><strong>vocatus</strong></span> <span class='ocrx_word' id='word_1_678' title='bbox 2535 3025 2639 3079; x_wconf 78' lang='lat' dir='ltr'><strong>es?</strong></span> <span class='ocrx_word' id='word_1_679' title='bbox 2668 3025 2789 3079; x_wconf 90' lang='lat' dir='ltr'><strong>Non</strong></span> <span class='ocrx_word' id='word_1_680' title='bbox 2828 3024 2930 3080; x_wconf 88' lang='lat' dir='ltr'><strong>tibi</strong></span> <span class='ocrx_word' id='word_1_681' title='bbox 2979 3025 3051 3080; x_wconf 87' lang='lat' dir='ltr'><strong>sit</strong></span> <span class='ocrx_word' id='word_1_682' title='bbox 3098 3040 3280 3090; x_wconf 66' lang='lat' dir='ltr'><strong>curas;</strong></span> <span class='ocrx_word' id='word_1_683' title='bbox 3318 3048 3336 3070; x_wconf 78' lang='grc' dir='ltr'><strong><em>ι</em></strong></span> <span class='ocrx_word' id='word_1_684' title='bbox 3383 3023 3746 3096; x_wconf 89' lang='lat' dir='ltr'><strong>negligentior</strong></span> 
     </span>
    </p>
   </div>
   <div class='ocr_carea' id='block_1_91' title="bbox 2147 3112 3747 3180">
    <p class='ocr_par' dir='ltr' id='par_1_91' title="bbox 2147 3112 3747 3180">
     <span class='ocr_line' id='line_1_91' title="bbox 2147 3112 3747 3180; baseline 0.001 -12"><span class='ocrx_word' id='word_1_685' title='bbox 2147 3123 2287 3169; x_wconf 91' lang='lat' dir='ltr'><strong>esset</strong></span> <span class='ocrx_word' id='word_1_686' title='bbox 2311 3114 2456 3169; x_wconf 89' lang='lat' dir='ltr'><strong>circa</strong></span> <span class='ocrx_word' id='word_1_687' title='bbox 2475 3114 2651 3170; x_wconf 89' lang='lat' dir='ltr'><strong>bonos</strong></span> <span class='ocrx_word' id='word_1_688' title='bbox 2679 3123 2833 3171; x_wconf 90' lang='lat' dir='ltr'><strong>actus</strong></span> <span class='ocrx_word' id='word_1_689' title='bbox 2867 3112 3103 3169; x_wconf 79' lang='lat' dir='ltr'><strong>carnalis</strong></span> <span class='ocrx_word' id='word_1_690' title='bbox 3135 3112 3372 3180; x_wconf 89' lang='lat' dir='ltr'><strong>domini,</strong></span> <span class='ocrx_word' id='word_1_691' title='bbox 3403 3124 3461 3169; x_wconf 90' lang='lat' dir='ltr'><strong>et</strong></span> <span class='ocrx_word' id='word_1_692' title='bbox 3490 3113 3747 3171; x_wconf 86' lang='lat' dir='ltr'><strong>doctrina</strong></span> 
     </span>
    </p>
   </div>
   <div class='ocr_carea' id='block_1_92' title="bbox 2148 3202 3744 3276">
    <p class='ocr_par' dir='ltr' id='par_1_92' title="bbox 2148 3202 3744 3276">
     <span class='ocr_line' id='line_1_92' title="bbox 2148 3202 3744 3276; baseline 0.001 -19"><span class='ocrx_word' id='word_1_693' title='bbox 2148 3202 2353 3259; x_wconf 90' lang='lat' dir='ltr'><strong>Christi</strong></span> <span class='ocrx_word' id='word_1_694' title='bbox 2393 3204 2890 3276; x_wconf 86' lang='lat' dir='ltr'><strong>blasphemaretur,</strong></span> <span class='ocrx_word' id='word_1_695' title='bbox 2917 3214 2971 3259; x_wconf 92' lang='lat' dir='ltr'><strong>et</strong></span> <span class='ocrx_word' id='word_1_696' title='bbox 3006 3219 3108 3259; x_wconf 89' lang='lat' dir='ltr'><strong>nec</strong></span> <span class='ocrx_word' id='word_1_697' title='bbox 3156 3202 3249 3257; x_wconf 92' lang='lat' dir='ltr'><strong>ille</strong></span> <span class='ocrx_word' id='word_1_698' title='bbox 3296 3204 3470 3258; x_wconf 90' lang='lat' dir='ltr'><strong>Deum</strong></span> <span class='ocrx_word' id='word_1_699' title='bbox 3524 3220 3744 3276; x_wconf 88' lang='lat' dir='ltr'><strong>prome-</strong></span> 
     </span>
    </p>
   </div>
   <div class='ocr_carea' id='block_1_93' title="bbox 2146 3291 3742 3366">
    <p class='ocr_par' dir='ltr' id='par_1_93' title="bbox 2146 3291 3742 3366">
     <span class='ocr_line' id='line_1_93' title="bbox 2146 3291 3742 3366; baseline -0.001 -18"><span class='ocrx_word' id='word_1_700' title='bbox 2146 3301 2316 3361; x_wconf 88' lang='lat' dir='ltr'><strong>retur,</strong></span> <span class='ocrx_word' id='word_1_701' title='bbox 2349 3294 2443 3366; x_wconf 90' lang='lat' dir='ltr'><strong>qui</strong></span> <span class='ocrx_word' id='word_1_702' title='bbox 2484 3294 2538 3348; x_wconf 90' lang='lat' dir='ltr'><strong>in</strong></span> <span class='ocrx_word' id='word_1_703' title='bbox 2587 3294 2674 3349; x_wconf 89' lang='lat' dir='ltr'><strong>his</strong></span> <span class='ocrx_word' id='word_1_704' title='bbox 2722 3294 2953 3349; x_wconf 89' lang='lat' dir='ltr'><strong>terrenis</strong></span> <span class='ocrx_word' id='word_1_705' title='bbox 2996 3292 3135 3348; x_wconf 92' lang='lat' dir='ltr'><strong>bene</strong></span> <span class='ocrx_word' id='word_1_706' title='bbox 3162 3291 3429 3360; x_wconf 89' lang='lat' dir='ltr'><strong>serviens,</strong></span> <span class='ocrx_word' id='word_1_707' title='bbox 3483 3293 3742 3349; x_wconf 87' lang='lat' dir='ltr'><strong>meritum</strong></span> 
     </span>
    </p>
   </div>
   <div class='ocr_carea' id='block_1_94' title="bbox 2146 3380 3747 3455">
    <p class='ocr_par' dir='ltr' id='par_1_94' title="bbox 2146 3380 3747 3455">
     <span class='ocr_line' id='line_1_94' title="bbox 2146 3380 3747 3455; baseline 0 -18"><span class='ocrx_word' id='word_1_708' title='bbox 2146 3382 2252 3437; x_wconf 91' lang='lat' dir='ltr'><strong>sibi</strong></span> <span class='ocrx_word' id='word_1_709' title='bbox 2284 3383 2517 3438; x_wconf 84' lang='lat' dir='ltr'><strong>collocat</strong></span> <span class='ocrx_word' id='word_1_710' title='bbox 2538 3383 2677 3455; x_wconf 89' lang='lat' dir='ltr'><strong>apud</strong></span> <span class='ocrx_word' id='word_1_711' title='bbox 2701 3386 2872 3439; x_wconf 89' lang='lat' dir='ltr'><strong>Deum</strong></span> <span class='ocrx_word' id='word_1_712' title='bbox 2897 3381 3054 3455; x_wconf 90' lang='lat' dir='ltr'><strong>:quia</strong></span> <span class='ocrx_word' id='word_1_713' title='bbox 3076 3381 3225 3437; x_wconf 86' lang='lat' dir='ltr'><strong>dixit</strong></span> <span class='ocrx_word' id='word_1_714' title='bbox 3260 3380 3572 3437; x_wconf 88' lang='lat' dir='ltr'><strong>Dominus:</strong></span> <span class='ocrx_word' id='word_1_715' title='bbox 3610 3407 3627 3429; x_wconf 80' lang='grc' dir='ltr'>ι</span> <span class='ocrx_word' id='word_1_716' title='bbox 3649 3382 3747 3450; x_wconf 89' lang='lat' dir='ltr'><strong>Qui</strong></span> 
     </span>
    </p>
   </div>
   <div class='ocr_carea' id='block_1_95' title="bbox 2148 3471 3721 3543">
    <p class='ocr_par' dir='ltr' id='par_1_95' title="bbox 2148 3471 3721 3543">
     <span class='ocr_line' id='line_1_95' title="bbox 2148 3471 3721 3543; baseline 0.002 -18"><span class='ocrx_word' id='word_1_717' title='bbox 2148 3471 2206 3526; x_wconf 90' lang='lat' dir='ltr'><strong>in</strong></span> <span class='ocrx_word' id='word_1_718' title='bbox 2240 3473 2472 3527; x_wconf 89' lang='lat' dir='ltr'><strong>minimo</strong></span> <span class='ocrx_word' id='word_1_719' title='bbox 2503 3473 2681 3529; x_wconf 88' lang='lat' dir='ltr'><strong>ﬁdelis</strong></span> <span class='ocrx_word' id='word_1_720' title='bbox 2708 3482 2810 3541; x_wconf 90' lang='lat' dir='ltr'><strong>est,</strong></span> <span class='ocrx_word' id='word_1_721' title='bbox 2841 3481 2895 3527; x_wconf 91' lang='lat' dir='ltr'><strong>et</strong></span> <span class='ocrx_word' id='word_1_722' title='bbox 2932 3472 2990 3527; x_wconf 91' lang='lat' dir='ltr'><strong>in</strong></span> <span class='ocrx_word' id='word_1_723' title='bbox 3025 3488 3220 3543; x_wconf 89' lang='lat' dir='ltr'><strong>magno</strong></span> <span class='ocrx_word' id='word_1_724' title='bbox 3251 3471 3404 3543; x_wconf 89' lang='lat' dir='ltr'><strong>(Luc.</strong></span> <span class='ocrx_word' id='word_1_725' title='bbox 3431 3488 3555 3540; x_wconf 81' lang='lat' dir='ltr'><strong>xvr,</strong></span> <span class='ocrx_word' id='word_1_726' title='bbox 3588 3472 3721 3543; x_wconf 77' lang='lat'><strong>10).-</strong></span> 
     </span>
    </p>
   </div>
   <div class='ocr_carea' id='block_1_96' title="bbox 2221 3561 3740 3634">
    <p class='ocr_par' dir='ltr' id='par_1_96' title="bbox 2221 3561 3740 3634">
     <span class='ocr_line' id='line_1_96' title="bbox 2221 3561 3740 3634; baseline -0.001 -17"><span class='ocrx_word' id='word_1_727' title='bbox 2221 3563 2402 3634; x_wconf 85' lang='lat' dir='ltr'><strong>(Vers.</strong></span> <span class='ocrx_word' id='word_1_728' title='bbox 2428 3563 2544 3634; x_wconf 89' lang='lat'><strong>22.)</strong></span> <span class='ocrx_word' id='word_1_729' title='bbox 2590 3588 2607 3609; x_wconf 76' lang='grc' dir='ltr'>ι</span> <span class='ocrx_word' id='word_1_730' title='bbox 2631 3562 2735 3629; x_wconf 92' lang='lat' dir='ltr'><strong>Qui</strong></span> <span class='ocrx_word' id='word_1_731' title='bbox 2755 3563 2901 3617; x_wconf 92' lang='lat' dir='ltr'><strong>enim</strong></span> <span class='ocrx_word' id='word_1_732' title='bbox 2934 3563 2991 3617; x_wconf 90' lang='lat' dir='ltr'><strong>in</strong></span> <span class='ocrx_word' id='word_1_733' title='bbox 3017 3561 3255 3617; x_wconf 85' lang='lat' dir='ltr'><strong>Domino</strong></span> <span class='ocrx_word' id='word_1_734' title='bbox 3277 3566 3506 3615; x_wconf 80' lang='lat' dir='ltr'><strong>vocatus</strong></span> <span class='ocrx_word' id='word_1_735' title='bbox 3534 3568 3618 3617; x_wconf 86' lang='lat' dir='ltr'><strong>est</strong></span> <span class='ocrx_word' id='word_1_736' title='bbox 3640 3577 3740 3617; x_wconf 89' lang='lat' dir='ltr'><strong>ser-</strong></span> 
     </span>
    </p>
   </div>
   <div class='ocr_carea' id='block_1_97' title="bbox 2146 3650 3743 3723">
    <p class='ocr_par' dir='ltr' id='par_1_97' title="bbox 2146 3650 3743 3723">
     <span class='ocr_line' id='line_1_97' title="bbox 2146 3650 3743 3723; baseline 0.001 -18"><span class='ocrx_word' id='word_1_737' title='bbox 2146 3666 2269 3720; x_wconf 91' lang='lat' dir='ltr'><strong>vus,</strong></span> <span class='ocrx_word' id='word_1_738' title='bbox 2304 3653 2537 3709; x_wconf 89' lang='lat' dir='ltr'><strong>libertus</strong></span> <span class='ocrx_word' id='word_1_739' title='bbox 2559 3661 2641 3709; x_wconf 90' lang='lat' dir='ltr'><strong>est</strong></span> <span class='ocrx_word' id='word_1_740' title='bbox 2672 3652 2948 3709; x_wconf 53' lang='lat' dir='ltr'><strong>Domini»</strong></span> <span class='ocrx_word' id='word_1_741' title='bbox 2988 3652 3225 3723; x_wconf 91' lang='lat' dir='ltr'><strong>Ereptus</strong></span> <span class='ocrx_word' id='word_1_742' title='bbox 3243 3650 3393 3706; x_wconf 90' lang='lat' dir='ltr'><strong>enim</strong></span> <span class='ocrx_word' id='word_1_743' title='bbox 3414 3666 3447 3705; x_wconf 89' lang='lat' dir='ltr'><strong>a</strong></span> <span class='ocrx_word' id='word_1_744' title='bbox 3478 3652 3743 3723; x_wconf 89' lang='lat' dir='ltr'><strong>peccatis,</strong></span> 
     </span>
    </p>
   </div>
   <div class='ocr_carea' id='block_1_98' title="bbox 2147 3739 3745 3815">
    <p class='ocr_par' dir='ltr' id='par_1_98' title="bbox 2147 3739 3745 3815">
     <span class='ocr_line' id='line_1_98' title="bbox 2147 3739 3745 3815; baseline 0.001 -19"><span class='ocrx_word' id='word_1_745' title='bbox 2147 3757 2268 3814; x_wconf 74' lang='lat' dir='ltr'><strong>quae</strong></span> <span class='ocrx_word' id='word_1_746' title='bbox 2312 3758 2438 3797; x_wconf 87' lang='lat' dir='ltr'><strong>vere</strong></span> <span class='ocrx_word' id='word_1_747' title='bbox 2468 3759 2656 3799; x_wconf 90' lang='lat' dir='ltr'><strong>servos</strong></span> <span class='ocrx_word' id='word_1_748' title='bbox 2676 3743 2935 3815; x_wconf 88' lang='lat' dir='ltr'><strong>probant,</strong></span> <span class='ocrx_word' id='word_1_749' title='bbox 2967 3742 3199 3798; x_wconf 89' lang='lat' dir='ltr'><strong>libertus</strong></span> <span class='ocrx_word' id='word_1_750' title='bbox 3221 3740 3319 3808; x_wconf 88' lang='lat' dir='ltr'><strong>ﬁt;</strong></span> <span class='ocrx_word' id='word_1_751' title='bbox 3346 3739 3440 3796; x_wconf 89' lang='lat' dir='ltr'><strong>hic</strong></span> <span class='ocrx_word' id='word_1_752' title='bbox 3463 3741 3618 3797; x_wconf 89' lang='lat' dir='ltr'><strong>enim</strong></span> <span class='ocrx_word' id='word_1_753' title='bbox 3631 3758 3745 3797; x_wconf 85' lang='lat' dir='ltr'><strong>om-</strong></span> 
     </span>
    </p>
   </div>
   <div class='ocr_carea' id='block_1_99' title="bbox 2147 3828 3743 3904">
    <p class='ocr_par' dir='ltr' id='par_1_99' title="bbox 2147 3828 3743 3904">
     <span class='ocr_line' id='line_1_99' title="bbox 2147 3828 3743 3904; baseline 0.001 -21"><span class='ocrx_word' id='word_1_754' title='bbox 2147 3830 2283 3885; x_wconf 90' lang='lat' dir='ltr'><strong>nino</strong></span> <span class='ocrx_word' id='word_1_755' title='bbox 2320 3845 2511 3885; x_wconf 83' lang='lat' dir='ltr'><strong>servus</strong></span> <span class='ocrx_word' id='word_1_756' title='bbox 2540 3837 2641 3898; x_wconf 86' lang='lat' dir='ltr'><strong>est,</strong></span> <span class='ocrx_word' id='word_1_757' title='bbox 2676 3831 2772 3903; x_wconf 91' lang='lat' dir='ltr'><strong>qui</strong></span> <span class='ocrx_word' id='word_1_758' title='bbox 2801 3830 3183 3904; x_wconf 87' lang='lat' dir='ltr'><strong>imprudenter</strong></span> <span class='ocrx_word' id='word_1_759' title='bbox 3212 3829 3342 3901; x_wconf 90' lang='lat' dir='ltr'><strong>agit,</strong></span> <span class='ocrx_word' id='word_1_760' title='bbox 3376 3828 3525 3885; x_wconf 89' lang='lat' dir='ltr'><strong>sicut</strong></span> <span class='ocrx_word' id='word_1_761' title='bbox 3557 3838 3612 3886; x_wconf 88' lang='lat' dir='ltr'><strong>et</strong></span> <span class='ocrx_word' id='word_1_762' title='bbox 3644 3845 3743 3885; x_wconf 86' lang='lat' dir='ltr'><strong>ve-</strong></span> 
     </span>
    </p>
   </div>
   <div class='ocr_carea' id='block_1_100' title="bbox 2146 3918 3746 3993">
    <p class='ocr_par' dir='ltr' id='par_1_100' title="bbox 2146 3918 3746 3993">
     <span class='ocr_line' id='line_1_100' title="bbox 2146 3918 3746 3993; baseline 0.002 -21"><span class='ocrx_word' id='word_1_763' title='bbox 2146 3918 2358 3975; x_wconf 90' lang='lat' dir='ltr'><strong>teribus</strong></span> <span class='ocrx_word' id='word_1_764' title='bbox 2389 3920 2617 3992; x_wconf 89' lang='lat' dir='ltr'><strong>placuit,</strong></span> <span class='ocrx_word' id='word_1_765' title='bbox 2641 3920 2737 3993; x_wconf 90' lang='lat' dir='ltr'><strong>qui</strong></span> <span class='ocrx_word' id='word_1_766' title='bbox 2766 3937 2959 3977; x_wconf 91' lang='lat' dir='ltr'><strong>omnes</strong></span> <span class='ocrx_word' id='word_1_767' title='bbox 2984 3921 3258 3993; x_wconf 87' lang='lat' dir='ltr'><strong>sapientes</strong></span> <span class='ocrx_word' id='word_1_768' title='bbox 3290 3919 3495 3977; x_wconf 90' lang='lat' dir='ltr'><strong>liberos</strong></span> <span class='ocrx_word' id='word_1_769' title='bbox 3550 3919 3746 3993; x_wconf 89' lang='lat' dir='ltr'><strong>appel-</strong></span> 
     </span>
    </p>
   </div>
   <div class='ocr_carea' id='block_1_101' title="bbox 2151 4008 3747 4084">
    <p class='ocr_par' dir='ltr' id='par_1_101' title="bbox 2151 4008 3747 4084">
     <span class='ocr_line' id='line_1_101' title="bbox 2151 4008 3747 4084; baseline -0.001 -21"><span class='ocrx_word' id='word_1_770' title='bbox 2151 4008 2355 4079; x_wconf 90' lang='lat' dir='ltr'><strong>larunt,</strong></span> <span class='ocrx_word' id='word_1_771' title='bbox 2389 4010 2769 4084; x_wconf 89' lang='lat' dir='ltr'><strong>imprudentes</strong></span> <span class='ocrx_word' id='word_1_772' title='bbox 2798 4021 2980 4068; x_wconf 88' lang='lat' dir='ltr'><strong>autem</strong></span> <span class='ocrx_word' id='word_1_773' title='bbox 3026 4027 3218 4067; x_wconf 91' lang='lat' dir='ltr'><strong>omnes</strong></span> <span class='ocrx_word' id='word_1_774' title='bbox 3263 4025 3475 4066; x_wconf 85' lang='lat' dir='ltr'><strong>servos.</strong></span> <span class='ocrx_word' id='word_1_775' title='bbox 3512 4008 3670 4066; x_wconf 89' lang='lat' dir='ltr'><strong>Unde</strong></span> <span class='ocrx_word' id='word_1_776' title='bbox 3698 4016 3747 4063; x_wconf 88' lang='lat' dir='ltr'><strong>et</strong></span> 
     </span>
    </p>
   </div>
   <div class='ocr_carea' id='block_1_102' title="bbox 2148 4097 3748 4175">
    <p class='ocr_par' dir='ltr' id='par_1_102' title="bbox 2148 4097 3748 4175">
     <span class='ocr_line' id='line_1_102' title="bbox 2148 4097 3748 4175; baseline -0.002 -21"><span class='ocrx_word' id='word_1_777' title='bbox 2148 4097 2442 4156; x_wconf 89' lang='lat' dir='ltr'><strong>Salomon:</strong></span> <span class='ocrx_word' id='word_1_778' title='bbox 2492 4126 2510 4149; x_wconf 74' lang='grc' dir='ltr'><strong>ι</strong></span> <span class='ocrx_word' id='word_1_779' title='bbox 2539 4102 2730 4167; x_wconf 89' lang='lat' dir='ltr'><strong>Servo,</strong></span> <span class='ocrx_word' id='word_1_780' title='bbox 2763 4102 2965 4175; x_wconf 92' lang='lat' dir='ltr'><strong>inquit,</strong></span> <span class='ocrx_word' id='word_1_781' title='bbox 3016 4100 3253 4173; x_wconf 89' lang='lat' dir='ltr'><strong>sapienti</strong></span> <span class='ocrx_word' id='word_1_782' title='bbox 3303 4097 3464 4153; x_wconf 89' lang='lat' dir='ltr'><strong>liberi</strong></span> <span class='ocrx_word' id='word_1_783' title='bbox 3506 4097 3748 4153; x_wconf 84' lang='lat' dir='ltr'><strong>servient</strong></span> 
     </span>
    </p>
   </div>
   <div class='ocr_carea' id='block_1_103' title="bbox 2150 4188 3744 4266">
    <p class='ocr_par' dir='ltr' id='par_1_103' title="bbox 2150 4188 3744 4266">
     <span class='ocr_line' id='line_1_103' title="bbox 2150 4188 3744 4266; baseline -0.002 -20"><span class='ocrx_word' id='word_1_784' title='bbox 2150 4190 2342 4262; x_wconf 82' lang='lat' dir='ltr'><strong>(Eccli.</strong></span> <span class='ocrx_word' id='word_1_785' title='bbox 2379 4208 2436 4259; x_wconf 91' lang='lat' dir='ltr'><strong>x,</strong></span> <span class='ocrx_word' id='word_1_786' title='bbox 2470 4191 2591 4264; x_wconf 90' lang='lat'><strong>28).</strong></span> <span class='ocrx_word' id='word_1_787' title='bbox 2630 4216 2648 4240; x_wconf 77' lang='grc' dir='ltr'><strong><em>ι</em></strong></span> <span class='ocrx_word' id='word_1_788' title='bbox 2693 4193 2795 4249; x_wconf 89' lang='lat' dir='ltr'><strong>Hic</strong></span> <span class='ocrx_word' id='word_1_789' title='bbox 2816 4209 2943 4266; x_wconf 88' lang='lat' dir='ltr'><strong>ergo</strong></span> <span class='ocrx_word' id='word_1_790' title='bbox 2971 4192 3067 4265; x_wconf 93' lang='lat' dir='ltr'><strong>qui</strong></span> <span class='ocrx_word' id='word_1_791' title='bbox 3088 4191 3284 4259; x_wconf 91' lang='lat' dir='ltr'><strong>credit,</strong></span> <span class='ocrx_word' id='word_1_792' title='bbox 3315 4188 3419 4245; x_wconf 92' lang='lat' dir='ltr'><strong>etsi</strong></span> <span class='ocrx_word' id='word_1_793' title='bbox 3458 4203 3657 4244; x_wconf 86' lang='lat' dir='ltr'><strong>servus</strong></span> <span class='ocrx_word' id='word_1_794' title='bbox 3675 4188 3744 4244; x_wconf 92' lang='lat' dir='ltr'><strong>sit</strong></span> 
     </span>
    </p>
   </div>
   <div class='ocr_carea' id='block_1_104' title="bbox 2146 4276 3748 4355">
    <p class='ocr_par' dir='ltr' id='par_1_104' title="bbox 2146 4276 3748 4355">
     <span class='ocr_line' id='line_1_104' title="bbox 2146 4276 3748 4355; baseline -0.002 -20"><span class='ocrx_word' id='word_1_795' title='bbox 2146 4280 2215 4335; x_wconf 91' lang='lat' dir='ltr'><strong>ad</strong></span> <span class='ocrx_word' id='word_1_796' title='bbox 2242 4287 2456 4352; x_wconf 89' lang='lat' dir='ltr'><strong>tempus</strong></span> <span class='ocrx_word' id='word_1_797' title='bbox 2480 4298 2493 4348; x_wconf 91' lang='lat'>;</span> <span class='ocrx_word' id='word_1_798' title='bbox 2527 4281 2657 4353; x_wconf 90' lang='lat' dir='ltr'><strong>quia</strong></span> <span class='ocrx_word' id='word_1_799' title='bbox 2686 4298 2799 4337; x_wconf 90' lang='lat' dir='ltr'><strong>rem</strong></span> <span class='ocrx_word' id='word_1_800' title='bbox 2828 4283 2963 4339; x_wconf 87' lang='lat' dir='ltr'><strong>facit</strong></span> <span class='ocrx_word' id='word_1_801' title='bbox 2991 4281 3341 4355; x_wconf 86' lang='lat' dir='ltr'><strong>prudentem,</strong></span> <span class='ocrx_word' id='word_1_802' title='bbox 3374 4285 3437 4333; x_wconf 93' lang='lat' dir='ltr'><strong>ut</strong></span> <span class='ocrx_word' id='word_1_803' title='bbox 3472 4277 3664 4335; x_wconf 91' lang='lat' dir='ltr'><strong>credat</strong></span> <span class='ocrx_word' id='word_1_804' title='bbox 3693 4276 3748 4332; x_wconf 88' lang='lat' dir='ltr'><strong>in</strong></span> 
     </span>
    </p>
   </div>
   <div class='ocr_carea' id='block_1_105' title="bbox 2148 4368 3750 4443">
    <p class='ocr_par' dir='ltr' id='par_1_105' title="bbox 2148 4368 3750 4443">
     <span class='ocr_line' id='line_1_105' title="bbox 2148 4368 3750 4443; baseline -0.002 -17"><span class='ocrx_word' id='word_1_805' title='bbox 2148 4368 2692 4439; x_wconf 88' lang='lat' dir='ltr'><strong>Christum,libertus</strong></span> <span class='ocrx_word' id='word_1_806' title='bbox 2716 4371 2779 4428; x_wconf 91' lang='lat' dir='ltr'><strong>ﬁt</strong></span> <span class='ocrx_word' id='word_1_807' title='bbox 2797 4373 3043 4429; x_wconf 89' lang='lat' dir='ltr'><strong>Domini.</strong></span> <span class='ocrx_word' id='word_1_808' title='bbox 3069 4371 3126 4427; x_wconf 92' lang='lat' dir='ltr'><strong>Si</strong></span> <span class='ocrx_word' id='word_1_809' title='bbox 3152 4386 3280 4443; x_wconf 86' lang='lat' dir='ltr'><strong>ergo</strong></span> <span class='ocrx_word' id='word_1_810' title='bbox 3312 4374 3538 4441; x_wconf 87' lang='lat' dir='ltr'><strong>peccata</strong></span> <span class='ocrx_word' id='word_1_811' title='bbox 3557 4383 3750 4424; x_wconf 88' lang='lat' dir='ltr'><strong>servos</strong></span> 
     </span>
    </p>
   </div>
   <div class='ocr_carea' id='block_1_106' title="bbox 2148 4456 3749 4533">
    <p class='ocr_par' dir='ltr' id='par_1_106' title="bbox 2148 4456 3749 4533">
     <span class='ocr_line' id='line_1_106' title="bbox 2148 4456 3749 4533; baseline -0.002 -19"><span class='ocrx_word' id='word_1_812' title='bbox 2148 4458 2380 4529; x_wconf 89' lang='lat' dir='ltr'><strong>faciunt,</strong></span> <span class='ocrx_word' id='word_1_813' title='bbox 2410 4462 2553 4517; x_wconf 91' lang='lat' dir='ltr'><strong>sicut</strong></span> <span class='ocrx_word' id='word_1_814' title='bbox 2583 4462 2755 4519; x_wconf 88' lang='lat' dir='ltr'><strong>Cham</strong></span> <span class='ocrx_word' id='word_1_815' title='bbox 2787 4461 2937 4517; x_wconf 91' lang='lat' dir='ltr'><strong>ﬁlius</strong></span> <span class='ocrx_word' id='word_1_816' title='bbox 2967 4463 3081 4519; x_wconf 90' lang='lat' dir='ltr'><strong>Noe</strong></span> <span class='ocrx_word' id='word_1_817' title='bbox 3110 4459 3319 4533; x_wconf 89' lang='lat' dir='ltr'><strong>peccati</strong></span> <span class='ocrx_word' id='word_1_818' title='bbox 3348 4467 3403 4514; x_wconf 94' lang='lat' dir='ltr'><strong>et</strong></span> <span class='ocrx_word' id='word_1_819' title='bbox 3423 4456 3749 4529; x_wconf 88' lang='lat' dir='ltr'><strong>impruden-</strong></span> 
     </span>
    </p>
   </div>
   <div class='ocr_carea' id='block_1_107' title="bbox 2146 4544 3750 4620">
    <p class='ocr_par' dir='ltr' id='par_1_107' title="bbox 2146 4544 3750 4620">
     <span class='ocr_line' id='line_1_107' title="bbox 2146 4544 3750 4620; baseline -0.003 -18"><span class='ocrx_word' id='word_1_820' title='bbox 2146 4547 2236 4603; x_wconf 66' lang='lat' dir='ltr'><strong>tiae</strong></span> <span class='ocrx_word' id='word_1_821' title='bbox 2276 4565 2437 4605; x_wconf 86' lang='lat' dir='ltr'><strong>causa</strong></span> <span class='ocrx_word' id='word_1_822' title='bbox 2472 4550 2648 4607; x_wconf 84' lang='lat' dir='ltr'><strong>factus</strong></span> <span class='ocrx_word' id='word_1_823' title='bbox 2688 4558 2771 4606; x_wconf 91' lang='lat' dir='ltr'><strong>est</strong></span> <span class='ocrx_word' id='word_1_824' title='bbox 2812 4566 3004 4606; x_wconf 84' lang='lat' dir='ltr'><strong>servus</strong></span> <span class='ocrx_word' id='word_1_825' title='bbox 3038 4567 3052 4617; x_wconf 92' lang='lat'><strong>;</strong></span> <span class='ocrx_word' id='word_1_826' title='bbox 3105 4565 3232 4606; x_wconf 89' lang='lat' dir='ltr'><strong>cum</strong></span> <span class='ocrx_word' id='word_1_827' title='bbox 3255 4545 3379 4620; x_wconf 88' lang='lat' dir='ltr'><strong>quis</strong></span> <span class='ocrx_word' id='word_1_828' title='bbox 3412 4544 3624 4617; x_wconf 86' lang='lat' dir='ltr'><strong>accipit</strong></span> <span class='ocrx_word' id='word_1_829' title='bbox 3654 4558 3750 4599; x_wconf 83' lang='lat' dir='ltr'><strong>re—</strong></span> 
     </span>
    </p>
   </div>
   <div class='ocr_carea' id='block_1_108' title="bbox 2149 4635 3418 4711">
    <p class='ocr_par' dir='ltr' id='par_1_108' title="bbox 2149 4635 3418 4711">
     <span class='ocr_line' id='line_1_108' title="bbox 2149 4635 3418 4711; baseline 0 -20"><span class='ocrx_word' id='word_1_830' title='bbox 2149 4638 2465 4694; x_wconf 88' lang='lat' dir='ltr'><strong>missionem</strong></span> <span class='ocrx_word' id='word_1_831' title='bbox 2500 4648 2865 4711; x_wconf 87' lang='lat' dir='ltr'><strong>peccatorum,</strong></span> <span class='ocrx_word' id='word_1_832' title='bbox 2900 4638 3131 4695; x_wconf 90' lang='lat' dir='ltr'><strong>libertus</strong></span> <span class='ocrx_word' id='word_1_833' title='bbox 3159 4635 3418 4692; x_wconf 83' lang='lat' dir='ltr'><strong>eﬁicitur.</strong></span> 
     </span>
    </p>
   </div>
   <div class='ocr_carea' id='block_1_109' title="bbox 2233 4727 3750 4802">
    <p class='ocr_par' dir='ltr' id='par_1_109' title="bbox 2233 4727 3750 4802">
     <span class='ocr_line' id='line_1_109' title="bbox 2233 4727 3750 4802; baseline -0.006 -18"><span class='ocrx_word' id='word_1_834' title='bbox 2233 4753 2251 4775; x_wconf 86' lang='grc'><strong>‹</strong></span> <span class='ocrx_word' id='word_1_835' title='bbox 2291 4729 2562 4784; x_wconf 76' lang='lat' dir='ltr'><strong>Similiter</strong></span> <span class='ocrx_word' id='word_1_836' title='bbox 2617 4730 2711 4802; x_wconf 91' lang='lat' dir='ltr'><strong>qui</strong></span> <span class='ocrx_word' id='word_1_837' title='bbox 2747 4729 2887 4785; x_wconf 90' lang='lat' dir='ltr'><strong>liber</strong></span> <span class='ocrx_word' id='word_1_838' title='bbox 2951 4736 3178 4785; x_wconf 88' lang='lat' dir='ltr'><strong>vocatus</strong></span> <span class='ocrx_word' id='word_1_839' title='bbox 3238 4734 3340 4793; x_wconf 91' lang='lat' dir='ltr'><strong>est,</strong></span> <span class='ocrx_word' id='word_1_840' title='bbox 3408 4739 3609 4780; x_wconf 88' lang='lat' dir='ltr'><strong>servus</strong></span> <span class='ocrx_word' id='word_1_841' title='bbox 3669 4727 3750 4776; x_wconf 87' lang='lat' dir='ltr'><strong>est</strong></span> 
     </span>
    </p>
   </div>
   <div class='ocr_carea' id='block_1_110' title="bbox 2146 4808 3749 4877">
    <p class='ocr_par' dir='ltr' id='par_1_110' title="bbox 2146 4808 3749 4877">
     <span class='ocr_line' id='line_1_110' title="bbox 2146 4808 3749 4877; baseline -0.007 -2"><span class='ocrx_word' id='word_1_842' title='bbox 2146 4818 2371 4875; x_wconf 89' lang='lat' dir='ltr'><strong>Christi.</strong></span> <span class='ocrx_word' id='word_1_843' title='bbox 2430 4846 2448 4868; x_wconf 78' lang='grc' dir='ltr'>ι</span> <span class='ocrx_word' id='word_1_844' title='bbox 2508 4820 2792 4877; x_wconf 81' lang='lat' dir='ltr'><strong>Profectus</strong></span> <span class='ocrx_word' id='word_1_845' title='bbox 2841 4827 2923 4875; x_wconf 91' lang='lat' dir='ltr'><strong>est</strong></span> <span class='ocrx_word' id='word_1_846' title='bbox 2977 4835 3047 4875; x_wconf 85' lang='lat' dir='ltr'><strong>ex</strong></span> <span class='ocrx_word' id='word_1_847' title='bbox 3114 4817 3287 4873; x_wconf 92' lang='lat' dir='ltr'><strong>libero</strong></span> <span class='ocrx_word' id='word_1_848' title='bbox 3344 4815 3570 4870; x_wconf 80' lang='lat' dir='ltr'><strong>servum</strong></span> <span class='ocrx_word' id='word_1_849' title='bbox 3630 4808 3749 4865; x_wconf 89' lang='lat' dir='ltr'><strong>ﬁeri</strong></span> 
     </span>
    </p>
   </div>
   <div class='ocr_carea' id='block_1_111' title="bbox 2144 4903 3739 4977">
    <p class='ocr_par' dir='ltr' id='par_1_111' title="bbox 2144 4903 3739 4977">
     <span class='ocr_line' id='line_1_111' title="bbox 2144 4903 3739 4977; baseline -0.006 -13"><span class='ocrx_word' id='word_1_850' title='bbox 2144 4906 2387 4964; x_wconf 89' lang='lat' dir='ltr'><strong>Christi:</strong></span> <span class='ocrx_word' id='word_1_851' title='bbox 2423 4909 2563 4964; x_wconf 88' lang='lat' dir='ltr'><strong>liber</strong></span> <span class='ocrx_word' id='word_1_852' title='bbox 2592 4910 2740 4964; x_wconf 91' lang='lat' dir='ltr'><strong>enim</strong></span> <span class='ocrx_word' id='word_1_853' title='bbox 2768 4917 2886 4965; x_wconf 89' lang='lat' dir='ltr'><strong>erat</strong></span> <span class='ocrx_word' id='word_1_854' title='bbox 2940 4925 2972 4964; x_wconf 90' lang='lat' dir='ltr'><strong>a</strong></span> <span class='ocrx_word' id='word_1_855' title='bbox 3033 4909 3167 4972; x_wconf 90' lang='lat' dir='ltr'><strong>Deo,</strong></span> <span class='ocrx_word' id='word_1_856' title='bbox 3222 4903 3368 4977; x_wconf 87' lang='lat' dir='ltr'><strong>quod</strong></span> <span class='ocrx_word' id='word_1_857' title='bbox 3428 4903 3739 4957; x_wconf 87' lang='lat' dir='ltr'><strong>maximum</strong></span> 
     </span>
    </p>
   </div>
   <div class='ocr_carea' id='block_1_112' title="bbox 2144 4989 3750 5055">
    <p class='ocr_par' dir='ltr' id='par_1_112' title="bbox 2144 4989 3750 5055">
     <span class='ocr_line' id='line_1_112' title="bbox 2144 4989 3750 5055; baseline -0.006 -1"><span class='ocrx_word' id='word_1_858' title='bbox 2144 4998 2352 5054; x_wconf 88' lang='lat' dir='ltr'><strong>crimen</strong></span> <span class='ocrx_word' id='word_1_859' title='bbox 2417 5008 2547 5054; x_wconf 87' lang='lat' dir='ltr'><strong>est:</strong></span> <span class='ocrx_word' id='word_1_860' title='bbox 2624 5006 2678 5055; x_wconf 91' lang='lat' dir='ltr'><strong>et</strong></span> <span class='ocrx_word' id='word_1_861' title='bbox 2733 4999 2859 5054; x_wconf 92' lang='lat' dir='ltr'><strong>ideo</strong></span> <span class='ocrx_word' id='word_1_862' title='bbox 2922 4997 3122 5053; x_wconf 88' lang='lat' dir='ltr'><strong>amissa</strong></span> <span class='ocrx_word' id='word_1_863' title='bbox 3165 5009 3350 5051; x_wconf 87' lang='lat' dir='ltr'><strong>amara</strong></span> <span class='ocrx_word' id='word_1_864' title='bbox 3376 5000 3432 5048; x_wconf 89' lang='lat' dir='ltr'><strong>et</strong></span> <span class='ocrx_word' id='word_1_865' title='bbox 3467 4989 3750 5047; x_wconf 88' lang='lat' dir='ltr'><strong>contraria</strong></span> 
     </span>
    </p>
   </div>
   <div class='ocr_carea' id='block_1_113' title="bbox 2144 5080 3748 5157">
    <p class='ocr_par' dir='ltr' id='par_1_113' title="bbox 2144 5080 3748 5157">
     <span class='ocr_line' id='line_1_113' title="bbox 2144 5080 3748 5157; baseline -0.006 -14"><span class='ocrx_word' id='word_1_866' title='bbox 2144 5087 2416 5157; x_wconf 88' lang='lat' dir='ltr'><strong>libertate,</strong></span> <span class='ocrx_word' id='word_1_867' title='bbox 2467 5089 2841 5144; x_wconf 79' lang='lat' dir='ltr'><strong>conditionem</strong></span> <span class='ocrx_word' id='word_1_868' title='bbox 2904 5088 3133 5143; x_wconf 90' lang='lat' dir='ltr'><strong>sortitus</strong></span> <span class='ocrx_word' id='word_1_869' title='bbox 3161 5093 3243 5141; x_wconf 89' lang='lat' dir='ltr'><strong>est</strong></span> <span class='ocrx_word' id='word_1_870' title='bbox 3284 5100 3405 5157; x_wconf 74' lang='lat' dir='ltr'><strong>quae</strong></span> <span class='ocrx_word' id='word_1_871' title='bbox 3438 5080 3748 5153; x_wconf 87' lang='lat' dir='ltr'><strong>prodesset,</strong></span> 
     </span>
    </p>
   </div>
   <div class='ocr_carea' id='block_1_114' title="bbox 2143 5175 3747 5248">
    <p class='ocr_par' dir='ltr' id='par_1_114' title="bbox 2143 5175 3747 5248">
     <span class='ocr_line' id='line_1_114' title="bbox 2143 5175 3747 5248; baseline -0.007 -15"><span class='ocrx_word' id='word_1_872' title='bbox 2143 5178 2286 5233; x_wconf 90' lang='lat' dir='ltr'><strong>sicut</strong></span> <span class='ocrx_word' id='word_1_873' title='bbox 2312 5179 2449 5235; x_wconf 90' lang='lat' dir='ltr'><strong>dicit</strong></span> <span class='ocrx_word' id='word_1_874' title='bbox 2504 5179 2810 5234; x_wconf 86' lang='lat' dir='ltr'><strong>Dominus:</strong></span> <span class='ocrx_word' id='word_1_875' title='bbox 2866 5177 3067 5232; x_wconf 89' lang='lat' dir='ltr'><strong>Tollite</strong></span> <span class='ocrx_word' id='word_1_876' title='bbox 3090 5175 3284 5248; x_wconf 88' lang='lat' dir='ltr'><strong>jugum</strong></span> <span class='ocrx_word' id='word_1_877' title='bbox 3341 5187 3527 5227; x_wconf 90' lang='lat' dir='ltr'><strong>meum</strong></span> <span class='ocrx_word' id='word_1_878' title='bbox 3586 5184 3747 5240; x_wconf 89' lang='lat' dir='ltr'><strong>super</strong></span> 
     </span>
    </p>
   </div>
   <div class='ocr_carea' id='block_1_115' title="bbox 2142 5261 3750 5341">
    <p class='ocr_par' dir='ltr' id='par_1_115' title="bbox 2142 5261 3750 5341">
     <span class='ocr_line' id='line_1_115' title="bbox 2142 5261 3750 5341; baseline -0.007 -17"><span class='ocrx_word' id='word_1_879' title='bbox 2142 5284 2262 5337; x_wconf 92' lang='lat' dir='ltr'><strong>vos,</strong></span> <span class='ocrx_word' id='word_1_880' title='bbox 2299 5268 2427 5341; x_wconf 86' lang='lat' dir='ltr'><strong>quia</strong></span> <span class='ocrx_word' id='word_1_881' title='bbox 2455 5284 2621 5325; x_wconf 75' lang='lat' dir='ltr'><strong>suave</strong></span> <span class='ocrx_word' id='word_1_882' title='bbox 2665 5276 2783 5324; x_wconf 86' lang='lat' dir='ltr'><strong>est:</strong></span> <span class='ocrx_word' id='word_1_883' title='bbox 2818 5274 2873 5323; x_wconf 90' lang='lat' dir='ltr'><strong>et</strong></span> <span class='ocrx_word' id='word_1_884' title='bbox 2914 5283 3054 5322; x_wconf 85' lang='lat' dir='ltr'><strong>onus</strong></span> <span class='ocrx_word' id='word_1_885' title='bbox 3096 5281 3303 5333; x_wconf 89' lang='lat' dir='ltr'><strong>meum,</strong></span> <span class='ocrx_word' id='word_1_886' title='bbox 3334 5261 3468 5335; x_wconf 89' lang='lat' dir='ltr'><strong>quia</strong></span> <span class='ocrx_word' id='word_1_887' title='bbox 3507 5261 3632 5316; x_wconf 90' lang='lat' dir='ltr'><strong>leve</strong></span> <span class='ocrx_word' id='word_1_888' title='bbox 3667 5264 3750 5313; x_wconf 87' lang='lat' dir='ltr'><strong>est</strong></span> 
     </span>
    </p>
   </div>
   <div class='ocr_carea' id='block_1_116' title="bbox 2143 5485 2959 5545">
    <p class='ocr_par' dir='ltr' id='par_1_116' title="bbox 2143 5485 2959 5545">
     <span class='ocr_line' id='line_1_116' title="bbox 2143 5485 2959 5545; baseline -0.005 -2"><span class='ocrx_word' id='word_1_889' title='bbox 2143 5488 2201 5543; x_wconf 91' lang='lat' dir='ltr'><strong>in</strong></span> <span class='ocrx_word' id='word_1_890' title='bbox 2231 5504 2359 5544; x_wconf 93' lang='lat' dir='ltr'><strong>mss.</strong></span> <span class='ocrx_word' id='word_1_891' title='bbox 2394 5488 2556 5545; x_wconf 90' lang='lat' dir='ltr'><strong>Corb.</strong></span> <span class='ocrx_word' id='word_1_892' title='bbox 2599 5485 2959 5544; x_wconf 87' lang='lat' dir='ltr'><strong>desideratur.</strong></span> 
     </span>
    </p>
   </div>
   <div class='ocr_carea' id='block_1_117' title="bbox 2202 5548 3743 5631">
    <p class='ocr_par' dir='ltr' id='par_1_117' title="bbox 2202 5548 3743 5631">
     <span class='ocr_line' id='line_1_117' title="bbox 2202 5548 3743 5631; baseline -0.002 -17"><span class='ocrx_word' id='word_1_893' title='bbox 2202 5559 2331 5631; x_wconf 73' lang='grc'>,(46)</span> <span class='ocrx_word' id='word_1_894' title='bbox 2365 5561 2522 5616; x_wconf 80' lang='lat' dir='ltr'><strong>Rom.</strong></span> <span class='ocrx_word' id='word_1_895' title='bbox 2555 5559 2713 5624; x_wconf 86' lang='lat' dir='ltr'><strong>edit.,</strong></span> <span class='ocrx_word' id='word_1_896' title='bbox 2743 5557 2837 5629; x_wconf 81' lang='lat' dir='ltr'><strong>qui</strong></span> <span class='ocrx_word' id='word_1_897' title='bbox 2872 5554 3311 5631; x_wconf 63' lang='lat' dir='ltr'><strong>nunc__horrertt;</strong></span> <span class='ocrx_word' id='word_1_898' title='bbox 3348 5548 3473 5631; x_wconf 65' lang='lat' dir='ltr'><strong>alia:</strong></span> <span class='ocrx_word' id='word_1_899' title='bbox 3525 5566 3743 5631; x_wconf 40' lang='lat' dir='ltr'><strong>onmnes,</strong></span> 
     </span>
    </p>
   </div>
   <div class='ocr_carea' id='block_1_118' title="bbox 2141 5621 3737 5703">
    <p class='ocr_par' dir='ltr' id='par_1_118' title="bbox 2141 5621 3737 5703">
     <span class='ocr_line' id='line_1_118' title="bbox 2141 5621 3737 5703; baseline -0.003 -16"><span class='ocrx_word' id='word_1_900' title='bbox 2141 5647 2203 5687; x_wconf 91' lang='lat' dir='ltr'><strong>ac</strong></span> <span class='ocrx_word' id='word_1_901' title='bbox 2224 5621 2382 5699; x_wconf 77' lang='lat' dir='ltr'><strong>mss.,</strong></span> <span class='ocrx_word' id='word_1_902' title='bbox 2414 5632 2507 5703; x_wconf 76' lang='lat' dir='ltr'><strong>qui</strong></span> <span class='ocrx_word' id='word_1_903' title='bbox 2534 5647 2640 5685; x_wconf 79' lang='lat' dir='ltr'><strong>non</strong></span> <span class='ocrx_word' id='word_1_904' title='bbox 2677 5621 2914 5696; x_wconf 67' lang='lat' dir='ltr'><strong>horrent,</strong></span> <span class='ocrx_word' id='word_1_905' title='bbox 2937 5625 3140 5699; x_wconf 88' lang='lat' dir='ltr'><strong>quibus</strong></span> <span class='ocrx_word' id='word_1_906' title='bbox 3153 5622 3310 5679; x_wconf 89' lang='lat' dir='ltr'><strong>addit</strong></span> <span class='ocrx_word' id='word_1_907' title='bbox 3329 5621 3507 5679; x_wconf 82' lang='lat' dir='ltr'><strong>codex</strong></span> <span class='ocrx_word' id='word_1_908' title='bbox 3540 5621 3737 5695; x_wconf 80' lang='lat' dir='ltr'><strong>Corb.,</strong></span> 
     </span>
    </p>
   </div>
   <div class='ocr_carea' id='block_1_119' title="bbox 2140 5705 2369 5760">
    <p class='ocr_par' dir='ltr' id='par_1_119' title="bbox 2140 5705 2369 5760">
     <span class='ocr_line' id='line_1_119' title="bbox 2140 5705 2369 5760; baseline 0.009 -2"><span class='ocrx_word' id='word_1_909' title='bbox 2140 5705 2369 5760; x_wconf 80' lang='lat' dir='ltr'><strong>credere.</strong></span> 
     </span>
    </p>
   </div>
  </div>
