3952 6202
173 181 274 244 233

1253 183 1614 242 COMMENT.
1657 182 1725 238 ΙΝ
1768 179 1978 237 ΕΡξέἴ.
2022 184 2042 236 i
2085 184 2179 236 AD
2217 182 2372 237 (lilii.

3346 185 3454 243 23!.

177 313 410 382 (3111101.,
439 327 520 378 xx,
549 309 642 376 29,
662 309 779 380 30).
805 332 825 358 ι
868 309 1190 382 Superbiam
1219 311 1401 382 itaque
1431 309 1684 376 abscidit,
1715 318 1769 365 et
1799 314 1848 370 Α
1877 309 1982 363 nisi
2011 325 2172 364 causa
2214 306 2608 365 fornicationis.
2660 309 2994 382 Frequenter
3027 312 3172 366 enim
3213 329 3338 369 suas
3363 316 3460 372 di-

175 401 439 456 unitatem
469 399 636 465 fecit;
677 405 739 453 ut
769 411 945 469 neque
973 413 1172 454 servus
1197 397 1404 470 pudore
1431 397 1769 454 conditionis

175 488 484 560 despectum
515 502 574 544 se
603 494 775 560 putet,
808 501 984 558 neque
1014 486 1154 542 liber
1183 487 1419 544 elatione
1445 487 1646 543 mentis
1673 487 1769 543 in-

177 579 354 646 ilatus,
385 593 546 635 servo
571 593 630 634 se
657 585 1010 648 superponat.

249 668 430 738 (Vera.
459 667 582 737 23.)
631 689 653 714 ι
683 665 867 722 Pretio
893 663 1066 736 empti
1097 665 1254 734 estis,
1281 665 1451 722 nolite
1477 662 1596 720 fieri
1625 663 1768 722 servi

176 756 489 814 hominum.
519 778 540 806 ι
568 755 775 810 Verum
797 761 900 820 est,
922 754 1053 825 quia
1076 761 1189 809 tam
1217 769 1342 811 caro
1371 755 1538 825 empti
1559 768 1768 818 sumus,

175 854 239 902 ut
265 861 297 901 a
324 844 484 902 nullo
529 841 732 898 redimi
769 841 1159 913 potuissemus,
1206 841 1312 898 nisi
1340 857 1374 896 a
1404 841 1645 908 Christo,
1673 840 1768 914 qui

175 933 430 990 omnium
469 931 627 988 dives
665 939 769 987 est.
803 929 908 996 Qui
956 945 1084 1000 ergo
1123 931 1301 1002 pretio
1343 931 1566 998 emitur,
1599 928 1770 1002 magis

175 1021 386 1078 servire
413 1017 596 1086 debet,
637 1024 697 1073 ut
723 1017 1066 1088 aliquatenus
1115 1017 1291 1074 vicem
1321 1017 1514 1074 reddat
1541 1027 1766 1090 empto-

173 1110 248 1165 ri.
283 1109 332 1166 Α
359 1110 474 1164 Deo
505 1121 634 1178 ergo
661 1105 851 1176 empti,
885 1104 942 1160 id
969 1112 1051 1160 est
1075 1121 1108 1161 a
1134 1104 1376 1174 Christo,
1404 1107 1550 1162 servi
1579 1106 1770 1162 homi-

175 1214 314 1255 num
366 1211 484 1252 esse
529 1209 640 1251 non
679 1192 899 1249 debent.
939 1191 1095 1249 Servi
1145 1203 1325 1251 autem
1373 1194 1659 1250 hominum
1708 1195 1767 1252 hi

185 1296 326 1353 sunt,
375 1284 469 1357 qui
517 1281 772 1339 humanis
819 1297 877 1338 se
915 1281 1220 1352 subjiciunt
1267 1284 1766 1356 superstitionibus.

191 1373 474 1445 Apostolus
500 1380 682 1426 tamen
703 1367 844 1425 illud
878 1377 1165 1438 memorat,
1195 1370 1344 1444 quod
1371 1369 1429 1425 in
1455 1371 1632 1442 capite
1659 1371 1772 1442 epi,

193 1464 330 1522 uola:
351 1461 722 1534 reprehendit,
743 1477 810 1517 eo
837 1460 985 1532 quod
1003 1460 1278 1518 dicerent:
1307 1461 1424 1530 Ego
1447 1475 1570 1516 sum
1594 1459 1770 1528 Pauli;

193 1553 322 1618 ilius
347 1561 530 1608 autem
571 1569 585 1608 :
637 1551 756 1622 Ego
784 1550 985 1620 Apollo
1021 1548 1078 1619 (I
1103 1549 1230 1606 Cor.
1265 1566 1307 1618 1,
1338 1549 1451 1622 l2).
1491 1549 1654 1606 Dedit
1681 1557 1776 1605 ta-

1878 398 2177 462 mittentes,
2212 397 2313 452 sub
2341 399 2575 468 tegmine
2612 400 2963 456 continentia:
2995 400 3125 454 alias
3153 400 3456 473 decipiunt,

1877 487 2262 558 refrigescente
2309 490 2604 558 proposito.
2646 489 2750 544 Sed
2783 491 2826 543 si
2871 489 3068 544 melius
3107 491 3224 547 vult
3270 493 3461 550 vivere

1877 591 2004 631 cum
2034 591 2206 630 uxore
2235 591 2332 630 sua
2380 574 2608 644 positus,
2656 577 2976 632 exhortatur
3027 577 3199 645 illam,
3240 587 3302 636 ut
3339 581 3459 639 sine

1877 663 2137 719 seandalo
2162 663 2354 735 purius
2384 663 2594 720 vitant.

1965 774 1984 800 ι
2019 753 2244 809 Solutus
2279 767 2337 808 es
2381 751 2449 808 ab
2478 767 2648 808 uxore
2668 751 2696 807 ?
2743 767 2811 808 ne
2838 753 3113 825 quaesieris
3139 737 3449 814 uxoremﬁs

1879 843 1951 900 Ut
1973 843 2151 900 sciens
2181 843 2288 898 hoc
2315 844 2489 914 magis
2517 843 2632 899 Deo
2661 848 2964 914 acceptum,
3007 852 3063 898 et
3089 860 3120 898 a
3146 837 3492 904 necessitate

1880 933 2140 998 liberum,
2175 947 2286 986 non
2320 939 2528 1003 quierat
2556 945 2782 986 uxorem
2809 947 2823 996 ;
2858 929 2935 984 ita
2961 935 3143 984 tamen
3172 939 3287 994 uta
3311 941 3465 990 etate.

1879 1019 1959 1074 ris
1987 1026 2268 1090 temperet.
2299 1017 2356 1074 Si
2377 1017 2700 1090 quominus,
2726 1015 2861 1089 quid
2891 1017 3111 1088 prodest
3137 1017 3466 1076 desiderium
3607 1047 3628 1055 -ι

1877 1109 2058 1164 carnis
2093 1121 2355 1178 premere,
2407 1103 2514 1161 hoc
2559 1112 2663 1172 est,
2709 1119 2822 1160 rem
2871 1103 3078 1161 licitam
3112 1121 3386 1177 spernere,
3415 1115 3470 1164 et

1881 1193 2094 1251 illicitis
2115 1193 2396 1264 subjacere
2415 1193 2444 1248 (ἱ

1954 1289 2134 1360 (Vers.
2161 1287 2277 1358 28.)
2297 1311 2316 1334 ι
2335 1286 2391 1343 Si
2419 1294 2605 1358 autem
2633 1285 2904 1358 acceperis
2930 1302 3182 1355 uxorem,
3212 1303 3322 1344 non
3350 1295 3468 1360 pec'

1879 1379 2037 1436 casti.
2068 1401 2088 1426 ι
2153 1377 2272 1432 Non
2305 1375 2496 1449 utique
2541 1385 2750 1448 peccat,
2789 1376 2920 1449 quia
2964 1376 3110 1448 quod
3153 1392 3469 1434 concessum

1883 1475 1985 1534 est,
2016 1465 2166 1522 facit.
2195 1466 2253 1520 Si
2282 1481 2414 1520 vero
2447 1464 2858 1536 contempserit,
2889 1463 3142 1519 meritum
3172 1464 3275 1520 sibi
3306 1466 3469 1520 collo-

1885 1563 1972 1610 cat
1995 1563 2048 1611 et
2075 1568 2355 1610 coronam.
2388 1553 2594 1624 Magnae
2617 1553 2766 1608 enim
2796 1553 3072 1624 patientiae
3101 1560 3201 1619 est,
3229 1553 3333 1608 hoc
3361 1567 3470 1608 non

175 1656 307 1697 men
335 1640 631 1730 αι’ῐξᾳιιιιιῐξι
666 1637 949 1730 Christ“?
975 1635 1259 1730 ξαῑθηάῑιῐη
1311 1637 1482 1730 Delli“
1509 1655 1522 1703 ;
1555 1637 1776 1730 quando
1801 1664 1849 1730 Β
1879 1643 2215 1716 contingere,
2245 1643 2392 1716 quod
2423 1643 2764 1714 prohibitum
2797 1657 2906 1698 non
2927 1650 3030 1698 est.
3067 1665 3085 1689 ι
3104 1641 3175 1697 Ει
3203 1644 3248 1698 si
3278 1655 3472 1714 nupse-

177 1745 374 1787 servos
405 1727 618 1787 Christi
646 1743 758 1784 non
797 1723 1042 1782 hominis
1070 1741 1259 1784 servos
1284 1726 1639 1799 appellandos
1672 1740 1774 1782 σεα-
1801 1723 1844 1730 ”
1881 1732 1958 1789 rit
1989 1733 2164 1806 virgo,
2212 1747 2324 1788 non
2373 1732 2638 1802 peccavit.
2672 1753 2692 1779 ι
2751 1731 2872 1786 Non
2902 1738 3110 1801 peccat,
3161 1730 3291 1801 quia
3325 1732 3470 1802 apud

179 1817 380 1875 tendit.

253 1916 436 1986 (Vere.
466 1913 584 1986 24.)
625 1933 647 1961 ι
675 1912 1066 1989 Unusquisque
1097 1913 1285 1984 frater,
1319 1914 1380 1973 in
1407 1927 1516 1990 quo
1546 1917 1773 1971 Vocatus

174 2011 286 2070 est,
313 2003 373 2058 in
403 2015 469 2058 eo
493 2009 711 2058 maneat
738 2001 883 2074 apud
911 2005 1106 2084 Deum.
1129 2027 1150 2050 ι
1185 2004 1302 2060 Hoc
1328 2007 1412 2060 est
1439 2002 1585 2077 quod
1612 2013 1776 2073 supra

181 2091 350 2159 dixit,
385 2091 534 2164 quod
561 2097 624 2146 ut
649 2091 808 2160 plene
835 2091 1203 2159 commendet,
1235 2091 1478 2149 reiterat.

259 2199 448 2270 (Vers.
495 2195 614 2268 25.)
678 2217 697 2245 ι
742 2197 820 2252 De
863 2195 1172 2269 virginibus
1220 2206 1397 2256 autem
1446 2203 1776 2272 praeceptum

181 2285 415 2345 Domini
463 2301 571 2342 non
616 2282 808 2342 habeo.
845 2308 866 2333 ι
919 2281 1035 2342 Hoc
1081 2283 1148 2340 ad
1193 2288 1392 2357 scripta
1435 2285 1654 2342 illorum
1684 2297 1780 2341 re-

189 2379 436 2450 spondit,
469 2378 614 2435 sicut
643 2393 806 2450 supra
834 2377 1016 2434 dixit:
1052 2379 1129 2433 De
1148 2378 1349 2450 quibus
1367 2385 1542 2433 autem
1567 2371 1780 2446 scripsi-

173 2459 287 2522 stis
310 2466 470 2534 mihi,
491 2456 598 2544 etc.
629 2468 768 2538 (cap.
786 2481 888 2530 vn,
911 2466 988 2537 1).
1011 2489 1031 2513 ι
1050 2491 1110 2505 --
1133 2487 1151 2512 ι
1171 2465 1476 2522 Consilium
1490 2471 1666 2520 autem
1690 2465 1780 2532 do,

187 2563 451 2629 tanquam
503 2555 935 2612 misericordiam
981 2561 1308 2610 consecutus
1351 2570 1384 2608 a
1417 2551 1675 2618 Domino,
1721 2559 1785 2609 ut

187 2644 293 2700 sim
341 2640 538 2700 fidelis.
589 2667 609 2691 ο
668 2644 1004 2714 Ρνωεθριιιω
1059 2641 1127 2697 de
1176 2641 1486 2712 virginibus
1527 2651 1684 2714 negat
1727 2655 1784 2696 se

188 2730 478 2802 accepisse,
503 2731 632 2804 quia
662 2744 772 2788 non
802 2736 1013 2802 poterat
1040 2735 1232 2786 auctor
1261 2729 1504 2800 conjugii
1535 2745 1646 2784 rem
1677 2729 1783 2785 sti-

177 2833 406 2876 'versam
450 2819 660 2890 nuptiis
695 2819 982 2890 imperare,
1028 2831 1098 2874 ne
1138 2818 1347 2873 factum
1398 2833 1557 2874 suum
1587 2817 1785 2890 pristi-

187 2923 325 2966 num
357 2915 653 2965 accusaret.
715 2929 735 2953 ι
767 2905 1071 2963 Consilium
1111 2913 1316 2973 autem,
1349 2905 1449 2973 ait,
1478 2905 1578 2972 do;
1611 2931 1631 2954 ι
1671 2921 1784 2960 non

190 2996 340 3070 quod
365 2997 673 3068 displiceat,
696 3008 871 3068 neque
890 2993 1036 3066 quod
1067 2993 1381 3050 adulatione
1409 2993 1651 3050 fucatum
1673 2994 1772 3059 sit;

189 3086 320 3158 quia
348 3085 414 3141 ad
445 3086 550 3142 hoc
589 3086 817 3158 gratiam
849 3091 1177 3140 consecutus
1207 3089 1308 3151 est,
1337 3087 1401 3136 ut
1441 3081 1672 3137 idoneus
1709 3079 1780 3136 sit

187 3172 249 3228 in
279 3171 477 3228 dandis
503 3169 753 3227 consiliis
779 3169 1129 3224 salutaribus.

263 3273 576 3350 (Vers.26.)
597 3299 614 3322 ι
631 3273 909 3328 Existimo
933 3287 1057 3343 ergo
1080 3271 1187 3327 hoc
1205 3269 1412 3326 bonum
1437 3283 1551 3327 esse
1571 3275 1788 3341 propter

187 3375 518 3442 praesentem
551 3362 928 3419 necessitatem
953 3378 990 3428 ;ι
1022 3357 1150 3431 quia
1177 3358 1446 3430 optimum
1469 3365 1549 3414 est
1575 3353 1788 3442 homini

185 3439 270 3512 sic
297 3469 436 3511 esse.
467 3476 485 3499 ι
528 3449 742 3506 Bonum
772 3448 907 3504 dicit
927 3463 1042 3503 esse
1060 3446 1330 3518 virginem
1362 3458 1695 3518 permanere.
1718 3439 1790 3498 Et

186 3549 253 3600 ut
279 3543 387 3598 hoc
405 3535 714 3596 absolutius
731 3535 1059 3602 ostenderet,
1079 3558 1097 3582 ι
1117 3543 1337 3606 propter
1353 3541 1670 3605 prasentem
1697 3543 1788 3587 ne-

190 3627 529 3695 cessitatem,
555 3649 573 3675 ι
603 3625 680 3682 ait
705 3641 717 3682 :
751 3625 878 3698 quia
905 3621 1173 3696 optimum
1197 3628 1298 3690 est,
1321 3625 1382 3677 ut
1411 3621 1554 3676 inter
1580 3617 1782 3675 bonum

191 3729 247 3777 et
280 3713 549 3790 optimum
595 3709 735 3770 nihil
781 3719 893 3769 tam
945 3709 1266 3784 praeclarum
1309 3717 1470 3782 atque
1495 3708 1630 3765 utile
1669 3719 1785 3764 esse

190 3811 632 3879 cognosceretur,
656 3815 818 3875 quam
840 3805 920 3856 est
950 3797 1276 3870 virginitas;
1311 3797 1440 3870 quia
1466 3811 1576 3852 non
1605 3791 1784 3852 solum

193 3891 342 3970 apud
389 3895 560 3949 Deum
613 3887 986 3962 virginitatem
1039 3883 1562 3944 commendatiorem
1603 3881 1782 3970 docet,

193 3969 288 4042 scd
340 3985 396 4038 et
451 3979 594 4052 apud
651 3977 824 4034 vitam
871 3981 1214 4050 praesentem,
1269 3970 1401 4030 dum
1441 3969 1786 4029 necessitates

190 4068 458 4142 temporis
486 4065 662 4123 nescit
683 4077 819 4137 quas
847 4063 1054 4136 patitur
1081 4060 1424 4134 conjugatio;
1455 4063 1508 4116 et
1530 4074 1786 4116 maerores

193 4165 405 4234 partus,
437 4153 714 4226 simulque
741 4151 1004 4208 orbitates
1030 4149 1277 4206 ﬁliorum
1309 4148 1540 4219 ignorat.
1563 4147 1633 4202 Ut
1659 4159 1787 4218 ergo

193 4249 263 4308 ad
291 4245 436 4302 hanc
463 4239 821 4300 aﬂectandam
865 4239 1200 4306 hortaretur,
1235 4238 1366 4298 138
1393 4238 1673 4306 praesentis
1700 4246 1790 4288 ne-

194 4341 467 4404 cessitatis
495 4335 669 4395 exitia
697 4333 901 4392 lucrari
929 4332 1087 4438 docft
1113 4331 1233 4402 has,
1263 4327 1559 4438 quieiliam
1587 4324 1790 4438 dilexe-
1817 4370 1868 4438 Β

195 4429 342 4497 rint;
391 4435 453 4484 ut
491 4423 619 4483 cuni
665 4437 777 4480 non
809 4423 987 4479 solum
1027 4418 1171 4478 hanc
1218 4415 1362 4493 apud
1391 4415 1562 4476 Deum
1607 4419 1788 4504 locum

197 4517 482 4576 meliorem
518 4509 721 4570 habere
749 4511 990 4577 discunt,
1020 4524 1212 4567 verum
1233 4509 1395 4566 etiam
1425 4505 1483 4564 in
1511 4505 1786 4580 presenti,

199 4605 352 4666 omni
400 4601 678 4661 industria
719 4601 863 4658 banc
906 4605 1240 4674 appeterent.
1283 4597 1463 4655 Unum
1509 4597 1657 4654 enim
1683 4603 1788 4666 est,

197 4691 346 4772 quod
375 4692 583 4751 laborat
608 4707 623 4762 ;
671 4695 734 4748 ut
761 4689 1012 4748 affectum
1043 4689 1222 4769 carnis
1249 4685 1456 4755 vincat,
1494 4685 1553 4742 in
1579 4683 1791 4742 cis-teris

196 4781 464 4841 omnibus
495 4779 686 4837 libera.
735 4777 878 4846 Quia
905 4777 1051 4834 enim
1089 4793 1214 4834 caro
1257 4777 1316 4832 in
1343 4775 1558 4847 origine
1585 4789 1682 4830 sua
1709 4782 1793 4831 est

197 4880 250 4928 et
270 4877 494 4936 natura,
514 4879 645 4924 usus
666 4863 786 4938 ejus
805 4865 990 4922 suavis
1010 4864 1231 4921 videtur
1249 4873 1302 4920 et
1323 4859 1502 4919 dulcis
1530 4861 1786 4944 affectus;

199 4960 323 5017 ideo
350 4958 470 5014 hac
497 4970 750 5027 superare
779 4971 889 5010 non
918 4953 1106 5010 brevis
1134 4952 1309 5024 gloria
1337 4961 1438 5007 est.

189 5107 196 5114 -
270 5063 462 5137 (Vere.
482 5061 602 5132 21.)
646 5079 666 5108 ι
696 5053 928 5118 Vinctus
957 5073 1014 5116 es
1043 5059 1208 5116 uxori
1228 5060 1257 5115 ?
1283 5057 1363 5113 Ne
1391 5053 1672 5129 qumsieris
1695 5069 1794 5109 sou

200 5153 494 5211 lutionem.
533 5172 553 5196 ι
605 5149 732 5205 Haec
759 5147 1125 5204 remediorum
1173 5145 1404 5202 consilia
1443 5151 1606 5210 sunt;
1660 5137 1796 5198 dicit

191 5236 344 5298 enim
395 5253 513 5296 non
568 5233 764 5294 debere
817 5250 1147 5312 quemquam
1203 5227 1416 5289 absolvi
1471 5227 1540 5285 ab
1589 5243 1794 5297 uxore,

199 5443 202 5446 ‘
267 5432 390 5507 (47)
429 5426 717 5507 Quidquid,
757 5421 1191 5507 abiitverhis»
1239 5415 1689 5507 9"“"E'Z‘f33‘1li‘:
1729 5415 1799 5507 εξὲ

292 5438 390 5507 47)
429 5438 713 5502 Quidquid
757 5438 826 5484 an
871 5438 956 5482 nis
984 5438 1191 5488 vernis,
1239 5438 1477 5490 quamvis
1506 5438 1682 5494 san-et,
1729 5438 1799 5498 ειμι

205 5438 467 5566 inferiora
504 5502 623 5568 illa,
675 5506 723 5555 et
757 5499 850 5569 qui
877 5497 1068 5552 habent
1109 5507 1332 5558 uxores,
1377 5493 1711 5554 continetur,
1739 5499 1800 5542 in

547 5595 789 5652 Psruou.
829 5591 1007 5648 XVII.

1881 1819 2056 1876 Deum
2081 1834 2152 1876 ex
2181 1819 2283 1876 hac
2309 1834 2470 1876 causa
2497 1819 2668 1874 libera
2693 1827 2794 1874 est.

1968 1939 1990 1968 ι
2024 1916 2428 1974 Tribulationes
2457 1925 2637 1972 tamen
2667 1915 2847 1972 carnis
2879 1914 3160 1972 habebunt
3187 1914 3468 1989 huiusmo-

1885 2008 1964 2064 di.
2001 2031 2022 2057 ο
2088 2008 2202 2064 Hoc
2239 2015 2340 2074 est,
2393 2005 2492 2063 etsi
2535 2019 2567 2060 a
2611 2013 2832 2078 peccato
2880 2005 3034 2062 liberi
3081 2006 3215 2074 sint,
3263 2006 3320 2061 in
3369 2004 3471 2062 hac

1885 2106 2067 2154 tamen
2098 2097 2212 2152 vita
2242 2095 2624 2151 tribuiationes
2649 2094 2950 2160 habebunt,
2982 2095 3214 2166 gemitus
3240 2096 3468 2164 ventris,

1887 2185 2222 2242 nutrimenta
2241 2185 2504 2250 ﬁliorum,
2535 2183 2735 2250 victus,
2769 2189 3098 2254 tegumenta,
3123 2181 3295 2251 dotes,
3317 2185 3468 2255 (egri-

1885 2274 2042 2342 tudo,
2090 2281 2379 2344 apparatus
2421 2271 2639 2340 domus,
2685 2270 2876 2326 uxoris
2919 2271 3232 2341 necessitas,
3289 2272 3470 2328 mariti

1887 2359 2210 2416 donnnauo.

1975 2479 1993 2504 ι
2032 2457 2146 2521 Εμο
2174 2464 2356 2512 autem
2383 2455 2542 2512 vobis
2567 2469 2750 2528 parco.
2775 2477 2795 2503 ιι
2827 2456 3007 2513 Parcit
3034 2457 3252 2529 quando
3273 2456 3338 2512 ab
3356 2456 3475 2512 hac

1892 2545 2066 2617 magis
2102 2553 2381 2616 provocat,
2437 2560 2558 2616 qum
2595 2544 2978 2600 tribulationes
3013 2545 3193 2600 carnis
3225 2552 3279 2600 et
3313 2545 3476 2599 solli-

1892 2637 2164 2694 citudines
2203 2643 2528 2693 memoratas
2585 2633 2908 2691 excludunt.
2969 2635 3152 2690 Potest
3191 2637 3268 2691 sic
3301 2635 3476 2691 videri

1893 2739 2130 2796 parcere,
2159 2740 2284 2782 cum
2316 2724 2607 2796 permittit,
2649 2732 2704 2780 et
2733 2737 2845 2779 non
2873 2722 3201 2780 contradicit
3229 2723 3478 2780 volenti~

1891 2814 2017 2882 bus,
2045 2814 2194 2886 quod
2222 2829 2511 2870 onerosum
2542 2815 2800 2872 ostendit.

1966 2920 2146 2990 (Vers.
2178 2919 2296 2992 29.)
2344 2943 2367 2968 α
2405 2919 2520 2978 Hoc
2559 2922 2739 2994 itaque
2777 2921 2934 2991 dico,
2995 2921 3223 2990 fratres,
3264 2929 3478 2995 tempus

1892 3009 2199 3064 breviatum
2225 3015 2328 3078 est,
2361 3017 2413 3064 et
2441 3011 2712 3080 reliquum
2743 3018 2843 3066 est.
2866 3035 2884 3056 ι
2919 3010 3231 3065 Breviatum
3263 3017 3480 3082 tempus

1889 3104 1944 3152 et
1971 3097 2241 3168 reliquum
2284 3095 2496 3162 dicens,
2543 3095 2705 3151 ﬁnem
2740 3095 2944 3151 mundo
2974 3095 3259 3152 imminere
3286 3097 3480 3167 'sigui-

1891 3183 2079 3238 ﬂcavit
2112 3200 2122 3237 :
2172 3181 2424 3253 quamvis
2452 3179 2615 3237 sciret
2649 3180 2764 3252 (47)
2805 3181 2984 3236 adhuc
3013 3191 3256 3252 tempora
3283 3199 3482 3254 super-

1893 3284 2026 3324 esse.
2054 3269 2158 3324 Sed
2186 3269 2344 3324 aliter
2371 3269 2607 3324 scribere
2641 3284 2750 3324 non
2781 3267 2971 3324 debuit
2999 3277 3216 3340 propter
3244 3267 3364 3338 hos,
3387 3271 3481 3343 qui

1894 3356 2089 3413 lecturi
2117 3355 2235 3411 haec
2261 3361 2393 3410 tunc
2421 3360 2568 3422 sunt,
2598 3369 2722 3411 cum
2753 3355 3012 3427 prebrere
3041 3359 3304 3428 supererit
3332 3365 3480 3412 tem-

1895 3455 2032 3516 pus;
2065 3459 2133 3499 ne
2158 3459 2373 3515 semper
2399 3443 2529 3499 dum
2559 3445 2717 3514 longe
2746 3459 2861 3500 esse
2890 3453 3170 3516 putaretur
3193 3445 3306 3502 dies
3332 3445 3478 3518 judi-

1892 3533 1988 3600 cii,
2018 3542 2110 3588 aut
2142 3547 2250 3588 non
2279 3532 2582 3599 timeretur,
2612 3539 2706 3588 aut
2727 3532 2926 3588 falsum
2957 3549 3072 3589 esse
3099 3535 3474 3592 restii'naretur.

1893 3619 2035 3675 Illud
2059 3625 2242 3674 autem
2275 3619 2421 3692 quod
2449 3620 2677 3688 dicitur,
2707 3633 2832 3676 cum
2862 3619 3041 3677 adhuc
3070 3619 3227 3694 longe
3255 3621 3346 3691 sit,
3380 3623 3478 3678 im-

1893 3708 2100 3764 minere
2140 3708 2374 3763 multum
2403 3707 2655 3780 proﬁcit;
2704 3717 2968 3764 terrorem
3009 3709 3155 3765 enim
3189 3711 3384 3765 incutit
3411 3709 3479 3766 ad

1894 3797 2177 3854 meliorem
2209 3797 2379 3854 vitam
2424 3797 2686 3868 agendam
2735 3797 3075 3851 hominibus.
3117 3797 3362 3867 Denique
3389 3796 3482 3853 hic

1893 3891 1952 3948 in
1977 3890 2229 3964 praesenti
2257 3901 2423 3963 quam
2454 3888 2679 3944 solliciti
2707 3897 2836 3942 sunt
2867 3887 2928 3953 ii,
2972 3887 3064 3958 qui
3101 3883 3242 3958 apud
3267 3886 3481 3958 judices

1892 3978 2096 4035 habent
2123 3991 2242 4049 quae
2273 3984 2454 4046 agant,
2481 3989 2605 4032 cum
2635 3979 2882 4028 actorum
2912 3971 3028 4028 dies
3057 3969 3259 4028 dicitur
3287 3971 3482 4028 immi-

1893 4065 2070 4123 nere?
2107 4065 2224 4120 Hoc
2251 4071 2408 4118 sonat
2436 4063 2548 4129 hic,
2585 4063 2731 4135 quod
2760 4063 2869 4117 alio
2903 4061 2958 4117 in
2987 4063 3106 4118 loco
3135 4061 3290 4131 dicit,
3341 4087 3359 4110 υ
3387 4077 3482 4119 se-

1894 4154 2170 4221 ductores,
2191 4151 2288 4208 sed
2315 4166 2532 4206 veraces
2562 4151 2650 4221 (II
2679 4151 2803 4208 Cor.
2834 4167 2910 4219 vr,
2939 4151 3024 4222 8).
3063 4173 3081 4198 ι

1978 4283 1998 4307 ι
2035 4257 2106 4316 Ut
2141 4265 2196 4315 et
2239 4257 2334 4330 qui
2380 4256 2582 4313 habent
2627 4275 2844 4328 uxores,
2895 4257 2973 4315 ita
3003 4258 3136 4327 sint,
3176 4276 3239 4317 ac
3275 4259 3322 4316 si
3369 4277 3481 4318 non

1895 4341 2177 4404 habentes.
2209 4369 2227 4394 ι
2288 4343 2428 4413 Quia
2457 4345 2602 4401 enim
2636 4347 2828 4403 mundi
2857 4346 2983 4403 finis
3013 4347 3069 4403 in
3097 4349 3349 4420 proximo
3380 4356 3481 4418 est,

1895 4449 2007 4492 non
2035 4431 2229 4491 debere
2254 4433 2322 4490 ad
2351 4431 2716 4505 generandum
2746 4452 2863 4492 esse
2893 4433 3178 4504 sollicitos,
3212 4453 3385 4509 neque
3417 4431 3484 4492 ad

1896 4537 2058 4582 usum
2091 4526 2269 4599 ipsum
2300 4524 2512 4581 deditos
2545 4544 2558 4582 :
2606 4533 2670 4582 ut
2695 4525 3078 4596 propensiores
3111 4533 3162 4579 et
3196 4525 3484 4596 vigilantes

1897 4613 1956 4674 in
1999 4613 2204 4672 divinis
2248 4615 2526 4686 operibus,
2574 4614 2865 4669 exercitati
2909 4614 3054 4668 circa
3099 4628 3283 4666 curam
3330 4607 3483 4678 legis,

1899 4703 2221 4759 imminente
2249 4702 2437 4772 proelio
2465 4707 2788 4769 repugnent.
2838 4698 3107 4751 Pressum
3131 4695 3276 4749 enim
3306 4699 3486 4760 erunt,

1901 4790 2086 4862 quales
2131 4801 2412 4856 nunquam
2462 4783 2706 4850 fuerunt,
2755 4789 2810 4837 et
2841 4782 2997 4862 multi
3045 4777 3222 4835 casuri
3265 4788 3391 4834 sunt
3430 4779 3486 4834 in

1901 4856 2156 4947 laqueum
2186 4871 2393 4928 diaboli
2418 4887 2430 4925 :
2465 4869 2701 4938 denique
2731 4856 2920 4924 nullus
2941 4873 3187 4920 nostrum
3211 4863 3332 4922 vult
3355 4875 3486 4922 tem-

1902 4979 2031 5037 pore
2059 4979 2158 5018 suo
2189 4961 2305 5016 haec
2348 4957 2658 5031 provenire,
2700 4957 2901 5014 timens
2930 4956 3213 5025 praedictas
3243 4973 3274 5013 a
3307 4958 3489 5014 Salva.

1899 5059 2020 5109 tore
2076 5050 2191 5122 (48)
2251 5061 2527 5120 pressuras
2584 5045 2799 5115 (Matth.
2858 5057 3018 5110 xxxv,
3078 5044 3298 5116 15εὲ4).
3365 5045 3490 5101 ideo

1903 5139 2047 5197 sicut
2075 5137 2232 5194 nobis
2260 5141 2535 5207 optamus,
2564 5132 2919 5188 consulamus
2961 5137 3015 5184 et
3039 5131 3196 5197 aliis;
3248 5139 3307 5186 ut
3336 5149 3365 5186 a
3394 5147 3494 5203 gen

1903 5227 2186 5282 neratione
2249 5241 2350 5282 nos
2411 5221 2654 5279 ﬁliorum
2730 5221 3031 5277 multorum
3105 5221 3492 5278 abstineamus.

1907 5427 2010 5466 ms.
2041 5407 2202 5464 Corb.
2233 5406 2501 5462 omissum
2531 5403 2658 5460 fuit.

1981 5478 2098 5548 (48)
2125 5475 2392 5536 Nonnulli
2421 5472 2908 5544 mss.,pradicatas
2925 5482 2961 5521 α
2991 5469 3285 5534 Saluatore.
3303 5475 3500 5545 Etseq.
