3952 6202
493 271 599 330 235

1488 264 1585 318 AD
1624 255 1858 316 OPERA
1894 249 1950 313 S.
1990 249 2320 310 AMBROSII
2359 245 2736 304 APPENDIX.

3726 239 3837 298 236

493 399 619 472 plus
657 392 894 452 orationi
925 399 979 447 et
1005 387 1104 447 Dei
1133 387 1383 447 servituti
1430 384 1680 457 subjecti,
1730 379 2091 455 praevidentes
2123 381 2174 440 Α
2203 374 2478 472 mulieres"
2499 372 2738 472 virgines
2781 365 3652 472 appellatas.(Nutn.xxxi,A9)1
3701 366 3834 422 Alia

499 471 646 547 diem
672 483 909 555 judicii;
961 497 1027 537 ne
1057 488 1109 537 et
1137 497 1238 536 nos
1282 478 1454 534 simus
1497 474 1748 546 imparati
1787 488 1884 544 per
1913 471 2096 542 impe-

497 578 744 634 dimenta
802 570 1140 628 necessitatis
1198 567 1502 642 praesentis,
1557 572 1610 621 et
1648 563 1733 619 illi
1789 562 2093 627 incurrant,

504 667 652 742 quod
682 681 783 720 nos
826 663 1104 718 timemus.
1155 661 1336 717 Etiam
1379 675 1410 714 a
1437 656 1605 714 licitis
1644 670 1770 726 ergo
1799 654 1921 742 vult
1945 660 2095 742 tem-

506 739 697 829 perare
722 751 944 816 ﬁdeles;
976 756 1038 805 ut
1066 764 1178 804 non
1207 748 1386 804 solum
1419 745 1757 810 innocentes,
1786 739 1881 797 sed
1903 747 1957 829 et
1985 740 2097 829 glo-

502 825 640 900 riosi
669 838 1002 896 videantur:
1053 850 1309 892 concessa
1352 833 1496 891 enim
1551 829 1828 904 praeterire
1875 825 2097 882 virtutis

503 939 586 988 est
618 929 902 992 maximae;
931 931 986 980 et
1017 923 1296 996 prohibita
1321 938 1432 978 non
1458 920 1767 978 desiderare
1797 932 1906 973 non
1938 916 2097 986 longe

503 1027 586 1077 est
618 1018 756 1089 (49).

577 1107 763 1178 (V'ers.
791 1104 907 1175 30.)
946 1127 965 1152 ε
985 1103 1055 1158 Et
1084 1101 1178 1174 qui
1207 1101 1362 1168 ﬂent,
1385 1106 1649 1172 tanquam
1681 1113 1793 1154 non
1821 1095 2040 1160 ﬂentes;
2062 1117 2084 1141 ι

505 1197 742 1254 scientes
770 1195 917 1250 enim
949 1193 1006 1248 in
1037 1193 1291 1265 proximo
1320 1191 1485 1246 ﬁnem
1516 1189 1708 1246 mundi
1737 1204 1867 1243 mox
1896 1199 2100 1264 conso-

507 1287 770 1343 lationem
799 1299 989 1340 eorum
1020 1283 1284 1348 futuram,
1327 1280 1419 1352 qui
1451 1294 1548 1350 pro
1579 1279 1676 1333 Dei
1702 1274 1919 1348 justitia
1962 1274 2101 1328 forte

512 1381 857 1447 premuntur,
903 1371 1005 1426 hac
1032 1385 1124 1441 spe
1172 1370 1314 1424 inter
1353 1383 1444 1422 eos
1487 1366 1838 1422 consolentur
1863 1379 1939 1432 se,
1987 1387 2006 1409 ι
2033 1361 2105 1417 Et

508 1462 605 1535 qui
653 1459 910 1534 gaudent,
953 1466 1213 1528 tanquam
1261 1471 1372 1511 non
1412 1453 1742 1526 gaudentes;
1785 1477 1802 1501 ι
1847 1453 1904 1508 in
1956 1467 2104 1522 prte-

506 1549 649 1606 senti
679 1547 826 1604 enim
873 1545 965 1618 qui
997 1543 1230 1616 gaudent
1262 1542 1438 1597 sciant
1487 1557 1615 1598 mox
1663 1542 1870 1597 luctum
1915 1545 2103 1594 ventu-

507 1653 656 1704 rum,
707 1635 786 1691 eis
814 1633 1077 1688 videlicet
1107 1631 1215 1704 qui
1233 1629 1441 1686 mundo
1470 1629 1727 1702 gaudent,
1772 1627 2106 1698 ambigentes

509 1725 579 1780 de
608 1723 706 1777 Dei
732 1720 963 1792 judicio.
992 1744 1012 1767 ι
1074 1719 1146 1774 Et
1173 1719 1268 1791 qui
1297 1725 1506 1785 emunt,
1536 1725 1795 1792 tanquam
1828 1732 1940 1773 non
1969 1731 2106 1788 pos-

512 1810 792 1876 sidentes;
841 1833 861 1857 ι
921 1806 1201 1864 credentes
1247 1807 1416 1875 enim,
1465 1807 1560 1879 qui
1607 1813 1817 1874 emunt,
1875 1818 2105 1877 parvum

512 1906 736 1970 tempus
761 1911 1038 1970 superesse
1066 1893 1293 1963 mundo,
1325 1895 1405 1951 sic
1447 1902 1630 1968 agant,
1659 1903 1723 1951 ut
1750 1908 1863 1950 non
1888 1907 2106 1949 omnem

512 2003 702 2046 curam
747 1986 806 2042 in
843 2001 958 2042 rem
1004 1985 1116 2042 cito
1162 1983 1461 2056 perituram
1515 1983 1877 2056 impendant:
1936 1980 2108 2053 magis

507 2087 702 2137 autem
732 2094 919 2137 curam
949 2078 1144 2136 animai
1171 2093 1284 2134 suae
1313 2085 1523 2150 gerant,
1544 2092 1708 2150 quam
1736 2075 1920 2134 sciunt
1949 2082 2107 2132 aeter-

510 2186 658 2226 nam.

597 2265 737 2322 137
779 2259 962 2331 (Vers.
1002 2260 1119 2331 31.)
1173 2281 1192 2306 ι
1232 2259 1305 2316 Et
1333 2258 1428 2332 qui
1470 2262 1704 2314 utuntur
1734 2256 1840 2313 hoc
1883 2255 2106 2323 saaculo,

516 2366 779 2429 tanquam
809 2372 922 2411 non
948 2362 1209 2422 utantur;
1241 2380 1261 2404 ›
1315 2353 1373 2410 id
1401 2361 1502 2422 est,
1536 2361 1600 2409 ut
1627 2369 1736 2410 non
1785 2359 2112 2426 przesumant

519 2445 590 2501 de
618 2461 723 2500 usu
770 2444 911 2511 hoc;
958 2445 1087 2518 quia
1123 2445 1233 2501 cito
1273 2443 1494 2516 peribit,
1542 2451 1830 2499 corruente
1882 2443 2108 2499 mundo.

533 2557 553 2581 ι
592 2533 840 2589 Praeterit
868 2532 1014 2589 enim
1067 2532 1239 2605 ﬁgura
1281 2531 1447 2603 hujus
1492 2532 1703 2588 mundi.
1735 2556 1754 2580 ι
1797 2532 1936 2599 Quia
1964 2531 2113 2588 ﬁniri

523 2621 794 2678 mundum
824 2620 991 2691 dixit,
1012 2623 1252 2678 ostendit
1274 2621 1502 2694 ﬁguram
1524 2620 1640 2693 ejus
1660 2620 1934 2694 praeterire
1957 2620 2108 2690 (50);

522 2720 578 2767 et
621 2711 771 2769 hunc
816 2726 930 2768 esse
972 2711 1158 2779 ﬁnem,
1205 2711 1263 2766 id
1313 2719 1412 2779 est,
1452 2727 1564 2768 non
1607 2710 1967 2766 substantiam
1997 2707 2114 2779 ejus

523 2801 824 2872 praeterire,
853 2801 948 2857 sed
974 2801 1228 2856 formam.
1260 2801 1447 2871 Itaque
1475 2801 1523 2854 si
1545 2800 1723 2854 forma
1751 2798 1945 2854 mundi
1973 2797 2117 2870 peri-

521 2887 628 2953 bit,
678 2887 911 2942 dubium
952 2888 1145 2957 utique
1174 2902 1285 2941 non
1312 2895 1394 2941 est
1422 2886 1630 2953 omnia,
1674 2902 1794 2958 quae
1822 2887 1880 2941 in
1909 2886 2114 2944 mundo

523 2979 674 3039 sunt,
707 2971 953 3027 interire.
1008 2972 1136 3027 Ideo
1165 2971 1427 3043 praeterit,
1457 2972 1587 3044 quia
1613 2972 1858 3045 quotidie
1885 2975 2116 3032 senescit

523 3057 784 3116 mundus.

595 3148 779 3219 (Vers.
811 3147 929 3221 32.)
978 3173 998 3198 ι
1028 3149 1169 3208 Volo
1202 3153 1314 3207 'vos
1343 3149 1461 3207 sine
1506 3150 1880 3209 sollicitudine
1908 3169 2040 3211 esse.
2080 3177 2100 3201 ι

521 3236 809 3296 Diminuta
839 3239 985 3296 enim
1032 3239 1407 3296 sollicitudine
1449 3242 1658 3310 saeculi,
1703 3241 1762 3297 in
1809 3242 1907 3298 Dei
1955 3239 2114 3297 rebus

518 3331 844 3402 propensius
872 3331 1150 3404 vigilatur.
1195 3331 1480 3399 Quomodo
1526 3341 1709 3389 autem
1741 3331 1858 3387 sine
1901 3330 2116 3386 sollici-

515 3420 711 3476 tudine
739 3436 854 3477 esse
887 3423 1176 3492 possimus,
1227 3422 1466 3477 ostendit
1495 3421 1683 3479 dicens
1713 3439 1725 3477 :
1789 3445 1809 3468 ι
1847 3419 1949 3487 Qui
1998 3420 2115 3475 sine

517 3524 692 3567 uxore
734 3518 835 3575 est,
887 3510 1089 3578 cogitat
1127 3525 1246 3580 quas
1295 3510 1516 3564 Domini
1564 3519 1710 3566 sunt.
1742 3535 1761 3558 ι
1821 3510 2116 3580 Amputata

521 3596 672 3652 enim
701 3594 1077 3650 sollicitudine
1129 3595 1208 3650 rei
1253 3596 1482 3663 uxoriae,
1515 3613 1632 3667 quae
1662 3597 1776 3652 sola
1804 3596 1863 3652 in
1910 3597 2114 3653 mundo

517 3681 734 3738 caeteris
763 3681 980 3754 gravior
1008 3688 1111 3750 est,
1150 3681 1219 3738 ad
1247 3684 1420 3738 Deum
1451 3683 1872 3754 promerendum
1901 3685 2116 3742 animus

522 3767 778 3825 eruditur
809 3788 820 3827 :
850 3769 897 3825 si
928 3777 1110 3826 tamen
1143 3769 1246 3827 hac
1274 3787 1372 3844 spe
1405 3771 1622 3828 animus
1656 3771 1744 3828 his
1769 3773 2033 3830 molestiis
2057 3789 2114 3831 se

519 3865 711 3922 exuat,
741 3867 804 3915 ut
829 3860 942 3916 Deo
971 3861 1143 3934 magis
1171 3861 1391 3918 serviat.

591 3948 776 4019 (Vera.
808 3948 927 4020 33.)
970 3974 988 3998 ι
1012 3949 1118 4016 Qui
1147 3957 1328 4008 autem
1358 3967 1484 4010 cum
1515 3967 1688 4010 uxore
1715 3960 1817 4022 est,
1848 3951 2116 4012 sollicitus

520 4043 606 4096 est
624 4053 743 4112 quae
767 4045 899 4096 sunt
925 4038 1094 4112 hujus
1123 4038 1338 4109 mundi,
1361 4041 1640 4114 quomodo
1662 4041 1873 4114 placeat
1892 4043 2100 4099 uxori.-

519 4128 668 4186 Cnra
697 4129 847 4185 enim
891 4132 1082 4186 uxoris
1112 4137 1164 4186 et
1191 4131 1434 4187 ﬁliorum
1474 4132 1733 4204 cogitatio
1765 4133 1957 4188 mundi
1987 4141 2069 4188 est
2099 4148 2112 4188 :

516 4230 650 4270 nam
702 4217 848 4270 inter
885 4224 1079 4271 caetera
1120 4219 1296 4273 solent
1341 4219 1637 4290 aliquando
1682 4237 1766 4276 res
1813 4220 2116 4292 puniendas

518 4298 846 4367 admittere;
877 4316 946 4356 ne
974 4301 1098 4355 illas
1127 4302 1424 4371 offendant,
1458 4305 1599 4361 sicut
1629 4307 1793 4361 refert
1820 4306 2117 4362 Zorobabel

518 4397 668 4443 unus
696 4387 762 4443 de
789 4387 969 4444 tribus
989 4389 1341 4446 cubiculariis
1360 4393 1713 4461 Artaxerxis;
1747 4411 1939 4466 magna
1967 4395 2114 4452 enim

516 4475 827 4534 amaritudo
881 4482 964 4532 est
1026 4477 1086 4532 in
1141 4478 1302 4535 domo
1358 4496 1500 4535 uxor
1553 4482 1728 4537 tristis
1787 4484 1973 4553 (Esdr.
2033 4503 2110 4554 IV,

520 4564 749 4637 13-27).
800 4565 1025 4623 Divisus
1067 4565 1189 4622 ideo
1233 4566 1454 4637 dicitur,
1507 4571 1634 4642 quia
1680 4587 1788 4626 non
1837 4580 2012 4644 potest
2058 4580 2112 4630 et

515 4653 726 4713 divinis
770 4653 1022 4712 insistere
1079 4655 1260 4723 rebus,
1311 4663 1364 4712 et
1408 4658 1599 4714 uxoris
1641 4659 1815 4716 facere
1844 4661 2110 4718 volunta-

514 4752 651 4804 tem.

599 4859 622 4884 ε
657 4835 850 4894 Divisa
882 4843 963 4894 est
1010 4835 1211 4894 mulier
1239 4847 1291 4895 et
1338 4839 1516 4912 virgo.
1549 4863 1567 4887 ι
1630 4837 1819 4894 Divisa
1851 4855 1960 4895 non
1989 4839 2110 4896 uti-

517 4937 626 4998 que
663 4932 880 4995 natura,
935 4926 1029 4983 sed
1084 4935 1230 4994 actu,
1285 4928 1418 5000 quia
1470 4928 1701 5000 legimus
1753 4929 1812 4984 in
1856 4929 2109 4986 Numeris

510 5152 697 5212 versu,
746 5155 846 5212 pro
885 5143 1218 5198 consulamus
1248 5149 1296 5198 et
1330 5144 1480 5210 aliis,
1529 5157 1631 5197 ms.
1679 5141 1841 5198 Corb.
1885 5141 2112 5197 exhibet

510 5211 846 5265 consolamur
871 5218 920 5266 et
939 5214 1096 5268 alios.

582 5279 701 5353 (49)
742 5281 869 5337 Post
922 5299 1081 5338 voces
1125 5301 1229 5337 non
1279 5284 1423 5353 longe
1465 5289 1556 5350 est,
1605 5280 2099 5353 addituﬁrgingcod.

510 5349 659 5407 Va‘ll.
682 5349 725 5406 ἀ
753 5353 962 5407 virtute.
1010 5356 1070 5408 In
1100 5355 1219 5408 cod.
1271 5349 1450 5408 autem
1483 5353 1642 5408 Corb.
1692 5353 1760 5406 ab
1789 5351 1877 5406 his
1907 5351 2109 5408 eisdem

509 5422 698 5494 verbis
729 5431 871 5494 retro
897 5424 963 5494 ad
995 5424 1109 5489 illa,
1144 5425 1376 5494 Etiqma
1408 5423 1583 5494 licitis,
1615 5422 1756 5476 nihil
1783 5423 2036 5494 reperias.

589 5493 706 5563 (50)
740 5493 846 5564 Pro
887 5493 1001 5560 ejus
1036 5492 1331 5564 prwterire,
1382 5499 1436 5546 et
1471 5493 1636 5564 infra,
1680 5493 1794 5564 ideo
1821 5492 2062 5564 praeterit
2093 5509 2106 5548 :

513 5578 646 5621 mss.
686 5561 918 5635 aliquot
967 5561 1075 5634 prae
1130 5578 1186 5618 se
1233 5561 1436 5630 ferunt,
1495 5561 1607 5632 ejus
1656 5561 1948 5633 perire...”
1996 5564 2110 5619 ideo

2137 1735 2184 1796 B

2143 3091 2189 3154 C

2143 4445 2191 4504 D

2203 481 2329 536 ergo
2358 460 2673 519 sollicitudo
2721 459 2988 527 mulieris,
3033 458 3142 513 alia
3182 455 3418 528 virginis
3447 463 3568 521 est;
3630 462 3828 510 tamen

2202 568 2326 610 cum
2358 551 2562 606 dicitur
2583 550 2802 616 mulier,
2826 547 3094 604 incertum
3115 553 3194 602 est
3218 544 3349 618 quid
3367 543 3700 615 signiﬁcet,
3719 542 3828 599 nisi

2204 639 2532 712 signiﬁcatio
2561 637 2921 709 subsequatur
2953 655 2965 693 :
3014 652 3138 693 cum
3170 642 3347 690 autem
3378 633 3603 691 dicitur
3634 632 3827 703 virgo,

2201 728 2493 785 manifesta
2540 726 2744 782 locutio
2771 732 2872 781 est.
2915 723 3016 782 Hic
3044 722 3338 796 Apostolus
3367 719 3669 792 virginem
3705 729 3828 792 post

2206 818 2492 874 mulierem
2523 814 2725 887 posuit,
2769 821 2832 870 ut
2859 813 3143 870 mulierem
3183 827 3295 868 non
3323 810 3612 882 virginem
3650 808 3824 881 signi.

2206 905 2436 962 ﬁcaret:
2491 918 2588 976 per
2630 901 2736 959 hoc
2766 901 2914 958 enim
2962 900 3143 956 voluit
3189 897 3475 956 ostendere
3522 897 3821 970 virginem

2207 994 2433 1050 liberam
2461 1009 2493 1048 a
2524 991 2700 1048 taediis
2739 999 2795 1048 et
2839 989 3140 1058 laboribus,
3171 1005 3308 1062 quos
3352 987 3566 1062 patitur
3611 987 3823 1044 mulier

2208 1083 2328 1139 viro
2357 1081 2628 1153 copulata.

2281 1173 2464 1242 (Vers.
2497 1170 2614 1241 34.)
2678 1193 2696 1217 ι
2727 1169 2863 1226 Nam
2897 1184 3016 1242 quae
3046 1183 3158 1224 non
3205 1176 3286 1225 est
3326 1174 3521 1240 nupta,
3562 1168 3817 1225 sollicita

2211 1270 2290 1317 est
2318 1261 2385 1316 de
2416 1260 2484 1315 iis
2514 1276 2633 1332 quae
2661 1259 2881 1314 Domini
2908 1268 3054 1327 sunt,
3088 1265 3150 1314 ut
3178 1259 3250 1314 sit
3279 1266 3468 1316 sancta
3493 1266 3549 1314 et
3577 1275 3814 1331 corpore

2212 1357 2264 1405 et
2304 1349 2522 1420 spiritu,
2563 1373 2582 1396 ι
2644 1347 2700 1403 id
2730 1355 2812 1403 est
2849 1348 3052 1403 animo.
3106 1349 3250 1403 Dum
3291 1346 3440 1403 enim
3486 1362 3584 1419 spe
3625 1348 3812 1404 cales-

2212 1437 2374 1506 tium,
2397 1435 2581 1491 mariti
2607 1444 2662 1491 et
2681 1435 2922 1491 ﬁliorum
2953 1434 3386 1492 sollicitudinem
3408 1451 3522 1491 non
3551 1435 3810 1507 suscipit,

2213 1525 2280 1582 de
2308 1525 2547 1581 Domino
2575 1525 2798 1595 cogitat,
2823 1525 3100 1598 quomodo
3127 1525 3467 1597 propositum
3497 1526 3620 1582 Deo
3649 1525 3814 1581 devo-

2217 1620 2330 1669 tum
2361 1612 2669 1679 custodiat;
2719 1612 2763 1668 si
2796 1621 2976 1668 tamen
3007 1612 3064 1667 in
3095 1629 3320 1685 corpore
3348 1613 3560 1669 mundo
3592 1615 3812 1670 animus

2218 1707 2433 1756 terrena
2462 1699 2746 1772 abjiciens,
2781 1700 3095 1758 coelestibus
3139 1700 3355 1756 studeat
3393 1701 3540 1772 (51).
3573 1702 3810 1757 Animus

2219 1800 2300 1847 est
2342 1790 2510 1858 enim,
2562 1789 2656 1862 qui
2692 1797 2785 1846 aut
2829 1790 3149 1860 sanctiﬁcat,
3202 1799 3297 1847 aut
3341 1791 3546 1864 polluit
3589 1807 3805 1864 corpus.

2215 1879 2359 1947 Quid
2384 1879 2531 1934 enim
2561 1877 2782 1950 prodest
2813 1895 3010 1952 corpus
3038 1877 3306 1935 mundum
3340 1878 3565 1950 habere,
3596 1889 3653 1936 et
3681 1878 3808 1935 ani-

2217 1985 2361 2026 mam
2389 1967 2655 2040 pollutam
2677 1968 2706 2024 ?
2756 1985 2881 2025 cum
2929 1967 3125 2024 merito
3153 1968 3350 2024 animae
3378 1975 3472 2024 aut
3502 1968 3809 2026 honoratur

2217 2074 2436 2132 corpus,
2488 2066 2582 2113 aut
2613 2057 2904 2115 damnatur
2936 2076 2948 2116 :
3005 2083 3026 2107 ι
3069 2059 3199 2127 Quae
3228 2074 3360 2117 vero
3388 2066 3567 2132 nupta
3594 2068 3697 2129 est,
3722 2076 3808 2117 co-

2219 2151 2353 2224 gitat
2377 2165 2496 2223 qua;
2517 2158 2646 2206 sunt
2668 2150 2832 2223 hujus
2852 2150 3068 2219 mundi,
3089 2151 3364 2224 quomodo
3379 2153 3597 2224 placeat
3620 2152 3759 2208 viro.
3774 2176 3794 2202 ι

2217 2239 2359 2312 Lege
2386 2239 2533 2294 enim
2569 2240 2806 2295 maritali
2837 2240 3152 2310 constricta,
3193 2240 3432 2297 sollicita
3459 2249 3545 2298 est
3573 2257 3810 2316 quomo-

2219 2328 2290 2386 do
2320 2329 2543 2401 impleat
2577 2327 2669 2400 jus
2713 2330 2979 2387 maritalis
3007 2329 3196 2399 oﬂicii,
3245 2328 3472 2387 subdita
3519 2330 3808 2388 mundanis

2220 2419 2654 2476 necessitatibus.

2294 2516 2475 2587 (Vers.
2509 2516 2624 2588 35.)
2671 2540 2690 2564 ι
2719 2517 2834 2572 Hoc
2867 2523 3047 2572 autem
3077 2515 3144 2573 ad
3175 2524 3411 2574 vestram
3440 2518 3690 2592 ipsorum
3707 2518 3807 2575 uti.

2222 2605 2429 2663 litatem
2459 2607 2582 2662 dico
2617 2624 2631 2674 ;
2681 2622 2791 2661 non
2821 2614 2882 2662 ut
2911 2607 3166 2680 laqueum
3197 2608 3355 2664 vobis
3380 2607 3635 2680 injiciam
3668 2627 3680 2665 :
3719 2607 3809 2666 sed

2222 2693 2290 2749 ad
2319 2693 2376 2748 id
2419 2692 2569 2766 quod
2610 2692 2900 2748 honestum
2951 2703 3053 2750 est.
3086 2721 3104 2745 ι
3164 2696 3436 2763 Quoniam
3481 2697 3807 2770 quibusdam

2222 2800 2470 2856 asperum
2501 2791 2554 2838 et
2586 2799 2748 2855 grave
2798 2784 3040 2853 videtur,
3081 2785 3228 2858 quod
3265 2785 3461 2842 utilius
3490 2795 3590 2844 aut
3623 2789 3809 2844 melius

2223 2880 2304 2928 est
2349 2879 2570 2944 propter
2614 2871 3068 2929 consuetudinem
3110 2874 3431 2944 temporalis
3471 2890 3649 2941 usus;
3695 2874 3810 2930 ideo

2223 2967 2345 3032 post
2375 2959 2642 3018 rationem
2673 2960 2961 3028 redditam,
3012 2960 3263 3016 hortatur
3301 2961 3501 3018 all'ectu
3529 2961 3812 3020 charitatis

2223 3046 2550 3118 simpliciter
2601 3047 2705 3103 hoc
2749 3049 2964 3114 utilius,
3018 3046 3123 3104 hoc
3179 3046 3466 3104 honestius
3504 3063 3624 3104 esse
3671 3047 3808 3122 quod

2223 3133 2380 3193 dicit.
2431 3136 2732 3191 Honestum
2776 3143 2878 3204 est,
2923 3134 3053 3208 quia
3096 3139 3345 3190 Sanctum
3390 3142 3445 3191 et
3492 3137 3806 3193 mundum:

2225 3225 2360 3279 utile
2405 3239 2556 3292 vero,
2604 3226 2731 3296 quia
2773 3224 2994 3295 dignius
3039 3231 3120 3279 est
3165 3222 3306 3295 apud
3353 3224 3554 3292 Deum,
3597 3233 3654 3280 et
3699 3226 3810 3282 leve

2225 3313 2284 3369 in
2315 3314 2535 3370 saeculo.
2578 3314 2721 3381 Quid
2750 3330 2876 3384 ergo
2923 3313 3210 3369 dicemus?
3249 3313 3302 3369 Si
3334 3313 3584 3384 virgines
3611 3315 3679 3371 de
3707 3318 3809 3372 Deo

2223 3401 2486 3473 cogitant,
2533 3410 2586 3457 et
2625 3402 2829 3474 junctae
2859 3401 2994 3457 viris
3035 3401 3102 3456 de
3142 3400 3368 3469 mundo,
3420 3417 3545 3474 qua
3589 3420 3712 3476 spes
3737 3421 3810 3460 re-

2225 3490 2498 3561 linquitur
2527 3490 2862 3546 nubentibus
2903 3489 3046 3561 apud
3076 3491 3249 3545 Deum
3275 3489 3304 3546 ‘P
3337 3488 3394 3545 Si
3426 3490 3577 3545 enim
3611 3492 3690 3549 ita
3715 3501 3809 3558 est,

2224 3577 2455 3634 dubium
2487 3587 2567 3634 est
2597 3578 2662 3633 de
2693 3579 2866 3634 salute
2891 3594 3111 3634 eorum:
3149 3593 3274 3632 nam
3299 3575 3555 3634 videmus
3578 3578 3812 3652 virgines

2229 3665 2296 3722 de
2324 3667 2524 3723 saeculo
2575 3667 2834 3739 cogitare,
2883 3673 2938 3722 et
2966 3665 3318 3744 matrimonio
3360 3664 3588 3737 junctas
3633 3669 3814 3725 Domi-

2224 3753 2366 3810 nicis
2407 3753 2624 3810 studere
2671 3755 2945 3828 operibus.
3002 3755 3100 3811 His
3147 3753 3458 3827 virginibus
3497 3771 3614 3812 non
3643 3757 3812 3831 impuo

2223 3842 2432 3900 tabitur
2477 3844 2903 3902 sanctimonium
2951 3860 2985 3900 a
3031 3845 3166 3913 Deo,
3213 3851 3268 3899 et
3311 3843 3400 3900 bis
3446 3846 3815 3903 matrimoniis

2225 3937 2331 3993 erit
2358 3952 2566 3994 merces
2607 3935 2751 4008 apud
2791 3937 2998 4004 Deum;
3030 3935 3161 4008 quia
3193 3950 3318 3994 cum
3359 3935 3593 4009 obligati
3641 3947 3819 3995 essent

2224 4029 2455 4087 terrenis
2513 4036 2568 4085 et
2621 4027 2802 4086 carnis
2855 4026 3111 4096 nexibus,
3171 4043 3390 4100 operam
3445 4027 3722 4086 dederunt
3758 4039 3819 4088 ut

2225 4118 2283 4174 in
2313 4119 2561 4174 futurum
2604 4115 2815 4189 aliquid
2853 4116 3184 4172 immortalis
3212 4115 3423 4188 praemii
3451 4127 3814 4175 mererentur.

2225 4207 2343 4263 Illis
2371 4214 2553 4262 autem
2592 4222 2702 4262 non
2742 4205 2920 4262 solum
2949 4221 3060 4262 non
3099 4205 3466 4278 imputabitur
3504 4206 3817 4279 virginitas,

2225 4294 2319 4350 sed
2356 4303 2410 4351 et
2440 4310 2611 4366 poenae
2650 4293 3037 4365 subjicientur,
3077 4294 3173 4367 qui
3197 4295 3300 4350 sub
3340 4293 3584 4368 tegmine
3613 4297 3819 4352 melio-

2225 4384 2302 4439 ris
2331 4383 2444 4455 spei
2487 4384 2656 4440 vitam
2697 4391 2752 4439 et
2803 4385 3273 4440 conversationem
3329 4398 3486 4438 suam
3543 4384 3816 4453 mundiali

2221 4487 2353 4529 cura
2399 4479 2454 4527 et
2499 4471 2872 4527 sollicitudine
2911 4479 3260 4544 occupantes,
3312 4469 3498 4543 pigros
3534 4486 3592 4526 se
3621 4471 3690 4527 ad
3717 4473 3818 4529 Dei

2221 4578 2384 4634 opera
2413 4561 2617 4634 agenda
2647 4561 2923 4629 fecerunt;
2953 4561 3097 4617 sicut
3126 4560 3263 4616 dicit
3292 4559 3557 4616 Jeremias
3585 4561 3816 4634 proplleo

2219 4659 2275 4705 ta
2310 4667 2322 4705 ε
2378 4674 2397 4696 ‹
2441 4649 2762 4706 Maledictus
2799 4650 2894 4721 qui
2933 4665 3095 4720 opera
3131 4648 3229 4704 Dei
3289 4647 3424 4704 facit
3476 4650 3818 4720 negligenter

2223 4739 2434 4811 (Jerem.
2459 4753 2654 4804 xnvm,
2686 4737 2796 4806 10),
2822 4760 2840 4783 ι
2872 4736 2940 4791 Hi
2976 4745 3124 4805 sunt,
3157 4735 3224 4791 de
3252 4735 3454 4809 quibus
3478 4737 3539 4792 in
3568 4739 3680 4794 alia
3706 4737 3816 4810 epi-

2219 4827 2358 4882 stola
2378 4825 2514 4883 dicit
2535 4843 2547 4881 :
2587 4847 2606 4871 ι
2630 4825 2902 4880 Habentes
2920 4824 3141 4896 quidem
3170 4825 3405 4896 speciem
3427 4825 3651 4896 pietatis
3673 4825 3812 4898 (52),

2219 4916 2482 4970 virtutem
2512 4921 2692 4968 autem
2723 4914 2840 4986 ejus
2866 4912 3195 4984 abnegantes
3249 4913 3337 4983 (II
3370 4913 3505 4970 Tim.
3537 4931 3624 4982 in,
3661 4915 3744 4985 5).
3781 4941 3798 4964 ι

2213 5126 2427 5199 peribit.
2475 5125 2580 5181 Sed
2625 5125 2730 5182 hoc
2776 5125 2940 5181 etiam
2981 5124 3102 5181 loco
3143 5124 3204 5180 in
3242 5123 3406 5183 Corb.
3440 5125 3566 5183 cod.
3621 5128 3817 5184 lacuna

2219 5205 2408 5338 eSt(.51)
2448 5265 2549 5322 Ms.
2581 5265 2768 5338 Corb.,
2819 5266 2877 5322 Si
2904 5270 3088 5338 autem
3123 5267 3182 5321 in
3217 5283 3435 5338 corpore
3467 5268 3668 5324 mundo
3701 5271 3814 5325 ani-

2219 5354 2336 5462 mits
2367 5345 2571 5463 tterrena
2602 5337 2800 5407 cogitet,
2821 5337 3021 5408 polluit
3040 5343 3088 5390 et
3103 5337 3320 5410 corpus.
3337 5341 3465 5405 Quae
3488 5355 3614 5394 vero
3652 5349 3817 5413 nupta

2220 5426 2270 5463 es
2299 5451 2312 5463 .
2343 5425 2370 5463 e
2400 5425 2447 5463 c.

2296 5451 2312 5476 ,
2344 5451 2447 5463 ννν.

2294 5479 2411 5551 (52)
2438 5479 2518 5534 Ita
2543 5476 2673 5551 edit.
2699 5493 2886 5551 omnes
2914 5493 2979 5535 ac
3006 5477 3190 5551 plures
3217 5495 3374 5548 mss.;
3404 5479 3504 5538 alii
3527 5497 3663 5540 vero
3685 5499 3816 5541 non-

2222 5547 2397 5616 nulli,
2420 5549 2633 5620 speciem
2661 5547 2918 5604 veritatis.
