3952 6202
199 285 300 342 237

1281 279 1639 333 CUMMENI'.
1682 280 1750 332 IN
1786 273 1998 332 EPIS'I'.
2031 279 2053 334 Ι
2083 277 2177 333 ΑΙ)
2216 276 2369 335 ΟΟΙῖ.

3365 286 3470 343 238

196 408 488 481 Apostolus
559 412 740 464 autem
817 404 904 459 his
967 403 1234 476 loquitur,
1305 406 1398 477 qui
1459 406 1597 460 mira
1669 406 1774 461 de-
1802 410 1851 468 A
1882 407 2031 473 serit,
2065 408 2361 463 secundum
2403 424 2582 463 meum
2613 408 2923 464 consilium.
2972 434 2990 454 α
3021 410 3160 467 Cum
3189 409 3332 467 dicit
3362 429 3466 470 su-

197 497 416 552 votione
459 495 686 568 obsequi
741 491 1051 548 desiderant
1103 493 1420 548 caelestibus
1471 495 1774 565 praeceptis,

195 586 484 642 ostendens
523 593 577 641 et
618 583 822 638 docens
862 597 970 653 quo
1000 582 1327 652 compendio
1373 583 1537 638 citius
1571 583 1683 638 itur
1710 582 1778 639 ad

191 662 362 733 Deum
389 694 403 742 ;
435 675 565 746 quia
598 674 692 745 qui
725 679 944 743 propter
974 673 1146 726 Deum
1180 672 1599 743 promerendum
1623 674 1778 746 virgo

192 779 409 818 manere
437 764 584 829 vult,
614 762 793 816 sciens
817 759 976 831 quale
1000 759 1286 829 praemium
1319 761 1485 831 possit
1513 763 1778 834 accipere,

194 854 287 925 qui
327 869 359 906 a
405 851 560 906 licito
596 856 881 920 temperat,
927 853 1068 910 138
1108 856 1171 902 ut
1218 850 1410 905 melior
1438 851 1568 919 ﬁat;
1614 853 1779 907 simul

193 945 382 1002 omnia
441 943 832 1014 impedimenta
881 942 1060 998 carnis
1105 944 1332 1013 spernit,
1387 960 1496 999 non
1564 946 1780 1002 nescius

196 1033 320 1089 haec
365 1047 498 1099 esse,
557 1048 677 1103 quae
733 1047 972 1103 gressum
1018 1032 1289 1088 currentis
1330 1033 1482 1087 velut
1523 1035 1781 1091 oneribus

191 1137 312 1178 corn
325 1121 518 1191 pedum
549 1119 816 1174 detinent.

272 1211 451 1280 (Vere.
477 1209 590 1278 36.)
635 1232 652 1255 ι
681 1209 736 1263 Si
757 1209 880 1280 quis
909 1217 1088 1266 autem
1119 1220 1334 1284 turpem
1364 1230 1418 1270 se
1433 1213 1635 1270 viderit
1659 1213 1777 1285 (53)

194 1312 360 1368 supra
392 1297 660 1367 virginem
692 1313 864 1364 suam,
890 1299 936 1353 si
967 1300 1038 1355 sit
1066 1301 1212 1356 ultra
1237 1303 1599 1374 pubertatem,
1633 1309 1685 1356 et
1700 1301 1781 1358 sic

193 1391 403 1456 oportet
421 1383 536 1438 ﬁeri
561 1402 574 1450 ;
594 1384 740 1456 quod
764 1387 884 1440 vult
905 1387 1092 1455 faciat,
1116 1405 1226 1444 non
1249 1398 1452 1461 peccat,
1473 1391 1518 1445 si
1539 1389 1730 1445 nubat.
1747 1415 1766 1438 ι

194 1474 462 1541 Quoniam
519 1475 770 1547 superius
829 1477 906 1532 ita
956 1478 1332 1548 virginitatem
1384 1480 1672 1536 tenendam
1731 1488 1785 1536 et

193 1564 613 1632 continentiam,
682 1564 900 1620 reddita
954 1568 1185 1636 ratione,
1252 1569 1502 1625 hortatus
1556 1578 1655 1636 est,
1723 1578 1786 1626 ut

195 1667 331 1723 pene
365 1653 432 1708 ad
461 1654 926 1724 comparationem
967 1670 1154 1710 earum
1185 1655 1439 1728 conjugia
1481 1655 1700 1711 inutilia
1728 1664 1785 1712 et

192 1737 510 1808 abjicienda
539 1739 832 1796 videantur
851 1759 866 1808 ;
898 1757 1046 1798 nunc
1087 1759 1157 1798 ne
1190 1745 1407 1816 nuptias
1435 1761 1630 1816 negare
1668 1762 1780 1817 pu-
1805 1760 1854 1820 Β

190 1833 422 1895 taretur,
455 1843 565 1882 non
595 1845 814 1900 peccare
842 1830 1135 1901 virginem,
1185 1833 1231 1887 si
1275 1833 1465 1901 nubat,
1499 1834 1776 1903 ostendit;

191 1914 284 1970 sed
313 1931 426 1970 rem
459 1916 688 1972 maximi
720 1917 920 1973 laboris
947 1918 1185 1991 aggredi,
1209 1927 1262 1974 et
1283 1936 1402 1992 quae
1433 1922 1576 1993 apud
1606 1925 1780 1978 Deum

193 2001 482 2072 praemium
541 2017 654 2057 non
698 2001 913 2070 habeat,
963 1995 1107 2060 sicut
1154 2021 1264 2061 non
1311 2007 1473 2063 habet
1524 2025 1777 2080 poenam:

191 2086 536 2144 Christianos
574 2087 722 2142 enim
760 2091 882 2144 vult
923 2105 1018 2160 per
1049 2091 1234 2147 omnia
1262 2110 1377 2149 esse
1419 2095 1692 2151 meliores.
1724 2095 1782 2151 Si

193 2191 322 2246 ergo
351 2176 540 2247 aliqua
569 2175 626 2228 in
656 2175 927 2230 desiderio
950 2181 1267 2248 nuptiarum
1304 2189 1404 2249 est,
1431 2181 1544 2253 jam
1574 2191 1786 2239 matura.

193 2263 267 2317 ad
297 2278 483 2330 usum,
519 2263 716 2318 melius
764 2279 896 2332 esse,
931 2272 992 2319 ut
1025 2267 1322 2322 secundum
1357 2286 1664 2326 concessam
1696 2273 1786 2327 le-

193 2369 316 2424 gem
348 2353 568 2424 publice
587 2355 781 2420 nubat,
805 2372 969 2428 quam
991 2359 1209 2414 occulte
1231 2359 1463 2432 turpiter
1487 2368 1607 2432 agat
1626 2360 1785 2429 illud,

191 2449 247 2498 et
276 2442 627 2498 erubescatnr
651 2443 709 2498 in
742 2444 854 2500 illa.

265 2534 450 2604 (Vers.
482 2534 600 2606 37.)
643 2557 663 2581 ε
685 2535 820 2591 Nam
843 2536 936 2609 qui
959 2538 1154 2594 statuit
1182 2539 1240 2595 in
1269 2540 1432 2598 corde
1457 2559 1556 2599 suo
1572 2543 1785 2613 ﬁrmus,

201 2636 314 2677 non
336 2620 541 2678 habens
561 2625 960 2694 necessitatem,
984 2636 1308 2698 potestatem
1331 2639 1510 2686 autem
1536 2631 1699 2688 habet
1719 2633 1786 2689 de

191 2726 293 2767 sua
314 2712 617 2779 voluntate,
650 2721 705 2769 et
733 2712 838 2769 hoc
867 2714 1111 2771 decrevit
1140 2717 1198 2772 in
1226 2734 1326 2774 suo
1354 2720 1536 2788 corde,
1569 2737 1785 2777 servare

193 2798 467 2870 virginem
498 2815 675 2867 suam,
704 2799 844 2856 bene
873 2801 1027 2858 facit.
1057 2828 1075 2852 ι
1115 2805 1231 2861 Hoc
1259 2805 1416 2874 dicit,
1447 2815 1508 2862 ut
1537 2809 1632 2880 qui
1661 2809 1785 2864 vir-

196 2888 382 2958 ginem
411 2887 598 2957 habet,
628 2890 716 2945 cui
749 2889 965 2946 animus
993 2891 1062 2948 ad
1086 2895 1304 2965 nuptias
1334 2911 1444 2951 non
1475 2905 1575 2964 est,
1605 2906 1784 2954 servet

194 2977 384 3031 illam:
416 2993 517 3034 nec
563 2978 649 3033 illi
697 2978 907 3052 ingerat
955 2982 1203 3039 fomitem
1245 2985 1581 3055 nuptiarum,
1619 3004 1783 3059 quam

197 3063 353 3120 videt
385 3066 630 3123 nubendi
661 3069 1004 3126 voluntatem
1035 3088 1146 3126 non
1176 3071 1394 3128 habere.
1430 3074 1700 3129 Beneﬁcia
1735 3075 1781 3130 si

190 3153 508 3226 praestanda
535 3163 685 3220 sunt,
719 3166 923 3226 quanto
968 3159 1138 3228 magis
1178 3160 1404 3214 minime
1443 3161 1784 3217 auferenda?

261 3242 452 3312 (Vers.
473 3241 590 3312 38.)
629 3266 648 3289 ε
664 3243 746 3297 Ita
761 3251 814 3296 et
833 3242 927 3312 qui
947 3250 1181 3312 nuptum
1203 3244 1295 3299 dat
1320 3246 1589 3316 virginem
1607 3264 1782 3316 suam,

186 3328 525 3395 benefacit.
559 3352 581 3377 ι
622 3327 772 3382 Bene
800 3328 953 3396 facit,
985 3330 1113 3401 quia
1142 3331 1290 3399 licet,
1316 3334 1460 3404 quod
1491 3334 1639 3392 facit.
1676 3359 1694 3382 ι
1716 3336 1786 3390 Et

181 3418 283 3492 qui
320 3431 435 3472 non
481 3415 577 3472 dat
606 3422 862 3486 nuptum,
909 3418 1106 3473 melius
1153 3419 1303 3475 facit.
1337 3445 1356 3469 ι
1409 3423 1604 3479 Melius
1633 3425 1782 3495 facit,

185 3507 324 3579 quia
343 3513 397 3560 et
424 3503 569 3576 apud
589 3506 766 3560 Deum
788 3505 1044 3560 meritum
1068 3505 1150 3562 illi
1178 3507 1431 3578 collocat,
1463 3518 1515 3567 et
1541 3527 1572 3566 a
1598 3511 1784 3569 saeculi

183 3593 572 3652 sollicitudine
601 3593 754 3649 illam
785 3594 1001 3652 liberat.

275 3683 456 3754 (Vers.
483 3683 598 3754 39.)
635 3706 653 3729 ι
680 3682 878 3739 Mulier
892 3683 1079 3740 vincta
1097 3692 1177 3742 est
1203 3687 1338 3760 lege,
1370 3686 1612 3762 quandiu
1640 3690 1784 3747 vivit

190 3771 287 3827 vir
319 3769 455 3841 ejus.
484 3795 503 3819 ι
555 3772 682 3827 Haec
711 3771 916 3829 idcirco
946 3775 1315 3846 prosequitur,
1347 3785 1408 3832 ut
1435 3777 1626 3834 doceat
1654 3780 1783 3852 quia

189 3860 421 3926 mulier,
453 3859 667 3916 etiamsi
696 3876 729 3914 a
753 3860 874 3916 viro
909 3861 1075 3917 fuerit
1105 3861 1292 3934 ejecta,
1326 3865 1569 3921 nubendi
1601 3867 1783 3924 licen-

188 3949 336 4004 tiam
393 3963 504 4003 non
556 3948 738 4006 habet.
803 3972 822 3996 ι
851 3949 908 4007 Si
954 3960 1135 4008 autem
1184 3962 1434 4010 mortuus
1475 3955 1643 4012 fuerit
1694 3958 1784 4013 vir

181 4036 313 4108 ejus
345 4035 484 4108 (54),
518 4037 747 4093 liberata
771 4045 869 4095 est.
911 4064 931 4088 ι
973 4041 1155 4096 Etiam
1187 4041 1304 4098 haec
1331 4043 1399 4098 ad
1440 4044 1782 4116 supradictas

189 4131 478 4203 pertinent
510 4147 726 4198 causas;
760 4139 822 4187 ut
853 4133 1104 4189 ostendat
1133 4151 1295 4206 quam
1319 4136 1475 4192 beata
1502 4138 1574 4193 sit
1604 4140 1780 4210 virgo,

188 4235 320 4276 cum
361 4220 505 4275 nulli
545 4221 653 4276 nisi
683 4221 785 4276 soli
828 4223 941 4277 Deo
969 4221 1214 4292 subjecta
1244 4223 1333 4280 sit.
1374 4225 1609 4280 Vincere
1636 4226 1784 4282 enim

186 4309 416 4366 videtur
462 4311 770 4365 naturalem
803 4310 1220 4381 subjectionem,
1266 4313 1483 4384 quando
1517 4313 1663 4386 quod
1691 4330 1785 4387 per

187 4409 444 4456 naturam
491 4397 847 4454 humiliatum
890 4407 992 4466 est,
1033 4399 1211 4471 erigit.
1256 4424 1275 4447 ι
1305 4401 1408 4458 Cui
1439 4405 1560 4459 vult
1589 4405 1814 4482 nubat,‘

1813 4459 1863 4518 D

188 4497 412 4548 tantum
435 4490 492 4545 in
509 4487 767 4555 Domino,
789 4513 810 4538 ι
850 4488 904 4544 id
935 4497 1036 4558 est,
1059 4505 1219 4561 quem
1251 4490 1358 4546 sibi
1395 4500 1580 4564 aptum
1619 4501 1787 4566 puta-

187 4579 356 4646 verit,
389 4578 473 4633 illi
522 4576 732 4644 nubat;
765 4577 895 4649 quia
935 4578 1127 4634 invitm
1171 4580 1376 4652 nuptize
1403 4583 1581 4638 solent
1612 4585 1782 4642 malos

187 4672 492 4739 proventus
522 4663 738 4721 habere.
785 4689 803 4711 ε
833 4665 1069 4722 Tantum
1105 4667 1164 4723 in
1190 4670 1448 4740 Domino,
1483 4695 1501 4719 ι
1545 4672 1649 4729 hoc
1677 4681 1778 4742 est,

189 4762 253 4810 ut
283 4755 406 4808 sine
454 4753 763 4823 suspicione
794 4754 1158 4825 turpitudinis
1186 4758 1375 4827 nubat,
1417 4769 1470 4815 et
1501 4761 1782 4834 religionis

184 4859 285 4901 sua
311 4843 438 4898 viro
467 4842 666 4898 nubat:
702 4842 806 4899 hoc
830 4851 911 4898 est
939 4843 998 4898 in
1027 4845 1264 4902 Domino
1294 4849 1518 4905 nubere.

261 4933 451 5006 (Vers.
481 4931 599 5004 40.)
655 4955 674 4980 ι
701 4931 919 4989 Beatior
958 4941 1141 4991 autem
1169 4936 1297 5002 erit,
1326 4938 1375 4992 si
1405 4937 1486 4995 sic
1515 4953 1781 5011 perman-

259 5150 382 5223 (53)
414 5150 574 5207 Rom.
623 5147 780 5219 edit.,
809 5165 934 5207 cum
980 5152 1168 5225 paucis
1197 5169 1354 5220 mss.,
1386 5169 1439 5208 se
1474 5152 1646 5208 videri
1673 5156 1780 5210 exi-

189 5225 389 5278 stimat.

260 5295 378 5361 (54)
406 5293 488 5348 Ita
518 5299 627 5364 vet.
661 5291 792 5347 edit.
832 5309 895 5348 ac
925 5291 1170 5364 plerique
1200 5310 1330 5350 mss.
1361 5311 1374 5358 ;
1407 5295 1566 5350 Rom.
1598 5301 1778 5352 autem

188 5364 316 5421 edit.
352 5381 481 5421 cum
509 5363 873 5434 aliisraliquot
903 5377 1056 5434 mss.,
1086 5363 1240 5429 Quod
1272 5365 1319 5418 si
1347 5365 1636 5420 do‘rmicrit.

262 5438 380 5506 (55)
430 5433 697 5506 Nonnulli
753 5433 905 5500 mss.,
946 5433 1124 5506 solent
1150 5434 1211 5506 in
1239 5435 1507 5506 diversum
1539 5435 1781 5502 juniores

191 5503 482 5562 incurrere.
518 5504 622 5559 llic
649 5519 865 5575 quoque
895 5503 1166 5576 quidquid
1190 5503 1489 5576 intercedit
1516 5521 1545 5559 a
1576 5506 1776 5562 verbis:

192 5578 419 5650 Denique
448 5573 1110 5649 primw‘nuptiwfusque
1137 5573 1205 5630 ad
1235 5575 1472 5629 concedit
1508 5577 1780 5641 secundas,

1886 495 2090 568 perius,
2139 496 2321 562 nubat,
2354 497 2466 565 lege
2497 496 2740 568 loquitur
2768 497 3002 552 naturali
3034 517 3048 563 ;
3092 515 3404 572 quanquam
3434 516 3468 556 a

1887 586 2000 640 Deo
2048 583 2238 656 prima:
2295 583 2500 654 nuptiae
2544 585 2673 650 sint,
2715 587 2962 642 secundae
3009 603 3139 642 vero
3189 589 3467 660 permissae

1888 682 2034 730 sunt.
2068 673 2314 746 Denique
2342 673 2531 744 primae
2563 674 2764 745 nuptiae
2812 676 2910 731 sub
2952 676 3329 734 benedictione
3367 679 3468 734 Dei

1889 761 2232 818 celebrantur
2286 761 2626 819 sublimiter:
2681 763 2930 818 secundae
2977 773 3156 820 autem
3207 766 3369 820 etiam
3410 766 3468 820 in

1889 851 2144 923 presenti
2181 860 2366 907 carent
2408 852 2611 922 gloria;
2664 867 2931 906 concessa:
2975 861 3102 906 sunt
3129 861 3307 907 autem
3349 869 3468 923 pro-

1891 948 2010 1011 pter
2057 939 2548 994 incontinentiam:
2592 948 2645 994 et
2677 938 2807 1010 quia
2836 939 3012 994 solent
3051 938 3340 993 viduarum
3372 938 3475 1008 ju-

1891 1027 2074 1082 niores
2101 1028 2379 1083 incurrere
2419 1027 2567 1098 (55);
2619 1044 2681 1083 ac
2721 1043 2816 1098 per
2863 1026 2967 1083 hoc
2997 1026 3250 1083 concedit
3286 1042 3475 1082 secun-

1891 1117 2004 1173 das.
2039 1117 2142 1174 Sed
2173 1118 2300 1190 quia
2331 1118 2526 1172 melius
2556 1124 2636 1172 est
2656 1125 2716 1171 ut
2737 1133 2793 1171 se
2823 1117 3133 1181 contineat;
3167 1124 3227 1171 ut
3258 1116 3476 1187 dignior

1892 1205 1964 1260 sit
1994 1206 2049 1260 in
2081 1206 2286 1274 futuro,
2319 1207 2612 1262 consilium
2645 1206 2738 1262 dat
2766 1206 3004 1277 spiritali
3035 1206 3247 1261 ratione
3277 1205 3477 1277 praeci-

1891 1309 2082 1366 puum,
2135 1301 2196 1349 ut
2239 1310 2295 1350 se
2336 1294 2612 1351 contineat
2658 1295 2798 1367 (56).
2861 1318 2879 1340 ε
2908 1295 3046 1350 Puto
3090 1294 3234 1350 enim
3284 1303 3338 1350 et
3379 1309 3477 1365 ego

1891 1383 2154 1454 Spiritum
2183 1383 2280 1438 Dei
2320 1384 2531 1450 habeo;
2566 1410 2583 1432 ι
2625 1393 2687 1440 ut
2718 1393 2894 1440 ratum
2927 1392 2980 1439 et
3011 1383 3302 1456 providum
3335 1399 3478 1440 con-

1892 1471 2078 1526 silium
2112 1489 2270 1527 suum
2311 1473 2584 1540 ostendat,
2627 1472 2942 1529 humilitate
2988 1473 3144 1528 verbi
3189 1473 3292 1530 hoc
3317 1487 3478 1530 com-

1892 1559 2116 1617 mendat
2143 1562 2254 1617 alto
2283 1577 2467 1620 sensu.

2477 1708 2703 1766 CAPUT
2743 1709 2888 1767 VIII.

1964 1823 2144 1896 (Vers.
2178 1825 2256 1896 l.)
2302 1848 2320 1872 ι
2339 1826 2417 1881 De
2445 1823 2534 1880 his
2553 1835 2734 1882 autem
2756 1843 2875 1899 qua:
2904 1824 3068 1881 idolis
3089 1825 3472 1896 immolantur,

1891 1912 2094 1968 scimus
2121 1912 2251 1984 quia
2296 1930 2484 1969 omnes
2523 1914 2804 1970 scientiam
2844 1914 3127 1971 habemus.
3159 1940 3179 1963 ι
3221 1916 3381 1972 Nunc
3408 1915 3478 1971 de

1892 2001 2118 2056 scientia
2160 2003 2439 2057 locuturus
2485 2011 2602 2058 est:
2654 2021 2772 2075 quae
2821 2003 2893 2058 sit
2934 2003 3182 2073 scientia,
3215 2021 3326 2060 non
3355 2013 3476 2061 sta-

1892 2088 1988 2144 tim
2021 2089 2175 2156 dicit,
2207 2091 2300 2146 sed
2330 2093 2387 2146 in
2428 2091 2690 2163 subjectis
2716 2092 2957 2149 ostendit
2987 2092 3195 2163 dicens,
3228 2093 3358 2166 quia
3394 2093 3478 2148 ni-

1894 2175 1975 2231 hil
2000 2186 2083 2233 est
2111 2177 2338 2236 idolum.

1978 2290 1996 2312 ε
2047 2267 2283 2322 Scientia
2329 2267 2503 2324 inﬂat.
2554 2293 2573 2316 ›
2643 2270 2992 2327 Manifestum
3046 2278 3128 2328 est
3185 2269 3476 2328 habentem

1896 2354 2178 2409 scientiam
2212 2356 2267 2410 in
2290 2373 2352 2411 eo
2381 2358 2499 2428 ipso
2530 2359 2772 2428 gloriari,
2804 2360 2850 2414 si
2880 2376 2990 2415 non
3021 2361 3178 2429 foris,
3200 2362 3328 2433 quia
3352 2378 3476 2432 pru-

1897 2441 2029 2496 dens
2057 2451 2156 2510 est,
2189 2444 2277 2497 vel
2308 2445 2451 2515 apud
2479 2462 2554 2500 se.
2588 2447 2774 2501 Genus
2801 2448 2949 2502 enim
2978 2447 3221 2504 scientiae
3251 2448 3355 2503 hoc
3374 2457 3476 2517 est,

1895 2538 1958 2585 ut
2011 2531 2278 2602 glorietur
2326 2534 2383 2586 in
2425 2548 2557 2599 sese,
2609 2534 2732 2589 ideo
2780 2535 2953 2590 inﬂat.
3017 2561 3036 2583 ι
3066 2537 3316 2593 Charitas
3346 2552 3479 2591 vero

1895 2619 2146 2675 aediﬁcat.
2179 2645 2198 2668 ι
2259 2621 2446 2693 Itaque
2474 2629 2607 2676 tunc
2653 2621 2884 2676 scientia
2913 2639 3107 2691 magna
3137 2630 3240 2689 est,
3273 2631 3326 2676 et
3371 2623 3480 2678 sibi

1894 2708 2067 2776 utilis,
2118 2707 2166 2763 si
2209 2707 2474 2765 charitate
2518 2709 2870 2774 humilietur,’
2896 2717 2957 2764 ut
2986 2709 3224 2780 amplius
3251 2716 3477 2766 crescat.

1894 2795 2246 2868 Temperatur
2293 2797 2438 2853 enim
2482 2813 2513 2851 a
2552 2796 2865 2864 dilectione,
2897 2805 2957 2852 ut
3004 2814 3115 2853 non
3153 2798 3285 2854 satis
3330 2814 3480 2855 mera

1893 2887 1986 2955 sit,
2015 2895 2070 2942 et
2099 2887 2334 2942 inebriet
2362 2889 2644 2955 scientem,
2679 2897 2740 2944 ut
2780 2904 2835 2943 se
2863 2888 3113 2944 extollat.
3143 2887 3298 2944 Sicut
3327 2888 3475 2944 enim

1894 2975 2084 3030 vinum
2135 2992 2244 3032 non
2288 2985 2646 3050 temperatum
2678 2975 3005 3032 admistione
3043 2993 3195 3046 aqua:
3239 2984 3476 3032 mentem

1895 3064 2094 3119 alienat
2126 3083 2140 3131 ;
2172 3066 2249 3120 ita
2295 3073 2349 3120 et
2376 3065 2605 3121 scientia
2639 3065 2934 3135 superbum
2977 3065 3128 3130 facit,
3175 3065 3281 3120 nisi
3311 3066 3480 3122 fuerit

1896 3163 2213 3227 temperata.
2246 3155 2443 3211 Omnia
2463 3156 2609 3209 enim
2631 3155 2746 3208 sola
2770 3154 3021 3208 insuavia
3041 3161 3170 3208 sunt
3187 3161 3242 3208 et
3259 3154 3476 3220 nociva;

1894 3244 2023 3314 quia
2053 3259 2154 3298 nec
2201 3242 2355 3311 panis
2392 3243 2542 3296 solus
2569 3241 2708 3295 bene
2754 3241 2959 3304 editur,
3003 3255 3104 3295 nec
3141 3239 3339 3311 reliqui
3369 3238 3479 3295 cibi

1896 3331 2014 3386 sine
2043 3330 2371 3385 admistione
2413 3329 2550 3401 grati
2605 3338 2755 3394 sunt,
2794 3329 2886 3384 sed
2931 3328 3114 3383 novici
3148 3329 3304 3399 (57);
3356 3327 3478 3384 ideo

1897 3416 2133 3475 Charitas
2174 3417 2424 3474 mdiﬁcat.
2465 3419 2587 3490 Ipsa
2623 3416 2860 3473 charitas
2905 3434 3016 3472 uno
3052 3417 3179 3472 licet
3209 3416 3477 3473 vocabulo

1895 3507 2220 3580 appelletur,
2258 3507 2448 3562 multis
2493 3515 2670 3560 tamen
2718 3506 3006 3571 consistit;
3060 3505 3177 3560 sine
3213 3505 3477 3577 patientia

1893 3597 2040 3652 enim
2071 3613 2180 3652 non
2209 3603 2403 3668 potest,
2435 3611 2610 3668 neque
2640 3595 2757 3651 sine
2788 3593 3122 3660 humilitate,
3154 3611 3328 3667 neque
3357 3596 3476 3653 sine

1893 3685 2072 3742 cordis
2115 3685 2487 3757 simplicitate.
2522 3684 2590 3738 Hi
2631 3700 2758 3756 ergo
2787 3683 2962 3739 inﬂati
2993 3690 3148 3739 erant
3178 3700 3274 3756 per
3302 3684 3472 3739 scien-

1891 3773 2043 3841 tiam,
2090 3775 2218 3846 quia
2271 3774 2410 3829 nihil
2465 3780 2546 3829 est
2588 3772 2818 3841 idolum,
2869 3773 2963 3844 qui
3007 3780 3197 3828 contra
3243 3772 3473 3826 salutem

1892 3864 2120 3922 fratrum
2179 3866 2557 3938 imperitorum
2609 3871 2748 3926 139
2803 3880 2992 3920 carnes
3046 3862 3473 3918 sacriﬁcatorum

1892 3963 2123 4018 edebant
2156 3963 2295 4032 (58),
2328 3962 2562 4017 scientes
2593 3959 2757 4014 licere
2789 3974 3007 4014 carnem
3041 3957 3235 4023 edere;
3270 3967 3322 4014 et
3347 3957 3477 4029 quia

1892 4051 2032 4106 nihil
2065 4059 2146 4106 est
2186 4049 2418 4116 idolum,
2461 4047 2585 4102 ideo
2631 4063 2741 4102 non
2789 4045 3151 4102 contaminari
3199 4045 3471 4103 edentem.

1893 4142 1961 4198 Hi
1991 4139 2247 4197 scandan
2293 4146 2447 4196 erant
2490 4136 2774 4205 fratribus,
2805 4137 3128 4195 charitatem
3159 4155 3269 4211 prae
3298 4139 3475 4196 oculis

1893 4245 2001 4286 non
2033 4228 2294 4284 habentes
2325 4247 2338 4296 ;
2381 4227 2510 4301 quia
2544 4229 2664 4299 plus
2706 4236 2822 4284 erat
2854 4245 3071 4284 carnem
3103 4237 3474 4300 contemnere,

1893 4336 2050 4392 quam
2097 4317 2360 4373 fratribus
2411 4316 2725 4374 scandalum
2777 4317 2970 4374 facere.
3034 4317 3272 4374 Scientia
3325 4317 3474 4376 enim

1893 4409 2113 4465 illorum
2167 4409 2478 4466 destruebat
2527 4409 2740 4465 animos
2789 4409 3166 4482 imperitorum
3217 4410 3472 4479 fratrum,

1896 4500 2206 4571 putantium
2238 4516 2352 4555 esse
2381 4499 2497 4554 illic
2528 4499 2673 4570 apud
2705 4499 2916 4553 idolum
2948 4498 3185 4570 aliquam
3217 4500 3472 4570 gratiam;

1893 4589 2111 4661 quando
2168 4589 2456 4661 peritiores
2512 4587 2705 4641 fratres
2755 4587 3014 4641 interesse
3069 4586 3205 4651 illic,
3257 4594 3311 4639 et
3363 4600 3475 4639 non

1891 4677 2112 4734 horrere
2138 4676 2421 4731 videbant.
2465 4673 2590 4729 Ideo
2636 4673 2747 4727 ait:
2804 4696 2823 4717 ι
2862 4671 3113 4727 Charitas
3141 4671 3411 4738 aediﬁcat;
3442 4695 3463 4718 ι

1890 4773 1953 4821 ut
1988 4765 2150 4821 saluti
2198 4765 2430 4819 fratrum
2477 4761 2775 4823 studentes,
2824 4757 3065 4812 scientiae
3109 4757 3226 4812 illic
3260 4757 3474 4829 legibus

1891 4870 2004 4911 non
2033 4859 2336 4918 uterentur,
2371 4865 2440 4904 ne
2469 4848 2582 4902 illis
2610 4844 2928 4902 scandalum
2961 4842 3218 4900 facerent.
3524 4892 3528 4914 ί

1963 4939 2144 5012 (Vers.
2195 4936 2278 5008 2.)
2337 4960 2356 4984 ι
2392 4933 2551 5002 Quod
2597 4934 2645 4990 si
2683 4931 2807 5006 quis
2845 4929 3124 4990 existimat
3168 4950 3225 4991 se
3260 4935 3474 5012 aliquid

1889 5157 1947 5212 in
1977 5155 2138 5228 Gorb.
2169 5172 2272 5212 ms.
2306 5151 2761 5228 praetermittitur.

1961 5227 2076 5297 (56)
2125 5229 2280 5284 Rom.
2307 5221 2467 5290 edit.,
2518 5224 2734 5297 omissis
2771 5221 2966 5278 verbis
2991 5226 3050 5277 ut
3093 5239 3146 5278 se
3175 5223 3474 5297 contineat,

1889 5294 2381 5422 itabprosequitur:
2429 5297 2567 5351 Puto
2600 5296 2732 5351 enim
2769 5300 2818 5350 et
2863 5311 2951 5366 ego
2995 5309 3074 5349 me
3101 5294 3349 5366 spiritum
3377 5296 3478 5352 Dei

1923 5387 1956 5422 a
1993 5385 2093 5422 ere.

1923 5385 2093 5422 avere.

1965 5438 2080 5510 (57)
2099 5437 2233 5510 Mss.
2250 5438 2482 5510 aliquot,
2508 5441 2596 5496 sed
2619 5455 2726 5495 non
2739 5435 2950 5503 nocivi;
2981 5435 3128 5510 haud
3156 5438 3289 5510 satis
3308 5445 3473 5494 recte.

1964 5507 2082 5576 (58)
2115 5507 2274 5564 Corb.
2319 5507 2464 5574 cod,
2495 5512 2588 5579 qui
2616 5512 2755 5567 idolo
2785 5513 2970 5579 contra
2994 5509 3216 5563 salutem
3240 5508 3480 5579 fratrum

1893 5578 2260 5649 imperitorum
2287 5595 2469 5633 carnes
2497 5578 2822 5652 sacra/dcam
2848 5578 3082 5634 edebant.
