3952 6202
511 381 617 442 239

1521 377 1617 435 AD
1657 377 1890 434 OPEBA
1928 377 1982 432 S.
2024 374 2355 432 AMBROSII
2392 370 2768 430 APPENDIX.

3717 366 3822 432 240

513 508 673 574 scire,
694 502 941 562 nondum
957 501 1684 576 cognovitquemadmodum
1705 508 1947 572 oporteat
1970 516 2091 556 eum
2124 503 2172 561 Α
2210 501 2409 555 \‘ernm
2443 505 2541 563 est,
2577 498 2704 569 quia
2733 511 2841 550 non
2872 492 2996 550 ideo
3032 492 3144 550 Deo
3169 493 3515 565 placebimus
3543 494 3591 550 si
3629 497 3822 550 omnia

515 594 672 653 scire.
706 619 725 642 ν
767 594 876 649 Eos
904 592 1051 665 ipsos
1086 593 1179 665 qui
1211 592 1267 648 in
1296 591 1521 648 scientia
1554 590 1876 661 gloriantur,
1908 597 2102 645 osten-

515 685 598 741 dit
647 700 759 739 non
809 683 884 740 ita
932 681 1271 753 cognovisse,
1323 681 1464 737 sicut
1516 678 1951 751 cognoscendum
1998 684 2097 732 est.

513 776 659 830 Dum
708 772 855 829 enim
902 769 1243 839 charitatem,
1290 785 1409 842 qua:
1440 775 1613 825 mater
1641 767 1886 825 omnium
1936 766 2102 822 bono-

514 879 637 919 rum
669 869 769 929 cst,
805 876 913 915 non
953 868 1248 927 sectantur,
1286 876 1397 916 non
1444 859 1631 918 sciunt
1677 859 1819 916 sicut
1867 862 2098 929 Oportet.

514 954 584 1008 Ut
613 950 741 1022 ergo
770 950 1001 1007 scientia
1028 949 1271 1009 fructum
1309 948 1510 1008 habere
1541 948 1734 1023 possit,
1763 947 2017 1007 charitati
2045 962 2103 1006 se

522 1040 674 1098 debet
700 1038 991 1112 subjicere.

585 1128 768 1201 (Vers.
793 1128 874 1201 3.)
912 1153 931 1177 ι
950 1127 1007 1185 Si
1027 1142 1160 1184 vero
1183 1127 1307 1201 quis
1325 1126 1509 1200 diligit
1520 1130 1715 1198 Deum,
1740 1124 1834 1186 hic
1852 1126 2105 1201 cognitus

531 1226 595 1278 ist
625 1216 691 1273 ab
720 1235 804 1275 eo.
836 1242 856 1267 ι
900 1216 1004 1274 Hic
1051 1217 1234 1289 diligit
1262 1220 1459 1286 Deum,
1491 1218 1585 1291 qui
1628 1216 1915 1275 charitatis
1943 1231 2106 1272 causa

515 1309 807 1367 scientiam
838 1308 1055 1381 mitigat
1082 1314 1145 1365 ut
1176 1310 1349 1381 prosit
1376 1308 1555 1378 fratri,
1589 1322 1687 1382 pro
1717 1325 1824 1382 quo
1855 1307 2105 1366 Christus

516 1407 769 1456 mortuus
792 1409 893 1458 est.

589 1489 770 1563 (Vcrs.
804 1490 885 1561 4.)
936 1515 953 1538 ι
981 1490 1059 1547 De
1086 1489 1224 1548 cibis
1254 1490 1422 1563 igitur
1450 1489 1759 1549 simulacris
1784 1489 2099 1546 immolato-

516 1596 637 1636 rum
690 1579 828 1652 (59).
873 1605 893 1628 ι
956 1580 1113 1636 Nunc
1164 1596 1382 1636 causam
1438 1581 1609 1652 ipsam
1661 1587 1978 1655 pertractat,
2045 1585 2106 1636 ut

519 1671 768 1727 ostendat
814 1688 910 1743 per
966 1672 1235 1727 rationem
1286 1672 1573 1729 scientiam
1629 1688 1741 1729 non
1768 1673 1948 1729 solum
1994 1686 2106 1727 non

519 1761 803 1832 proﬁcere,
876 1762 1140 1818 cbaritate
1222 1772 1554 1835 contempta,
1624 1765 1716 1820 sed
1782 1771 1835 1819 et
1899 1762 2103 1818 obesse.

2211 587 2521 643 oderimus:
2570 592 2661 639 aut
2703 585 3041 639 oﬁ‘endemus
3086 585 3131 639 si
3179 584 3362 655 aliqua
3409 584 3819 655 contempserio

2210 693 2350 733 mus.
2414 696 2435 723 ι
2485 676 2668 747 Neque
2715 675 2862 729 enim
2918 675 2962 729 si
3010 672 3301 740 ederimus,
3348 671 3813 738 abundabimus;

2212 780 2385 837 neque
2429 766 2475 821 si
2519 780 2631 819 non
2662 764 2954 830 ederimus,
3003 760 3176 817 deerit
3196 760 3374 818 nobis.
3409 786 3429 812 ι
3477 760 3817 834 Contempts

2212 858 2355 909 enim
2408 853 2802 910 sacriﬁciorum
2849 867 2989 919 esca,
3032 867 3142 907 non
3192 850 3387 922 utique
3433 850 3617 906 deerit
3668 849 3813 923 quod

2212 945 2440 1012 edatur;
2479 945 2525 1001 si
2557 953 2734 1001 autem
2766 951 2984 1013 sumpta
3012 942 3199 1010 fuerit,
3232 958 3345 998 non
3369 938 3712 1010 abundabit,
3739 942 3811 998 ita

2212 1041 2274 1090 ut
2315 1034 2457 1089 nihil
2506 1034 2853 1106 requiratur:
2902 1047 2966 1088 ac
3014 1046 3111 1104 per
3143 1030 3250 1087 hoc
3289 1029 3651 1101 abiicienda;
3688 1029 3808 1101 quis

2213 1136 2389 1195 neque
2429 1122 2545 1178 sine
2588 1121 2685 1177 illa
2712 1136 2822 1177 non
2853 1120 3066 1177 vivitur
3090 1125 3145 1176 et
3173 1117 3492 1176 scandalum
3542 1117 3807 1174 fratribus

2212 1224 2319 1271 est.
2750 1258 2765 1274 ι

2285 1302 2466 1375 (Vere.
2504 1302 2586 1374 9.)
2645 1324 2665 1351 ι
2701 1301 2841 1358 Vide
2870 1307 3051 1356 tamen
3097 1314 3167 1357 ne
3197 1300 3339 1356 forte
3369 1297 3598 1356 licentia
3628 1304 3803 1354 vestra

2214 1393 2442 1449 oliensio
2472 1391 2565 1447 ﬁat
2595 1391 2850 1447 inﬁrmis.
2884 1414 2902 1439 ι
2942 1391 3057 1447 Hoc
3076 1398 3175 1457 est,
3205 1404 3274 1445 ne
3301 1388 3433 1461 quia
3453 1388 3623 1444 licere
3652 1386 3805 1441 vobis

2216 1482 2372 1537 edere
2399 1495 2612 1536 carnem
2645 1481 2711 1535 de
2740 1478 3009 1536 sacriﬁcio
3037 1479 3242 1547 dicitis,
3272 1493 3369 1550 per
3402 1477 3461 1534 id
3489 1475 3640 1549 quod
3668 1474 3803 1531 nihil

2216 1587 2328 1625 esse
2368 1570 2578 1624 idolum
2615 1568 2788 1633 scitis,
2820 1568 3177 1624 offensionem
3225 1566 3495 1640 generatis
3520 1564 3802 1631 fratribus,

2217 1659 2308 1731 qui
2340 1659 2591 1714 nesciunt
2620 1658 2800 1713 adhuc
2824 1658 2952 1729 quia
2981 1655 3122 1711 nihil
3157 1665 3237 1711 est
3266 1656 3500 1712 idolum.

2289 1749 2469 1819 (Vers.
2514 1748 2627 1819 10.)
2690 1770 2708 1794 ι
2738 1747 2794 1804 Si
2826 1747 2972 1803 enim
3002 1746 3126 1818 quis
3154 1746 3358 1802 viderit
3384 1760 3534 1812 eum,
3568 1745 3668 1817 qui
3703 1742 3802 1797 ha-

535 1875 553 1895 ι
585 1849 800 1905 Scimus
845 1850 973 1923 quia
1001 1850 1143 1907 nihil
1175 1860 1254 1907 est
1300 1853 1677 1921 simulacrum,
1710 1860 1764 1908 et
1791 1851 1919 1923 quia
1946 1867 2109 1907 nemo
2135 1860 2181 1919 B
2215 1839 2306 1896 bet
2335 1842 2616 1896 scientiam
2661 1840 2718 1895 ill
2764 1839 2935 1895 idolio
2965 1837 3391 1901 recumbentem,
3432 1848 3624 1891 nonne
3671 1846 3800 1889 0011'-

519 1941 686 2007 Deus,
740 1936 846 1993 nisi
896 1955 1059 1996 unus.
1088 1965 1107 1991 ι
1150 1939 1357 1998 Verum
1406 1950 1532 2011 est;
1583 1935 1728 2015 apud
1775 1936 2112 1998 Christianos

518 2028 666 2085 enim
694 2044 839 2084 unus
865 2036 947 2085 est
972 2031 1136 2086 Deus.

592 2116 774 2189 (Vers.
807 2118 885 2191 5.)
932 2142 951 2167 ε
982 2119 1134 2176 Licet
1161 2118 1274 2176 sint
1300 2120 1662 2193 quidicantur
1690 2118 1770 2176 dii
1798 2122 1851 2176 et
1878 2116 2110 2190 domini,

518 2204 635 2264 sive
659 2206 716 2263 in
746 2210 907 2275 caelo,
939 2207 1055 2263 sive
1087 2206 1145 2262 in
1175 2216 1338 2264 terra.
1372 2234 1391 2258 ι
1435 2210 1483 2266 Α
1521 2209 1745 2280 paganis
1774 2207 1920 2263 enim
1951 2215 2001 2263 et
2032 2205 2113 2264 sol

521 2304 576 2353 et
604 2298 735 2353 luna
781 2305 835 2353 et
881 2305 1077 2355 caetera
1114 2298 1293 2354 sidera
1325 2299 1404 2354 dii
1444 2300 1690 2355 omlestes
1725 2297 2020 2354 dicuntur:
2054 2296 2111 2352 in

520 2392 666 2441 terra
720 2385 1055 2457 Apollinem,
1110 2387 1510 2460 Esculapium,
1562 2387 1873 2457 lierculem,
1919 2386 2114 2443 Miner-

522 2489 648 2530 vam
680 2471 810 2530 deos
841 2473 1037 2530 dicunt
1059 2482 1112 2531 et
1143 2476 1417 2533 dominos.

597 2561 778 2634 (Vers.
811 2563 892 2637 6.)
956 2588 975 2613 ‹
1002 2564 1171 2621 Nobis
1222 2574 1406 2621 tamen
1436 2580 1579 2620 unus
1625 2565 1770 2621 Deus
1817 2562 1993 2633 Pater,
2044 2577 2114 2619 ex

526 2666 635 2721 quo
663 2650 870 2720 omnia,
921 2660 976 2707 et
1023 2669 1124 2708 nos
1154 2651 1212 2707 in
1261 2653 1377 2708 illo.
1411 2677 1430 2701 ι
1484 2652 1682 2709 Omnia
1728 2649 1875 2707 enim
1919 2667 1987 2705 ex
2019 2649 2115 2703 illo

524 2756 750 2815 quaeque
782 2751 930 2811 sunt,
977 2741 1292 2813 ubicunque
1325 2749 1473 2799 sunt.
1526 2740 1663 2798 Cum
1707 2749 1889 2796 autem
1939 2738 2110 2793 dicit:

538 2850 558 2874 ι
584 2828 655 2884 Et
686 2846 787 2884 nos
818 2830 875 2882 in
905 2828 1025 2897 illo,
1057 2854 1076 2876 ι
1118 2829 1381 2883 discrevit
1410 2845 1510 2883 nos
1540 2844 1572 2881 a
1598 2827 1830 2896 caeteris,
1870 2827 2114 2900 quicum

524 2929 595 2969 ex
645 2915 743 2969 illo
789 2914 919 2981 sint,
952 2931 1064 2969 non
1108 2923 1290 2969 tamen
1343 2924 1471 2970 sunt
1517 2915 1574 2969 in
1624 2915 1739 2984 illo,
1774 2914 1904 2971 dum
1936 2915 2116 2972 adhuc

528 3017 641 3056 non
671 3000 921 3057 credunt.
975 3025 994 3048 ι
1027 3000 1099 3057 Et
1133 3018 1277 3057 unus
1327 3001 1597 3058 Dominus
1623 3003 1797 3072 Jesus,
1828 3020 1923 3076 per
1954 3021 2114 3077 quem

527 3088 732 3157 omnia,
782 3096 836 3144 et
863 3105 963 3146 nos
992 3106 1088 3163 per
1136 3090 1337 3162 ipsum.
1375 3117 1394 3140 ›
1442 3092 1640 3147 Omnia
1670 3092 1818 3148 enim
1849 3109 1917 3148 ex
1957 3094 2116 3148 Patre

2222 1930 2449 1986 scientia
2484 1928 2621 2001 ejus,
2653 1945 2778 1985 cum
2809 1929 2881 1984 sit
2909 1928 3145 1997 inﬁrma,
3176 1924 3543 1982 aediﬁcabitur
3563 1923 3634 1979 ad
3663 1935 3800 1977 man-

2223 2019 2532 2074 ducandum
2576 2018 2643 2074 de
2681 2016 3039 2074 simulacris?
3082 2040 3102 2065 ι
3158 2016 3274 2071 Hoc
3316 2013 3438 2070 ideo
3473 2011 3650 2079 dixit,
3682 2009 3801 2083 quia

2224 2107 2416 2161 videns
2460 2107 2582 2179 quis
2629 2107 2847 2161 fratrem
2886 2104 3119 2178 peritum
3161 2102 3219 2159 in
3264 2101 3436 2158 idolio
3486 2099 3797 2165 invitatum,

2224 2195 2626 2252 recumbentem
2660 2194 2816 2253 edere
2842 2212 3030 2252 carnes
3063 2192 3477 2259 sacriﬁciorum,
3508 2197 3668 2260 putat
3693 2187 3804 2243 illic

2225 2301 2337 2341 esse
2366 2285 2576 2357 aliquid
2607 2285 2813 2357 gratias,
2844 2292 2897 2339 et
2926 2281 3123 2355 incipit
3154 2283 3318 2337 etiam
3350 2280 3466 2352 ipse
3495 2278 3659 2335 edere
3682 2292 3805 2334 car-

2190 2390 2322 2435 ,ncs
2378 2373 2791 2441 sacriﬁciorum,
2843 2388 2953 2430 non
3004 2373 3101 2428 illa
3147 2366 3505 2435 conscientia,
3560 2383 3668 2440 qua
3717 2364 3804 2421 ille

2226 2463 2435 2537 peritiae
2461 2481 2619 2520 causa
2650 2464 2826 2520 sciens
2862 2461 3004 2517 nihil
3035 2478 3149 2518 esse
3169 2459 3402 2527 idolum,
3431 2457 3532 2513 sed
3564 2472 3675 2529 qua
3698 2467 3802 2512 esse

2225 2561 2376 2626 putat
2417 2554 2532 2610 illic
2578 2558 2821 2620 nu’men;
2871 2552 3090 2627 quando
3119 2552 3344 2609 fratrem
3391 2550 3640 2623 peritum
3666 2546 3801 2603 videt

2227 2641 2344 2698 illic
2371 2641 2546 2710 edere,
2582 2659 2681 2699 nec
2711 2643 2953 2699 horrere.

2309 2737 2449 2793 140
2482 2732 2661 2804 (Vers.
2700 2734 2812 2803 11.)
2881 2758 2898 2780 ι
2923 2733 2995 2788 Ει
3035 2730 3254 2804 peribit,
3302 2729 3397 2804 qui
3440 2727 3701 2785 inﬁrmus
3731 2728 3801 2783 est

2225 2828 2285 2885 in
2323 2836 2416 2884 tua
2460 2826 2687 2884 scientia
2736 2828 2850 2897 (00)
2905 2826 3087 2894 frater,
3138 2840 3237 2899 pro
3280 2839 3389 2899 quo
3436 2822 3693 2882 Christus
3730 2826 3802 2876 est

2224 2918 2503 2983 mortuus?
2524 2941 2541 2963 ι
2578 2914 2780 2971 Peribit
2802 2914 3072 2983 inﬁrmus,
3102 2912 3147 2970 si
3169 2913 3293 2969 edat
3312 2919 3504 2969 contra
3531 2913 3699 2968 unius
3715 2907 3802 2966 Dei

2225 3007 2388 3061 ﬁdem
2420 3006 2486 3060 de
2516 3004 2834 3061 sacriﬁcatis
2860 3022 2870 3059 :
2914 3004 3060 3077 quod
3090 3001 3313 3077 quidem
3345 3000 3503 3076 quasi
3532 2998 3805 3057 irascentis

2227 3094 2391 3151 verba
2419 3103 2568 3165 sunt,
2614 3101 2666 3150 et
2704 3092 3040 3149 ostendentis
3068 3090 3201 3164 quid
3240 3091 3370 3145 mali
3415 3090 3591 3163 possit
3632 3102 3805 3162 parere

526 3174 768 3279 quidem,
801 3174 897 3231 sed
922 3192 1019 3277 per
1046 3176 1252 3233 Filium
1282 3183 1462 3279 creata
1482 3187 1630 3235 sunt.
1655 3178 1760 3234 Sed
1790 3194 1912 3234 cum
1945 3177 2109 3235 dicit:
2146 3218 2191 3279 ϐ
2228 3185 2472 3253 scientia,
2508 3188 2553 3241 si
2601 3201 2710 3240 nor.
2756 3183 2922 3239 fuerit
2953 3189 3248 3254 temperata
3292 3197 3324 3236 a
3363 3178 3655 3237 cbaritate.
3699 3202 3716 3225 ι
3746 3178 3804 3233 in

540 3288 560 3313 «ι
587 3266 659 3321 Et
697 3281 799 3321 nos
840 3281 936 3339 per
989 3266 1190 3340 ipsum,
1220 3293 1238 3316 ι
1280 3267 1604 3325 reformatos
1651 3284 1751 3324 nos
1788 3284 1883 3340 per
1912 3268 2114 3341 ipsum,

523 3370 619 3426 per
649 3372 808 3427 quem
856 3357 1024 3413 creati
1054 3357 1352 3426 fueramus,
1390 3357 1662 3429 signiﬁcat
1688 3358 1746 3412 in
1793 3357 1891 3412 Dei
1934 3357 2117 3430 cogni-

523 3444 710 3511 tione;
745 3446 875 3518 quia
904 3446 1033 3502 facti
1072 3463 1170 3519 per
1198 3446 1378 3518 ipsum
1428 3464 1553 3503 cum
1580 3446 1812 3515 caeteris,
1844 3454 1964 3519 post
2006 3453 2117 3503 stu-

526 3548 712 3602 porem
745 3532 947 3586 mentis
976 3540 1030 3587 et
1060 3533 1384 3604 ignorantiae
1414 3549 1514 3590 nos
1540 3552 1635 3607 per
1658 3536 1836 3608 ipsum
1881 3534 2118 3606 agnovi-

527 3634 649 3673 mus
670 3618 993 3689 mysterium
1021 3619 1188 3674 unius
1208 3620 1327 3674 Dei.
1352 3620 1532 3675 Unum
1555 3638 1682 3693 ergo
1707 3623 1880 3677 Deum
1902 3622 2116 3679 Patrem

526 3710 692 3782 dixit,
724 3719 777 3767 et
817 3726 989 3768 unum
1038 3712 1338 3769 Dominum
1387 3712 1570 3770 Iesum
1620 3714 1822 3770 Filium
1866 3714 2022 3788 ejus;
2057 3722 2119 3772 ut

526 3802 656 3875 quia
680 3800 826 3857 Deus
872 3818 981 3857 non
1026 3808 1204 3874 potest
1232 3816 1344 3857 non
1375 3816 1490 3858 esse
1527 3802 1816 3870 Dominus,
1863 3802 2119 3861 similiter

524 3898 578 3947 et
628 3891 895 3948 Dominus
944 3891 1284 3964 intelligatur
1321 3907 1436 3947 esse
1480 3897 1533 3946 et
1579 3894 1746 3960 Deus,
1786 3908 1956 3948 unum
2003 3908 2118 3952 esse

520 3982 694 4039 Deum
746 3988 801 4038 et
845 3981 1145 4039 Dominum
1203 3981 1623 4052 demonstraret,
1679 3979 1906 4039 modum
1953 3982 2118 4039 unius

521 4069 783 4144 principii
812 4070 1208 4130 conservando.

604 4160 787 4229 (Vers.
827 4161 913 4231 7.)
965 4185 984 4207 ι
1012 4159 1118 4216 Sed
1164 4158 1363 4219 nonin
1410 4161 1669 4219 omnibus
1697 4168 1779 4218 est
1807 4159 2054 4219 scientia.
2083 4186 2103 4212 ι

523 4244 588 4301 Id
616 4253 716 4313 est,
750 4260 861 4300 non
890 4263 1079 4302 omnes
1104 4257 1311 4304 norunt
1352 4251 1635 4307 credentes
1663 4250 1986 4325 mysterium
2015 4244 2117 4305 Dei

524 4333 697 4389 unius
723 4350 738 4399 ;
793 4332 915 4389 ideo
946 4334 1170 4407 quidam
1211 4342 1409 4408 putant
1437 4352 1503 4394 ex
1532 4337 1603 4393 iis
1632 4337 1728 4411 qui
1761 4337 1992 4394 credunt
2018 4336 2114 4393 ali-

526 4421 661 4496 quid
690 4420 935 4478 numiuis
964 4421 1023 4476 in
1054 4422 1383 4479 simulacris.

611 4536 630 4559 ι
675 4511 812 4568 Nam
862 4508 1033 4584 aliqui
1082 4511 1264 4569 adhuc
1311 4513 1647 4570 conscientia
1688 4510 1822 4570 idoli
1862 4514 2015 4586 quasi
2045 4511 2115 4570 si-

524 4604 773 4662 mulacro
805 4601 1148 4661 immolatum
1198 4600 1550 4659 manducant.
1585 4627 1603 4649 ι
1671 4603 1748 4658 De
1786 4603 1941 4675 plebe
1970 4603 2115 4660 enim

522 4694 696 4767 aliqui
739 4691 919 4751 adhuc
956 4706 1081 4747 cum
1124 4691 1475 4747 veneratione
1505 4690 1785 4748 simulacri
1814 4691 2118 4750 manduca-

522 4787 658 4846 bant
686 4784 753 4843 de
784 4782 1124 4853 sacriﬁcatis,
1159 4783 1314 4858 quasi
1346 4783 1530 4857 aliqua
1578 4788 1716 4839 esset
1756 4782 1871 4839 illic
1900 4782 2117 4841 divini-

522 4886 626 4936 tas.
694 4904 713 4926 ι
757 4878 829 4934 Et
884 4873 1219 4934 conscientia
1275 4872 1509 4930 aliorum
1566 4889 1691 4932 cum
1749 4874 1820 4930 sit
1873 4871 2113 4944 inﬁrma,

536 4968 931 5042 minquiuatur.
968 4991 989 5016 ι
1047 4963 1355 5025 Maculatur
1393 4962 1751 5036 conscientia,
1801 4963 1848 5021 si
1892 4964 2115 5022 inﬁrma

543 5064 609 5119 ist
636 5057 782 5114 circa
808 5057 1003 5112 Deum.

599 5150 780 5223 (Vers.
799 5149 881 5222 8.)
919 5172 938 5196 ‹
954 5149 1093 5206 Esca
1111 5156 1293 5208 autem
1319 5166 1422 5209 nos
1447 5167 1561 5210 non
1571 5149 1920 5211 commendat
1938 5152 2103 5210 Deo»

597 5364 713 5438 (59)
746 5365 903 5438 Edit.
941 5380 1003 5438 ac
1046 5382 1174 5422 mss.
1222 5365 1517 5438 nonnulli,
1543 5367 1627 5438 De
1663 5366 1791 5423 cibis
1821 5365 1987 5436 igitur
2022 5367 2115 5436 qui

527 5436 827 5491 simulacris
885 5436 1040 5505 (edit.
1100 5436 1439 5506 Romuﬂqui
1500 5437 1680 5506 idolis)
1740 5439 2108 5495 immolantur.

526 5509 929 5563 Immolatorttm
958 5525 979 5573 ,'
1040 5508 1197 5564 Rom.
1252 5505 1411 5570 edit.,
1464 5508 1950 5574 Immoiatitiormn,
2000 5516 2107 5564 etc.

527 5578 640 5633 Nos
664 5578 799 5648 alios
829 5594 959 5634 mss.
998 5578 1183 5648 plures
1215 5577 1560 5648 potioresque
1590 5580 1761 5635 secuti
1791 5596 1998 5635 sumus.

600 5647 712 5729 (6Q)
745 5647 967 5729 Sic-vet.
995 5647 1139 5729 edit.
1159 5647 1962 5729 acplurimigprobatissimique
1975 5666 2104 5707 mss.

526 5719 693 5776 semel
722 5725 779 5776 et
812 5719 1015 5777 iterum
1050 5736 1061 5776 :
1095 5728 1150 5776 at
1194 5726 1425 5794 utroque
1471 5720 1590 5777 loco
1620 5722 1775 5778 Rom.
1809 5719 1942 5777 edit.
1982 5737 2109 5777 cum

2230 3283 2319 3330 tua
2346 3275 2575 3329 scientia
2603 3294 2617 3342 ;
2650 3300 2667 3323 ι
2708 3273 2763 3330 id
2785 3281 2884 3341 est,
2906 3278 3001 3328 tua
3027 3268 3221 3343 peritia
3252 3269 3407 3325 illum
3438 3268 3646 3325 occidit
3675 3266 3803 3337 (61);

2227 3363 2444 3438 quando
2473 3378 2505 3418 a
2536 3372 2587 3419 te
2617 3362 2735 3417 ﬁeri
2769 3360 2937 3428 videt,
2966 3358 3111 3433 quod
3142 3360 3235 3415 ille
3254 3357 3414 3413 aliter
3439 3357 3722 3429 intelligit.
3744 3355 3806 3411 Et

2227 3457 2287 3508 tu
2317 3453 2424 3507 eris
2449 3452 2664 3508 occasio
2690 3450 2880 3505 mortis
2910 3449 3083 3516 fratri,
3116 3462 3277 3521 quem
3308 3446 3563 3505 Christus
3595 3452 3658 3501 ut
3681 3443 3808 3500 redi-

2227 3548 2418 3607 meret,
2450 3540 2697 3611 cruciﬁgi
2728 3554 2782 3596 se
2818 3536 3087 3612 permisit.
3122 3539 3201 3592 Ac
3248 3550 3343 3608 per
3373 3535 3480 3592 hoc
3521 3528 3810 3607 aliquando

2227 3627 2295 3685 ab
2324 3630 2551 3684 scientia
2595 3625 3057 3683 dissimulandum
3096 3624 3253 3681 docet
3298 3622 3590 3680 cbaritatis
3616 3636 3803 3689 causa;

2229 3716 2356 3790 quia
2385 3718 2501 3772 sine
2544 3717 2711 3772 dubio
2744 3718 2867 3789 plus
2899 3722 2978 3771 est
3010 3712 3156 3770 salus
3184 3712 3389 3780 fratris,
3423 3725 3593 3785 quam
3623 3710 3804 3768 cibus:

2226 3805 2356 3878 quia
2403 3803 2532 3861 licet
2581 3803 2823 3878 quidem,
2866 3802 2959 3860 sed
3004 3817 3115 3859 non
3145 3801 3387 3875 expedit.
3436 3800 3557 3860 Hoc
3597 3800 3702 3858 erit
3729 3816 3808 3858 co-

2229 3893 2500 3965 gnovisse,
2533 3890 2674 3949 sicut
2704 3898 2917 3964 oportet
2947 3889 3105 3948 scire.

2300 3982 2481 4057 (Vers.
2517 3982 2629 4055 12.)
2677 4005 2695 4029 α
2724 3982 2815 4039 Sic
2861 3987 3041 4038 autem
3088 3982 3371 4053 peccantes
3417 3975 3477 4034 in
3516 3974 3733 4046 fratres,
3761 3983 3813 4034 et

2229 4070 2595 4145 percutientes
2657 4070 3048 4127 conscientiam
3104 4066 3325 4124 illorum
3384 4066 3689 4135 inﬁrmam,
3759 4065 3812 4121 in

2228 4159 2446 4217 Christo
2466 4160 2718 4232 peccatis.
2747 4185 2764 4208 ι
2792 4156 3022 4227 Quando
3043 4157 3189 4212 enim
3206 4152 3490 4212 charitatis
3506 4170 3619 4211 non
3632 4149 3813 4211 aemuli

2228 4258 2378 4317 sunt,
2405 4264 2511 4321 qua
2540 4247 2792 4306 Christus
2814 4263 2914 4303 nos
2942 4244 3216 4313 liberavit,
3243 4250 3471 4317 peccant
3492 4244 3553 4299 in
3573 4242 3814 4309 Christo,

2225 4353 2337 4395 non
2372 4338 2430 4393 in
2462 4336 2742 4395 Christum
2768 4354 2782 4402 ;
2816 4335 2945 4409 quia
2975 4334 3031 4390 in
3062 4332 3344 4391 Christum
3374 4345 3600 4404 peccare
3622 4345 3816 4403 negare

2224 4434 2306 4485 est
2348 4427 2661 4485 Christum:
2695 4427 2752 4482 in
2796 4424 3015 4483 Christo
3043 4431 3246 4491 autem,
3296 4422 3353 4477 in
3392 4420 3510 4478 haec
3539 4437 3662 4493 quea
3689 4427 3815 4480 sunt

2227 4514 2451 4576 Christi.
2483 4515 2635 4572 Sicut
2666 4523 2719 4571 et
2748 4515 2857 4581 hic,
2891 4514 2983 4586 qui
3026 4512 3128 4569 sub
3167 4513 3282 4583 lege
3311 4519 3410 4577 est,
3444 4511 3502 4565 in
3535 4511 3654 4583 lege
3680 4510 3815 4567 dicio

2225 4612 2316 4663 tur
2336 4621 2556 4678 peccare
2579 4622 2591 4671 ;
2630 4605 2704 4659 ita
2723 4611 2776 4659 et
2795 4602 2836 4657 ii
2866 4601 2961 4675 qui
2978 4600 3083 4657 sub
3103 4600 3321 4658 Christo
3340 4605 3493 4668 sunt,
3514 4599 3575 4656 in
3599 4600 3817 4660 Christo

2225 4709 2448 4769 peccare
2477 4693 2759 4751 dicuntur.

2300 4784 2478 4857 (Vers.
2534 4784 2645 4856 13.)
2710 4804 2729 4830 α
2767 4780 2994 4854 Propter
3030 4777 3175 4855 quod
3221 4780 3267 4836 si
3312 4790 3437 4836 esca
3483 4778 3820 4837 scandalizat

2224 4876 2447 4938 fratrem
2478 4894 2678 4945 meum,
2730 4892 2842 4933 non
2877 4876 3033 4932 edam
3065 4890 3285 4937 carnem
3315 4875 3374 4930 iu
3416 4878 3708 4942 aeternum,
3750 4888 3818 4930 ne

2223 4971 2446 5027 fratrem
2477 4967 2855 5026 scandalizem.
2891 4993 2909 5016 ι
2953 4966 3015 5022 In
3055 4972 3271 5021 tantum
3299 4960 3557 5021 charitati
3597 4963 3820 5020 studen-

2224 5056 2355 5116 dum
2407 5057 2584 5123 docet,
2639 5066 2701 5115 ut
2753 5056 2906 5113 licita
2947 5068 3045 5127 pro
3094 5050 3306 5109 illicitis
3362 5051 3690 5119 habeantur,
3750 5069 3817 5109 ne

2224 5149 2408 5206 obsint
2434 5148 2613 5206 fratri.
2632 5148 2909 5216 Quantum
2928 5145 3077 5201 enim
3100 5142 3233 5200 mali
3258 5150 3340 5200 est
3368 5158 3466 5215 per
3484 5142 3687 5201 illicita
3705 5159 3820 5200 non

2223 5379 2354 5440 mss:
2367 5357 2818 5440 _qu_i.busdatn,lin
2844 5364 2935 5440 tua
2962 5355 3295 5440 conscientia:

2298 5422 2415 5505 (61)
2445 5435 2600 5490 Rom.
2646 5422 2777 5505 edit.
2810 5438 2873 5505 et
2904 5424 3474 5505 mss_._nonnulli,utuo
3504 5426 3631 5505 actu
3664 5422 3821 5505 illum

2222 5494 2529 5562 occidis”...
2599 5501 2909 5556 conscientia
2973 5498 3261 5568 aliquando
3328 5494 3822 5568 dissimulandum;

2224 5574 2447 5647 reliquae
2466 5575 2595 5647 edit.
2629 5590 2691 5628 ac
2720 5589 2856 5647 mss.
2887 5565 3121 5647 invicem
3159 5573 3494 5647 congruunt,
3529 5566 3641 5624 nisi
3673 5565 3819 5643 quod

2224 5636 2428 5706 alicubi
2467 5646 2665 5718 legitur
2694 5642 2904 5711 occidis,
2934 5639 3069 5698 alibi
3103 5653 3236 5695 vero
3265 5636 3477 5695 Occidit.
