3952 6202
237 216 340 277 341

1317 218 1680 276 COMMENT.
1723 222 1796 279 IN
1830 221 2046 281 EPIST.
2087 226 2112 281 Ι
2148 227 2244 283 AD
2271 226 2426 288 COR.

2564 188 2567 189 ν
2591 196 2599 203 1
2626 186 2792 215 τμῇ--σ-ν
2820 195 2827 201 ι

2499 205 2507 213 ι
2570 202 2607 215 ,Ἃ
2727 202 2771 215 ›’-

3420 238 3526 301 242

238 340 575 435 fiamque”:
604 349 843 435 θ-ῑβςςθεξ
863 358 985 435 {lim
1005 359 1262 435 C9m§€5§§
1286 344 1703 435 δὶιηῐοίτοιιὼῆιέθ
1728 364 1740 412 ;
1766 354 1831 402 ut
1859 353 1909 412 Α
1937 351 2224 422 accipiendi
2264 361 2443 411 tamen
2491 359 2743 428 sperandi
2776 359 2869 428 ait,
2912 369 2976 419 ut
3009 361 3292 418 honestius
3322 364 3524 435 loque-

238 429 331 484 lex
348 438 594 486 servetur
624 430 681 485 in
701 430 935 499 illicitis,
954 440 1008 487 et
1037 431 1096 486 in
1127 430 1295 487 licitis
1325 447 1435 488 non
1463 433 1822 504 custodiatur,

237 514 372 573 dum
400 517 802 576 inconsiderate
831 518 1071 578 eduntur
1091 519 1119 575 7
1156 519 1272 576 Lex
1299 520 1445 575 enim
1476 521 1555 581 sic
1583 522 1829 595 permisit

237 622 360 683 quae
381 609 671 679 concessit,
690 617 752 667 ut
776 606 972 666 modus
992 614 1175 666 tamen
1197 608 1289 677 sit,
1313 624 1472 683 quem
1498 611 1824 669 custodiant.

233 693 477 757 Uxorem
524 704 673 756 certe
714 696 842 754 licet
869 694 1109 765 habere;
1141 696 1237 755 sed
1266 697 1312 754 si
1348 697 1614 755 fornicata
1641 698 1827 771 fuerit,

232 781 547 856 abjicienda
601 794 719 843 est:
766 786 847 845 ita
887 793 944 843 et
989 800 1211 843 carnem
1260 786 1389 847 licet
1433 787 1609 861 edere,
1638 787 1735 847 sed
1780 786 1829 847 si

233 869 406 935 idolis
435 871 619 933 oblata
647 873 835 944 fuerit,
864 872 1167 948 respuenda
1194 881 1293 932 est.

857 1031 1083 1091 CAPUT
1119 1031 1218 1089 IX.

312 1156 496 1227 (Vere.
530 1158 612 1230 1.)
661 1156 818 1216 «Non
850 1171 972 1215 sum
1001 1156 1325 1230 apostolus?
1343 1171 1455 1215 non
1486 1172 1607 1215 sum
1642 1156 1780 1216 liber
1799 1159 1828 1216 εἲ

229 1256 420 1303 nonne
440 1245 623 1305 Iesum
644 1246 943 1304 Dominum
961 1253 1213 1303 nostrum
1235 1245 1354 1303 vidi
1375 1246 1404 1302 7
1425 1271 1445 1295 ι
1479 1246 1615 1304 Cum
1632 1261 1827 1318 negare

229 1333 474 1403 videtur,
532 1336 856 1404 conﬁrmat;
891 1337 1063 1394 iratus
1106 1336 1255 1394 enim
1286 1336 1551 1409 loquitur.
1583 1337 1827 1407 Aposto—

232 1422 350 1483 lum
405 1424 554 1482 enim
605 1442 665 1484 se
710 1426 925 1503 probat,
970 1426 1102 1498 quia
1148 1425 1349 1483 missus
1391 1431 1472 1481 est
1519 1423 1589 1480 ad
1622 1431 1824 1496 gentes,

231 1511 447 1571 dicente
497 1515 737 1571 Domino
781 1514 852 1570 ad
899 1530 1061 1572 eum:
1099 1537 1118 1561 ι
1161 1515 1278 1585 Ego
1302 1513 1371 1569 ad
1397 1520 1583 1586 gentes
1612 1516 1826 1572 mittam

227 1611 286 1664 te
304 1606 447 1678 (Act.
470 1604 748 1676 xxn,21).
783 1628 803 1653 ι
841 1604 1101 1661 Liberum
1118 1612 1300 1661 autem
1330 1619 1389 1660 se
1415 1604 1678 1671 ostendit,
1701 1605 1829 1678 quia

231 1695 446 1752 nullius
501 1694 713 1768 aliquid
768 1696 1105 1767 concupivit,
1167 1710 1341 1767 neque
1396 1695 1453 1752 in
1514 1693 1827 1751 adulatione

227 1784 441 1841 docuit.
473 1785 656 1842 Iesum
684 1792 864 1843 autem
891 1784 1190 1841 Dominum
1220 1791 1464 1841 nostrum
1497 1783 1661 1851 vidit,
1691 1782 1826 1841 dum

227 1881 412 1931 oraret
442 1873 501 1930 in
549 1874 756 1947 templo
807 1872 1205 1948 Hierosolymis
1237 1872 1379 1945 (Act.
1410 1888 1554 1940 xxii,
1587 1872 1675 1941 17,
1709 1872 1821 1945 18).

242 1986 263 2014 ι
290 1964 487 2022 Nonne
512 1981 651 2037 opus
701 1981 887 2022 meum
917 1981 1018 2022 vos
1054 1965 1184 2023 estis
1221 1966 1280 2022 in
1320 1965 1604 2023 Domino?
1634 1990 1654 2014 ι
1694 1964 1824 2022 Ideo

228 2069 368 2127 opus
384 2062 515 2111 sunt
546 2055 677 2127 quia
701 2055 818 2125 ipse
839 2055 964 2110 illos
976 2054 1247 2126 plantavit
1269 2055 1327 2109 in
1341 2054 1600 2121 Domino,
1615 2067 1823 2113 annum

229 2151 289 2200 et
315 2159 415 2199 sex
447 2157 664 2198 menses
693 2142 1074 2212 evangelizans
1111 2141 1192 2199 eis
1229 2141 1456 2198 verbum
1486 2139 1607 2201 Dei.

309 2232 495 2304 (Vera.
525 2231 607 2303 2.)
644 2253 664 2280 ι
691 2230 812 2286 Etsi
842 2229 967 2297 aliis
994 2245 1107 2286 non
1126 2247 1248 2288 sum
1276 2231 1574 2303 apostolus,
1596 2246 1827 2289 verum-

228 2331 419 2383 tamen
478 2320 635 2379 vobis
679 2337 841 2389 sum;
883 2342 904 2371 ι
975 2320 1106 2392 quia
1149 2336 1184 2377 a
1218 2320 1419 2377 Iudaeis
1457 2320 1824 2389 credentibus,

226 2421 290 2470 et
339 2412 707 2470 nihilominus
753 2412 930 2484 legem
978 2411 1349 2480 servantibus,
1397 2413 1675 2483 apostolus
1710 2426 1825 2469 esse

229 2503 550 2576 negabatur.
571 2502 691 2559 Jam
708 2502 857 2558 enim
878 2500 1203 2558 circumcidi
1225 2516 1336 2557 non
1357 2500 1555 2558 debere
1575 2501 1820 2569 docebat,

232 2607 410 2664 neque
438 2589 733 2647 Sabbatum
763 2589 1069 2659 custodiri;
1101 2589 1313 2648 cmteris
1342 2597 1529 2645 autem
1564 2590 1824 2662 apostolis

229 2688 456 2752 propter
500 2678 819 2737 scandalum
864 2680 932 2735 ab
961 2678 1067 2736 hac
1094 2694 1153 2736 re
1200 2678 1701 2747 dissimulantibus,
1734 2679 1825 2735 hic

236 2770 400 2829 aliter
446 2769 737 2827 videbatur
788 2768 1027 2837 docere;
1088 2767 1213 2825 ideo
1276 2769 1557 2840 apostolus
1610 2768 1679 2825 ab
1735 2768 1823 2824 bis

230 2859 569 2931 negabatur;
620 2859 708 2915 his
750 2859 898 2915 enim
942 2865 1059 2915 erat
1089 2858 1387 2931 apostolus,
1420 2859 1516 2930 qui
1567 2857 1822 2914 viderant

232 2947 296 3003 in
324 2963 389 3003 eo
416 2947 641 3004 virtutis
674 2948 909 3020 insignia
932 2948 1072 3019 (62).
1107 2970 1126 2996 ι
1146 2948 1281 3004 Nam
1301 2947 1645 3018 signaculum
1680 2963 1822 3019 apo-

228 3038 464 3095 stolatus
492 3038 601 3095 mei
628 3055 729 3095 vos
750 3039 886 3095 estis
914 3038 972 3093 in
996 3037 1232 3094 Domino
1259 3057 1315 3105 ;ι
1361 3035 1468 3093 hoc
1495 3039 1643 3093 enim
1673 3053 1821 3109 prae—

229 3125 473 3196 dicante,
506 3130 761 3184 conversi
792 3134 923 3183 sunt
947 3127 1016 3181 ab
1037 3126 1202 3182 idolis
1228 3126 1298 3181 ad
1326 3126 1494 3182 ﬁdem
1515 3128 1615 3183 Dei
1634 3127 1817 3181 unius.

305 3215 491 3289 (Vers.
514 3217 616 3287 3.)
655 3240 674 3262 ι
702 3217 823 3271 Mea
867 3214 1113 3270 defensio
1146 3213 1291 3284 apud
1319 3230 1430 3281 eos,
1472 3214 1567 3285 qui
1619 3231 1706 3270 me
1730 3216 1825 3270 in—

224 3310 535 3375 terrogant,
586 3302 703 3358 hanc
749 3310 849 3358 est.
880 3324 901 3350 ι
943 3302 1103 3357 Nunc
1142 3301 1340 3371 incipit
1386 3316 1543 3372 agere
1585 3317 1824 3369 causam,

224 3407 401 3468 quem
454 3391 707 3463 superius
744 3389 1014 3462 praemisit
1067 3388 1293 3445 dicens:
1359 3412 1378 3436 ι
1434 3389 1632 3445 Omnia
1688 3389 1826 3445 mihi

227 3482 424 3547 licent,
472 3479 567 3535 sed
618 3495 717 3551 ego
746 3480 847 3534 sub
885 3478 1095 3535 nullius
1131 3478 1346 3549 redigar
1375 3485 1657 3550 potestate.
1689 3480 1826 3537 Esca

230 3569 421 3627 ventri
448 3577 504 3625 et
534 3575 727 3624 venter
754 3568 894 3624 escis
924 3569 985 3639 (Ι
1012 3567 1135 3621 Cor.
1177 3582 1256 3634 vr,
1283 3566 1368 3633 12,
1395 3567 1506 3637 13).
1526 3590 1545 3615 ι
1580 3566 1671 3622 Sic
1697 3582 1822 3637 ergo

230 3660 430 3731 incipit
468 3674 686 3715 causam
727 3657 893 3724 hanc,
940 3661 1002 3710 ut
1029 3653 1176 3710 dicat
1208 3676 1227 3701 ι
1260 3654 1380 3711 Mea
1407 3652 1652 3709 defensio
1676 3653 1822 3726 apud

228 3763 344 3817 eos,
374 3746 469 3821 qui
498 3764 586 3804 me
611 3748 968 3818 interrogant,
1001 3743 1119 3801 haec
1144 3752 1247 3801 est.
1276 3767 1296 3792 ι
1338 3744 1410 3800 Et
1438 3760 1559 3817 quas
1581 3744 1655 3799 sit
1680 3744 1822 3799 sub—

223 3836 372 3912 jicit,
404 3837 595 3893 dicens
617 3855 628 3892 :

306 3925 486 3997 (Vers.
518 3925 572 3995 4,
603 3926 684 3999 ὅ.)
715 3948 735 3973 ι
755 3924 1035 3999 Numquid
1054 3941 1168 3981 non
1198 3924 1462 3981 habemus
1497 3930 1820 3995 potestatem

230 4014 604 4072 manducandi
642 4021 699 4069 et
735 4014 1044 4070 bibendi?)
1091 4015 1206 4071 Hoc
1234 4024 1317 4070 est
1359 4012 1509 4086 quod
1559 4012 1814 4068 dixerat:

242 4128 265 4155 ι
294 4106 493 4162 Omnia
525 4106 663 4162 mihi
692 4106 882 4165 licent.
919 4105 1198 4178 Numquid
1226 4121 1337 4161 non
1369 4104 1631 4161 habemus
1658 4112 1820 4177 pote-

227 4202 427 4253 statem
488 4195 775 4250 mulierem
824 4194 1299 4261 circumducendi,
1349 4194 1490 4249 sicut
1544 4202 1597 4248 et
1638 4192 1820 4249 caeteri

228 4286 466 4357 apostoli
510 4291 565 4337 et
605 4284 799 4338 fratres
839 4282 1088 4349 Domini,
1116 4291 1168 4337 et
1198 4281 1456 4353 Cephas?
1486 4305 1504 4327 ι
1560 4280 1684 4335 Ideo
1716 4280 1841 4337 ad-.

229 4373 404 4430 didit:
455 4395 473 4417 ι
505 4372 577 4427 Et
606 4369 812 4440 Cephas
838 4388 889 4435 ;ι
938 4369 1067 4440 quia
1102 4385 1229 4424 cum
1267 4369 1478 4440 primus
1512 4376 1651 4425 esset
1678 4369 1820 4426 inter

1859 1722 1904 1784 Β

230 4462 527 4536 apostolos,
577 4475 687 4516 non
734 4458 1005 4513 refutabat
1042 4465 1297 4529 sumptus
1350 4457 1578 4515 oblatos.
1611 4458 1821 4531 Cephas
1845 4441 1894 4502 D

230 4554 344 4627 ipse
372 4560 453 4607 est
481 4550 671 4607 Simon
704 4550 913 4606 Petrus.
946 4548 1200 4604 Mulieres
1229 4548 1375 4605 enim
1407 4548 1677 4604 desiderio
1705 4549 1815 4604 do-

231 4642 421 4700 ctrinze
468 4640 791 4707 Dominicze,
822 4646 877 4694 et
901 4638 1114 4710 cupida:
1143 4638 1412 4693 virtutum
1451 4638 1815 4711 sequebantur

230 4732 521 4806 apostolos,
572 4730 950 4785 ministrantes
978 4729 1058 4784 eis
1108 4737 1163 4785 et
1189 4737 1441 4802 sumptus
1489 4736 1543 4784 et
1569 4729 1811 4797 servitia,

230 4824 373 4880 sicut
401 4829 455 4877 et
486 4821 821 4877 Salvatorem
867 4828 995 4875 sunt
1024 4828 1222 4876 secutae
1252 4819 1626 4875 ministrantes
1651 4819 1703 4873 ei
1746 4818 1815 4873 de

229 4910 585 4969 facultatibus
613 4909 745 4966 suis.

301 5000 484 5071 (Vers.
518 4999 596 5069 6.)
639 5022 657 5044 ι
689 4999 801 5054 Aut
839 4999 989 5057 solus
1014 5015 1114 5070 ego
1144 5005 1197 5054 et
1223 4995 1501 5055 Barnabas
1549 5010 1658 5051 non
1706 4994 1815 5053 ha-

227 5090 420 5145 bemus
468 5096 785 5159 potestatem
834 5088 950 5145 haec
993 5087 1340 5160 operandi‘i:
1388 5086 1503 5140 Hoc
1555 5090 1655 5150 est,
1707 5083 1815 5141 ha-

226 5176 417 5236 bemus
473 5185 793 5252 potestatem
858 5176 1142 5251 operandi,
1212 5173 1308 5229 sed
1373 5173 1651 5228 nolumus.
1710 5171 1814 5226 Pro

295 5433 415 5503 (62)
458 5431 587 5489 Mss.
645 5430 845 5503 Corb.,
880 5428 946 5503 ab
1002 5427 1239 5484 omnibus
1296 5422 1653 5496 negabatur...
1723 5428 1816 5494 qui

227 5501 478 5561 viderunt
504 5505 561 5556 in
579 5519 635 5556 eo
661 5502 872 5556 virtutis
900 5501 1071 5571 signa.

295 5575 415 5649 (63)
442 5575 608 5632 Rom.
625 5571 757 5628 edit.
782 5572 923 5628 sola:
951 5568 1118 5639 Quasi
1137 5568 1281 5624 dicat
1297 5583 1405 5622 non
1417 5580 1686 5625 marinum,
1705 5572 1808 5623 etc.

1937 446 2105 495 retur.
2135 442 2208 497 Et
2238 449 2298 497 ut
2328 442 2435 501 hoc
2472 445 2670 515 ﬁrmet,
2701 450 2951 521 exempla
2999 450 3245 523 subjicit,
3282 449 3474 507 dicens
3502 468 3516 511 :

2010 529 2192 602 (Vers.
2211 532 2263 600 7,
2283 532 2367 604 8.)
2397 557 2415 580 ι
2433 534 2565 602 Quis
2582 537 2784 595 militat
2799 539 3089 611 stipendiis
3105 542 3218 599 suis
3234 558 3471 617 unquam
3494 542 3521 598 ἲ)

1939 616 2074 688 Quis
2118 621 2327 694 plantat
2365 623 2602 695 vineam,
2653 634 2706 683 et
2751 627 2817 683 de
2862 630 3047 687 fructu
3072 630 3189 702 ejus
3222 646 3331 687 non
3362 628 3520 689 edit?

1938 706 2073 777 Quis
2124 712 2298 781 pascit
2343 728 2558 786 gregem
2612 715 2818 783 ovium,
2850 726 2902 775 et
2929 717 2995 774 de
3029 719 3165 777 lacte
3193 736 3377 776 carum
3408 736 3520 793 non

1938 798 2210 871 percipit?
2227 801 2511 875 Numquid
2530 803 2829 860 secundum
2848 804 3124 865 hominem
3151 809 3266 866 haec
3285 808 3519 881 loquor?

1943 892 2076 948 141
2111 911 2130 934 ι
2187 889 2249 945 Id
2286 899 2386 959 est,
2419 891 2689 965 numquid
2728 891 3023 949 humanam
3070 896 3395 952 sententiam
3425 912 3518 953 se-

1939 998 2077 1059 quor
2097 984 2127 1040 ?
2162 1007 2180 1029 ε
2208 986 2489 1058 Numquid
2522 997 2575 1044 et
2604 989 2687 1045 lex
2714 989 2903 1045 eadem
2956 1005 3068 1045 non
3102 990 3282 1046 dicit?
3303 1015 3322 1037 ι
3367 989 3521 1046 Con-

1939 1070 2161 1129 cordarc
2211 1072 2401 1130 docuit
2446 1074 2759 1148 supradicta
2810 1077 3125 1134 testimonia
3180 1076 3522 1133 documentis

1939 1159 2164 1231 divinis,
2220 1171 2281 1219 ut
2325 1162 2574 1219 ostendat
2622 1180 2733 1219 non
2781 1165 2899 1222 sine
2945 1183 3108 1222 causa
3156 1166 3349 1240 utique
3379 1165 3525 1221 nolle

1937 1266 1994 1307 se
2030 1250 2098 1306 ab
2143 1251 2255 1308 illis
2297 1260 2551 1324 sumptus
2580 1253 2846 1325 accipere,
2898 1255 3118 1327 quando
3147 1264 3229 1312 tot
3257 1256 3526 1329 exemplis

1938 1337 2177 1396 ostendit
2197 1348 2251 1396 et
2280 1338 2525 1397 dandum
2562 1349 2616 1396 et
2645 1343 3023 1416 accipiendum
3056 1361 3189 1401 esse.

2010 1428 2189 1500 (Vers.
2211 1429 2292 1500 9.)
2339 1455 2358 1477 α
2386 1430 2449 1486 In
2480 1430 2595 1503 lege
2624 1432 2771 1487 enim
2804 1434 2974 1503 (Deut.
3008 1450 3146 1504 xxv,
3177 1434 3233 1507 4)
3256 1438 3521 1508 scriptum

1937 1523 2049 1575 est:
2089 1516 2210 1575 Non
2258 1517 2509 1590 alligabis
2563 1536 2624 1576 os
2659 1519 2819 1577 bovis
2866 1522 3197 1582 triturantis.
3244 1524 3525 1597 Numquid

1937 1603 2005 1664 de
2031 1604 2209 1662 bobus
2235 1623 2366 1664 cura
2393 1616 2476 1664 est
2506 1609 2619 1667 Deo
2641 1609 2670 1666 7
2689 1634 2707 1656 ι
2750 1611 2975 1666 Interim
3008 1613 3193 1683 paucis
3224 1613 3328 1669 hoc
3348 1612 3523 1670 absol-

1935 1706 2129 1747 vamus
2147 1711 2161 1761 ;
2195 1693 2250 1749 in
2278 1694 2417 1753 Jona
2437 1693 2582 1752 enim
2614 1697 2879 1769 propheta
2907 1700 3173 1772 scriptum
3203 1708 3316 1756 est:
3356 1726 3375 1748 ι
3403 1702 3522 1757 Non

1934 1795 2150 1855 parcam
2198 1781 2432 1850 civitati,
2467 1783 2526 1840 in
2559 1800 2665 1859 qua
2700 1783 2952 1843 habitant
2982 1787 3266 1861 plusquam
3299 1795 3523 1845 centum

1936 1868 2133 1941 viginti
2163 1871 2339 1927 millia
2369 1872 2657 1930 hominum
2687 1885 2741 1932 et
2770 1890 2967 1948 pecora
3005 1878 3187 1933 multa
3219 1878 3409 1949 (Ιοηιε,
3441 1895 3519 1945 1v,

1937 1956 2048 2027 11).
2074 1981 2095 2006 ι
2134 1958 2205 2013 Et
2246 1960 2734 2036 Psalmographus:
2786 1987 2806 2009 ι
2841 1964 3102 2020 Homines
3148 1972 3202 2019 et
3246 1964 3520 2036 jumenta,

1934 2046 2141 2121 inquit,
2171 2050 2409 2107 salvabis
2453 2053 2625 2123 (Psal.
2666 2068 2847 2124 xxxv,
2888 2053 2968 2126 7).
2998 2077 3018 2103 ι
3070 2054 3358 2123 Quomodo
3396 2075 3525 2132 ergo

1931 2135 2078 2193 Deus
2124 2153 2237 2195 non
2280 2147 2436 2196 curat
2480 2139 2547 2197 de
2594 2140 2773 2198 bobus
2800 2149 2857 2198 et
2884 2143 3226 2216 pecoribus?
3254 2145 3359 2202 Sed
3411 2163 3523 2204 non

1933 2237 2087 2285 curat
2114 2230 2181 2285 de
2229 2230 2404 2288 bobus
2434 2241 2488 2289 et
2515 2233 2807 2307 pecoribus
2844 2242 3066 2309 propter
3093 2236 3211 2295 haec
3238 2237 3377 2311 ipsa,
3426 2237 3523 2294 sed

1933 2328 2151 2394 propter
2209 2337 2331 2390 nos,
2383 2338 2615 2398 quorum
2673 2340 2837 2381 causa
2877 2333 3005 2382 sunt
3057 2324 3236 2394 facta;
3285 2326 3410 2385 ideo
3448 2326 3517 2384 de
3584 2330 3597 2337 ’

1933 2409 2093 2465 nobis
2122 2419 2298 2480 curat,
2335 2427 2445 2467 non
2476 2409 2543 2467 de
2574 2413 2708 2469 illis.

2009 2496 2189 2567 (Vers.
2246 2498 2360 2570 10.)
2407 2521 2426 2545 ι
2465 2499 2577 2555 Aut
2631 2499 2837 2571 potius,
2893 2499 3093 2575 inquit,
3151 2511 3371 2576 propter
3421 2520 3523 2560 nos

1934 2581 2071 2641 dicit
2095 2601 2107 2639 :
2140 2592 2363 2656 propter
2391 2601 2492 2641 nos
2511 2587 2657 2641 enim
2691 2588 2955 2663 scriptum
2985 2595 3085 2644 est.
3105 2614 3124 2637 ι
3157 2590 3260 2646 Per
3290 2590 3523 2663 ﬁguram

1932 2672 2079 2730 enim
2114 2673 2302 2730 omnia
2333 2672 2483 2730 dicta
2511 2675 2579 2729 ad
2604 2690 2705 2731 nos
2731 2654 3042 2733 transeunt.
3086 2699 3105 2723 ι
3132 2654 3402 2745 Quoniam
3428 2681 3523 2753 qui

1931 2763 1990 2819 in
2019 2779 2114 2836 spe
2142 2771 2259 2819 arat
2287 2771 2342 2819 et
2372 2764 2614 2832 triturat,
2650 2763 2811 2821 debet
2840 2766 2955 2837 spei
2982 2782 3093 2823 sua;
3120 2765 3363 2823 fructum
3403 2782 3520 2839 per-

1929 2854 2131 2926 cipere.
2166 2880 2187 2905 ι
2227 2855 2435 2913 Verum
2491 2863 2594 2925 est,
2635 2856 2764 2931 quia
2806 2855 2911 2913 hac
2965 2871 3059 2929 spe
3110 2855 3413 2929 laboratur,
3460 2867 3523 2918 ut

1928 2942 2142 3000 fructus
2181 2944 2448 3017 capiatur.

2003 3033 2184 3103 (Vere.
2206 3033 2322 3103 11.)
2357 3057 2375 3081 ι
2395 3033 2451 3090 Si
2482 3049 2585 3089 nos
2613 3033 2773 3090 vobis
2801 3034 3078 3106 spiritalia
3103 3026 3518 3111 seminavimus,

1930 3136 2189 3191 magnum
2235 3128 2335 3187 est,
2388 3119 2438 3175 si
2486 3137 2589 3178 nos
2628 3128 2812 3176 vestra
2852 3123 3095 3179 carnalia
3139 3129 3453 3184 metamus?
3487 3153 3507 3177 ι

1930 3209 2051 3265 Non
2098 3208 2236 3264 dicit
2273 3223 2530 3278 magnum
2559 3208 2698 3279 (63),
2742 3224 2919 3280 neque
2959 3226 3056 3280 par
3083 3226 3220 3278 esse,
3268 3215 3316 3269 si
3344 3229 3521 3271 evan-

1933 3296 2226 3369 gelizantes
2265 3312 2492 3367 regnum
2547 3296 2668 3363 Dei,
2707 3306 2761 3351 et
2805 3298 3016 3354 cmlesti
3043 3297 3170 3355 cibo
3220 3300 3519 3359 Ecclesiam

1930 3385 2262 3457 saginantes,
2293 3387 2559 3441 alimenta
2586 3386 2832 3459 corporis
2858 3396 3138 3445 sumerent
3162 3406 3176 3456 ;
3200 3398 3285 3461 ut,
3308 3390 3520 3451 traden-

1931 3481 2013 3531 tes
2040 3484 2261 3544 teterna,
2296 3482 2764 3549 consequerentur
2800 3477 3141 3548 temporalia.

2003 3563 2185 3636 (Vera.
2243 3563 2358 3635 l2.)
2403 3587 2424 3611 ε
2466 3563 2524 3620 Si
2577 3563 2673 3619 alii
2720 3570 2990 3635 potestate
3025 3573 3208 3624 vestra
3260 3575 3515 3641 utuntur,

1928 3666 2110 3708 nonne
2142 3654 2315 3725 magis
2339 3653 2488 3710 nos?
2510 3676 2529 3702 ι
2570 3652 2630 3710 Si
2658 3654 2806 3709 enim
2837 3654 2879 3709 ii
2909 3654 3003 3728 qui
3033 3670 3130 3728 per
3156 3658 3515 3731 Evangelium

1927 3753 2107 3817 patres
2135 3744 2307 3800 vestri
2329 3759 2440 3800 non
2460 3751 2609 3813 sunt,
2633 3759 2735 3802 nec
2752 3744 3007 3801 eumdem
3028 3747 3283 3803 affectum
3315 3748 3518 3805 habent

1925 3846 2051 3905 erga
2101 3849 2219 3900 vos,
2274 3832 2591 3890 facultatem
2650 3832 2856 3890 habent
2914 3832 3244 3903 accipiendi,
3312 3842 3517 3905 quanto

1926 3921 2097 3993 magis
2133 3920 2279 3976 nos?
2324 3921 2396 3976 Et
2462 3919 2810 3986 subauditur,
2860 3919 3030 3975 vestri
3067 3919 3337 3991 apostoli;
3390 3922 3519 3996 quia

1926 4016 1981 4064 et
2018 4008 2293 4065 Barnabas
2322 4009 2603 4079 apostolus
2629 4015 2765 4062 erat.

2008 4119 2029 4144 ι
2072 4096 2179 4153 Sed
2228 4112 2341 4153 non
2370 4111 2561 4152 sumus
2589 4094 2675 4151 usi
2701 4093 2804 4151 hac
2840 4102 3141 4168 potestate;
3171 4096 3359 4156 omnia
3386 4114 3518 4156 vero

1926 4187 2244 4256 toleramus,
2276 4203 2345 4244 ne
2373 4186 2521 4261 quod
2551 4186 3011 4259 impedimentum
3037 4188 3232 4247 demus
3256 4191 3518 4265 Evange-

1926 4276 2003 4333 lio
2056 4276 2282 4335 Christi.
2322 4303 2340 4327 ι
2408 4276 2516 4334 Din
2570 4277 2903 4335 occultatum
2952 4278 3195 4350 prodidit
3246 4297 3513 4351 sensum;

1926 4367 2166 4426 ostendit
2193 4368 2341 4425 enim
2399 4376 2650 4441 sumptus
2708 4368 2831 4425 ideo
2876 4384 2934 4425 se
2962 4370 3130 4439 nolle,
3159 4386 3284 4429 cum
3325 4373 3516 4443 liceret

1924 4458 2193 4530 accipere,
2222 4475 2291 4515 ne
2318 4459 2481 4531 vigor
2516 4458 2845 4529 evangelica)
2873 4459 3219 4517 auctoritatis
3248 4469 3514 4534 torpesce-

1925 4556 2025 4605 ret.
2044 4548 2489 4621 Pseudoapostoli
2510 4548 2658 4608 enim
2686 4547 3039 4619 peccantibus
3064 4547 3509 4616 blandiebantur,

1924 4639 2170 4697 volentes
2213 4638 2493 4709 accipere;
2532 4637 2610 4693 ita
2647 4642 2709 4691 ut
2750 4651 2861 4692 non
2903 4634 3011 4690 sibi
3044 4634 3368 4691 viderentur
3396 4652 3514 4706 pec-

1924 4742 2046 4787 care
2102 4726 2217 4783 illis
2262 4723 2532 4795 subjecti:
2593 4721 2689 4776 sed
2727 4723 2989 4793 quoniam
3033 4720 3153 4779 hanc
3189 4736 3277 4778 res
3323 4730 3515 4779 contra

1924 4814 2290 4885 evangelicam
2332 4815 2449 4865 erat
2491 4807 2843 4876 disciplinam
2895 4807 3036 4878 (64),
3086 4805 3181 4860 hic
3233 4822 3346 4862 non
3393 4811 3514 4866 vult

1924 4902 2200 4974 accipere;
2246 4907 2308 4954 ut
2356 4897 2525 4953 libere
2563 4901 2773 4965 arguat,
2810 4909 2877 4948 ne
2926 4894 2982 4948 in
3009 4892 3233 4950 illorum
3281 4911 3513 4955 numero

1926 4989 2258 5048 inveniatur.
2282 4986 2352 5044 Ut
2370 4984 2518 5040 enim
2549 4981 2749 5055 regulae
2778 4979 3105 5039 Christiana
3126 4980 3220 5056 jus
3246 4995 3511 5059 maneret,

1933 5081 2084 5138 licita
2128 5079 2323 5135 illicita
2350 5074 2520 5144 fecit;
2552 5073 2683 5147 quia
2709 5072 2795 5130 illi
2837 5088 2933 5147 per
2963 5072 3243 5134 licentiam
3272 5074 3511 5136 offende.

1927 5169 2079 5228 bant.

1998 5420 2113 5491 (64)
2159 5420 2287 5475 Mss.
2330 5414 2609 5483 nonnulli,
2653 5413 2769 5470 illis
2796 5412 3134 5481 subjectis....
3182 5410 3332 5472 licita
3356 5411 3510 5490 fecit,

1923 5508 2041 5565 quae
2069 5492 2353 5549 licentiam.
