3952 6202
506 299 614 361 243

1514 303 1612 359 AD
1648 302 1882 361 OPERA
1917 306 1973 363 S.
2015 306 2346 368 AMBROSII
2373 311 2758 377 APPENDIX.

3700 325 3813 383 244

579 424 757 497 (Vers.
795 423 909 496 13.)
953 445 974 471 ι
1001 422 1236 481 Nescitis
1276 423 1535 499 quoniam
1582 428 1675 499 qui
1734 430 1791 484 in
1835 432 2087 489 sacrariis
2115 435 2165 492 A
2196 435 2340 490 enim
2370 443 2648 509 potestatis
2672 461 2783 501 suae
2805 461 2916 501 non
2944 451 3026 502 est
3056 442 3197 518 (68),
3226 442 3360 504 facit
3390 445 3614 505 invitus
3643 452 3799 524 quod

502 521 825 589 operantur,
870 511 939 568 de
996 514 1236 569 sacrario
1274 513 1509 580 vivunt;
1542 522 1596 569 et
1635 516 1730 588 qui
1761 518 1955 573 altario
2003 521 2091 577 de-

502 604 772 669 serviunt,
804 600 871 657 de
925 601 1130 657 altario
1176 602 1621 674 participantur?
1664 628 1683 651 ι
1728 605 1788 659 In
1838 609 2091 666 sacrariis

504 692 676 765 legem
696 690 982 764 gentilium
999 689 1292 762 signiﬁcat;
1312 692 1368 745 in
1381 692 1576 747 altario
1592 708 1741 760 vero,
1755 694 2087 754 Iudaeorum.

502 779 597 837 Sic
631 795 778 835 enim
826 778 1069 836 decrevit
1112 780 1380 835 Dominus
1428 796 1524 852 per
1567 780 1791 853 Moysen
1819 791 1882 838 ut
1928 785 1994 839 de
2024 785 2092 841 iis

502 885 626 943 quae
682 866 866 923 oblata
928 875 1100 935 erant,
1166 875 1373 938 partem
1447 876 1723 925 sumerent
1786 872 2090 931 sacerdotes

502 956 686 1030 (Deut.
719 972 882 1024 xvm,
910 955 990 1028 3).

574 1070 759 1143 (Vers.
814 1070 926 1140 14.)
988 1095 1008 1119 ι
1064 1073 1145 1128 Ita
1190 1079 1244 1128 et
1291 1073 1561 1129 Dominus
1608 1073 1762 1131 Iesus
1813 1077 2090 1135 ordinavit

501 1174 615 1226 eos,
645 1159 740 1232 qui
770 1159 1129 1231 Evangelium
1161 1161 1514 1230 annuntiant,
1563 1161 1630 1219 de
1666 1165 1967 1237 Evangelio
1994 1161 2088 1224 vi;

497 1262 646 1304 vere.
681 1274 700 1297 ι
735 1248 855 1303 Νοη
890 1264 1018 1321 ergo
1064 1250 1208 1305 Deus
1257 1265 1354 1320 per
1382 1251 1607 1322 Moysen
1664 1254 1950 1323 gentilium
1982 1257 2089 1313 for-

497 1353 646 1393 mam
689 1345 910 1394 secutus
957 1346 1069 1392 est:
1121 1336 1216 1393 sed
1246 1336 1363 1411 ipsa
1403 1340 1669 1395 naturalis
1700 1342 1838 1398 ratio
1866 1344 1970 1400 hoc
1998 1345 2090 1401 ha-

495 1425 610 1493 bet,
661 1433 725 1480 ut
765 1426 890 1499 quis
932 1424 1061 1481 inde
1107 1423 1279 1493 vivat,
1334 1426 1428 1482 ubi
1488 1427 1717 1486 laborat.
1761 1430 1912 1488 Hanc
1964 1449 2089 1505 ergo

498 1512 771 1569 rationem
802 1512 907 1586 ipsi
932 1520 1141 1569 natura:
1170 1522 1225 1569 et
1252 1515 1653 1573 conversationi
1687 1517 1938 1577 humanae
1971 1522 2086 1595 (65)

495 1599 760 1670 decrevit.
808 1601 935 1658 Haec
980 1608 1164 1658 tamen
1212 1602 1281 1659 ad
1326 1604 1610 1659 cumulum
1656 1605 1837 1664 adhuc
1863 1608 2089 1682 addens,

499 1699 691 1761 gravat
719 1706 971 1756 causam;
1008 1697 1071 1745 ut
1099 1706 1209 1745 non
1252 1691 1371 1746 leve
1417 1691 1581 1750 faciat
1609 1709 1785 1767 neque
1814 1696 2089 1770 odiosum,

495 1776 643 1849 quod
675 1776 845 1832 tantis
887 1776 1219 1833 testimoniis
1256 1781 1635 1838 commendat:
1682 1790 1736 1839 et
1764 1791 1945 1842 tamen
1978 1804 2088 1844 non
2118 1801 2164 1863 Β

492 1862 604 1919 sibi
654 1862 917 1937 proﬁcere
964 1865 1107 1935 vult,
1146 1880 1216 1920 ne
1250 1865 1554 1926 libertatem
1583 1871 1846 1943 arguendi
1891 1873 2087 1932 humi-

493 1949 613 2011 liet.

565 2065 749 2139 (Vers.
787 2067 901 2139 15.)
926 2091 945 2115 ε
967 2069 1084 2141 Ego
1103 2077 1287 2128 autem
1317 2073 1475 2130 nullo
1505 2072 1704 2131 horum
1734 2092 1868 2134 usus
1882 2096 2026 2136 sum.
2050 2106 2069 2130 ι

489 2154 785 2229 Postquam
820 2157 1010 2215 multis
1040 2158 1217 2215 modis
1245 2161 1486 2217 ostendit
1511 2161 1676 2219 licere
1701 2165 1962 2236 accipere,
1976 2166 2084 2224 sibi

488 2254 675 2306 tamen
724 2264 839 2306 non
882 2266 1022 2323 opus
1064 2267 1216 2319 esse;
1253 2251 1408 2309 obest
1436 2253 1584 2309 enim
1622 2254 1866 2327 accipere
1890 2274 1921 2312 a
1949 2274 2085 2329 pec-

488 2336 767 2405 cantibus,
795 2337 940 2395 sicut
977 2355 1140 2411 supra
1167 2340 1488 2396 memoravi.
1520 2365 1539 2389 ι
1580 2341 1701 2398 Non
1730 2350 1910 2399 autem
1942 2345 2081 2401 scri-

487 2426 576 2499 psi
627 2426 766 2495 haac,
811 2437 876 2484 ut
903 2427 982 2484 ita
1008 2428 1104 2484 ﬁat
1135 2431 1193 2485 in
1233 2446 1360 2489 me;
1392 2429 1599 2486 bonum
1630 2439 1711 2487 est
1743 2432 1890 2488 enim
1941 2435 2080 2491 mihi

489 2513 665 2584 magis
695 2515 856 2570 mori.
888 2515 1061 2571 Nemo
1091 2517 1320 2589 gloriam
1353 2534 1529 2574 meam
1565 2520 1853 2577 evacuabit
1876 2523 2015 2595 (66).
2048 2551 2067 2573 ι

488 2602 738 2660 Gloriam
779 2620 933 2661 suam
988 2605 1126 2663 dicit
1164 2608 1221 2663 in
1270 2624 1356 2676 eo,
1406 2609 1452 2665 si
1485 2608 1772 2682 Evangelii
1819 2614 2080 2671 severitas

488 2699 742 2748 maneat:
777 2701 832 2749 et
860 2693 1001 2749 mori
1037 2695 1207 2768 magis
1228 2696 1412 2767 elegit,
1452 2714 1615 2772 quam
1646 2702 1929 2773 Evangelii
1954 2701 2081 2773 jura

487 2781 717 2850 violare,
750 2782 929 2840 sciens
958 2782 1066 2840 hoc
1099 2784 1204 2840 sibi
1239 2787 1410 2857 magis
1438 2787 1700 2858 proﬁcere
1728 2788 1796 2843 ad
1836 2789 2077 2847 futuram

490 2869 745 2925 salutem.
794 2870 1055 2925 Debitum
1099 2872 1249 2926 enim
1280 2873 1604 2944 obsequium
1634 2875 1829 2931 abnuit
1874 2877 1942 2934 ab
1990 2879 2076 2935 his

486 2954 595 3010 sibi
642 2953 928 3025 impendi;
969 2971 1040 3011 ne
1072 2971 1170 3027 per
1213 2955 1321 3014 hoc
1364 2960 1637 3032 accipiant
1676 2962 1937 3023 ﬁduciam
1983 2968 2073 3026 de-

488 3040 806 3113 linquendi.

562 3155 747 3229 (Vers.
782 3159 897 3233 16.)
946 3183 966 3208 ι
992 3161 1128 3219 Nam
1159 3163 1206 3219 si
1240 3167 1630 3238 evangelizem.
1658 3186 1769 3229 non
1808 3182 1891 3231 est
1932 3175 2073 3232 mihi
2104 3174 2148 3234 C

485 3246 740 3319 gloriatio
773 3248 929 3322 (67);
980 3253 1272 3311 necessitas
1317 3255 1465 3312 enim
1523 3257 1663 3316 mihi
1718 3260 2008 3321 incumbit.
2041 3289 2059 3314 ι

481 3334 636 3424 Sicut
673 3335 811 3395 dicit
858 3340 1170 3402 Dominus:
1233 3368 1253 3392 ι
1298 3344 1435 3403 Cum
1483 3347 1727 3407 feceritis
1782 3367 1902 3424 quae
1948 3353 2072 3410 dico

480 3423 661 3493 vobis,
705 3425 911 3485 dicite:
959 3428 1112 3486 Servi
1156 3431 1383 3491 inutiles
1417 3452 1643 3493 sumus:
1692 3423 1837 3511 quod
1867 3440 2072 3498 debui—

477 3526 604 3566 mus
632 3511 831 3579 facere,
850 3514 1082 3571 fecimus
1099 3518 1249 3587 (Luc.
1272 3535 1414 3587 xvn,
1447 3522 1584 3593 10).»
1611 3547 1630 3571 ε
1651 3525 1748 3581 Vua
1776 3527 1923 3583 enim
1943 3529 2067 3598 erit,

477 3596 685 3667 inquit,
730 3598 890 3666 mihi,
939 3601 986 3655 si
1028 3618 1140 3659 non
1192 3606 1560 3676 pradicavero
1615 3612 1997 3685 Evangelium.
2037 3596 2057 3665 ὲ

477 3682 681 3741 Missus
705 3685 853 3741 enim
900 3703 1091 3747 servus
1119 3708 1151 3748 a
1180 3691 1409 3751 domino
1439 3695 1591 3765 facit,
1623 3682 1797 3755 etiam.
1837 3704 2065 3773 invitus,

475 3768 625 3843 quod
646 3770 753 3826 sibi
774 3785 1105 3849 praeceptum
1133 3790 1214 3839 est
1239 3799 1252 3838 :
1284 3783 1329 3839 si
1358 3785 1676 3857 quominus,
1700 3768 2069 3861 adstringatur

475 3859 655 3931 plagis
702 3877 920 3922 necesse
954 3875 1055 3926 est.
1106 3871 1356 3947 Denique
1383 3874 1599 3947 Moyses
1628 3876 1840 3935 invitus
1872 3859 2068 3938 missus

472 3956 556 4004 est
584 3949 652 4007 ad
682 3951 1016 4015 Pharaonem
1052 3959 1255 4033 (Exod.
1291 3980 1372 4033 tv,
1408 3964 1532 4037 l3);
1565 3974 1621 4024 et
1651 3966 1815 4027 Jonas
1848 3980 2066 4030 coactus

470 4044 555 4094 est
580 4039 876 4112 praedicare
902 4046 1172 4108 Ninivitis
1204 4052 1378 4124 (J0me
1401 4072 1443 4124 ι,
1473 4055 1554 4128 3).

553 4146 923 4247 _142(Vers.‘
945 4163 1010 4217 17
1038 4164 1059 4233 )
1100 4187 1119 4212 ι
1148 4165 1282 4221 Nam
1312 4168 1359 4223 si
1392 4170 1586 4228 volens
1631 4171 1739 4230 hoc
1775 4191 1894 4247 ago,
1926 4193 2063 4234 mer-

466 4245 657 4304 cedem
704 4246 897 4303 habeo.
930 4273 949 4296 -
990 4249 1340 4309 Manifestum
1385 4266 1466 4313 est
1512 4261 1642 4331 quia
1670 4245 1835 4318 nemo
1865 4266 2064 4338 accipit

466 4333 970 4390 remunerationem
1026 4336 1145 4408 ejus
1201 4340 1298 4408 rei,
1351 4357 1514 4414 quam
1571 4345 1781 4404 invitus
1827 4351 1955 4422 agit.
1983 4333 2061 4408 Si

467 4420 617 4476 enim
665 4422 1033 4492 voluntarius,
1076 4423 1277 4497 dignus
1315 4431 1561 4489 mercede
1589 4442 1708 4502 est;
1755 4420 1884 4509 quia
1919 4456 2062 4495 con-

2200 522 2305 580 sibi
2338 538 2663 602 praeceptum
2682 528 2786 589 est.

2275 612 2454 681 (Vers.
2508 619 2618 690 l8.)
2677 644 2695 666 ‹
2740 622 2868 690 Quae
2925 640 3052 697 ergo
3105 623 3209 681 erit
3263 642 3384 683 mea
3428 629 3697 685 merces?
3735 631 3802 687 Ut

2201 700 2562 774 Evangelium
2596 709 2950 780 annuntians,
2973 712 3090 768 sine
3115 722 3334 785 sumptu
3357 715 3598 772 efﬁciam
3620 718 3797 775 Evan-

2203 789 2401 860 gelium
2420 810 2433 859 ;
2454 801 2515 849 ut
2542 811 2650 850 non
2680 797 2872 853 abutar
2900 807 3163 872 potestate
3195 819 3313 860 mea
3335 803 3389 858 in
3412 804 3782 877 Evangelio.-

2201 878 2462 950 Repressa
2504 886 2794 942 verborum
2834 888 3097 959 jactantia
3141 893 3425 965 gloriatur,
3458 903 3517 951 et
3546 898 3673 952 vult
3701 897 3791 952 in-

2199 967 2376 1039 telligi
2425 982 2626 1045 quanta
2662 975 2861 1047 dignus
2911 980 3162 1037 mercede
3201 984 3293 1050 sit,
3347 983 3481 1055 quia
3525 993 3789 1057 potestate

2202 1070 2301 1111 sua
2337 1074 2447 1113 non
2493 1062 2670 1117 utitur
2711 1064 2766 1119 in
2799 1066 3119 1138 Evangelio,
3150 1068 3281 1125 dum
3322 1073 3537 1143 respuit
3578 1074 3785 1131 oblatos

2200 1155 2470 1218 sumptus,
2517 1167 2584 1205 ne
2630 1152 2743 1207 vim
2787 1156 3191 1226 praedicationis
3231 1158 3513 1216 humiliet.
3552 1163 3671 1220 Hoc
3710 1172 3781 1221 est

2200 1233 2384 1304 licere,
2430 1239 2525 1293 sed
2559 1255 2669 1295 non
2700 1243 2956 1314 expedire
3006 1254 3221 1318 propter
3259 1247 3495 1304 salutem
3531 1249 3779 1319 fratrum,

2198 1330 2263 1378 ut
2291 1327 2655 1397 corrigantur.
2680 1331 2877 1387 Forma
2904 1349 3031 1405 ergo
3061 1336 3182 1389 vult
3208 1351 3325 1391 esse
3354 1339 3590 1406 caeteris,
3608 1348 3671 1395 ut
3696 1339 3779 1395 ubi

2199 1412 2392 1470 vident
2429 1433 2538 1471 non
2566 1418 2843 1490 expedire,
2884 1421 3046 1477 etiam
3080 1423 3254 1480 licitis
3293 1440 3407 1481 non
3438 1432 3707 1485 utantur:
3736 1429 3779 1484 si

2199 1505 2516 1575 quominus,
2534 1506 2772 1565 delicito
2802 1509 2935 1567 ﬁent
2965 1511 3040 1567 rei
3076 1512 3192 1585 (69)
3219 1532 3232 1570 :
3262 1515 3412 1588 quod
3434 1517 3519 1573 sic
3536 1526 3774 1587 sumunt,

2198 1600 2261 1648 ut
2290 1595 2356 1649 ad
2385 1595 2776 1655 detrimentum
2809 1601 3079 1672 proﬁciat.

2270 1684 2450 1754 (Vers.
2497 1686 2609 1757 19.)
2663 1711 2682 1733 ‹
2719 1689 2851 1743 Nam
2899 1707 3023 1745 cum
3064 1690 3203 1747 liber
3241 1692 3344 1748 sim
3380 1709 3451 1750 ex
3503 1697 3775 1767 omnibus,

2196 1771 2427 1828 onnium
2472 1790 2557 1829 me
2602 1791 2821 1832 servum
2876 1778 3002 1845 feci,
3034 1786 3095 1834 ut
3127 1781 3307 1850 plures
3355 1781 3763 1842 lucrifaciam.-

2195 1860 2359 1916 Liber
2387 1878 2457 1917 ex
2486 1865 2745 1920 omnibus
2773 1874 2874 1933 est,
2906 1883 3031 1922 cum
3060 1869 3199 1923 nulli
3229 1870 3285 1923 in
3313 1869 3639 1930 adulatione
3666 1884 3775 1931 tra-

2193 1946 2336 2003 didit
2352 1951 2734 2023 Evangelium,
2750 1970 2849 2010 nec
2864 1954 3185 2027 cujusquam
3201 1967 3393 2028 praeter
3405 1961 3647 2018 salutem
3667 1965 3770 2035 (70)

2194 2037 2402 2111 aliquid
2427 2042 2767 2112 concupivit,
2809 2058 2984 2115 neque
3014 2044 3081 2099 ad
3111 2044 3338 2102 delicias
3386 2046 3681 2107 habendas
3716 2051 3774 2107 ab

2193 2127 2381 2199 aliquo
2427 2138 2679 2202 sumptus
2728 2133 2985 2211 largiores
3013 2136 3262 2193 mercede
3290 2137 3605 2209 hypocrisis
3636 2157 3775 2198 acce-

2192 2215 2293 2287 pit.
2321 2216 2549 2273 Servum
2581 2228 2760 2276 autem
2783 2222 2863 2278 sic
2892 2239 2947 2278 se
2976 2224 3224 2281 omnium
3248 2226 3455 2284 factum
3471 2228 3632 2298 dicit,
3650 2230 3773 2287 dum

2189 2318 2247 2359 se
2289 2320 2385 2376 per
2437 2306 2806 2365 humilitatem
2836 2311 3071 2368 similem
3109 2314 3354 2370 omnium
3397 2328 3585 2374 mente
3615 2319 3772 2377 imbe-

2190 2391 2401 2449 cillium
2449 2396 2741 2463 exhibuit;
2791 2408 2850 2457 ut
2894 2416 2987 2456 eos
3033 2417 3128 2473 per
3158 2404 3479 2474 patientiam
3534 2406 3770 2464 ﬁrmaret

2188 2481 2257 2538 ad
2282 2483 2511 2539 salutem
2543 2487 2806 2556 futuram,
2837 2490 3136 2548 confovens
3164 2494 3379 2550 animos
3425 2494 3657 2553 illorum
3686 2499 3771 2572 qui

2189 2581 2284 2629 aut
2313 2576 2631 2646 peccabant,
2662 2588 2756 2636 aut
2788 2596 2873 2636 res
2899 2581 3118 2639 divinas
3135 2585 3345 2641 tardius
3367 2588 3767 2659 sequebantur;

2188 2668 2250 2717 ut
2275 2678 2384 2717 non
2412 2680 2599 2736 aspere
2629 2668 2834 2726 ferrent
2865 2671 3189 2744 reprehendi
3219 2691 3296 2732 se.

2261 2751 2442 2842 (Vers.
2485 2754 2601 2828 20.)
2652 2780 2671 2803 ι
2716 2758 2788 2815 Et
2846 2760 3022 2816 factus
3078 2778 3199 2817 sum
3255 2763 3461 2821 Iudaeis
3512 2775 3768 2842 tauquam

2185 2835 2423 2907 Judaaus,
2478 2849 2539 2897 ut
2584 2843 2799 2901 Iudaeos
2844 2848 3237 2907 lucrifacerem.
3283 2877 3302 2900 ι
3343 2853 3582 2909 Videtur
3620 2835 3767 2929 quasi

2183 2923 2470 3015 simulasse
2497 2930 2639 3001 (71),
2662 2941 2723 2988 ut
2743 2934 3000 2991 omnibus
3019 2935 3172 2993 ﬁeret
3196 2940 3406 3008 omnia,
3427 2942 3579 3015 quod
3599 2923 3767 3000 solent

2183 3011 2490 3071 adulatores
2539 3018 2747 3088 facere;
2793 3023 2888 3079 sed
2936 3040 3047 3081 non
3076 3025 3151 3083 ita
3178 3035 3295 3083 est:
3328 3029 3419 3085 vir
3445 3011 3599 3089 enim
3631 3032 3764 3088 divi.

2181 3119 2287 3160 nus
2316 3112 2370 3161 et
2408 3108 2655 3167 medicus
2691 3114 2978 3185 spiritalis,
3010 3117 3185 3174 sciens
3224 3121 3473 3179 omnium
3502 3140 3693 3183 causas
3716 3134 3764 3182 et

2182 3192 2436 3259 vulnera,
2469 3213 2666 3269 magna
2686 3200 2958 3259 industria
2990 3206 3248 3264 confovet
3274 3207 3398 3266 illos
3425 3217 3483 3266 et
3507 3216 3761 3285 compati-

2182 3285 2301 3335 tur:
2334 3298 2459 3339 cum
2491 3287 2748 3344 omnibus
2775 3290 2923 3346 enim
2971 3290 3290 3352 hominibus
3317 3299 3569 3369 quaedam
3605 3302 3760 3358 habe-

2182 3383 2304 3425 mus
2348 3377 2681 3432 communia.
2734 3378 2930 3435 Factus
2970 3390 3050 3437 est
3091 3398 3218 3454 ergo
3263 3384 3467 3445 Judaais
3507 3397 3758 3463 tanquam

2180 3454 2427 3527 Iudaeus;
2475 3463 2605 3533 quia
2646 3476 2868 3538 pr0pter
2907 3469 3224 3527 scandalum
3267 3473 3490 3532 illorum
3535 3454 3759 3535 circum-

2180 3544 2317 3632 cidit
2345 3547 2693 3608 Timotheum
2719 3555 2859 3623 (Act.
2892 3572 3010 3624 xvr,
3038 3557 3116 3629 3),
3149 3568 3203 3615 et
3231 3562 3553 3632 puriﬁcatus
3582 3583 3759 3623 ascen-

2178 3631 2259 3688 dit
2287 3634 2344 3689 in
2376 3640 2663 3709 templum,
2694 3656 2761 3696 ne
2784 3645 3125 3701 occasionem
3173 3631 3267 3719 per
3297 3666 3422 3706 eum
3452 3655 3759 3727 acciperent

2176 3723 2589 3821 blasphemandi
2640 3734 2780 3805 (Act.
2809 3753 2927 3805 χχι,
2961 3738 3074 3810 26).
3117 3740 3247 3797 Rem
3281 3759 3407 3815 ergo
3439 3723 3595 3815 fecit,
3645 3766 3758 3821 qua:

2170 3810 2285 3883 jam
2307 3831 2513 3873 cessare
2532 3820 2776 3891 deberet,
2805 3825 2898 3882 sed
2925 3828 3222 3885 secundum
3257 3810 3424 3902 legem
3455 3833 3609 3891 fecit.
3627 3810 3755 3893 Nam

2176 3911 2230 3957 et
2253 3906 2527 3964 consensit
2557 3908 2669 3966 illis
2702 3914 2872 3985 legem
2916 3932 3031 3972 esse
3069 3934 3097 3972 a
3128 3919 3242 3973 Deo
3279 3927 3332 3975 et
3363 3923 3677 3993 prophetas,
3706 3932 3755 3979 et

2175 3989 2243 4047 de
2279 3992 2392 4050 illis
2420 3998 2659 4056 ostendit
2679 4000 2958 4059 Christum
2988 4005 3135 4062 hunc
3163 4023 3298 4076 esse,
3329 3989 3425 4081 qui
3454 3989 3756 4081 promissus

2174 4088 2256 4136 est
2279 4099 2291 4137 :
2326 4092 2386 4139 ut
2417 4102 2667 4146 assensus
2695 4090 2812 4162 ejus
2839 4092 3063 4150 haberet
3088 4096 3360 4153 effectum.

2247 4169 2427 4239 (Vers.
2460 4172 2575 4247 21.)
2620 4200 2638 4223 ι
2669 4178 2740 4235 lis
2761 4180 2851 4251 qui
2884 4182 2985 4237 sub
3015 4184 3131 4254 lege
3150 4192 3298 4252 sunt,
3327 4186 3482 4257 quasi
3513 4188 3621 4244 sub
3642 4191 3754 4264 lege

2171 4274 2341 4316 essem
2373 4263 2519 4334 (cum
2551 4266 2664 4338 ipse
2697 4285 2805 4325 non
2834 4271 2936 4326 sim
2983 4272 3084 4328 sub
3116 4274 3276 4345 lege),
3308 4282 3369 4330 ut
3399 4291 3493 4333 eos
3522 4280 3620 4352 qui
3653 4263 3752 4337 sub

2172 4348 2287 4423 lege
2316 4361 2463 4422 sunt,
2494 4355 2887 4417 lucrifacerem.
2909 4386 2927 4409 ι
2959 4360 3001 4416 li
3033 4363 3125 4434 qui
3148 4362 3249 4419 sub
3272 4365 3383 4436 lege
3412 4348 3555 4423 sunt
3572 4368 3753 4425 Sama-

2170 4438 2333 4495 ritani
2364 4454 2693 4512 noscuntur;
2715 4448 2884 4519 legem
2901 4449 3044 4505 enim
3071 4451 3240 4507 solam
3271 4454 3573 4525 accipiunt,
3598 4457 3655 4512 id
3670 4465 3751 4513 est

465 4509 638 4565 sentit
672 4508 933 4567 domino:
984 4519 1039 4568 et
1085 4513 1231 4587 quod
1271 4517 1553 4577 voluntate
1604 4521 1687 4590 ﬁt,
1733 4526 1927 4583 melius
1971 4529 2052 4588 ﬁt.
2083 4524 2132 4584 D
2164 4508 3749 4614 quinquelibrosMoysiTSuntautemexoriginePersarum

479 4619 503 4647 ε
526 4595 585 4652 Si
624 4607 808 4655 autem
841 4598 1072 4668 invitus,
1102 4601 1440 4676 dispensatio
1479 4609 1617 4665 mihi
1646 4611 1853 4669 credita
1882 4624 1981 4673 est.
2019 4643 2039 4667 ι.

461 4685 576 4745 Nec
603 4686 710 4746 hoc
755 4687 1049 4746 obscurum
1092 4699 1192 4761 est,
1225 4694 1356 4766 quia
1397 4696 1491 4769 qui
1521 4697 1815 4758 indevotus
1841 4704 2051 4778 aliquid

461 4773 617 4849 facit,
668 4793 784 4835 non
844 4780 1124 4839 voluntate
1180 4783 1335 4850 facit,
1384 4784 1479 4843 sed
1522 4791 1861 4849 necessitate.
1911 4773 2050 4862 Quia

535 4997 665 5075 (65)
686 4998 821 5075 Cod.
845 4999 1031 5070 Corb.,
1059 5003 1179 5075 ipsa
1194 5011 1391 5064 natura
1417 5014 1464 5063 et
1481 5014 1802 5070 conversatio
1817 5014 2047 5075 humana

460 5066 706 5144 decreuit.
755 5071 827 5125 Et
874 5066 1209 5144 post'pauca
1254 5077 1398 5134 idem
1432 5095 1529 5137 ms.
1566 5066 2046 5144 cumﬂaliisﬂnon:

460 5137 655 5217 nullis,
683 5156 848 5217 ireque
876 5137 1121 5217 otiosum,
1143 5149 1285 5216 quod
1311 5151 1495 5217 tantis,
1524 5137 1630 5209 etc.

533 5209 771 5300 (ϐβμῐεξ
792 5228 919 5300 mss.
953 5209 1243 5298 plures-ac
1282 5209 1526 5300 melioris
1554 5231 1730 5300 notae:
1764 5226 1860 5282 alii
1890 5245 2043 5300 vel-0’

456 5286 513 5335 et
547 5280 708 5410 editi,
757 5282 923 5357 magis
953 5280 1126 5355 'mori,
1168 5304 1328 5361 quam
1355 5297 1415 5348 ut
1458 5293 1686 5364 gloriam
1711 5280 1880 5355 meant
1905 5280 2045 5372 qui;

459 5366 649 5410 evacue
676 5397 690 5410 .
1646 5399 1651 5408 τ

459 5366 690 5413 mouet.

2155 5026 2335 5075 autem
2375 5020 2470 5076 ubi
2516 5036 2642 5078 cum
2695 5030 2806 5079 vet.
2851 5024 2983 5080 edit.
3016 5041 3079 5082 ac
3116 5042 3245 5083 mss.
3279 5029 3457 5084 multo

2160 4623 2213 4671 et
2240 4620 2615 4692 Assyriorum,
2644 4642 2780 4698 quos
2810 4642 2903 4681 rex
2932 4628 3308 4701 Assyriorum,
3342 4633 3577 4690 sublatis
3615 4637 3751 4693 ﬁliis

2159 4708 2321 4767 Israel
2340 4710 2398 4768 in
2421 4715 2817 4786 captivitatem,
2834 4718 3016 4789 posuit
3027 4718 3095 4774 ad
3118 4720 3407 4779 incolenda
3427 4724 3549 4780 loca
3566 4725 3751 4787 Sama-

2160 4797 2510 4874 riae(IVReg.
2543 4819 2683 4873 xvn,
2697 4806 2776 4878 6);
2808 4806 2932 4863 ideo
2948 4815 3001 4864 et
3023 4809 3205 4879 ignem
3230 4812 3421 4870 colunt
3442 4830 3597 4870 more
3624 4816 3749 4871 Per-

3526 5030 3748 5088 luribus

2157 5045 2335 5075 autem
2379 5045 2470 5076 um
2516 5045 2642 5078 cum
2697 5045 2806 5079 vet.
2851 5045 2983 5080 eun.
3016 5045 3079 5082 ac
3116 5045 3245 5083 mss.
3279 5045 3457 5084 multo
3488 5045 3744 5100 pluribus

2157 5091 2494 5165 restituimus
2545 5093 2757 5164 efﬁciam
2802 5097 3183 5165 Euangelium;
3239 5100 3393 5154 Rom.
3429 5101 3566 5155 eJit.
3618 5120 3744 5162 cum

2155 5163 2715 5241 uno‘autalteroins.
2751 5163 3003 5241 mutarat,
3026 5184 3220 5241 ponam
3258 5172 3632 5241 annyelium.

2252 5232 2343 5310 69)
2373 5234 2634 5310 ﬁonnulli
2665 5252 2816 5307 mss.,
2848 5232 3037 5291 delicto
3070 5239 3204 5310 ﬁunt
3234 5242 3331 5297 rei.

2252 5234 2319 5293 69
2373 5234 2634 5291 Nonnulli
2665 5252 2816 5307 mss.,
2848 5234 3036 5291 delicto
3070 5239 3204 5310 ﬁunt
3234 5242 3331 5297 rei.
3415 5234 3437 5241 ⁷

2225 5234 2343 5376 (70)
2372 5305 2499 5363 Mss.
2529 5304 2759 5379 aliquot,
2789 5323 2950 5379 neque
2976 5309 3291 5381 cujusquam
3331 5322 3560 5386 prapter
3583 5320 3746 5378 salu—

532 5424 650 5506 (67)
701 5426 824 5487 Vet.
871 5426 1004 5488 edit.
1042 5445 1171 5489 cum
1232 5432 1420 5505 paucis
1452 5450 1605 5506 mss,
1653 5455 1760 5496 non
1799 5447 1874 5497 est
1910 5444 2042 5501 mﬂzi

457 5500 659 5651 ῗῗὲἕ).
694 5567 896 5626 Omnes
941 5572 1075 5651 edit.
1127 5576 1417 5631 voluntatis
1447 5594 1555 5651 suae
1580 5590 1812 5651 nonest;
1848 5593 2042 5643 contra

432 5646 590 5723 vero
618 5653 750 5725 mss.
766 5655 936 5726 prope
948 5643 1024 5729 ad
1043 5660 1237 5732 unum,
1264 5649 1537 5723 potestatis
1555 5666 1684 5719 sum,
1705 5643 1811 5713 etc;
1835 5656 2039 5724 Iterum

2154 5378 2342 5571 “321)
2385 5448 2508 5506 Vet.
2551 5450 2683 5507 edit.
2726 5467 2790 5508 ac
2834 5467 2961 5533 mss.
3003 5451 3150 5508 haud
3172 5454 3371 5571 pauci:
3408 5458 3532 5538 Ιξόη
3578 5463 3741 5541 quasi

2154 5515 2204 5570 vi
2269 5524 2356 5571 tur
2382 5522 2691 5571 simulasse:
2737 5523 2934 5571 melius
2960 5533 3140 5571 tamen
3219 5539 3330 5571 om_
3360 5528 3477 5571 mllt
3529 5530 3741 5571 nlunnu

2150 5515 2356 5610 vid‘etu'r
2382 5522 2691 5610 simulasse;
2736 5523 2934 5610 melius
2960 5533 3143 5582 tamen
3170 5515 3331 5584 Rom.
3360 5528 3496 5586 edit.
3529 5515 3746 5610 aliqua

2150 5587 2271 5643 cod.
2305 5599 2623 5661 expungunt
2650 5587 3015 5665 negationem.
