3952 6202
205 273 311 332 245

1284 281 1643 338 COMMENT.
1684 281 1755 337 IN
1792 282 2006 337 EPIST.
2048 283 2071 338 Ι
2107 284 2202 338 ΑΙ)
2241 283 2396 340 COB.

3365 291 3474 350 246

204 417 407 457 sarum.
431 400 528 457 His
555 417 679 474 erge
701 403 1017 474 Apostolus,
1039 402 1171 458 dum
1205 420 1315 458 non
1348 405 1576 475 negabat
1607 407 1776 477 legem
1809 407 1860 465 A
1887 407 2080 476 Magna
2125 423 2216 478 spe
2261 423 2476 463 currere
2533 425 2588 466 se
2637 410 2940 482 proﬁtetur,
2989 421 3198 470 certum
3248 411 3470 473 habens

205 506 320 547 esse
374 507 406 546 a
461 493 593 560 Deo,
650 491 814 548 ﬁebat
868 492 1019 564 quasi
1059 493 1161 548 sub
1191 494 1335 564 lege:
1369 493 1462 549 sed
1491 511 1559 548 ex
1584 511 1646 549 ea
1675 495 1785 550 illis

207 577 330 634 miti
388 579 557 635 verbo
588 579 705 651 (72)
747 580 1032 637 Christum
1071 581 1487 652 intelligendum
1520 583 1783 650 tradebat,

205 666 348 723 sicut
385 674 438 723 et
486 668 828 724 Samaritana
873 670 988 736 illa,
1025 686 1146 741 qua:
1174 670 1317 724 dixit
1345 670 1411 725 ad
1441 672 1737 726 Dominum
1770 687 1782 725 :

217 779 238 802 ι
268 756 393 813 Scio
438 759 570 829 quia
614 758 838 814 Messias
871 759 1024 814 venit
1072 760 1252 830 (Joan.
1299 777 1377 829 1v,
1404 759 1495 831 25)
1523 779 1538 829 ;
1569 786 1587 810 ι
1630 761 1788 818 docta

205 859 303 917 per
325 846 523 916 legem.

294 960 314 984 ι
335 937 409 992 lis
438 937 534 1009 qui
565 937 680 994 sine
709 938 823 1009 lege
851 938 1154 1010 sunt,quasi
1179 939 1295 994 sine
1325 939 1438 1011 lege
1457 941 1784 1008 essem(cum

206 1024 328 1080 sine
358 1025 474 1098 lege
501 1042 611 1082 non
642 1043 810 1082 essem
842 1027 962 1095 Dei,
995 1027 1088 1082 sed
1116 1027 1171 1081 in
1205 1028 1319 1098 lege
1348 1044 1518 1083 essem
1553 1027 1782 1097 Christi)

206 1122 271 1171 ut
299 1131 393 1170 eos
423 1115 518 1188 qui
558 1116 673 1171 sine
695 1116 805 1186 lege
825 1124 971 1182 sunt,
1000 1115 1396 1171 lucrifacerem.
1423 1140 1442 1163 ι
1488 1116 1602 1172 Hoc
1629 1117 1784 1184 dicit,

207 1204 356 1274 quia,
387 1220 509 1259 cum
542 1203 597 1258 in
622 1204 733 1274 lege
763 1202 966 1260 Christi
988 1203 1155 1270 est,in
1185 1204 1300 1276 lege
1327 1204 1422 1260 Dei
1457 1213 1555 1271 est,
1580 1204 1786 1261 Christi

204 1300 308 1360 est,
351 1292 492 1349 sicut
547 1291 721 1348 dixit:
798 1317 816 1340 κ
847 1293 1046 1348 Omnia
1088 1309 1208 1348 mea
1255 1301 1348 1348 tua
1397 1301 1545 1361 sunt,
1586 1301 1640 1349 et
1693 1303 1787 1349 tua

205 1399 324 1439 mea
355 1383 841 1454 (Joan.xvn,10).»
883 1413 954 1425 —
996 1384 1106 1440 «Ut
1130 1399 1221 1439 eos
1249 1383 1342 1454 qui
1381 1383 1784 1455 sinelegesunt,

206 1471 606 1528 lucrifacerem.
632 1496 650 1519 ι
693 1474 834 1527 Dum
865 1471 1011 1527 enim
1042 1472 1268 1528 assentit
1297 1470 1428 1539 illis,
1454 1472 1512 1528 id
1541 1479 1621 1528 est
1649 1488 1788 1544 gen-

204 1559 583 1632 tilibus,juxta
613 1560 900 1632 physicam
934 1558 1199 1616 rationem
1243 1560 1508 1616 mundum
1539 1559 1738 1617 factum
1758 1576 1791 1614 a

206 1649 343 1719 Deo,
387 1658 442 1705 et
468 1667 589 1723 quae
619 1650 677 1705 in
707 1665 770 1705 eo
807 1658 954 1718 sunt,
998 1657 1053 1705 et
1083 1650 1319 1706 animam
1349 1667 1461 1708 esse
1497 1651 1790 1706 immorta-

1896 495 2028 566 quid
2069 495 2139 550 sit
2177 496 2522 566 promissum.
2571 520 2589 544 ι
2612 499 2701 555 Sic
2725 516 2924 571 pugno,
2959 518 3068 556 non
3100 503 3256 575 quasi
3287 519 3468 561 aerem

1897 583 2128 639 caedens.
2163 609 2182 633 ι
2229 585 2344 642 Hoc
2378 593 2477 652 est,
2508 602 2617 642 non
2649 588 2829 645 verbis
2859 592 3049 664 magis,
3088 592 3182 648 sed
3208 593 3276 648 de
3305 593 3468 651 rebus

1896 673 2186 730 contendo.

1981 787 2000 810 ι
2033 763 2138 819 Sed
2166 763 2370 835 castigo
2390 780 2586 837 corpus
2616 774 2876 833 meum,et
2909 769 3155 824 servituti
3175 770 3454 842 subjicio.»

1897 851 2172 925 Castigare
2224 869 2422 924 corpus
2466 862 2547 910 est
2565 851 2792 924 jejuniis
2820 853 2958 910 illud
2989 871 3180 926 angere
3212 858 3328 928 (74)
3370 875 3382 912 :
3415 866 3472 914 et

1901 941 1995 996 illa
2025 941 2074 996 ei
2104 941 2254 1007 dare,
2279 957 2398 1013 quae
2424 941 2492 996 ad
2521 941 2690 996 vitam
2719 942 3141 1014 proﬁciant,non
3164 943 3231 997 ad
3255 945 3468 1002 luxum.

1898 1028 2162 1085 Servituti
2208 1045 2338 1084 vero
2388 1029 2715 1100 subjicitur;
2759 1029 2890 1085 dum
2922 1047 3031 1085 non
3063 1048 3212 1086 suam
3241 1031 3473 1102 perﬁcit,

1897 1117 1990 1173 sed
2009 1118 2236 1190 spiritus
2268 1119 2634 1173 voluntatem.
2687 1140 2705 1164 ι
2745 1118 2822 1172 Ne
2857 1117 2998 1174 forte
3026 1119 3149 1173 aliis
3178 1118 3474 1188 praedicans

1898 1205 2011 1278 ipse
2049 1207 2312 1278 reprobus
2355 1206 2667 1262 inveniar.»
2729 1205 2854 1263 Ideo
2893 1223 2950 1262 se
2979 1207 3252 1262 refrenare
3280 1223 3476 1279 corpus

1898 1311 2054 1352 suum
2105 1295 2365 1363 ostendit,
2397 1305 2459 1352 ut
2486 1296 2946 1363 remuneratione,
2981 1312 3141 1368 quam
3173 1297 3296 1351 aliis
3329 1313 3476 1367 pra:-

1898 1382 2064 1450 dicat,
2096 1383 2258 1439 etiam
2288 1384 2402 1456 ipse
2425 1383 2623 1455 dignus
2646 1383 2943 1450 habeatur;
2991 1400 3059 1439 ne
3096 1385 3218 1439 aliis
3247 1384 3474 1451 curatis,

1900 1471 2013 1543 ipse
2049 1479 2352 1528 remaneret
2380 1472 2440 1528 in
2487 1473 2738 1529 vulnere.
2788 1473 2980 1528 Ratam
3011 1488 3135 1542 ergo
3165 1488 3312 1543 spem
3344 1487 3474 1542 prae-

1900 1561 2192 1618 dicationis
2230 1578 2341 1617 suae
2380 1561 2630 1628 aﬁirmat,
2677 1561 2893 1633 quando
2925 1563 3089 1634 gestis
3117 1562 3172 1616 id
3201 1579 3256 1617 se
3285 1576 3479 1632 prose-

1900 1651 2015 1722 qui,
2039 1649 2187 1722 quod
2213 1649 2390 1716 docet,
2416 1649 2680 1714 ostendit;
2708 1649 2837 1720 quia
2859 1649 2954 1721 qui
2983 1650 3142 1705 aliter
3169 1649 3279 1719 agit
3310 1665 3474 1719 quam

207 1735 343 1804 lem,
374 1745 428 1793 et
455 1736 522 1792 ab
553 1736 670 1808 ipso
703 1753 802 1792 nos
827 1736 1091 1808 originem
1124 1735 1323 1792 habere
1355 1735 1458 1809 [ita
1509 1737 1656 1792 enim
1686 1737 1788 1793 Ac-
1822 1755 1869 1814 Β
1900 1738 2175 1810 praedicat,
2209 1745 2487 1809 suspectos
2517 1736 2646 1793 facit
2675 1737 2980 1805 audientes,
3015 1745 3076 1792 ut
3096 1737 3163 1792 de
3194 1735 3476 1808 promissis

201 1827 356 1884 tibus
391 1829 759 1900 apostolorum
803 1827 879 1882 ait
924 1828 1064 1898 (Act.
1123 1844 1264 1896 xvrr,
1306 1826 1437 1898 28):
1497 1850 1516 1874 ι
1543 1827 1615 1883 Et
1641 1827 1786 1884 sicut

204 1916 427 1990 quidam
476 1933 545 1972 ex
593 1917 748 1973 vobis
783 1917 1078 1974 dixerunt:
1124 1916 1302 1989 Ipsius
1344 1914 1491 1971 enim
1533 1923 1588 1971 et
1614 1931 1786 1988 genus

205 2021 398 2062 sumus
428 2005 507 2080 n];
540 2006 620 2063 sic
647 2006 811 2063 ﬁebat
839 2007 990 2079 quasi
1017 2006 1134 2062 sine
1162 2007 1408 2080 lege,per
1436 2004 1582 2079 quod
1601 2005 1786 2062 subin-

203 2095 533 2152 troducebat
576 2096 688 2150 illis
733 2096 1011 2153 Christum
1055 2097 1234 2168 ipsum
1275 2112 1412 2165 esse,
1453 2111 1615 2168 quem
1642 2096 1788 2150 Deus

207 2185 279 2240 ad
322 2183 689 2256 judicandum
739 2182 1004 2239 mundum
1033 2185 1327 2256 praeelegit,
1357 2191 1411 2242 et
1443 2185 1622 2258 ipsum
1651 2198 1786 2252 esse,

205 2287 307 2345 per
337 2288 500 2345 quem
531 2271 716 2327 omnia
735 2271 885 2328 fecit.

276 2360 466 2434 (Vers.
524 2361 642 2432 22.)
711 2384 733 2408 ι
785 2360 982 2417 Factus
1007 2375 1130 2416 sum
1162 2358 1400 2416 inﬁrmis
1429 2359 1700 2428 inﬁrmus,
1728 2365 1794 2416 ut

204 2449 459 2507 inﬁrmos
495 2449 890 2506 lucrifacerem.
942 2474 962 2499 ι
1022 2449 1282 2506 Inﬁrmus
1328 2450 1504 2505 factus
1530 2457 1631 2516 est,
1662 2447 1792 2504 dum

207 2547 430 2614 propter
479 2539 672 2596 fratres
717 2538 966 2595 inﬁrmos
1015 2555 1046 2594 a
1085 2539 1254 2594 licitis
1281 2537 1553 2605 abstinet;
1585 2553 1653 2592 ne
1681 2537 1795 2594 illis

207 2629 523 2686 scandalum
555 2636 790 2701 generet,
841 2626 1144 2686 -Omnibus
1174 2627 1351 2684 factus
1379 2642 1500 2683 sum
1523 2626 1795 2691 omnia,ut

207 2735 398 2776 omnes
425 2720 604 2775 salvos
635 2719 886 2775 facerem.
921 2743 940 2768 ι
976 2718 1092 2774 Hoc
1122 2716 1230 2772 fuit
1249 2715 1356 2771 viri
1386 2713 1790 2788 prudentis(73)

213 2817 267 2864 et
296 2807 581 2880 spiritalis,
615 2814 676 2863 ut
703 2807 960 2863 omnibus
997 2804 1182 2862 omnia
1228 2805 1423 2872 factus,
1454 2802 1792 2876 propositum

209 2906 396 2954 tamen
432 2903 572 2960 143
602 2897 883 2969 religionis
913 2912 1025 2953 non
1039 2894 1325 2952 excederet
1349 2912 1364 2961 ;
1389 2893 1518 2966 quia
1551 2892 1645 2948 ubi
1674 2905 1794 2948 ces-

211 2993 303 3060 sit,
337 2994 404 3050 ad
456 2993 563 3054 hoc
621 2995 804 3063 cessit,
843 3002 906 3050 ut
952 2991 1272 3066 proﬁceret;
1318 3005 1422 3046 nec
1466 2988 1615 3044 aliud
1639 2988 1791 3055 fecit,

210 3099 377 3155 quam
411 3085 499 3140 lex
523 3083 821 3140 mandavit.
1403 3093 1406 3095 λ

283 3173 466 3245 (Vers.
500 3173 618 3243 23.)
663 3197 682 3220 ι
711 3173 910 3228 Omnia
937 3177 1118 3227 autem
1139 3170 1282 3226 facio
1308 3175 1528 3240 propter
1549 3167 1793 3235 Evange-

207 3261 374 3328 lium,
414 3269 477 3316 ut
525 3262 796 3333 particeps
824 3260 943 3330 ejus
971 3259 1118 3314 ﬁam.
1148 3282 1166 3305 ι
1211 3259 1326 3314 Hoc
1351 3263 1452 3323 est,
1497 3253 1682 3309 omnia
1710 3269 1795 3307 su-

202 3351 463 3425 pradicta
515 3351 678 3420 facio,
724 3358 783 3405 ut
836 3348 1138 3404 voluntatis
1165 3345 1488 3418 evangelicae
1533 3341 1800 3415 particeps

204 3438 439 3508 eﬂiciar,
480 3455 643 3512 quam
677 3437 840 3494 habet
867 3437 1014 3495 circa
1033 3436 1261 3492 salutem
1285 3433 1602 3488 humanam.

285 3529 466 3600 (Vers.
492 3526 609 3598 24.)
649 3551 669 3574 ε
695 3526 926 3582 Nescitis
955 3523 1212 3598 quoniam
1245 3521 1340 3595 qui
1368 3521 1427 3576 in
1456 3517 1634 3574 stadio
1665 3534 1800 3574 cur-

207 3626 363 3685 runt,
404 3634 592 3673 omnes
648 3615 868 3688 quidem
919 3622 1168 3680 currunt,
1218 3627 1362 3667 unus
1389 3616 1570 3665 autem
1599 3608 1799 3679 accipit

211 3709 451 3782 palmam
475 3708 504 3763 ‘1’
531 3732 551 3755 ι
613 3707 771 3764 Nunc
809 3703 959 3761 aliud
986 3705 1108 3759 vult
1137 3717 1410 3775 exponere
1443 3717 1455 3756 :
1489 3699 1672 3771 itaque
1692 3699 1797 3755 hoc

211 3796 463 3867 exemplo
486 3793 726 3851 ostendit
753 3800 956 3866 quanta
985 3792 1058 3848 sit
1085 3792 1298 3847 utilitas
1329 3789 1463 3862 legis
1495 3795 1711 3854 nostrae,
1736 3786 1794 3842 in

210 3900 322 3958 qua
377 3900 487 3938 non
537 3883 657 3947 uni,
715 3881 808 3938 sed
853 3879 1112 3937 omnibus
1158 3878 1426 3950 promissa
1467 3883 1548 3931 est
1581 3875 1782 3946 palma.

222 3994 246 4020 α
276 3972 368 4028 Sic
409 3971 631 4038 currite,
677 3979 738 4026 ut
783 3965 1285 4040 comprehendatis.
1326 3989 1346 4014 ι
1400 3962 1645 4021 Sollicito
1674 3961 1794 4016 vult

209 4061 363 4119 curri
392 4060 458 4115 ad
488 4058 927 4132 promissionem,
959 4055 1087 4129 quia
1111 4069 1304 4126 magna
1327 4059 1427 4109 est.

288 4148 470 4220 (Vers.
512 4146 640 4216 25.)
683 4170 700 4191 ε
740 4144 932 4202 Omnis
965 4151 1146 4200 autem
1177 4141 1357 4214 quiin
1388 4156 1556 4212 agone
1575 4147 1793 4196 conten-

212 4238 297 4294 dit
314 4235 384 4292 ab
421 4233 681 4290 omnibus
709 4247 766 4287 se
793 4231 1035 4286 abstinet
1065 4248 1080 4295 ;
1113 4254 1132 4277 ι
1175 4228 1243 4283 ab
1283 4227 1371 4282 his
1395 4226 1650 4282 omnibus
1676 4241 1794 4297 qua:

210 4324 445 4383 vitanda
495 4319 682 4375 eadem
730 4317 896 4373 tradit
923 4316 1236 4387 disciplina,
1267 4331 1393 4371 cum
1422 4313 1596 4369 sciant
1626 4328 1795 4368 unum

214 4389 616 4475 cdronandum;
652 4413 854 4479 quanto
883 4405 1052 4476 magis
1083 4403 1241 4458 nobis
1279 4401 1677 4457 observandum
1694 4408 1794 4469 est,

215 4503 345 4576 quia
373 4497 632 4556 omnibus
674 4493 938 4567 promissa
967 4501 1048 4548 est
1071 4491 1217 4548 salus
1257 4491 1270 4546 l
1317 4513 1337 4538 ι
1365 4491 1436 4546 Et
1465 4490 1546 4546 illi
1577 4488 1796 4562 quidem

216 4604 278 4651 ut
303 4588 719 4662 corruptibilem
752 4600 1004 4642 coronam
1034 4583 1306 4656 accipiant
1333 4603 1345 4640 :
1381 4599 1479 4638 nos
1508 4592 1686 4639 autem
1717 4583 1798 4637 in.

217 4687 554 4752 corruptam.
595 4703 613 4725 ι
644 4677 716 4731 Et
741 4675 796 4730 in
836 4673 941 4730 hoc
970 4671 1206 4727 multum
1258 4670 1441 4741 dispar
1469 4668 1674 4725 donum
1693 4674 1794 4735 est,

217 4788 281 4828 ac
308 4787 404 4843 per
419 4770 526 4826 hoc
557 4765 932 4838 diligentiores
953 4779 1051 4819 nos
1082 4778 1196 4819 esse
1214 4761 1434 4829 debere,
1466 4760 1667 4833 quibus
1687 4773 1796 4813 non

215 4861 448 4918 terrenis
476 4868 529 4914 et
559 4854 1014 4914 marcescentibus
1047 4851 1293 4918 ﬂoribus,
1321 4848 1414 4904 sed
1443 4847 1658 4903 aeternis
1674 4861 1797 4902 con-

216 4961 359 5009 serta
397 4949 625 5021 gemmis
669 4948 726 5001 in
777 4944 1001 5001 modum
1051 4941 1248 5015 regalis
1291 4937 1617 4997 diadematis
1642 4935 1799 5006 spiri-

215 5039 343 5096 talis
367 5053 566 5093 corona
596 5042 859 5091 servatur.

290 5137 475 5210 (Vers.
507 5135 624 5206 26.)
670 5157 688 5180 ι
713 5131 802 5189 Sic
831 5147 1013 5198 curro,
1044 5145 1157 5185 non
1182 5127 1339 5201 quasi
1364 5126 1424 5181 in
1450 5125 1742 5180 incertum.
1767 5145 1786 5169 ι

292 5393 411 5462 (72)
460 5389 551 5462 Sis
593 5387 725 5442 edit-
758 5381 1007 5462 Amer?»
1035 5380 1280 5462 Erae-.30
1309 5376 1465 5462 3.9!?-
1498 5388 1625 5462 βψ
1649 5379 1805 5462 PES"

219 5444 408 5519 ωεξῗέ
442 5444 574 5516 Gill.
599 5473 728 5512 vero
756 5463 809 5510 et
841 5453 939 5509 alii
965 5444 1122 5517 mss,
1152 5449 1263 5504 illis
1287 5444 1423 5499 mitti
1450 5444 1605 5497 verba
1637 5444 1800 5513 ;qui-

219 5535 342 5592 dam
372 5532 523 5596 cod.,
554 5529 862 5601 Verbumaﬂ
931 5595 977 5601 __
1070 5591 1089 5601 _
1133 5592 1142 5601 ,

293 5585 428 5679 (ᾖ)
613 5595 890 5665 nonnulli,
921 5595 1030 5652 Hoc
1057 5591 1166 5666 fuit
1191 5605 1309 5646 vere
1335 5585 1594 5660 prudens.

1827 4450 1875 4508 D

1897 1826 2168 1884 dubitent.
2227 1826 2338 1882 Suo
2391 1825 2574 1898 itaque
2615 1826 2867 1898 exemplo
2905 1841 3015 1882 non
3065 1825 3238 1898 magis
3293 1823 3476 1883 verbis

1895 1930 2057 1990 quam
2094 1912 2351 1988 operibus
2379 1911 2746 1971 exercendum
2781 1913 3050 1971 hortatur.

2522 2057 2748 2117 CAPUT
2777 2055 2850 2114 X.

1971 2195 2151 2268 (Vers.
2201 2195 2254 2264 1,
2297 2194 2378 2268 2.)
2414 2219 2434 2244 ι
2463 2194 2601 2252 ΝοΙο
2629 2194 2776 2250 enim
2806 2210 2904 2251 vos
2941 2193 3210 2269 ignorare,
3245 2195 3467 2263 fratres,

1899 2284 2028 2357 quia
2056 2292 2234 2357 patres
2260 2284 2433 2340 nostri
2457 2299 2646 2340 omnes
2673 2283 2774 2338 sub
2795 2283 2938 2338 nube
2956 2284 3198 2353 fuerunt,
3217 2295 3270 2341 et
3288 2301 3479 2342 omnes

1903 2385 2068 2439 mare,
2101 2374 2456 2440 transierunt,
2489 2379 2543 2428 et
2571 2386 2761 2426 omnes
2781 2371 2838 2424 in
2866 2372 3049 2444 Moyse
3069 2371 3325 2444 baptizati
3352 2380 3482 2428 sunt

1900 2455 1963 2513 in
2008 2457 2154 2513 nube
2181 2467 2236 2514 et
2263 2458 2322 2513 in
2351 2458 2490 2513 mari
2525 2459 2728 2529 (Exod.
2757 2474 2879 2526 χιιι,
2921 2459 3021 2525 21;
3052 2477 3170 2526 xiv,
3203 2459 3293 2523 22;
3318 2460 3478 2516 Num.

1905 2561 1984 2612 Ix,
2025 2544 2136 2616 21).
2175 2567 2195 2592 ι
2239 2544 2552 2600 Iudaeorum
2587 2546 2862 2616 exemplo,
2906 2545 3000 2616 qui
3029 2545 3358 2617 negligentia
3384 2561 3484 2602 sua

1903 2632 2271 2702 offenderunt,
2322 2632 2588 2690 sollicitos
2627 2649 2724 2688 nos
2773 2634 2894 2688 vult
2943 2649 3092 2699 esse;
3122 2633 3352 2704 ideoque
3381 2634 3484 2690 sub

1886 2723 2049 2779 nube
2087 2721 2224 2778 dicit
2277 2721 2404 2777 illos
2435 2719 2622 2797 fuisse,
2655 2720 2783 2792 quia
2800 2720 2986 2776 omnia
3014 2737 3133 2793 quae
3163 2729 3310 2792 gesta
3333 2729 3485 2790 sunt,

1886 2813 1962 2868 ain
1993 2812 2165 2884 ﬁgura
2197 2811 2372 2867 nostri
2406 2811 2548 2867 facta
2575 2819 2704 2866 sunt
2735 2811 2852 2881 (75)
2879 2828 2890 2876 ;
2925 2817 2984 2864 ut
3019 2810 3266 2866 veritatis
3287 2817 3485 2866 nostrae

1903 2901 1988 2958 illi
2019 2899 2314 2956 habuerint
2341 2899 2657 2972 imaginem.
2691 2897 2938 2956 Contecti
2969 2897 3116 2953 enim
3145 2898 3292 2953 nube
3329 2906 3382 2953 et
3411 2897 3480 2954 ab

1902 2991 2230 3049 adversariis
2257 2991 2371 3048 suis
2399 2991 2505 3046 tuti
2537 2990 2788 3061 praestiti,
2835 2989 2966 3045 dum
2996 3006 3026 3044 a
3059 2996 3231 3044 morte
3262 2989 3478 3045 liberati

1825 3099 1869 3160 ο
1903 3088 2049 3149 sunt,
2079 3079 2336 3151 baptizati
2369 3077 2648 3133 dicuntur.
2681 3079 2798 3132 lllis
2817 3078 2986 3143 enim,
3019 3077 3074 3132 id
3097 3087 3176 3133 est
3206 3078 3482 3148 Egyptiis

1905 3169 1964 3224 in
2011 3167 2148 3222 mari
2204 3165 2456 3230 mortuis,
2496 3164 2626 3219 dum
2683 3165 2765 3230 bi,
2821 3164 2957 3219 duce
3011 3165 3218 3236 Moyse,
3250 3165 3484 3220 feliciter

1906 3261 2211 3320 transeunt,
2255 3252 2428 3323 erepti
2463 3259 2642 3306 sunta
2681 3257 2885 3306 morte:
2919 3251 3062 3322 quod
3097 3258 3314 3322 praestat
3339 3250 3484 3322 bap-

1911 3344 2153 3400 tismum.
2201 3342 2322 3400 Non
2368 3340 2515 3396 enim
2562 3339 2674 3396 illis
2729 3339 3000 3411 praeterita
3049 3340 3189 3394 mala
3216 3339 3486 3411 imputata

1909 3439 2057 3500 sunt,
2103 3431 2196 3488 sed
2216 3447 2312 3502 per
2342 3445 2488 3486 mare
2509 3437 2561 3484 et
2585 3445 2680 3500 per
2707 3428 2905 3483 nubem
2938 3427 3233 3499 puriﬁcati,
3269 3444 3484 3500 praepa-

1910 3522 2012 3578 rati
2059 3528 2187 3576 sunt
2233 3519 2300 3576 ad
2340 3517 2708 3591 accipiendam
2741 3518 2933 3590 legem,
2965 3523 3018 3573 et
3047 3516 3278 3574 formam
3307 3515 3482 3574 futuri

1906 3610 2225 3668 sacramenti
2264 3609 2456 3665 nostri.

1979 3701 2160 3772 (Vers.
2189 3699 2242 3766 3,
2271 3697 2352 3770 4.)
2398 3722 2418 3747 α
2444 3698 2515 3754 Εῐ
2543 3714 2731 3756 omnes
2758 3699 2999 3755 eamdem
3047 3714 3220 3755 escam
3252 3698 3482 3769 spirita-

1905 3789 2012 3846 lem
2055 3787 2306 3854 ederunt,
2351 3795 2406 3843 et
2461 3803 2648 3844 omnes
2677 3787 2927 3844 eumdem
2960 3795 3148 3856 potum
3178 3785 3482 3854 spiritalem

1905 3877 2195 3943 biberunt;
2245 3874 2508 3931 bibebant
2548 3875 2693 3929 enim
2743 3874 2809 3927 de
2839 3879 3096 3944 sequente
3125 3887 3217 3926 eos
3246 3868 3483 3941 spiritali

1905 3973 2089 4039 petra:
2137 3971 2288 4036 petra
2309 3969 2489 4018 autem
2518 3969 2633 4017 erat
2661 3960 2932 4018 Christus.
2966 3983 2984 4008 ι
3025 3960 3223 4015 Manna
3263 3957 3475 4030 (Exod.

1905 4070 2025 4121 xvr,
2055 4053 2202 4123 l5)et
2222 4066 2419 4123 aquam
2441 4065 2560 4122 quae
2576 4047 2742 4104 ﬂuxit
2760 4047 2826 4104 de
2849 4057 2998 4120 petra
3030 4047 3380 4119 (Exodxvu,
3398 4044 3481 4116 6),

1905 4142 2043 4199 dicit
2070 4138 2370 4212 spiritalia;
2406 4138 2535 4212 quia
2574 4154 2685 4194 non
2735 4137 2926 4194 mundi
2967 4138 3082 4210 lege
3114 4145 3300 4208 parata
3328 4142 3481 4202 sunt,

1907 4231 2001 4288 sed
2053 4230 2153 4287 Dei
2196 4229 2400 4286 virtute
2425 4229 2542 4285 sine
2571 4229 2963 4286 elementorum
2993 4227 3375 4284 commistione
3413 4223 3483 4280 ad

1905 4329 2120 4393 tempus
2164 4326 2362 4387 creata,
2411 4319 2667 4376 habentia
2714 4319 2771 4374 in
2800 4335 2856 4374 se
2885 4319 3113 4390 ﬁguram
3143 4314 3316 4372 futuri
3351 4329 3484 4385 my-

1905 4409 2080 4476 sterii,
2109 4408 2255 4481 quod
2286 4423 2433 4465 nunc
2463 4424 2563 4463 nos
2595 4409 2864 4464 sumimus
2909 4407 2966 4462 in
2997 4403 3486 4461 commemoratio-

1906 4515 2032 4555 nem
2081 4496 2285 4555 Christi
2339 4497 2582 4553 Domini.
2617 4496 2744 4551 Ideo
2773 4505 2828 4552 et
2857 4495 3012 4566 panis
3041 4493 3359 4562 angelorum
3388 4491 3484 4546 di-

1906 4595 2027 4644 ctus
2054 4595 2153 4655 est,
2187 4586 2316 4658 quia
2337 4587 2544 4643 virtute
2568 4601 2675 4656 qua
2701 4583 2878 4653 angeli
2906 4581 3233 4646 subsistunt,
3274 4586 3485 4634 creatus

1907 4682 1988 4730 est
2020 4691 2030 4727 :
2064 4673 2169 4730 hoc
2196 4673 2531 4744 signiﬁcans,
2563 4670 2693 4740 quia
2728 4670 2794 4723 de
2849 4669 3001 4723 oculis
3045 4671 3308 4720 venturus
3346 4669 3482 4732 erat,

1908 4763 2004 4834 qui
2057 4759 2376 4830 spiritaliter
2419 4763 2680 4827 pasceret.
2737 4754 2885 4810 Unde
2929 4761 2982 4806 et
3013 4764 3208 4803 manna
3245 4750 3484 4819 primum

1908 4847 2197 4905 Dominico
2224 4845 2313 4900 die
2342 4844 2493 4900 venit
2537 4843 2604 4897 de
2627 4842 2764 4897 coelo
2792 4840 2859 4895 ad
2906 4835 3242 4893 saturitatem
3273 4838 3482 4908 populi;

1909 4951 2138 5008 sequens
2196 4942 2377 4989 tamen
2442 4936 2590 5002 petra
2647 4927 2795 4984 dicta
2845 4932 2945 4993 est,
2989 4939 3108 4996 quae
3155 4925 3485 4999 intelligitur

1911 5025 2179 5083 Christus.
2205 5021 2307 5078 Ubi
2337 5021 2482 5076 enim
2522 5017 2806 5074 deﬁciebat
2834 5017 3135 5072 humanum
3174 5017 3252 5073 eis
3279 5016 3485 5074 suifra-

1912 5117 2083 5186 gium,
2141 5113 2325 5170 aderat
2371 5109 2654 5178 Christus;
2710 5108 2833 5166 ideo
2893 5105 3235 5182 sequebatur,
3280 5116 3343 5165 ut
3388 5109 3486 5170 ubi

1988 5367 2102 5436 (74)
2131 5366 2254 5420 Vet.
2287 5363 2418 5436 edit.
2451 5376 2513 5414 ac
2535 5358 2718 5436 plures
2748 5358 3132 5436 mss.,jejuniis
3160 5355 3295 5412 illud
3313 5373 3488 5428 agere;

1917 5427 2111 5493 melius
2152 5443 2328 5489 tamen
2384 5427 2813 5502 llom.edit.cum_
2851 5429 2978 5502 aliis
3020 5445 3245 5485 mss.....
3276 5427 3496 5502 angere,

1989 5507 2106 5580 (75)
2139 5506 2238 5563 Ms.
2271 5502 2461 5564 Corb.,
2488 5514 2619 5553 cura
2646 5499 2815 5554 nostri
2837 5498 2981 5572 facta
3003 5505 3142 5558 sunt.
