3952 6202
493 359 598 420 147

1479 352 1573 406 AD
1609 349 1843 407 OPEBA
1882 349 1934 405 S.
1980 344 2310 406 AMBROSII
2348 342 2725 402 APPENDIX.

3673 346 3775 407 2&8

492 488 801 554 defecisset,
843 484 938 541 ille
983 481 1320 542 subveniret.
1362 479 1477 539 Nec
1519 478 1669 537 enim
1699 485 1851 552 petra
1878 492 2071 550 aquam
2101 477 2153 543 Α
2188 481 2247 537 in
2296 482 2471 534 ticum
2521 474 2672 531 .ludue
2719 480 3122 541 concesserunt,
3161 473 3532 546 anticipantes
3571 474 3769 545 illum;

490 578 663 646 dedit,
695 574 789 633 sed
828 571 1099 632 Christus.

567 666 748 739 (Vers.
808 660 892 733 ὅ.)
961 686 981 711 ι
1031 659 1136 719 Sed
1180 677 1291 719 non
1335 660 1393 720 in
1426 658 1677 733 pluribus
1722 673 1910 715 eorum
1942 657 2080 717 bene

497 756 669 815 sensit
712 754 876 810 Deus.
907 775 927 799 ι
963 749 1088 806 Ideo
1108 749 1213 806 hoc
1251 750 1415 817 dixit,
1451 749 1580 821 quia
1609 755 1889 820 acceptum
1918 749 2077 806 bene-

497 844 685 906 ﬁcium
715 858 826 901 non
853 838 1267 897 intellexerunt.
1320 863 1338 889 ι
1367 838 1633 897 Prostrati
1677 838 1822 897 enim
1865 846 1994 895 sunt
2021 838 2079 893 in

498 932 717 993 deserto
749 930 931 1001 (Num.
964 943 1124 996 xxvr,
1154 927 1269 997 65).
1299 951 1318 976 ι
1360 927 1598 997 Dignum
1626 933 1733 997 est,
1758 934 1822 983 ut
1847 927 1941 998 qui
1971 942 2080 987 ma-

498 1037 605 1095 gna
648 1026 990 1085 consecutus,
1024 1016 1083 1073 in
1114 1014 1299 1088 parvis
1334 1014 1590 1073 difﬁdens
1621 1024 1723 1085 est,
1753 1032 1865 1073 non
1889 1016 2079 1085 solum

502 1109 624 1170 haec
671 1124 783 1166 non
835 1104 1190 1177 adipiscatur,
1217 1118 1409 1163 verum
1439 1104 1603 1161 etiam
1635 1103 1852 1161 amittat
1882 1114 1935 1161 et
1963 1105 2077 1162 illa.

499 1200 771 1270 Quoniam
802 1214 928 1269 ergo
965 1195 1216 1267 superius
1258 1194 1511 1253 hortatus
1539 1202 1620 1251 est
1647 1194 1715 1251 ad
1747 1195 1993 1264 meliora,
2024 1211 2081 1253 se

499 1289 664 1348 etiam
683 1287 819 1345 dicit
842 1285 898 1342 id
928 1284 1224 1351 elaborare,
1262 1289 1325 1338 ut
1344 1282 1410 1339 ad
1440 1283 1855 1354 promissionem
1885 1282 2083 1355 dignus

502 1386 791 1445 occurrat;
823 1391 975 1433 nunc
1001 1382 1065 1431 ut
1092 1371 1239 1429 istud
1271 1373 1508 1444 exempli
1554 1381 1762 1431 terrore
1802 1374 2084 1432 constrin-

503 1486 595 1550 gat
647 1491 710 1532 ac
752 1472 995 1538 suadeat,
1035 1469 1250 1527 Iudaeos
1277 1479 1413 1527 tunc
1439 1470 1607 1527 simili
1638 1470 1802 1527 modo
1830 1470 1966 1529 dicit
1989 1470 2083 1528 ἀοι

504 1580 637 1622 num
671 1563 770 1620 Dei
813 1569 867 1617 et
908 1560 1137 1633 gratiam
1168 1558 1410 1625 sortitos,
1442 1559 1586 1614 sicut
1611 1567 1665 1615 et
1694 1575 1832 1615 nos:
1876 1568 1930 1615 et
1957 1560 2087 1632 quia

507 1660 655 1716 144
684 1651 1035 1721 indiligentes
1063 1657 1117 1706 et
1143 1647 1459 1705 dubitantes
1485 1646 1553 1703 de
1599 1649 1697 1705 Dei
1722 1649 2085 1720 promissione

502 1751 729 1808 fuerunt
783 1748 924 1818 (77),
976 1753 1279 1817 prostratos
1323 1760 1438 1801 esse
1478 1745 1537 1801 in
1590 1744 1830 1813 deserto;
1862 1755 1926 1804 ut
1962 1746 2085 1807 ideo

2189 568 2320 643 quia
2348 566 2566 623 tradens
2597 562 3302 629 Christum,exterminatus
3328 569 3412 617 est
3439 561 3511 619 de
3548 579 3775 623 numero

2189 658 2561 731 apostolorum
2591 671 2623 713 a
2643 653 2831 725 judice
2849 654 2987 711 Deo.
3027 653 3129 710 Per
3152 652 3270 710 haec
3295 653 3557 725 exempla
3574 653 3644 709 ad
3661 669 3778 712 cor-

2192 747 2478 805 rectiorem
2507 760 2612 801 nos
2638 742 2806 799 vitam
2834 748 3132 814 provocat;
3167 749 3231 798 ut
3269 741 3500 798 monitis
3539 745 3661 814 ejus
3686 753 3782 802 aut

2194 835 2503 908 praemium,
2519 833 2565 891 si
2593 832 2908 890 obedientes
2930 830 3216 898 fuerimus,
3245 837 3343 887 aut
3367 832 3781 903 propensiorem

2191 940 2409 1000 poenam
2439 938 2744 980 mereamur
2772 920 3171 976 inobedientes.
3210 919 3331 975 Non
3364 927 3448 975 est
3474 922 3625 979 enim
3653 938 3784 980 amv-

2191 1015 2418 1088 biguum
2449 1014 2575 1071 illos
2598 1018 2882 1084 peccantes
2910 1012 3037 1082 plus
3069 1009 3445 1082 subjiciendos
3462 1013 3780 1083 tormentis,

2194 1106 2394 1180 quibus
2441 1103 2783 1177 peccantium
2829 1116 3002 1175 pinnae
3047 1099 3119 1159 ad
3158 1098 3271 1158 hoc
3316 1099 3504 1158 relatae
3531 1108 3688 1171 sunt,
3714 1117 3781 1160 ne

2192 1201 2495 1269 peccarent.

2269 1285 2450 1356 (Vers.
2475 1282 2590 1355 11.)
2636 1305 2655 1330 ι
2681 1280 2811 1339 Haec
2837 1287 3016 1338 autem
3050 1277 3320 1336 omniain
3351 1277 3529 1351 ﬁgura
3553 1279 3782 1339 contin—

2194 1374 2390 1449 gebant
2417 1373 2567 1440 illis;
2599 1371 2800 1443 scripta
2828 1379 2957 1428 sunt
2983 1384 3116 1426 vero
3144 1368 3212 1426 ad
3248 1368 3655 1441 correptionem
3692 1387 3780 1428 no-

2194 1471 2383 1531 stram,
2414 1462 2473 1520 in
2500 1475 2638 1534 quos
2666 1458 2804 1515 ﬁnes
2823 1459 3149 1516 saeculorum
3173 1457 3535 1514 devenerunt.
3560 1481 3580 1505 ι
3621 1458 3782 1515 Fines

2193 1552 2520 1613 seculorum
2579 1565 2680 1607 nos
2724 1564 2946 1613 sumus;
3000 1546 3131 1619 quia
3174 1555 3308 1605 tunc
3337 1547 3458 1604 haec
3487 1545 3616 1604 ideo
3643 1547 3780 1605 facta

2194 1647 2497 1703 noscuntur
2551 1639 2699 1696 circa
2738 1635 3165 1694 retributionem
3218 1635 3468 1705 illorum,
3512 1643 3579 1694 ut
3624 1636 3778 1694 nobis

2193 1738 2375 1791 essent
2401 1728 2679 1800 exemplo,
2712 1726 2808 1798 qui
2838 1732 3115 1797 postremo
3135 1725 3336 1783 saeculo
3361 1724 3539 1783 futuri
3568 1740 3778 1783 eramus

504 1812 856 1911 semetipsum
882 1812 1149 1907 'aﬂligere
1191 1849 1247 1891 se
1296 1834 1620 1903 ostenderet,
1675 1851 1745 1892 ne
1770 1837 1828 1894 in
1856 1836 2080 1895 illorum
2114 1830 2160 1896 Β
2188 1822 2250 1883 in
2276 1820 2382 1878 ﬁde
2410 1815 2635 1911 εῗπίεῖξ·
2666 1815 2707 1873 Ρ
2710 1829 2771 1872 το
2800 1812 3213 1911 ιξῖίίὲδξθξῐιίω
3240 1821 3427 1870 τιθείη
3456 1821 3609 1911 gesta
3631 1821 3772 1911 εαξη,

506 1942 740 1986 numero
783 1926 1161 1983 inveniretur:
1205 1923 1435 1997 proinde
1470 1923 1860 1983 elaborandum
1907 1933 1970 1983 ut
1994 1927 2081 1984 sui

505 2018 810 2076 imitatores
831 2016 1173 2073 exsisterent.

582 2106 761 2179 (Vers.
794 2106 848 2175 6,
875 2106 966 2177 7.)
1024 2130 1043 2153 ε
1068 2104 1193 2162 Haec
1230 2112 1411 2163 autem
1453 2105 1511 2160 in
1539 2104 1711 2176 ﬁgura
1739 2106 1911 2161 nostri
1938 2106 2082 2163 facta

500 2204 654 2264 sunt,
701 2204 763 2251 ut
808 2210 918 2251 non
956 2194 1131 2250 simus
1156 2192 1525 2250 desiderantes
1558 2194 1721 2259 mala,
1744 2194 1890 2250 sicut
1916 2201 1970 2250 et
1998 2194 2082 2250 illi

500 2284 993 2342 desideraverunt»
1039 2284 1090 2339 Is
1118 2298 1307 2338 sensus
1340 2289 1394 2338 et
1422 2283 1563 2339 ratio
1589 2292 1691 2351 est,
1729 2297 1889 2355 quam
1919 2298 2083 2356 supra

500 2373 827 2429 memoravi.
872 2395 891 2419 -
919 2371 1104 2441 Neque
1129 2369 1440 2426 simulacris
1468 2370 1784 2440 servientes,
1801 2373 1945 2431 sicut
1964 2371 2082 2445 qui-

501 2458 631 2517 dam
670 2459 912 2515 illorum.
943 2479 964 2506 ι
1008 2457 1165 2513 Nunc
1210 2455 1311 2512 hos
1338 2458 1529 2528 tangit,
1561 2460 1654 2530 qui
1698 2460 1756 2517 in
1804 2460 1975 2517 idolio
2002 2476 2081 2517 re-

499 2546 823 2607 cumbentes
878 2543 1144 2617 putabant
1206 2559 1317 2600 non
1375 2558 1488 2601 esse
1552 2558 1851 2619 peccatum.
1931 2549 2083 2606 Sicut

500 2636 768 2708 scriptum
821 2643 903 2691 est
964 2632 1164 2702 (Exod.
1218 2647 1401 2700 χχχιι,
1451 2633 1552 2705 6):
1625 2659 1645 2683 ι
1673 2637 1824 2693 Sedit
1851 2639 2082 2709 populus

500 2724 831 2781 manducare
859 2733 912 2780 et
939 2722 1149 2790 bibere,
1179 2731 1235 2778 et
1266 2734 1622 2781 surrexerunt
1649 2726 1873 2793 ludere;
1896 2748 1915 2775 ι
1956 2733 2082 2782 ante

504 2815 718 2871 idolum
762 2813 987 2885 utique;
1044 2819 1108 2867 ut
1155 2827 1267 2867 non
1313 2828 1370 2867 se
1419 2813 1702 2869 crederent
1750 2814 2083 2871 immunesa

503 2903 761 2969 crimine,
793 2901 887 2973 qui
926 2902 984 2956 in
1014 2899 1187 2957 idolio
1216 2898 1598 2971 epulabantur.
1628 2900 1765 2957 Nam
1808 2904 1993 2976 Moyse
2022 2905 2081 2960 in

503 2998 693 3048 monte
744 2990 920 3061 posito
948 2988 1092 3061 apud
1137 2989 1333 3056 Deum,
1380 2989 1673 3046 simulacro
1711 2991 1875 3047 vituli
1916 2992 2079 3060 facto,

511 3090 637 3155 post
665 3080 999 3137 oblationem
1028 3078 1390 3136 dedicationis
1409 3094 1588 3136 causa:
1633 3105 1651 3130 ι
1679 3080 1829 3140 Sedit
1852 3085 2084 3156 populus

2192 1919 2257 1971 ut
2282 1911 2329 1969 si
2359 1918 2567 1966 terrore
2595 1904 2794 1963 horum
2826 1904 2884 1959 in
2913 1903 3011 1961 Dei
3038 1902 3238 1960 timore
3258 1903 3647 1972 manserimus,
3670 1905 3775 1976 glo-

2190 1999 2333 2059 riam
2364 1996 2478 2053 illis
2508 1993 2829 2067 promissam
2859 1990 3229 2063 accipiamus:
3258 1991 3308 2049 si
3336 1992 3656 2064 quominus,
3684 2009 3777 2064 ge-

2194 2084 2496 2147 minabitur
2522 2082 2681 2139 nobis
2711 2098 2871 2157 paena
2899 2081 3123 2139 illorum
3155 2098 3171 2150 ;
3206 2081 3338 2155 quia
3378 2079 3555 2153 major
3583 2081 3777 2140 notitia

2192 2176 2328 2247 legis
2356 2175 2481 2247 plus
2506 2171 2641 2231 facit
2668 2187 2844 2229 reum.

2265 2264 2450 2337 (Vere.
2492 2262 2606 2334 12.)
2644 2285 2664 2309 ι
2692 2261 2987 2333 Pr0pterea
3017 2267 3074 2320 et
3100 2261 3279 2335 quise
3306 2267 3465 2334 putat
3491 2269 3657 2331 stare,
3684 2261 3777 2321 Vi—

2192 2354 2317 2411 deat
2362 2370 2431 2409 ne
2477 2350 2651 2409 cadat.
2683 2374 2703 2398 ι
2766 2350 2881 2405 Hoc
2910 2349 2979 2405 ad
3017 2366 3111 2408 eos
3143 2350 3411 2424 loquitur,
3452 2352 3548 2423 qui
3581 2368 3775 2423 pressu

2192 2453 2403 2504 mentes
2418 2442 2487 2500 de
2517 2440 2772 2509 scientia,
2800 2455 2909 2512 qua
2937 2440 3151 2496 licitum
3182 2448 3264 2498 est
3283 2440 3470 2496 omnia
3497 2440 3681 2509 edere,
3701 2441 3773 2496 in-

2191 2533 2370 2594 ﬁrmis
2406 2531 2669 2589 fratribus
2700 2528 2956 2586 scandalo
2986 2536 3178 2585 erant:
3211 2536 3267 2585 et
3299 2535 3552 2601 putantes
3571 2528 3773 2601 aliquid

2192 2636 2250 2681 se
2288 2622 2550 2694 prolicere
2582 2618 2833 2677 doctrina
2847 2616 3452 2689 pseudoapostolorum,
3485 2616 3773 2675 deteriora-

2193 2717 2414 2775 verant;
2472 2714 2529 2765 et
2567 2706 2892 2779 judicabant
2939 2707 3287 2778 Apostolum,
3314 2722 3441 2764 cum
3465 2705 3573 2778 ipsi
3601 2714 3773 2764 essent

2192 2800 2291 2858 rei.
2347 2798 2667 2872 Superbiam
2712 2812 2839 2869 ergo
2868 2803 3134 2867 amputat,
3164 2810 3235 2852 ne
3262 2811 3360 2867 per
3392 2795 3539 2854 hanc
3563 2803 3772 2855 tenten-

2190 2898 2303 2960 tnr,
2329 2890 2474 2947 sicut
2501 2889 2677 2947 Judaei
2707 2887 2903 2947 tentati
2932 2896 3081 2956 sunt,
3123 2896 3179 2945 et
3208 2887 3511 2960 perierunt.

2272 2981 2455 3053 (Vers.
2490 2979 2605 3052 13.)
2648 3002 2669 3028 ι
2696 2977 2947 3037 Tentatio
2971 2994 3070 3033 vos
3100 2993 3212 3035 non
3246 2976 3645 3050 apprehendat,
3673 2977 3773 3037 nisi

2192 3071 2455 3129 humana.
2486 3095 2505 3121 ι
2539 3071 2621 3127 Ac
2649 3086 2743 3142 per
2770 3069 2877 3128 hoc
2905 3068 3253 3127 detrahentes
3280 3056 3572 3142 Apostolo,
3594 3070 3772 3128 Domi-

500 3172 831 3229 manducare
858 3178 913 3227 et
942 3170 1147 3238 bibere,
1178 3178 1233 3227 et
1260 3179 1623 3227 surrexerunt
1661 3171 1867 3229 ludere.
1897 3198 1914 3220 ι
1959 3174 2085 3229 Haec
2113 3189 2157 3251 ο
2193 3176 2321 3251 "ut"
2355 3168 2564 3216 tentare
2588 3158 2878 3251 videntur;
2922 3157 3050 3251 quia
3077 3166 3133 3213 θῖ
3160 3166 3292 3251 ῑωξσ
3324 3173 3449 3215 cum
3478 3158 3662 3231 MOYSi
3689 3158 3772 3251 (ξεῖ-

499 3262 726 3320 luxuria
753 3269 855 3331 est,
885 3262 1015 3336 quia
1041 3276 1256 3333 semper
1283 3259 1625 3329 oblectati,in
1662 3262 1763 3318 Dei
1796 3260 1959 3318 rebus
1988 3262 2083 3317 in-

501 3351 690 3410 ﬁdeles
727 3350 939 3406 inventi
994 3357 1143 3406 sunt.
1195 3349 1431 3423 Ideoque
1478 3350 1703 3406 instruit
1753 3349 1894 3420 (78),
1923 3366 1991 3405 ne
2024 3350 2081 3405 in

493 3440 636 3498 hanc
682 3438 1047 3496 difﬁdentiam
1084 3454 1182 3509 per
1216 3454 1502 3495 assensum
1551 3438 1786 3495 luxuries
1824 3439 1883 3495 in
1912 3438 2082 3494 idolio

493 3530 823 3589 incidamus.

566 3619 749 3691 (Vers.
774 3616 869 3685 8.)
916 3638 933 3662 ι
960 3614 1146 3683 Neque
1176 3611 1536 3678 fornicamur,
1570 3616 1714 3673 sicut
1742 3616 1965 3687 quidam
2003 3616 2083 3672 il-

493 3705 677 3762 lorum
723 3700 981 3759 fornicati
1027 3704 1175 3763 sunt,
1210 3706 1263 3751 et
1291 3698 1608 3754 ceciderunt
1633 3717 1742 3755 una
1771 3703 1860 3756 die
1886 3702 2081 3774 viginti

494 3795 605 3850 tria
631 3791 807 3849 millia
827 3788 1114 3845 hominum
1150 3784 1335 3851 (Num.
1370 3801 1506 3853 xxv,
1535 3787 1615 3856 9).
1638 3811 1657 3835 ι
1702 3788 1816 3845 Hoc
1848 3790 1959 3846 illis
1986 3808 2082 3847 re-

490 3883 767 3938 tributum
804 3884 905 3941 est,
940 3870 1160 3945 quando
1183 3886 1307 3927 cum
1328 3872 1638 3930 Madianitis
1675 3877 1997 3937 mulieribus
2022 3896 2078 3937 se

491 3965 1003 4027 commacularunt;
1038 3961 1121 4017 ira
1171 3962 1315 4018 enim
1348 3963 1444 4018 De‘i
1475 3965 1689 4022 exstitit
1725 3971 2076 4041 contraillos,

491 4073 617 4128 qua:
638 4048 989 4107 mmulatione
1018 4048 1253 4107 Phinees
1295 4052 1593 4111 sacerdotis
1620 4054 1870 4113 habentis
1900 4059 2075 4116 selum

490 4142 613 4204 Dei,
651 4136 829 4206 sopita
850 4145 949 4205 est,
981 4154 1049 4195 ne
1069 4140 1252 4209 plures
1282 4152 1643 4201 morerentur.

571 4225 754 4296 (Vers.
777 4225 859 4294 9.)
905 4250 922 4272 -
949 4228 1132 4297 Neque
1160 4235 1433 4286 tentemus
1464 4231 1764 4302 Christum,
1792 4235 1936 4293 sicut
1960 4237 2077 4309 qui-

491 4314 621 4370 dam
654 4329 839 4369 eorum
861 4323 1291 4381 tentaverunt,et
1320 4322 1713 4390 aserpentibus
1742 4327 2062 4395 perierunt»

494 4402 853 4459 Detrahentes
896 4403 963 4460 de
1010 4405 1124 4460 Deo
1182 4404 1458 4463 Christum
1508 4416 1743 4467 tentasse
1780 4413 2073 4485 dicuntur;

489 4493 623 4565 quia
650 4490 904 4549 Christus
933 4500 1069 4559 erat,
1100 4493 1195 4563 qui
1229 4493 1295 4550 ad
1325 4495 1549 4567 Moysen
1592 4499 1933 4570 loquebatur.
1960 4506 2077 4562 De~

489 4582 658 4654 nique
711 4596 778 4637 ne
834 4597 935 4638 nos
980 4582 1040 4638 in
1083 4580 1267 4637 eadem
1313 4598 1474 4641 causa
1515 4587 1885 4661 inveniamur,
1918 4610 2078 4651 com-

485 4685 679 4735 monet
706 4693 775 4736 ne
801 4678 1021 4735 diabolo
1051 4678 1352 4749 tradamur,
1382 4680 1541 4753 cujus
1568 4694 1843 4757 serpentes
1867 4686 2069 4747 habent

484 4767 740 4841 ﬁguram.

555 4858 738 4930 (Vers.
792 4858 908 4930 10.)
972 4878 992 4906 ο
1017 4858 1205 4931 Neque
1234 4862 1730 4932 murmuraveritis,
1772 4864 1915 4923 sicut
1950 4868 2066 4940 qui-

492 4941 609 5007 Iam
638 4963 706 5002 ex
728 4949 860 5019 ipsis
887 4958 1370 5006 murmuravernnt
1406 4952 1591 5022 (Num.
1622 4968 1741 5022 xrv,
1771 4954 1908 5023 2;xr,
1931 4956 2007 5025 1).
2031 4977 2051 5003 ι

480 5036 823 5095 Murmurare
880 5048 961 5097 est
1003 5042 1138 5097 falso
1180 5042 1248 5097 ad
1298 5043 1535 5101 invicem
1584 5046 1651 5100 de
1681 5047 1985 5118 praepositis
2012 5055 2067 5103 et

481 5128 790 5185 rectoribus
818 5132 1261 5202 queri,quantum
1290 5133 1356 5189 ad
1379 5143 1614 5189 mentem
1656 5137 1761 5192 loci
1792 5138 2060 5207 pertinet;

478 5220 611 5291 quia
637 5221 773 5275 solet
807 5237 1054 5277 murmur
1076 5222 1191 5277 ﬁeri
1222 5232 1275 5278 et
1294 5224 1441 5295 justa
1470 5242 1539 5281 ex
1566 5243 1745 5284 causa.
1790 5252 1808 5273 ι
1837 5230 1907 5283 Et
1942 5242 2063 5298 per-

479 5308 664 5367 ierunt
710 5310 778 5365 ab
826 5311 1248 5367 exterminatore
1298 5313 1460 5381 (Ibid.
1514 5330 1592 5380 nr,
1642 5316 1721 5385 2).
1755 5341 1774 5363 ι
1818 5316 1933 5371 Hoc
1960 5322 2060 5383 est,

552 5470 667 5539 (76)
710 5470 856 5525 ldem
900 5472 1021 5526 cod.
1056 5472 1214 5537 Cob.,
1249 5486 1353 5523 non
1392 5472 1659 5540 despiciat,
1701 5492 1880 5531 verum
1907 5479 2062 5534 etiam

479 5540 687 5614 studeat
717 5542 1043 5607 laboraremt
1069 5545 1139 5596 ad
1160 5542 1560 5611 promissionem
1579 5545 1766 5614 dignus
1794 5557 2038 5605 occurrat

480 5591 914 5705 ηυίίίδηφξιέεέ.

555 5679 671 5735 (77)
700 5680 919 5735 1\onnul
948 5682 965 5735 i
995 5698 1147 5735 mss..
1173 5684 1235 5735 de
1262 5683 1360 5735 Dei
1374 5684 1671 5735 provisione
1701 5686 1932 5735 fuerunt-

555 5679 671 5751 (77)
700 5679 965 5736 Nonnulli
995 5698 1147 5748 mss.,
1173 5684 1235 5738 de
1262 5683 1360 5739 Dei
1369 5684 1671 5753 provisione
1698 5686 1932 5755 fuerunt.

2190 3247 2489 3316 traherent,
2529 3254 2585 3303 et
2631 3246 2949 3302 dubitarent
2987 3245 3055 3301 de
3098 3261 3184 3315 eo,
3232 3247 3407 3303 Deum
3432 3252 3674 3304 tentasse
3697 3245 3771 3302 di-

2191 3344 2411 3393 cuntur.
2450 3336 2625 3393 Omne
2665 3335 2813 3391 enim
2860 3334 3007 3409 quod
3028 3334 3337 3411 probatum
3379 3352 3492 3391 non
3522 3336 3770 3405 habetur,

2190 3433 2469 3492 tentatur;
2501 3423 2624 3481 ideo
2659 3431 2721 3480 ut
2745 3422 2864 3480 haec
2894 3423 3123 3479 tentatio
3150 3424 3771 3495 convellatur,admonet

2191 3531 2315 3570 cum
2343 3523 2567 3570 terrore.
2600 3512 2671 3569 Ut
2694 3519 2875 3569 autem
2908 3511 3148 3568 humana
3176 3513 3408 3568 tentatio
3434 3513 3563 3569 illos
3590 3528 3768 3587 appre-

2191 3606 2414 3674 hendat,
2465 3606 2718 3663 hortatur
2751 3623 2763 3662 :
2816 3604 3057 3662 humana
3100 3605 3247 3660 enim
3276 3603 3508 3661 tentatio
3547 3611 3632 3661 est
3655 3619 3768 3676 pro-

2190 3703 2308 3768 pter
2354 3712 2503 3768 spem
2534 3695 2634 3753 Dei
2679 3693 2926 3751 diﬂidere
2954 3692 3022 3751 de
3053 3694 3299 3764 homine,
3327 3693 3458 3766 quia
3484 3709 3632 3750 vana
3655 3709 3769 3767 spes

2189 3783 2248 3839 in
2279 3783 2504 3841 homine
2528 3803 2540 3845 :
2592 3791 2657 3840 ut
2700 3784 2755 3840 in
2796 3782 3117 3840 necessitate
3144 3790 3240 3839 aut
3266 3798 3519 3857 pressura
3545 3797 3657 3838 non
3683 3780 3766 3838 de-

2187 3881 2365 3943 speret
2388 3872 2458 3930 de
2485 3874 2619 3941 Deo,
2650 3872 2955 3929 humanum
2989 3871 3260 3929 auxilium
3301 3869 3658 3944 requirendo,
3695 3868 3767 3927 si-

2187 3969 2280 4019 cut
2318 3968 2372 4017 et
2417 3950 2591 4017 Judzei
2626 3961 2721 4034 qui
2773 3960 3090 4017 dubitantes
3114 3958 3183 4015 de
3209 3960 3343 4028 Deo,
3374 3955 3654 4015 idolorum
3681 3956 3766 4014 ad-

2188 4050 2454 4106 minicula
2499 4050 2819 4107 exorabant.
2865 4049 2979 4106 Hoc
3021 4056 3103 4104 est
3131 4048 3432 4105 humanum
3458 4048 3762 4114 auxilium;

2188 4138 2316 4211 quia
2349 4136 2425 4191 dii
2449 4153 2782 4208 paganorum
2809 4146 2957 4195 terra
2984 4146 3131 4208 sunt,
3159 4146 3214 4195 et
3241 4138 3515 4195 culturam
3545 4136 3766 4193 illorum

2187 4225 2465 4285 humanus
2489 4242 2641 4283 error
2669 4228 2901 4285 invenit.
2932 4229 3160 4301 Propter
3176 4227 3456 4287 Christum
3486 4244 3615 4300 ergo
3636 4227 3765 4300 pati,

2186 4317 2427 4375 humana
2484 4317 2715 4376 tentatio
2765 4326 2868 4388 est,
2924 4334 3022 4392 per
3070 4333 3235 4392 quam
3288 4316 3580 4391 proﬁcitur
3625 4316 3767 4392 apud

2183 4405 2379 4465 Deum.

2270 4521 2289 4545 ι
2316 4498 2523 4557 Fidelis
2549 4507 2731 4557 autem
2766 4501 2935 4569 Deus,
2974 4500 3070 4573 qui
3098 4515 3210 4559 non
3237 4500 3481 4572 patietur
3505 4514 3610 4555 vos
3653 4492 3766 4557 ten-

2183 4591 2289 4645 tari
2319 4607 2484 4665 supra
2512 4608 2675 4666 quam
2702 4594 2967 4666 potestis;
2997 4592 3093 4649 sed
3118 4592 3283 4649 faciet
3310 4607 3435 4649 cum
3466 4592 3765 4650 tentatione

2183 4682 2347 4738 etiam
2381 4694 2748 4756 proventum;
2798 4694 2860 4741 ut
2886 4684 3110 4756 possitis
3136 4684 3393 4742 tolerare.
3420 4706 3440 4732 ι
3479 4683 3610 4741 Ideo
3638 4683 3766 4741 ﬁde-

2183 4767 2290 4825 lem
2347 4772 2484 4829 dicit
2530 4776 2727 4840 Deum,
2793 4796 2815 4823 ι
2855 4774 2951 4846 qui
3001 4790 3112 4830 non
3160 4774 3398 4846 patietur
3439 4789 3539 4831 vos
3564 4772 3764 4831 tentari

2182 4871 2346 4929 supra
2393 4876 2556 4933 quam
2596 4863 2862 4935 potestis:
2904 4883 2924 4911 ι
2966 4861 3097 4934 quia
3136 4860 3397 4918 daturum
3426 4877 3482 4919 se
3510 4859 3765 4932 promisit

2187 4952 2326 5010 145
2367 4950 2514 5005 Deus
2566 4950 2923 5023 diligentibus
2957 4966 3015 5008 se
3062 4965 3227 5022 regna
3282 4948 3555 5009 caelestia:
3607 4956 3665 5007 et
3705 4955 3766 5005 ut

2181 5041 2275 5099 det
2316 5058 2532 5100 necesse
2583 5053 2701 5113 est;
2762 5047 2891 5119 quis
2937 5045 3118 5102 ﬁdelis
3170 5054 3269 5103 est.
3321 5045 3614 5116 Propterea
3636 5058 3764 5115 ergo

2180 5131 2456 5187 tribulatis
2499 5149 2595 5204 pro
2648 5150 2704 5189 se
2751 5134 2944 5201 aderit,
2994 5151 3093 5189 nec
3120 5134 3360 5205 patietur
3388 5140 3602 5190 tantum
3630 5133 3764 5192 irro-

2182 5221 2317 5290 gari,
2364 5221 2511 5292 quod
2540 5222 2762 5279 tolerari
2794 5238 2904 5280 non
2934 5223 3145 5294 possint
3173 5240 3186 5279 :
3228 5220 3321 5281 sed
3362 5222 3548 5290 faciet,
3579 5230 3642 5279 ut
3670 5229 3765 5276 aut

2181 5308 2289 5365 cito
2337 5320 2506 5366 cesset
2546 5313 2798 5376 tentatio,
2848 5318 2942 5365 aut
2969 5310 3014 5365 si
3045 5311 3263 5383 prolixa
3288 5310 3476 5379 fuerit,
3505 5309 3599 5366 det
3632 5311 3762 5367 tole-

2244 5472 2368 5596 ίς78)
2413 5471 2547 5528 Cod.
2576 5473 2766 5557 "Corb.
2792 5474 2963 5544 solus,
2994 5475 3210 5545 ideoque
3237 5473 3497 5557 destruit;
3532 5480 3590 5559 at
3616 5472 3762 5558 idem

2288 5585 2298 5596 .
2352 5558 2478 5596 cum
2517 5545 2642 5596 aliis
2675 5546 3028 5596 quihusdam-
3084 5547 3316 5596 imm
3362 5544 3501 5596 idoli
3536 5544 3762 5596 meade-

2352 5558 2478 5598 cum
2517 5545 2642 5600 aliis
2675 5545 3028 5618 quihusdam,
3084 5544 3316 5605 imm
3362 5544 3501 5602 idoli
3536 5544 3766 5602 incida-
