3952 6202
229 330 335 393 ἢδο

1320 338 1676 405 COMMENT.
1718 348 1790 406 IN
1826 347 2039 406 EPIST.
2082 351 2106 405 Ι
2145 350 2238 406 ΑΙ)
2277 350 2429 409 COR.

229 460 387 555 randi
423 461 679 523 virtutem
714 469 995 542 :alioquin
1016 486 1125 527 non
1155 471 1329 540 dabit,
1351 473 1495 544 quod
1521 476 1803 546 promisit;
1835 479 1884 539 Α
1920 478 2083 532 unius
2125 478 2224 533 Dei
2270 478 2430 535 [idem
2475 492 2866 555 corrumperet,
2917 483 3142 540 Satanas
3182 482 3490 540 sdinvenit.

229 553 359 629 quia
380 555 652 625 vincetur,
676 558 767 629 qui
789 560 1194 630 patitur.Homo
1213 569 1296 618 est
1323 561 1471 619 enim
1501 563 1807 621 infirmitati

229 642 527 715 subjectus,
566 653 756 701 etnon
786 645 891 701 erit
920 647 1013 719 qui
1061 650 1294 720 accipiat
1343 650 1459 722 (79)
1496 669 1508 707 :
1541 652 1633 707 sed
1684 653 1810 724 quia

227 730 413 793 ﬁdelis
438 741 522 791 est
549 735 715 803 Deus,
748 735 842 806 qui
874 736 1150 807 promisit,
1182 738 1447 797 subvenit
1484 749 1544 798 ut
1589 741 1811 813 impleat

229 818 379 896 quod
423 822 695 894 promisit.
749 823 996 895 Denique
1048 825 1321 884 breviatos
1361 828 1481 884 vult
1524 845 1639 886 esse
1696 830 1811 886 dies

228 909 524 971 Dominus.
554 919 616 968 ut
644 910 924 969 salvantur
969 912 1149 981 electi,
1190 922 1245 970 et
1298 917 1508 986 possint
1553 917 1810 990 consequi

230 1013 464 1070 regnum
493 998 592 1055 Dei
626 998 646 1070 (
673 1000 861 1056 Matth.
896 1015 1052 1067 xxxv,
1088 1000 1201 1072 22).
1236 1002 1523 1069 Quomodo
1568 1012 1750 1061 tamen
1779 1019 1810 1061 a

228 1083 349 1142 Deo
374 1084 684 1158 adjuvatur,
718 1086 762 1142 si
788 1092 997 1142 tantum
1021 1089 1373 1158 permittatur
1400 1093 1621 1161 tentari,
1646 1108 1812 1166 quan-

229 1180 353 1231 tum
386 1180 562 1245 potest
589 1172 749 1245 (80)?
776 1173 1087 1244 Adjuvatur
1135 1177 1317 1247 plane,
1356 1179 1488 1237 dum
1533 1196 1643 1235 non
1689 1181 1813 1251 plus

228 1260 570 1334 permittitur
595 1262 644 1317 ei
682 1261 911 1334 imponi,
934 1279 1095 1335 quam
1125 1265 1299 1322 scitur
1326 1267 1467 1324 ferre
1523 1283 1714 1340 posse;
1750 1275 1813 1325 ut

228 1358 426 1422 quarto
458 1348 545 1405 die
591 1350 704 1422 pati
749 1367 859 1407 non
904 1353 1271 1425 permittatur,
1323 1356 1416 1430 qui
1459 1357 1633 1415 scitur
1668 1358 1809 1414 ultra

225 1455 343 1497 non
370 1456 687 1513 possequam
719 1439 905 1497 triduo
933 1442 1183 1500 tolerare.
1368 1487 1381 1497 κ

306 1528 484 1600 (Vera.
522 1527 635 1600 14.)
681 1552 700 1576 ι
747 1527 1108 1601 Quapropter,
1158 1530 1486 1603 cbarissimi,
1530 1533 1703 1607 fugite
1745 1535 1812 1595 ab

228 1614 506 1674 idolorum
536 1616 772 1674 cultura.
800 1639 824 1667 ι
868 1619 1128 1676 Hortatur
1154 1621 1318 1677 etiam
1348 1639 1512 1692 nunc,
1552 1632 1613 1680 ut
1638 1624 1814 1680 absti-

228 1713 399 1761 neant
428 1722 484 1762 se
512 1705 581 1761 ab
610 1705 761 1761 omni
789 1707 1044 1765 societate
1093 1708 1438 1777 idololatrias,
1470 1719 1531 1768 ut
1576 1728 1686 1769 non
1732 1729 1814 1770 so-

228 1793 353 1853 lum
381 1811 524 1869 spes,
551 1794 644 1852 sed
673 1802 728 1851 et
754 1796 971 1854 animus
1001 1796 1127 1855 inde
1157 1799 1403 1867 tollatur,
1453 1816 1523 1857 ne
1570 1818 1665 1873 per
1710 1800 1816 1858 hoc

229 1890 491 1938 nascatur
524 1882 582 1938 in
611 1885 783 1939 Deum
815 1885 1065 1941 tentatio.
1098 1886 1272 1943 Nemo
1304 1888 1451 1944 enim
1478 1889 1730 1946 assiduus
1757 1887 1816 1945 in

228 1969 404 2029 idolio
435 1970 576 2026 nihil
600 1979 778 2043 sperat
815 1971 883 2028 de
911 1988 974 2028 eo
1021 1973 1177 2044 (8i);
1228 1974 1358 2031 hinc
1403 1976 1549 2033 enim
1601 1991 1816 2049 sperare

230 2061 486 2118 dubitare
516 2061 582 2118 de
611 2063 722 2119 Deo
743 2069 848 2126 est,
877 2062 1019 2123 sicut
1059 2071 1113 2119 et
1157 2064 1283 2120 Saul
1336 2065 1530 2122 relicto
1556 2068 1689 2134 Deo,
1719 2067 1816 2140 qui

231 2150 284 2205 ei
336 2149 514 2204 fuerat
558 2147 746 2204 delicti
790 2165 949 2205 causa
1000 2152 1189 2218 iratus,
1233 2152 1300 2208 ad
1344 2153 1708 2210 idololatriam
1760 2170 1817 2211 se

234 2236 499 2304 contulit,
529 2234 738 2307 aliquid
768 2252 988 2306 sperans
1008 2236 1071 2291 de
1090 2254 1150 2291 ea
1173 2240 1227 2307 (Ι
1253 2241 1374 2309 Reg.
1406 2257 1609 2310 xxviii,
1642 2242 1813 2313 7-20).

236 2325 341 2383 Cui
390 2323 606 2396 quidem
662 2324 711 2379 ei
741 2323 797 2378 in
830 2325 1083 2395 praesenti
1115 2326 1314 2394 obfuit,
1360 2335 1413 2381 et
1464 2328 1524 2382 in
1570 2330 1817 2385 futurum

232 2412 537 2487 gehennam
562 2411 812 2468 ultricem
852 2410 1118 2483 providit.

311 2500 492 2573 (Vera.
527 2499 640 2569 l5.)
686 2522 705 2545 ε
734 2498 899 2567 Quasi
931 2498 1249 2570 prudentes,
1273 2514 1393 2566 vos,
1410 2496 1655 2571 judicate
1677 2502 1820 2573 quod

233 2588 380 2646 dico.
410 2612 428 2636 ι
474 2587 743 2658 Exempla
770 2585 1022 2659 subjicit,
1054 2594 1115 2643 ut
1146 2586 1364 2646 facilius
1406 2589 1661 2653 suadeat;
1695 2592 1822 2663 quia

235 2679 327 2738 cui
355 2676 521 2734 verba
565 2677 695 2734 satis
736 2694 850 2735 non
900 2677 1134 2747 faciunt,
1168 2679 1348 2735 solent
1393 2680 1643 2752 exempla
1686 2696 1820 2738 sua-

234 2768 382 2825 dere.

311 2856 491 2927 (Vers.
526 2857 616 2922 16,
647 2856 759 2928 17.)
802 2877 823 2904 ι
850 2855 1011 2914 Calix
1041 2855 1442 2914 benedictionis
1470 2874 1630 2931 quem
1651 2858 1815 2916 bene-

236 2945 492 3013 dicimus,
508 2961 689 3002 nonne
709 2944 1137 3001 communicatio
1164 2946 1446 3018 sanguinis
1466 2949 1685 3005 Domini
1706 2949 1817 3006 est?

232 3032 399 3092 Panis
427 3051 588 3107 quem
618 3034 940 3107 frangimus,
963 3049 1149 3090 nonno
1169 3037 1598 3094 communicatio
1625 3054 1817 3109 corpo-

232 3123 314 3179 ris
359 3124 582 3180 Domini
630 3118 766 3183 est'?
804 3123 945 3190 Quia
991 3140 1137 3181 unus
1176 3126 1355 3195 panis,
1404 3141 1578 3185 unum
1623 3142 1819 3196 corpus

232 3213 399 3270 multi
433 3229 622 3271 sumus
646 3231 661 3280 ;
683 3228 873 3268 omnes
909 3213 1054 3270 enim
1084 3212 1154 3268 de
1180 3229 1289 3272 une
1336 3229 1473 3284 pane
1514 3222 1572 3270 et
1614 3214 1682 3272 de
1709 3231 1817 3272 uno

227 3302 406 3359 calice
427 3300 838 3372 participamus.
870 3323 889 3347 ι
933 3299 1202 3366 Quoniam
1232 3317 1404 3359 unum
1436 3319 1647 3370 sumus,
1681 3303 1819 3360 alter

228 3391 465 3448 alterius
498 3389 760 3456 membra,
792 3403 965 3445 unum
1001 3405 1101 3446 nos
1145 3388 1347 3446 sentire
1394 3389 1590 3448 debere
1637 3390 1813 3457 dicit;

228 3487 296 3537 ut
323 3478 461 3537 ﬁdes
490 3494 601 3535 una
623 3493 791 3533 unum
827 3476 1021 3534 haheat
1054 3493 1273 3534 sensum
1303 3486 1356 3534 et
1380 3494 1534 3550 opus.

306 3569 486 3641 (Vers.
519 3566 633 3636 18.)
678 3590 697 3615 ι
723 3566 937 3632 Videte,
971 3566 1157 3633 Israel,
1191 3566 1489 3623 secundum
1511 3583 1760 3624 carnem:
1783 3590 1805 3617 ι

231 3657 341 3717 hoc
364 3663 464 3723 est,
492 3654 705 3724 discite,
734 3655 985 3712 homines
1019 3654 1271 3711 videntes
1318 3656 1514 3720 Deum,
1545 3653 1817 3727 quemad-

232 3744 458 3803 modum
513 3760 569 3799 se
622 3741 824 3799 habent
882 3742 1159 3808 carnalia,
1234 3741 1291 3797 id
1346 3750 1427 3798 est
1483 3742 1812 3799 idololatria.

250 3856 270 3883 ι
295 3833 485 3891 Nonne
512 3831 606 3903 qui
638 3830 809 3887 edunt
836 3830 1061 3899 hostias,
1084 3830 1374 3902 participes
1404 3839 1533 3889 sunt
1559 3830 1801 3889 altaris?-

231 3922 389 3979 Sicut
413 3920 559 3977 enim
589 3936 690 3977 nos
716 3920 782 3976 de
806 3935 916 3977 uno
945 3934 1083 3989 pane
1111 3925 1164 3975 et
1208 3917 1275 3974 de
1322 3934 1432 3974 uno
1472 3919 1640 3975 calice
1680 3934 1814 3991 per—

232 4011 520 4084 cipientes,
567 4009 857 4081 participes
903 4015 957 4063 et
999 4017 1277 4065 consortes
1321 4024 1517 4065 sumus
1567 4007 1813 4079 corporis

229 4098 455 4171 Domini
485 4115 497 4155 :
534 4097 611 4154 ita
643 4104 698 4152 et
739 4096 835 4169 qui
863 4094 1033 4151 edunt
1084 4094 1311 4164 hostias,
1342 4096 1635 4168 participes
1684 4100 1814 4153 sunt

228 4186 421 4253 altaris
448 4185 667 4242 erroris.

303 4275 488 4348 (Vere.
525 4274 613 4339 19,
641 4271 759 4341 20.)
803 4294 821 4317 ι
851 4269 999 4337 Quid
1026 4285 1154 4341 ergo
1184 4268 1328 4336 dico,
1362 4269 1491 4340 quia
1519 4269 1814 4329 simulacro

228 4362 582 4425 immolatum
611 4357 818 4430 aliquid
854 4364 936 4413 est
956 4356 984 4413 7
1010 4356 1132 4411 Non
1161 4357 1290 4426 quia
1332 4356 1688 4413 simulacrum
1732 4365 1816 4413 est

228 4449 480 4525 aliquid;
508 4446 603 4504 sed
630 4463 751 4521 quae
780 4443 1110 4514 sacriﬁcant,
1140 4443 1425 4501 daemoniis
1454 4443 1761 4501 immolant.
1781 4466 1800 4491 ι

229 4540 596 4600 Simulacrum
631 4552 756 4592 vere
785 4533 929 4591 nihil
959 4540 1076 4601 est;
1127 4532 1254 4605 quia
1282 4532 1460 4607 imago
1488 4533 1709 4591 videtur
1736 4535 1813 4592 rei
1843 4528 1892 4587 D

229 4638 460 4691 morture
489 4645 503 4685 :
535 4626 630 4685 sed
651 4625 755 4683 sub
801 4622 1037 4698 tegmine
1093 4620 1515 4680 simulacrorum
1562 4619 1813 4681 diabolus

317 4719 363 4774 it
435 4758 450 4774 .

228 4719 331 4856 001-
361 4734 499 4863 ἔξω
527 4820 627 4862 vos
654 4800 946 4879 participes
966 4798 1086 4859 ﬁeri
1113 4799 1534 4859 daemoniorum.
1558 4826 1576 4849 ι
1619 4801 1811 4860 Osten-

227 4895 312 4955 dit
340 4894 457 4953 illis
471 4892 576 4950 hoc
593 4907 709 4950 esse
734 4898 969 4957 tantum,
992 4888 1139 4963 quod
1160 4889 1378 4946 videtur
1392 4890 1451 4945 in
1481 4888 1652 4946 idolio
1665 4889 1805 4963 (82):

227 4984 322 5043 sed
352 4999 467 5041 esse
503 4982 779 5041 occultum
826 4977 1139 5055 iniquitatis
1185 4977 1531 5054 mysterium,
1564 4977 1711 5052 quod
1749 4983 1812 5036 ut

300 5149 418 5222 (79)
450 5149 606 5222 Bern.
634 5144 766 5222 edit.
797 5146 932 5215 sola,
963 5143 1056 5214 qui
1079 5143 1305 5222 eripiat.

301 5211 604 5295 (80)_Mss.
661 5217 889 5295 aliquot,
917 5211 1245 5295 per-mittitur
1296 5211 1811 5295 ιεηιανίζιᾳῑιαηέηῃι

225 5282 412 5349 scitur'
423 5289 564 5361 ferre
586 5282 774 5360 posse?
819 5282 891 5363 ρει
918 5282 1071 5363 locus
1098 5284 1307 5363 integer
1321 5297 1366 5363 _a
1394 5282 1642 5363 vocibus,
1676 5286 1810 5363 Quo-

223 5364 379 5422 modo
408 5354 780 5430 tamen'usque
807 5356 876 5411 ad
905 5358 1259 5424 Quapropter,
1287 5354 1607 5420 charissim,
1635 5354 1811 5409 omit-

224 5436 366 5483 titur
394 5433 453 5483 in
486 5448 587 5483 ms.
621 5429 783 5483 Corb.

224 5436 366 5490 titur
394 5433 453 5488 in
486 5448 587 5486 ms.
621 5430 783 5486 Corb.

296 5506 417 5579 (8t)
460 5502 610 5561 Edit.
645 5502 825 5569 Item,
857 5498 913 5554 in
939 5494 1128 5579 idolio
1178 5493 1389 5579 qliqm'd
1435 5501 1603 5579 speret
1641 5496 1806 5579 (lego,

225 5563 336 5631 vei.
375 5563 560 5629 autem
592 5587 653 5625 ac
681 5563 819 5624 nissf
841 5585 904 5624 eo
934 5573 1150 5639 tantum
1182 5563 1508 5639 discrepant,
1527 5566 1669 5639 quod
1686 5563 1810 5639 illa)

226 5647 435 5702 habent
465 5643 629 5697 etiam
660 5646 859 5710 speret;
887 5646 940 5695 et
970 5638 1192 5693 illorum
1236 5636 1489 5692 nonnulli
1537 5636 1637 5709 pro
1665 5637 1727 5692 de
1754 5654 1811 5692 eo

1917 564 2071 621 Unde
2098 573 2151 621 et
2179 566 2410 622 Joannes
2438 571 2708 638 apostolus
2735 571 2791 626 in
2820 570 3048 642 epistola
3074 587 3171 628 sua
3197 571 3334 629 dicit
3358 591 3371 630 :
3396 571 3485 629 Ad

1918 653 2024 709 hoc
2051 655 2204 710 venit
2233 654 2407 711 Filius
2452 656 2675 724 Dei,'ut
2710 658 2948 715 solveret
2985 674 3149 731 opera
3186 659 3397 717 diaboli
3439 658 3499 732 (ι

1916 743 2075 799 Joan.
2117 760 2198 805 III.
2231 746 2311 814 8).

1993 848 2173 919 (Vera.
2200 847 2319 920 21.)
2364 872 2383 896 ι
2411 847 2528 904 Non
2558 849 2784 920 potestis
2811 850 3035 907 calicem
3058 852 3280 908 Domini
3306 850 3495 910 bibere

1918 942 1975 994 et
2003 937 2227 994 calicem
2256 936 2653 994 daemoniorum
2678 955 2692 1005 ;
2724 954 2834 994 non
2866 937 3092 1013 potestis
3150 954 3349 995 mensae
3376 943 3495 996 Do-

1921 1023 2060 1080 mini
2088 1025 2493 1081 communicare
2520 1032 2573 1081 et
2603 1040 2801 1081 mensae
2829 1024 3247 1082 dmmoniorum.
3280 1048 3300 1072 ν
3348 1025 3500 1082 Sicut

1920 1119 1977 1168 et
2003 1113 2269 1169 Dominus
2296 1115 2373 1169 ait
2405 1132 2417 1170 :
2456 1137 2475 1161 ιι
2497 1114 2617 1169 Non
2638 1114 2861 1186 potestis
2881 1115 2995 1170 Deo
3022 1116 3230 1171 servire
3251 1120 3305 1169 et
3334 1127 3501 1169 mam-

1920 1214 2098 1255 monae
2130 1202 2340 1271 (Matth.
2364 1219 2445 1267 vr,
2477 1202 2567 1273 24)
2590 1220 2603 1269 ;
2626 1228 2644 1249 ι
2681 1202 2810 1276 quia
2835 1202 2930 1276 qui
2961 1201 3187 1259 calicem
3209 1199 3500 1257 daemonio-

1920 1301 2042 1343 rum
2084 1287 2244 1355 bibit,
2286 1290 2440 1346 calici
2492 1289 2713 1345 Domini
2760 1289 2990 1346 insultat
3027 1309 3040 1347 :
3073 1297 3273 1345 etcum
3306 1300 3502 1343 mensa

1921 1374 2314 1433 dmmoniorum
2361 1377 2751 1447 communicat,
2800 1393 2998 1433 mensas
3044 1375 3287 1443 Domini,
3322 1374 3379 1432 id
3423 1382 3505 1431 est

1919 1464 2097 1532 altari,
2122 1466 2408 1537 obstrepit,
2439 1474 2491 1520 et
2520 1464 2739 1521 Domini
2761 1482 2957 1538 corpus
2980 1464 3270 1536 cruciﬁgit.
3294 1463 3504 1520 Idcirco

1922 1554 2067 1610 enim
2100 1552 2351 1610 Christus
2378 1554 2675 1611 cruciﬁxus
2719 1562 2821 1622 est,
2868 1561 2931 1609 ut
2973 1553 3299 1610 dissolveret
3344 1564 3507 1623 opera

1921 1638 2128 1696 diaboli
2158 1641 2298 1713 (83).
2329 1641 2437 1709 Qui
2463 1657 2588 1714 ergo
2630 1642 2763 1699 facit
2798 1657 2961 1716 opera
3001 1639 3233 1709 diaboli,
3277 1639 3500 1698 Christo

1921 1737 2205 1803 repugnat.

1840 1826 1887 1891 Β
1993 1838 2313 1913 (νει-ωε.)
2363 1863 2384 1889 ι
2411 1810 2523 1897 Aut
2551 1839 2874 1897 aemulemur
2922 1839 3220 1898 Dominum
3265 1839 3446 1897 Iesum
3475 1836 3505 1896 ?

1921 1926 2199 2001 Numquid
2229 1927 2481 1986 fortiores
2507 1929 2603 1986 illo
2632 1928 2864 1988 sumus?
2894 1954 2914 1979 ι
2956 1930 3067 1989 Vix
3093 1929 3157 1986 fit
3186 1936 3246 1986 ut
3274 1927 3504 1984 humilis

1922 2015 2125 2071 zelatur
2148 2022 2417 2089 potentem
2444 2035 2458 2085 ;
2530 2018 2633 2074 scit
2664 2018 2812 2074 enim
2834 2033 2943 2074 non
2962 2017 3067 2075 sibi
3098 2024 3421 2091 competere,
3444 2017 3503 2073 in

1924 2118 2030 2178 quo
2060 2104 2141 2159 illi
2178 2114 2353 2179 potest
2383 2106 2619 2189 invideri
2655 2125 2666 2162 :
2704 2106 2798 2163 sed
2831 2115 2925 2164 aut
2954 2107 3150 2183 aequali
3194 2105 3495 2189 invidqtur,

1925 2201 2019 2250 aut
2073 2209 2238 2269 prope
2269 2196 2485 2268 aequali.
2532 2194 2664 2253 Ideo
2700 2196 2996 2272 Apostolus
3040 2213 3149 2253 non
3178 2211 3332 2270 posse
3360 2192 3505 2251 dixit

1924 2280 2174 2338 homines
2202 2283 2451 2340 aemulari
2486 2285 2781 2341 Dominum
2827 2286 3034 2356 .lesum,
3066 2294 3349 2359 propterea
3377 2285 3505 2358 quia

1927 2368 2083 2425 illum
2109 2371 2291 2426 sciunt
2315 2373 2611 2429 Dominum
2637 2392 2649 2429 :
2683 2374 2729 2430 si
2757 2375 3070 2450 quominus,
3093 2392 3200 2431 non
3226 2374 3505 2431 videbitur

1928 2456 2006 2512 eis
2033 2458 2229 2532 dignus
2257 2477 2369 2516 esse
2398 2462 2583 2517 vocari
2629 2462 2915 2533 Dominus,
2946 2481 3106 2538 quem
3151 2465 3394 2523 zelantur
3436 2480 3502 2522 ne

1927 2546 2194 2602 Dominus
2221 2548 2311 2604 sit.
2341 2549 2469 2604 Zelo
2493 2549 2638 2605 enim
2669 2552 2893 2607 Satanas
2913 2551 3274 2609 idololatriam
3294 2552 3507 2608 invenit

1928 2642 1990 2690 ut
2019 2634 2290 2703 homines,
2322 2638 2570 2710 negando
2612 2640 2783 2695 Deum
2831 2641 3149 2708 Dominum,
3181 2640 3340 2697 idolis
3382 2656 3506 2697 ser-

1927 2722 2081 2780 viant
2109 2724 2261 2798 quasi
2292 2724 2399 2781 diis
2427 2733 2481 2781 et
2506 2725 2764 2783 dominis.
2796 2750 2815 2774 ι
2837 2726 3034 2784 Omnia
3056 2727 3191 2785 mihi
3224 2722 3507 2797 licent,sed

1925 2828 2036 2867 non
2083 2812 2267 2868 omnia
2295 2813 2616 2885 expediunt.
2649 2839 2667 2861 ι
2713 2816 2914 2873 Omnta
2941 2814 3078 2873 dicit
3108 2816 3269 2874 licere
3304 2832 3509 2872 secun-

1925 2898 2056 2956 dum
2086 2900 2255 2972 legem
2306 2910 2546 2969 naturae;
2579 2903 2765 2959 omnia
2807 2906 2956 2961 enim
2999 2905 3204 2962 munda
3250 2912 3397 2963 sunt.
3430 2906 3507 2963 De

1925 2988 2064 3045 escis
2088 2990 2234 3045 enim
2264 2991 2545 3063 agebatur,
2577 3000 2631 3048 et
2658 3010 2820 3050 carne
2840 2993 3008 3051 idolis
3035 2994 3338 3052 immolata.
3369 2993 3504 3051 Nam

1925 3093 2045 3149 quia
2074 3078 2346 3149 prohibita
2375 3088 2430 3137 et
2458 3081 2748 3138 interdicta
2776 3092 2925 3153 sunt,
2948 3082 3221 3158 quomodo
3249 3081 3361 3139 dici
3386 3098 3505 3156 pos-

1851 3184 1896 3246 ο
1926 3173 2054 3219 sunt
2085 3165 2266 3232 licere,
2299 3183 2422 3221 cum
2452 3167 2543 3222 hic
2572 3169 2734 3225 etiam
2756 3171 2894 3243 ipsa,
2925 3186 3045 3242 quae
3073 3186 3327 3226 concessa
3350 3177 3497 3241 sunt,

1928 3259 2198 3332 signiﬁcet
2232 3267 2369 3325 146
2400 3262 2694 3334 aliquando
2722 3281 2833 3322 non
2862 3265 3161 3340 expedire?
3188 3265 3331 3325 sicut
3371 3264 3508 3325 dicit

1930 3357 2207 3428 apostolus
2239 3356 2355 3428 (8’s)
2388 3357 2579 3415 Petrus
2610 3377 2623 3414 :
2670 3383 2689 3407 ι
2716 3360 2771 3418 Si
2802 3360 2921 3419 haec
2947 3370 3029 3420 est
3056 3377 3218 3421 causa
3246 3360 3355 3419 viri
3379 3376 3507 3421 cum

1930 3459 2123 3512 uxore,
2153 3461 2262 3501 non
2292 3447 2515 3522 eXpedit
2542 3447 2745 3505 nubere
2774 3451 2985 3521 (Matth.
3018 3466 3138 3521 xrx,
3176 3450 3288 3524 10).
3331 3474 3351 3498 ι

1999 3552 2180 3623 (Vera.
2213 3554 2327 3627 23.)
2372 3578 2391 3602 ι
2419 3554 2614 3611 Omnia
2652 3555 2789 3613 mihi
2837 3556 3025 3624 licent,
3055 3557 3152 3617 sed
3180 3575 3294 3619 non
3320 3556 3507 3617 omnia

1926 3640 2215 3697 aediﬁcant.
2249 3668 2268 3691 ι
2309 3642 2456 3699 Idem
2482 3658 2672 3703 sensus
2699 3652 2800 3714 est,
2832 3647 2962 3718 quia
2998 3646 3127 3704 licet
3152 3648 3339 3706 omnia
3383 3645 3505 3705 ede-

1924 3745 1984 3786 re
2010 3749 2022 3787 :
2054 3732 2147 3788 sed
2177 3732 2324 3804 quod
2354 3732 2521 3790 idolis
2545 3734 2883 3803 immolatur,
2914 3751 3025 3794 non
3055 3735 3329 3803 aediﬁcat;
3373 3734 3505 3808 quia

1923 3819 2240 3877 scandalum
2273 3821 2405 3878 facit
2431 3822 2610 3889 fratri,
2629 3822 2774 3881 sicut
2794 3839 2962 3894 supra
2988 3822 3198 3881 dictum
3225 3831 3308 3881 est
3326 3841 3338 3879 :
3358 3822 3505 3880 ideoo

1924 3924 2078 3981 quea
2106 3908 2273 3967 licitis
2309 3908 2604 3981 aliquando
2648 3909 3061 3980 temperandum
3090 3916 3193 3977 est,
3220 3915 3284 3966 ut
3310 3909 3500 3980 prosit.

1922 3995 2066 4054 Hinc
2100 4003 2181 4052 est
2210 3997 2353 4053 unde
2382 4003 2634 4067 sumptus
2660 3996 2729 4053 ab
2758 3995 2848 4063 iis,
2876 4012 3005 4055 cum
3042 3995 3095 4054 ei
3140 3995 3347 4065 liceret,
3394 4010 3506 4054 no-

1924 4083 2030 4144 luit
2056 4084 2319 4156 accipere,
2349 4083 2527 4143 sciens
2554 4098 2665 4143 non
2689 4083 2968 4155 expedire.

1998 4190 2179 4260 (Vers.
2212 4189 2327 4261 24.)
2361 4190 2478 4262 (85)
2524 4212 2544 4238 ι
2570 4188 2744 4246 Nemo
2771 4190 2919 4263 quod
2964 4207 3124 4248 suum
3157 4199 3241 4249 est
3267 4202 3499 4267 quierat,

1924 4276 2019 4333 sed
2046 4276 2192 4349 quod
2219 4278 2464 4335 alterius.
2487 4300 2506 4327 ι
2542 4278 2747 4335 Verum
2773 4286 2856 4335 est
2885 4280 3031 4353 quod
3049 4280 3182 4338 dum
3210 4282 3504 4356 unusquis-

1924 4389 2030 4448 que
2064 4374 2122 4429 in
2154 4374 2323 4430 idolio
2351 4373 2643 4443 recumbit,
2691 4375 2965 4435 voluntati
2995 4394 3106 4435 sum
3134 4380 3421 4449 satisfecit,
3449 4385 3504 4435 et

1924 4462 2078 4518 fratri
2107 4463 2442 4520 conscientia
2492 4462 2715 4519 infirmo
2764 4464 3083 4522 scandalum
3135 4469 3310 4539 ponit.
3364 4469 3505 4535 Qua-

1921 4561 2141 4623 propter
2169 4551 2541 4608 festinandum
2571 4558 2654 4607 est
2682 4567 2780 4623 pro
2822 4552 3093 4609 charitate
3142 4554 3365 4610 Domini
3410 4571 3506 4610 no-

1920 4640 2020 4695 stri
2046 4640 2171 4695 Iesu
2192 4639 2394 4695 Christi
2420 4648 2522 4706 ;ut
2549 4647 2605 4694 et
2628 4638 2799 4709 magis
2817 4655 2939 4710 qua
2966 4646 3098 4695 sunt
3124 4641 3289 4697 saluti
3320 4641 3505 4710 proxi-

1920 4727 1996 4780 mi
2028 4728 2326 4782 necessaria
2356 4725 2762 4796 prohibeamus,
2797 4740 2959 4796 quam
2977 4731 3177 4779 nostras
3205 4726 3501 4795 voluntati,

1921 4813 2064 4869 sicut
2111 4813 2255 4867 idem
2304 4812 2619 4882 Apostolus,
2676 4824 2772 4864 vas
2817 4810 3124 4876 electionis,
3153 4819 3209 4867 et
3261 4811 3506 4870 medicus

1919 4898 2204 4971 spiritalis,
2236 4897 2315 4953 ait
2351 4915 2363 4953 :
2410 4920 2430 4943 ι
2454 4897 2576 4952 Non
2606 4911 2852 4969 quaerens
2881 4896 3029 4968 quod
3057 4895 3199 4955 mihi
3239 4897 3378 4955 utile
3400 4906 3504 4971 est,

1919 4987 2014 5045 sed
2033 4986 2179 5060 quod
2204 4985 2394 5043 multis
2426 4986 2622 5058 (infra,
2652 4999 2795 5041 vers.
2827 4983 2944 5058 33).
2971 5009 2994 5036 ι

1918 5158 2435 5243 lassatum...
2550 5226 2565 5243 .
3054 5228 3150 5243 ..

2015 5231 2108 5298 82)
2141 5232 2296 5289 Rom.
2329 5228 2460 5287 edit.
2486 5226 2623 5297 sola,
2661 5228 2801 5298 quod
2820 5228 3104 5291 videturt'a
3129 5229 3293 5295 ἱάοιο,

2015 5299 2107 5372 83)
2127 5299 2401 5383 .ltlonnulli
2442 5315 2595 5366 mss,
2638 5300 2927 5375 cruciﬁxus
2972 5308 3064 5373 est,
3104 5302 3233 5372 quia
3262 5301 3503 5365 dissolvit

1919 5386 2079 5439 opera
2106 5371 2325 5425 diaboli.
2785 5371 2793 5375 ’
3049 5371 3056 5373 ’
3113 5371 3128 5372 ί

2141 5442 2297 5523 Itoni.
2327 5438 2482 5523 edit.,
2521 5439 2874 5523 Sicut‘dicunt
2901 5443 3147 5523 apostoli.

2017 5511 2118 5637 8δέ
2144 5511 2243 5563 llic
2270 5517 2456 5587 textus
2473 5509 2715 5587 apostoli
2745 5520 2908 5583 atque
2935 5509 3091 5569 illius
3119 5512 3417 5582 expositio,
3448 5529 3505 5576 et

2017 5622 2040 5635 ,.
2104 5579 2242 5637 ‘orb.
2271 5583 2601 5637 restituitur.
2633 5596 2761 5637 cum
2808 5581 2950 5637 absit
2995 5582 3053 5637 in
3098 5581 3245 5637 aliis.
3274 5583 3422 5637 sicut
3456 5597 3505 5637 el

1919 5579 2040 5636 cod.
2079 5579 2242 5637 Corb.
2271 5579 2601 5646 restituitur,
2633 5596 2761 5639 cum
2808 5579 2950 5639 absit
2995 5582 3053 5639 in
3098 5579 3245 5648 aliis,
3274 5579 3422 5641 sicut
3456 5597 3514 5643 et

1920 5650 1978 5700 in
2008 5648 2221 5700 cunctis
2252 5645 2388 5700 edit.

1919 5650 1978 5705 in
2008 5648 2221 5706 cunctis
2252 5648 2388 5700 edit.
