3952 6202
423 347 527 408 251

499 473 682 548 (Vers.
708 470 797 538 25,
829 467 946 539 26.)
991 468 1187 524 c0mne
1215 467 1361 540 quod
1384 466 1438 521 in
1469 467 1696 522 macello
1712 465 1863 520 venit
1894 463 2004 519 edi-
2040 466 2090 524 Α

422 567 502 630 te,
543 559 686 618 nihil
744 558 1138 628 interrogantes
1171 555 1287 625 (86)
1322 562 1542 626 propter
1588 552 2011 619 conscientiam;

424 646 647 710 Domini
680 652 760 702 est
787 644 931 700 enim
963 652 1107 700 terra
1157 650 1210 698 et
1256 641 1541 713 plenitudo
1571 640 1707 712 ejus.
1741 664 1759 688 ι
1807 641 1873 696 Ut
1903 655 2013 694 om-

429 739 525 798 nia
551 735 754 794 munda
783 732 1110 800 ostenderet,
1131 731 1386 803 exemplo
1412 729 1607 802 psalmi
1628 729 1880 801 vigesimi
1909 736 2013 783 ter-

427 828 496 884 tii
527 826 631 882 hoc
663 821 968 886 roboravit;
1001 820 1130 892 quia
1163 836 1272 874 non
1311 827 1488 892 potest
1517 817 1866 873 immundum
1897 832 2014 871 esse

435 915 580 990 quod
608 911 828 970 Domini
853 917 951 965 est.
985 910 1057 965 Et
1087 909 1343 982 quoniam
1377 907 1626 979 superius
1654 907 1721 962 de
1751 905 1887 962 escis
1915 905 2010 959 ait:

433 1002 652 1060 «Omnia
687 1001 873 1066 licent,
897 997 1116 1053 nstatim
1147 996 1472 1052 subsecutus
1505 1003 1586 1051 est
1610 1013 1620 1050 :
1644 995 1838 1050 «Omne
1870 992 2015 1064 quod

428 1091 486 1148 in
531 1088 756 1146 macello
787 1085 962 1154 venit,
988 1084 1154 1152 edite,
1188 1083 1328 1139 nihil
1367 1084 1764 1154 interrogantes
1795 1089 2017 1154 propter

427 1175 892 1251 conscientiam._n
936 1173 1050 1228 Hoc
1077 1178 1257 1226 autem
1306 1170 1429 1225 ideo
1471 1169 1726 1240 subjecit,
1758 1177 1818 1224 ut
1849 1169 2017 1224 libera

435 1266 508 1323 sit
537 1262 904 1328 conscientia;
938 1261 1066 1316 licet
1092 1259 1236 1314 enim
1270 1258 1481 1330 aliquid
1515 1260 1787 1329 pollutum
1820 1257 1891 1313 sit
1922 1272 2017 1328 per

435 1351 821 1416 accidentiam,
853 1348 910 1404 id
939 1356 1020 1404 est
1067 1347 1398 1404 oblationem
1438 1345 1604 1411 idoli;
1641 1361 1762 1401 cum
1801 1345 1904 1399 hoc
1933 1353 2006 1400 ta-

438 1457 566 1498 men
595 1439 767 1496 nescit
796 1437 889 1511 qui
919 1437 1071 1504 emit,
1105 1435 1320 1490 nullum
1351 1435 1558 1506 patitur
1587 1433 1927 1505 scrupulum,
1959 1439 2012 1488 et

431 1528 574 1601 apud
606 1530 779 1582 Deum
820 1523 1086 1581 immunis
1112 1531 1211 1578 est.

500 1617 682 1689 (Vers.
714 1616 840 1686 27.)
882 1639 901 1662 ι
930 1613 986 1669 Si
1017 1611 1141 1685 quis
1172 1618 1331 1668 vocat
1362 1626 1460 1666 vos
1487 1626 1557 1666 ex
1585 1608 1904 1666 inﬁdelibus
1933 1605 2004 1663 ad

431 1721 664 1771 cuinam,
695 1711 748 1758 et
777 1703 888 1767 itis,
920 1717 1082 1756 omne
1119 1699 1263 1773 quod
1292 1699 1598 1772 appositum
1637 1697 1796 1754 vobis
1825 1696 2010 1764 fuerit,

431 1791 596 1859 edite,
629 1790 770 1846 nihil
801 1789 1187 1862 disquirentes.
1209 1812 1229 1837 ι
1273 1789 1386 1846 Hoc
1400 1796 1500 1856 est,
1526 1786 1849 1858 simpliciter
1871 1799 2019 1840 man-
2050 1816 2095 1876 B

433 1880 629 1937 ducate
657 1878 804 1952 quod
835 1877 1151 1951 apponitur,
1186 1893 1295 1932 non
1323 1876 1728 1947 interrogantes
1758 1873 1901 1930 unde
1930 1873 2023 1929 sit.

503 1967 683 2041 (Vers.
716 1966 806 2034 28,
837 1967 954 2038 29.)
1000 1991 1019 2014 ε
1048 1965 1105 2022 Si
1121 1981 1249 2022 vero
1279 1964 1480 2038 aliquis
1508 1963 1712 2020 dixerit
1745 1981 1756 2018 :
1792 1963 1906 2019 Hoc
1925 1962 2026 2017 im-

431 2055 774 2114 molatitium
800 2062 902 2124 est,
932 2054 1104 2111 nolite
1135 2053 1460 2110 manducare
1490 2059 1710 2125 proqter
1739 2049 1896 2106 illum
1929 2049 2025 2123 qui

433 2143 724 2213 indicavit,
747 2151 800 2200 et
831 2151 1050 2215 prOpter
1077 2142 1490 2200 conscientiam.
1506 2138 1910 2198 Conscientiam
1932 2153 2024 2193 au-

432 2241 545 2290 tem
571 2234 715 2301 dico,
749 2248 861 2288 non
891 2241 1063 2300 tuam,
1084 2231 1177 2288 sed
1206 2231 1450 2287 alterius.
1475 2255 1492 2277 ι
1527 2231 1642 2286 Hoc
1671 2229 1924 2301 perfectis
1948 2227 2025 2283 lo-

438 2323 648 2395 quitur,
681 2321 777 2392 qui
807 2327 1034 2391 possunt
1054 2327 1466 2375 contemnentes
1495 2316 2025 2389 idololatriam,quia

439 2408 584 2464 nihil
613 2414 694 2462 est
717 2406 1043 2462 manducare
1060 2406 1125 2461 de
1153 2405 1587 2474 sacriﬁcio,certi
1607 2408 1737 2479 quia
1754 2405 1900 2480 quod
1920 2403 2023 2460 sub

439 2495 541 2552 Dei
573 2494 845 2552 Creatoris
875 2495 1096 2550 nomine
1125 2493 1328 2559 editur,
1358 2509 1468 2549 non
1513 2501 1688 2566 potest
1731 2495 1974 2566 polluere
2009 2511 2022 2548 :

441 2583 534 2638 sed
563 2582 690 2656 quia
715 2583 878 2647 alius,
903 2581 995 2654 qui
1027 2581 1190 2636 idolis
1216 2575 1755 2653 servit,gloriabitur,
1780 2591 1834 2636 te
1864 2579 2023 2636 eden-

439 2680 494 2728 te
525 2672 591 2728 de
622 2672 959 2738 sacriﬁcatis,
1003 2671 1157 2744 quasi
1206 2671 1479 2726 venereris
1520 2670 1693 2735 idola;
1746 2668 1868 2724 ideo
1915 2683 2025 2722 non

439 2761 599 2818 debet
626 2761 732 2817 edi.
777 2761 938 2833 Apud
981 2761 1370 2817 conscientiam
1417 2760 1565 2814 enim
1614 2758 1705 2812 ille
1754 2757 2027 2812 laetabitur

445 2869 623 2921 suam,
655 2852 784 2925 quia
829 2851 981 2909 videt
1024 2859 1077 2908 te
1125 2851 1359 2908 libenter
1403 2857 1655 2923 appetere
1683 2847 1829 2922 quod
1860 2847 2024 2905 idolis

434 2940 777 2998 immolatum
808 2950 906 2998 est.

522 3052 544 3078 ι
590 3029 793 3104 thuid
840 3030 984 3087 enim
1049 3029 1273 3086 libertas
1319 3045 1439 3085 mea
1478 3026 1760 3099 judicatur
1808 3027 1876 3084 ab
1919 3026 2028 3084 alia

437 3118 839 3178 conscientia?»
877 3119 991 3175 Hoc
1018 3117 1174 3185 dicit,
1207 3117 1335 3192 quia
1356 3134 1482 3174 cum
1509 3117 1577 3172 ab
1617 3115 1751 3172 idoli
1779 3115 2025 3172 devotio-

1431 338 1525 392 AD
1568 337 1801 392 OPEBA
1839 334 1892 390 S.
1937 329 2267 390 AMBROSII
2306 326 2688 385 APPENDIX.

3663 323 3803 383 252

2126 461 2400 525 lebretur;
2453 460 2509 513 in
2559 456 2785 528 gloriam
2834 453 2980 510 enim
3010 453 3109 509 Dei
3138 453 3344 525 aliquid
3382 453 3466 520 lit,
3503 469 3686 510 cum
3721 455 3793 510 in

2123 547 2334 604 actibus
2363 554 2416 601 et
2439 543 2848 601 conversatione
2893 540 3193 597 Christiani
3241 543 3388 597 Deus
3434 541 3790 613 laudatur,

2125 637 2213 691 vel
2240 652 2362 692 cum
2394 634 2633 689 ﬁliorum
2667 632 2968 703 procreatio
2996 646 3028 684 a
3057 631 3168 684 Deo
3197 637 3469 700 speratur.

2200 723 2519 796 (Vers.32.)
2587 746 2605 768 ι
2661 720 2790 776 Sine
2836 719 3133 774 offensione
3178 725 3350 774 estote
3393 718 3632 776 Judaeis
3713 729 3785 777 et

2126 814 2347 880 Graecis,
2381 822 2432 868 et
2461 811 2718 868 Ecclesiae
2756 808 2876 865 Dei.
2904 833 2922 855 ι
2981 807 3070 864 Sic
3110 807 3528 880 temperandam
3592 825 3781 866 con—

2127 901 2494 957 versationem
2527 907 2768 954 nostram
2799 897 2976 965 docet,
3007 903 3068 951 ut
3096 897 3283 951 nullus
3313 898 3370 950 in
3401 912 3466 951 ea
3493 898 3774 954 scanda-

2128 991 2242 1045 lum
2271 989 2528 1061 patiatur.
2557 985 2797 1042 Oll'ensio
2825 1001 2951 1054 ergo
3003 983 3204 1038 Judasis
3245 983 3326 1050 ﬁt,
3372 1000 3503 1040 cum
3556 985 3766 1054 idola,

2127 1097 2246 1152 quae
2276 1079 2360 1134 illi
2389 1077 2799 1143 abominantur,
2831 1074 3227 1141 Christianum,
3259 1073 3354 1146 qui
3385 1073 3442 1128 Se
3470 1074 3637 1129 dicit
3675 1075 3762 1130 le-

2128 1184 2246 1239 gem
2302 1175 2355 1222 et
2401 1165 2697 1237 prophetas
2737 1164 3004 1234 accipere,
3052 1162 3246 1217 vident
3293 1177 3402 1216 non
3469 1161 3759 1218 horrere.

2129 1255 2331 1311 Graecis
2361 1270 2511 1321 vero,
2547 1252 2602 1308 id
2631 1261 2712 1308 est
2747 1257 2885 1313 147
2917 1250 3230 1322 gentilibus,
3281 1247 3399 1304 haec
3429 1258 3512 1303 est
3553 1251 3759 1305 offen-

2128 1350 2230 1417 sio,
2263 1349 2307 1405 si
2342 1349 2397 1404 in
2427 1365 2492 1404 eo
2524 1349 2580 1402 in
2613 1364 2719 1420 quo
2765 1355 2913 1414 sunt,
2946 1362 3056 1400 non
3107 1345 3284 1399 solum
3336 1361 3447 1398 non
3492 1361 3755 1416 arguan-

2128 1448 2238 1507 tur,
2268 1439 2360 1494 sed
2406 1445 2459 1494 et
2507 1437 2870 1509 promptiores
2920 1434 3071 1500 ﬁant,
3125 1433 3256 1487 dum
3308 1449 3418 1487 non
3473 1434 3753 1488 vitantur

2127 1536 2256 1583 vota
2286 1527 2557 1584 idolorum
2589 1521 3104 1581 illorum.Ecclesiae
3125 1527 3304 1576 autem
3332 1521 3436 1575 Dei
3461 1520 3523 1576 lit
3553 1522 3746 1578 offen-

2129 1617 2397 1685 diculum,
2421 1616 2638 1690 quando
2677 1615 2936 1687 quosdam
2970 1629 3039 1668 ex
3069 1627 3296 1666 numero
3319 1627 3422 1666 suo
3454 1611 3609 1668 videt
3631 1611 3739 1682 iis,

2127 1721 2248 1778 quae
2278 1704 2501 1760 inimica
2531 1712 2658 1760 sunt
2686 1705 2818 1770 Deo,
2847 1703 3141 1758 adhaerere.

2211 1795 2392 1865 (Vers.
2423 1794 2537 1864 33.)
2583 1817 2601 1839 ε
2631 1794 2784 1850 Sicut
2813 1809 2912 1864 ego
2942 1789 3200 1846 omnibus
3246 1805 3342 1862 per
3391 1791 3581 1846 omnia
3607 1791 3740 1863 pla-

2132 1898 2250 1950 ceo,
2280 1897 2392 1938 non
2439 1898 2684 1954 quaerens
2734 1881 2878 1953 quod
2930 1879 3068 1935 mihi
3115 1879 3252 1934 utile
3302 1887 3398 1946 est,
3431 1879 3532 1935 sed
3574 1879 3738 1952 quod

2136 1969 2344 2036 multis,
2378 1978 2440 2025 ut
2466 1969 2604 2024 salvi
2640 1970 2792 2024 ﬁant.
2815 1994 2833 2018 ›
2875 1967 3145 2025 Omnibus
3175 1983 3270 2040 per
3293 1968 3480 2022 omnia
3511 1970 3737 2040 placere

2135 2067 2216 2115 est
2270 2058 2389 2114 sine
2436 2058 2692 2115 scandalo
2749 2059 3074 2131 cujusquam
3123 2075 3280 2130 agere
3317 2058 3385 2114 ad
3411 2060 3732 2130 profectum

2135 2149 2394 2208 utilitatis
2425 2149 2670 2220 illorum,
2701 2156 2763 2206 ut
2791 2156 2845 2206 et
2874 2149 2986 2205 illis
3013 2155 3067 2205 et
3090 2148 3221 2206 huic
3248 2149 3320 2206 sit
3347 2150 3508 2208 utile.

2739 2291 2966 2350 CAPUT
3013 2293 3110 2349 XI.

2213 2407 2395 2479 (Vers.
2431 2407 2509 2479 1.)
2573 2430 2592 2454 α
2630 2405 2935 2462 Imitatores
2982 2406 3088 2462 mei
3129 2413 3320 2475 estote,
3351 2407 3494 2463 sicut
3523 2416 3579 2464 et
3623 2423 3722 2479 ego

2136 2496 2361 2555 Christi.
2399 2522 2417 2545 ι
2451 2498 2761 2552 Humanum
2794 2506 2872 2552 est
2920 2496 3064 2569 quod
3107 2496 3264 2565 dicit,
3312 2505 3372 2552 ut
3421 2499 3724 2554 imitatores

2136 2588 2254 2659 ejus
2281 2588 2473 2654 simus,
2508 2587 2635 2659 quia
2663 2590 2774 2644 Deo
2806 2588 2966 2644 nobis
3015 2589 3271 2659 magister
3320 2588 3575 2646 indultus
3617 2599 3718 2646 est.

2136 2674 2193 2730 Si
2223 2675 2366 2730 enim
2398 2675 2490 2730 hic
2519 2676 2614 2731 Dei
2643 2676 2886 2732 imitator
2914 2685 3012 2742 est,
3047 2693 3213 2748 quare
3248 2694 3358 2733 non
3405 2695 3508 2734 nos
3538 2679 3711 2734 homi-

2138 2761 2265 2818 nis?
2295 2762 2432 2830 Quia
2461 2761 2603 2818 sicut
2629 2765 2775 2818 Deus
2824 2763 2981 2819 Pater
3029 2763 3176 2819 misit
3225 2763 3507 2822 Christum
3560 2767 3721 2839 magi-

2136 2857 2309 2905 strum
2341 2857 2393 2904 et
2422 2858 2697 2907 auctorem
2729 2851 2890 2918 vitae;
2924 2851 3000 2906 ita
3028 2859 3082 2906 et
3109 2850 3361 2908 Christus
3391 2853 3545 2909 misit
3590 2871 3711 2925 apo-

2135 2938 2304 2993 stolos
2337 2938 2495 2993 nobis
2527 2940 2896 3010 magistros,ut
2916 2955 3100 2995 eorum
3124 2939 3428 2997 imitatores
3457 2957 3714 3023 essemus;

2137 3026 2267 3099 quia
2295 3026 2413 3097 ejus
2441 3042 2555 3082 esse
2582 3043 2691 3082 non
2725 3044 3031 3098 possumus.
3063 3029 3144 3083 Ita
3171 3028 3316 3084 enim
3345 3028 3426 3085 ait
3452 3030 3720 3085 Dominus

2134 3115 2202 3172 ad
2232 3117 2444 3170 Patrem
2480 3133 2492 3172 :
2547 3139 2565 3162 ι
2595 3115 2748 3172 Sicut
2778 3131 2863 3171 me
2893 3115 3090 3172 misisti
3122 3116 3179 3170 in
3230 3116 3380 3175 hunc
3429 3119 3717 3188 mundum,

441 3223 510 3264 ne
535 3208 871 3266 conscientia
897 3206 970 3263 sit
1007 3206 1199 3275 libera,
1223 3177 1363 3279 quid
1391 3223 1526 3279 opus
1573 3213 1653 3263 est
1703 3213 1764 3261 ut
1805 3213 2028 3277 putetur
2058 3177 2103 3238 ο
2134 3205 2210 3260 ita
2235 3211 2288 3259 et
2319 3220 2417 3275 ego
2447 3203 2571 3258 misi
2611 3220 2702 3260 eos
2743 3204 2799 3258 in
2849 3202 2999 3260 hunc
3044 3204 3310 3260 mundum
3363 3205 3546 3276 (Joau.
3579 3223 3714 3273 xm,

437 3296 566 3368 quia
591 3295 960 3353 venerationis
987 3311 1148 3353 causa
1177 3295 1300 3352 edat
1330 3295 1492 3352 idolis
1515 3292 1844 3350 immolata?
1874 3290 2022 3347 Judi-

436 3393 593 3440 catur
619 3387 767 3440 enim
799 3401 909 3440 non
939 3383 1141 3440 distare
1171 3384 1238 3440 ab
1268 3401 1330 3440 eo
1360 3385 1454 3456 qui
1487 3383 1806 3450 colitidola,
1838 3396 2024 3455 quan-

439 3470 510 3528 do
534 3490 645 3528 non
677 3473 863 3528 horret
898 3473 1042 3544 quod
1073 3474 1317 3529 oblatum
1349 3480 1430 3526 est
1461 3473 1775 3528 simulacro.

511 3562 692 3632 (Vers.
724 3561 840 3632 30.)
879 3585 897 3608 ι
925 3561 983 3618 Si
1015 3578 1141 3634 ergo
1173 3559 1357 3632 gratiae
1387 3561 1655 3630 particeps
1699 3575 1842 3626 sum,
1886 3555 2020 3630 quid

432 3647 783 3720 blasphemor
825 3664 922 3720 pro
966 3667 1074 3722 quo
1111 3663 1209 3718 ego
1246 3644 1444 3716 gratias
1473 3661 1571 3714 ago
1597 3647 1624 3700 γ
1662 3669 1680 3691 ι
1736 3645 1800 3698 Id
1845 3652 1947 3708 est,
1977 3645 2024 3699 si

439 3751 537 3809 ego
567 3737 751 3809 gratiae
781 3738 879 3793 Dei
929 3734 1316 3796 communico;
1352 3730 1480 3802 quia
1507 3731 1566 3785 in
1605 3731 1775 3803 ipsius
1803 3731 2024 3788 nomine

430 3824 568 3883 edo:
593 3827 724 3900 quid
746 3843 882 3899 opus
911 3833 991 3881 est
1021 3820 1275 3890 arbitrari
1308 3817 1412 3876 hoc
1460 3819 1719 3892 aliquem,
1753 3820 1883 3892 quia
1927 3837 2023 3893 ego

443 3913 593 3970 idolo
635 3915 872 3971 devotus
927 3927 1070 3976 sum,
1107 3907 1239 3963 dum
1280 3923 1391 3964 non
1440 3908 1636 3964 horreo
1685 3925 1805 3982 quae
1843 3908 2024 3966 oblata

439 4010 569 4059 sunt
599 4004 769 4070 idolo,
788 4001 893 4056 hoc
920 3998 1384 4068 est,blasphemor?
1398 3999 1469 4054 Et
1496 4014 1580 4054 me
1605 4015 1732 4072 ergo
1762 3999 2026 4072 blasphe-

441 4103 574 4158 mat,
603 4099 658 4144 et
687 4091 782 4145 ille
804 4089 860 4142 in
883 4084 1053 4140 idolio
1073 4103 1172 4142 suo
1196 4087 1392 4159 gaudet
1416 4108 1429 4156 ;
1462 4089 1592 4145 dum
1614 4106 1698 4145 me
1729 4098 1883 4162 putat
1906 4107 2024 4162 par-

439 4178 683 4247 ticipem,
717 4175 880 4229 habet
927 4175 1263 4231 occasionem
1314 4178 1672 4247 permanendi
1717 4179 1773 4234 in
1818 4195 2020 4246 errore,

435 4273 490 4323 et
524 4262 786 4319 fratribus
829 4263 1028 4319 malum
1077 4263 1237 4319 datur
1281 4267 1616 4336 exemplum.
1648 4267 1782 4322 Nam
1814 4268 1860 4323 si
1889 4284 2020 4340 prae-

434 4363 654 4425 ceptum
699 4359 779 4415 est
830 4351 887 4407 in
942 4354 1054 4425 lege
1094 4363 1153 4410 ut
1203 4354 1312 4410 luci
1341 4365 1395 4410 et
1421 4371 1528 4409 arae
1563 4362 1615 4410 et
1645 4355 1794 4411 tituli
1823 4364 1878 4412 et
1907 4357 2022 4428 ipsa

434 4443 583 4499 idola
612 4439 1063 4512 confringantur;
1096 4441 1224 4498 vide
1257 4443 1304 4498 si
1333 4458 1444 4499 non
1485 4453 1764 4514 peccatum
1793 4453 1873 4500 est
1902 4462 2013 4503 non

439 4532 619 4587 solum
651 4529 767 4587 haec
793 4546 904 4585 non
935 4531 1131 4596 facere,
1161 4530 1255 4586 sed
1283 4538 1336 4586 et
1375 4530 1636 4589 interesse
1688 4535 1864 4605 epulis
1895 4535 2010 4591 hu-
2045 4531 2094 4589 D

428 4619 674 4693 jusmodi
704 4625 986 4693 propterea
1013 4619 1079 4678 de
1109 4617 1430 4679 sacriﬁcatis
1475 4636 1587 4676 non
1636 4622 1856 4695 expedit
1899 4622 2022 4679 ede-

429 4725 486 4766 re
527 4710 666 4783 (87).

504 4801 683 4873 (Vers.
717 4800 834 4871 31.)
876 4823 896 4848 ‹
925 4801 1054 4858 Sive
1077 4800 1248 4874 igitur
1277 4801 1460 4870 editis,
1491 4800 1607 4857 sive
1659 4800 1869 4871 bibitis,
1900 4803 2017 4860 sive

425 4889 559 4964 quid
591 4890 789 4958 facitis,
820 4891 1006 4945 omnia
1037 4891 1092 4945 in
1115 4890 1343 4962 gloriam
1367 4891 1520 4946 Dein
1565 4891 1666 4946 Per
1695 4890 1810 4947 haec
1829 4891 2014 4962 subje-

424 4985 510 5034 cta
532 4977 827 5033 declaravit
867 4978 925 5033 in
966 4978 1137 5036 idolio
1170 4979 1347 5048 edere,
1371 4979 1709 5053 quavislicet
1729 4981 2007 5036 conscien-

420 5067 522 5134 tia,
553 5065 839 5122 inimicum
869 5082 982 5122 esse
1039 5069 1177 5133 Deo;
1227 5068 1294 5124 ad
1343 5067 1696 5140 opprobrium
1728 5068 1876 5123 enim
1909 5071 2009 5125 Dei

423 5155 590 5211 unius
621 5155 736 5213 haec
767 5155 986 5214 diabolo
1015 5156 1360 5214 dedicantur.
1391 5157 1526 5212 Nam
1558 5157 1614 5211 in
1647 5158 1876 5229 gloriam
1911 5157 2010 5213 Dei

427 5245 585 5302 edere
615 5253 669 5301 et
697 5245 884 5302 bibere
931 5254 984 5302 et
1039 5247 1249 5320 aliquid
1299 5247 1494 5314 facere,
1525 5246 1630 5302 hoc
1676 5255 1777 5315 est,
1821 5254 1881 5302 ut
1909 5247 2010 5302 sub

425 5332 775 5393 invocatione
805 5333 1078 5395 Creatoris
1105 5351 1232 5392 cum
1264 5332 1532 5390 modestia
1562 5333 1884 5392 convivium
1911 5351 2011 5393 ce—

491 5515 606 5586 (86)
637 5517 736 5572 Ms.
771 5517 958 5585 Corb.,
985 5519 1121 5574 nihil
1149 5518 1509 5572 discernentes.

491 5586 608 5667 (_87)
643 5588 790 5667 Idem
823 5588 945 5667 cod.
979 5588 1164 5655 Corb.,
1199 5605 1307 5667 non
1347 5589 1517 5667 solum
1555 5589 1660 5645 haec
1697 5589 1890 5667 facere,
1920 5591 2011 5650 sed

420 5662 472 5722 et
496 5657 559 5715 de
586 5658 901 5731 sacriﬁculi:
928 5673 1036 5717 non
1062 5658 1273 5736 expedit
1299 5658 1464 5720 edere.

2137 3291 2250 3363 18).
2281 3317 2299 3340 ι
2331 3293 2402 3346 Et
2430 3291 2560 3363 quia
2587 3290 2739 3362 digni
2774 3290 3076 3347 imitatores
3102 3291 3218 3363 ejus
3247 3302 3422 3362 erant,
3455 3295 3713 3366 subjecit:

2147 3403 2167 3427 ι
2193 3380 2266 3436 Et
2290 3396 2388 3451 pro
2417 3380 2496 3434 eis
2523 3379 2878 3435 sanctiﬁcabo
2895 3395 2981 3435 me
3007 3380 3186 3451 ipsum
3219 3381 3382 3452 (Ibid.
3409 3383 3524 3453 19).
3560 3407 3578 3428 ι

2206 3470 2384 3543 (Vers.
2417 3470 2496 3542 2.)
2542 3494 2561 3517 ι
2591 3470 2776 3526 Laudo
2821 3477 3003 3526 autem
3034 3486 3150 3538 vos,
3184 3471 3397 3541 fratres,
3430 3472 3578 3546 quod
3606 3490 3718 3530 om-

2133 3559 2226 3614 nia
2244 3575 2364 3614 mea
2384 3560 2644 3615 memoria
2673 3558 2940 3627 retinetis,
2972 3567 3025 3614 et
3056 3560 3330 3632 quomodo
3359 3561 3567 3632 ubique
3598 3569 3721 3616 tra-

2129 3645 2220 3714 do,
2249 3646 2570 3709 traditiones
2608 3663 2753 3703 meas
2782 3646 2997 3704 tenetis.
3027 3670 3049 3696 »
3093 3649 3384 3721 Postquam
3446 3665 3628 3705 mores
3669 3657 3722 3705 et

2132 3736 2600 3791 conversationem
2675 3735 2897 3791 illorum
2953 3737 3153 3808 arguit,
3210 3752 3355 3792 nunc
3399 3736 3721 3794 traditiones

2132 3823 2253 3878 vult
2279 3824 2568 3895 corrigere.
2593 3823 2720 3880 Ideo
2751 3839 2862 3879 non
2892 3823 2996 3880 hoc
3023 3823 3331 3892 conﬁrmat,
3369 3824 3464 3879 sed
3494 3841 3718 3881 succen-

2132 3923 2213 3972 set
2237 3915 2342 3982 eis;
2375 3916 2501 3988 quia
2531 3932 2655 3972 cum
2677 3922 2818 3972 esset
2847 3916 3125 3987 apostolus
3167 3931 3378 3983 eorum,
3413 3915 3723 3972 immemo-

2131 4021 2216 4061 res
2232 4015 2385 4061 erant
2415 4005 2774 4062 traditionum
2801 4005 2917 4078 ejus
2951 4022 2963 4060 :
2999 4021 3173 4077 neque
3213 4004 3358 4078 quod
3387 4005 3570 4064 adhuc
3604 4024 3719 4065 non

2130 4093 2456 4162 didicerant,
2487 4111 2554 4149 ex
2595 4094 2825 4149 aliarum
2873 4093 3240 4148 Ecclesiarum
3291 4092 3591 4150 traditione
3626 4112 3724 4151 se-

2131 4182 2440 4255 quebantur
2468 4181 2583 4255 (88)
2609 4200 2623 4250 ;
2649 4199 2711 4241 ac
2741 4198 2836 4257 per
2851 4181 2955 4238 hoc
2984 4180 3138 4256 quasi
3171 4181 3389 4237 noviter
3416 4183 3588 4240 tradit
3606 4184 3724 4241 illis

2131 4270 2318 4326 dicens
2351 4289 2362 4327 :
3595 4319 3608 4327 .

2208 4359 2389 4429 (Vers.
2424 4359 2503 4433 3.)
2543 4385 2562 4409 ι
2601 4360 2743 4418 Volo
2773 4377 2870 4417 vos
2893 4359 3031 4416 scire
3060 4358 3188 4433 quia
3214 4359 3392 4416 omnis
3417 4361 3527 4416 viri
3555 4371 3723 4434 caput

2129 4446 2382 4505 Christus
2439 4457 2538 4506 est.
2572 4475 2591 4499 ι
2630 4450 2715 4506 Ad
2741 4451 3119 4507 auctoritatem
3142 4449 3369 4518 retulit;
3402 4451 3532 4522 quia
3552 4451 3720 4507 homo

2129 4557 2162 4596 a
2210 4543 2323 4598 Deo
2373 4541 2615 4615 quidem,
2661 4543 2755 4598 sed
2803 4559 2899 4615 per
2927 4542 3230 4600 Christum.
3278 4565 3296 4590 σ
3329 4541 3506 4613 Caput
3533 4550 3717 4596 autem

2125 4629 2376 4686 mulieris
2400 4631 2504 4687 vir.
2538 4657 2556 4680 ι
2599 4631 2740 4698 Quia
2769 4633 3019 4704 quamvis
3062 4641 3116 4688 et
3167 4632 3367 4687 mulier
3413 4648 3511 4704 per
3563 4632 3720 4689 Chri-

2124 4728 2291 4789 stum,
2326 4719 2392 4776 de
2420 4721 2541 4776 viro
2571 4729 2753 4777 tamen
2793 4721 2935 4777 facta
2982 4729 3082 4790 est,
3124 4738 3187 4777 ac
3229 4738 3325 4793 per
3360 4721 3466 4779 hoc
3493 4721 3720 4794 subjici-

2123 4816 2215 4864 tur
2258 4808 2398 4865 viro.
2470 4833 2488 4855 σ
2525 4809 2698 4881 Caput
2751 4817 2930 4864 autem
2981 4809 3186 4865 Christi
3214 4811 3378 4865 Deus.
3413 4835 3432 4858 ι
3471 4810 3716 4882 Dignum

2123 4905 2204 4952 est
2228 4905 2286 4953 ut
2314 4897 2416 4953 lilii
2448 4905 2609 4970 caput
2639 4899 2796 4954 Pater
2826 4899 3041 4955 dicatur
3091 4898 3245 4970 quasi
3306 4899 3521 4970 genitor
3571 4897 3712 4970 ejus.

2122 4985 2300 5040 Aliter
2346 4993 2527 5041 tamen
2575 4994 2738 5058 caput
2781 4986 2886 5041 viri
2943 4985 3198 5044 Christus
3227 4993 3327 5052 est,
3359 4992 3412 5040 et
3439 4984 3603 5039 aliter
3630 4985 3718 5040 vir

2122 5073 2450 5141 mulieris,et
2480 5074 2640 5130 aliter
2666 5078 2810 5131 Deus
2841 5083 3004 5146 caput
3034 5072 3238 5130 Christi
3283 5079 3382 5128 est.
3427 5073 3575 5127 Deus
3622 5090 3715 5129 au-

2120 5169 2229 5218 tem
2259 5162 2382 5218 ideo
2407 5171 2569 5235 caput
2596 5163 2800 5220 Christi
2832 5170 2933 5229 est,
2984 5161 3112 5234 quia
3139 5159 3206 5216 de
3252 5176 3316 5215 eo
3363 5161 3450 5215 vel
3495 5161 3565 5216 ab
3596 5162 3714 5233 ipso

2120 5252 2336 5323 genitus
2384 5259 2483 5308 est.
2515 5250 2762 5310 Mulieris
2811 5263 2941 5304 vero
2995 5257 3160 5321 caput
3207 5246 3414 5303 idcirco
3461 5248 3552 5304 vir
3611 5256 3712 5318 est,

2120 5340 2248 5414 quia
2277 5355 2347 5396 ex
2371 5339 2489 5412 ejus
2518 5347 2668 5397 costa
2693 5339 2793 5397 Dei
2823 5337 3029 5396 virtute
3057 5336 3291 5393 formata
3333 5344 3416 5392 est
3447 5337 3606 5408 (Gen.
3649 5354 3712 5405 ιι,

2191 5517 2308 5590 (88)
2342 5517 2502 5590 Corb,
2536 5517 2682 5585 cod.,
2726 5517 2813 5576 sed
2859 5517 3098 5574 aliarum
3123 5511 3489 5570 Ecclesiarum
3531 5511 3714 5575 tradi-

2120 5589 2309 5647 tionem
2334 5589 2698 5666 sequebantur,
