3952 6202
191 346 298 409 253

1284 349 1644 409 COMMENT.
1686 351 1758 407 IN
1793 352 2009 409 EPIST.
2046 354 2071 408 Ι
2106 354 2200 409 ΑΙ)
2237 354 2392 412 COR.

2825 321 2835 325 -
2902 319 2963 338 γ(

3376 361 3480 421 254

191 478 305 549 21).
344 474 595 534 Christus
642 481 822 531 autem
870 473 996 532 ideo
1039 486 1201 549 caput
1245 477 1353 534 viri
1389 486 1490 547 est,
1534 478 1662 551 quia
1683 495 1779 551 per
1805 486 2126 552 Ascopum,
2178 481 2308 554 quia
2358 481 2591 540 vicarius
2622 484 2848 542 Domini
2885 494 2987 556 est,
3028 495 3248 562 propter
3294 491 3480 548 reatu!

193 566 367 638 ipsum
402 582 528 622 cum
560 580 671 621 non
702 573 863 630 esset,
906 573 1119 621 creatus
1156 574 1257 622 est.
1312 567 1429 623 Una
1457 583 1582 639 ergo
1611 567 1781 624 dictio

192 654 460 712 diversam
518 654 685 711 habet
736 654 1199 727 intelligentiam;
1261 656 1389 729 quia
1443 664 1498 713 et
1543 673 1782 729 personas

193 743 500 816 discrepant
528 751 582 798 et
613 742 958 799 substantias.

265 833 445 904 (Vers.
476 831 556 903 4.)
605 856 623 879 ε
654 831 848 887 Omnis
880 832 969 886 vir
992 847 1152 887 orans
1188 840 1281 888 aut
1322 830 1654 904 prophetans
1679 848 1785 888 ve—

192 918 302 975 lato
329 919 508 991 capite
551 918 807 990 deturpat
851 930 1014 990 caput
1042 935 1221 975 suum.
1254 945 1273 967 -
1317 920 1482 976 Orare
1510 919 1646 976 dicit
1681 919 1785 976 de—

191 1008 399 1079 precari
435 1026 447 1063 :
483 1006 802 1079 prophetare
838 1015 1017 1062 autem
1062 1007 1356 1063 adventum
1403 1007 1519 1063 fore
1561 1007 1785 1065 Domini

192 1111 330 1153 voce
360 1112 476 1169 syu:
489 1097 602 1153 boli
632 1105 752 1168 post
776 1097 1074 1153 orationem
1105 1097 1276 1152 eﬂ‘ari.

268 1185 450 1256 (Vers.
486 1185 542 1252 5,
573 1184 627 1251 6,
660 1185 737 1257 7.)
782 1184 976 1240 Omnis
1022 1194 1202 1240 autem
1254 1185 1453 1240 mulier
1489 1200 1650 1241 orans
1690 1190 1785 1242 aut

193 1277 525 1350 prophetans
582 1292 693 1332 non
750 1278 929 1333 velato
995 1278 1194 1350 capite,
1265 1277 1556 1335 confundit
1623 1285 1786 1349 caput

191 1387 350 1428 suum
375 1391 388 1441 ;
421 1388 591 1428 unum
621 1380 701 1428 est
729 1373 884 1429 enim
910 1383 1073 1447 atque
1102 1376 1364 1447 idipsum,
1416 1384 1478 1432 ut
1523 1374 1786 1432 decalva—

191 1469 301 1519 tur.
346 1462 403 1518 Si
447 1471 628 1519 autem
684 1478 794 1518 non
840 1464 1056 1519 velatur
1104 1465 1321 1532 mulier,
1366 1462 1705 1520 tondeatur:
1739 1463 1787 1519 si

193 1560 372 1608 autem
403 1558 561 1622 turpe
595 1558 677 1608 est
707 1551 930 1606 mulieri
960 1551 1177 1607 tonderi
1199 1562 1292 1608 aut
1319 1552 1612 1619 decalveri,
1643 1553 1789 1609 velet

190 1649 373 1712 caput.
417 1639 519 1696 Vir
562 1639 854 1695 enimnon
895 1639 1057 1696 debet
1094 1640 1273 1695 velare
1319 1647 1500 1712 caput,
1549 1656 1671 1696 cum
1717 1641 1789 1697 sit

191 1726 374 1800 imago
403 1737 457 1785 et
485 1728 659 1801 gloria
701 1727 819 1784 Dei.
852 1752 870 1775 ι
932 1728 1196 1795 Quamvis
1245 1744 1353 1784 una
1386 1727 1688 1783 substantia
1713 1727 1788 1785 sit

191 1823 249 1872 et
276 1816 366 1871 vir
393 1824 447 1872 et
478 1816 699 1884 mulier,
730 1824 910 1872 tamen
940 1816 1070 1888 quia
1100 1816 1187 1871 vir
1215 1825 1377 1888 caput
1404 1826 1487 1873 est
1516 1816 1783 1885 mulieris,
1809 1858 1855 1917 B

192 1904 607 1977 anteponendus
636 1904 902 1971 traditur;
948 1913 1009 1960 ut
1039 1921 1134 1976 per
1160 1921 1378 1961 causam
1426 1913 1479 1961 et
1516 1906 1783 1961 rationem

190 1994 371 2066 major
396 1995 485 2062 sit,
531 2012 642 2051 non
683 2011 777 2067 per
818 1995 1201 2052 substantiam.
1233 1996 1469 2052 Inferior
1496 2013 1622 2068 ergo
1653 2012 1785 2051 mu-

191 2083 298 2140 lier
324 2086 448 2141 viro
477 2093 578 2153 est,
611 2086 789 2157 portio
836 2086 983 2142 enim
1030 2086 1146 2158 ejus
1181 2096 1295 2156 est;
1329 2089 1459 2161 quia
1485 2087 1638 2157 origo
1668 2103 1784 2143 mu-

192 2172 347 2228 lieris
376 2174 466 2226 vir
494 2179 577 2227 est
610 2189 623 2227 :
655 2187 724 2227 ex
752 2189 817 2227 eo
841 2173 987 2228 enim
1025 2182 1125 2241 est,
1165 2191 1227 2231 ac
1274 2191 1368 2246 per
1412 2174 1518 2230 hoc
1546 2174 1787 2229 obnoxia

190 2259 419 2316 videtur
449 2259 649 2314 mulier
695 2259 836 2324 viro,
884 2268 946 2314 ut
986 2261 1214 2332 imperio
1261 2261 1378 2333 ejus
1424 2261 1666 2332 subjecta
1690 2262 1782 2318 sit.

191 2348 687 2406 Honoriﬁcentiam
730 2356 783 2405 et
820 2347 1143 2420 dignitatem
1173 2353 1278 2406 viri
1307 2352 1524 2408 obstare
1551 2352 1687 2408 dicit
1719 2367 1787 2408 ne

193 2442 346 2497 velet
392 2449 585 2513 caput;
631 2441 810 2512 imago
854 2439 998 2496 enim
1063 2442 1158 2497 Dei
1210 2442 1570 2513 incongruum
1620 2450 1700 2496 est
1729 2449 1791 2497 ut

190 2528 403 2586 celetur
430 2546 443 2583 :
489 2527 749 2584 abscondi
781 2527 929 2584 enim
959 2543 1071 2584 non
1100 2527 1283 2599 debet,
1312 2529 1413 2585 Dei
1442 2528 1589 2584 enim
1620 2526 1792 2600 gloria

192 2619 419 2677 videtur
446 2619 503 2675 in
533 2619 675 2677 viro.

279 2733 300 2755 ι
327 2709 528 2766 Mulier
555 2716 735 2764 autem
779 2711 954 2782 gloria
991 2710 1099 2767 viri
1129 2719 1231 2767 est.
1263 2733 1283 2757 ι
1342 2708 1578 2765 Multum
1623 2706 1790 2763 distat

194 2798 341 2854 inter
378 2798 602 2870 gloriam
628 2798 726 2854 Dei
759 2808 812 2856 et
839 2800 1065 2872 gloriam
1096 2798 1200 2854 viri
1225 2816 1241 2866 ;
1275 2798 1362 2853 vir
1379 2796 1530 2852 enim
1559 2796 1626 2851 ad
1656 2794 1787 2849 ima-

196 2885 379 2957 ginem
411 2884 510 2941 Dei
539 2884 717 2941 factus
744 2893 842 2953 est,
876 2901 987 2941 non
1018 2886 1235 2940 mulier.
1259 2885 1384 2939 Haec
1399 2890 1579 2938 autem
1611 2882 1788 2953 imago

194 2976 296 3032 Dei
329 2976 386 3031 in
417 2976 558 3043 viro,
587 2975 714 3048 quia
752 2991 896 3031 unus
932 2978 1075 3033 Deus
1105 2992 1278 3031 unum
1308 2975 1440 3031 fecit
1468 2971 1785 3050 hominem;

194 3069 262 3118 ut
290 3062 436 3119 sicut
463 3062 532 3118 ab
552 3079 664 3119 uno
690 3065 803 3119 Deo
828 3071 956 3119 sunt
987 3064 1192 3131 omnia,
1225 3063 1301 3118 ita
1319 3068 1497 3118 essent
1512 3069 1566 3115 et
1592 3060 1661 3116 ab
1678 3075 1789 3115 uno

191 3148 420 3204 homine
459 3165 649 3205 omnes
695 3149 965 3217 homines,
1015 3157 1076 3205 ut
1116 3151 1280 3205 unius
1320 3149 1420 3204 Dei
1469 3147 1789 3216 invisibilis,

189 3235 361 3291 unius
391 3234 558 3292 homo
591 3236 830 3292 visibilis
859 3235 1154 3307 imaginem
1184 3235 1408 3290 haberet
1427 3236 1485 3289 in
1512 3237 1694 3301 terris,
1726 3242 1790 3289 ut

188 3339 341 3380 unus
368 3324 518 3379 Deus
562 3322 621 3378 in
669 3338 781 3378 uno
826 3322 1049 3378 homine
1095 3321 1374 3378 videretur
1413 3321 1789 3377 auctoritatem

185 3413 365 3470 unius
395 3410 659 3483 principii
691 3426 1036 3480 conservare,
1067 3410 1137 3466 ad
1163 3410 1539 3466 confusionem
1562 3407 1789 3476 diaboli,

186 3502 290 3577 qui
321 3499 452 3567 sibi,
480 3499 728 3571 neglecto
747 3514 859 3554 uno
883 3501 1015 3566 Deo,
1038 3498 1347 3554 dominium
1368 3505 1421 3554 et
1442 3497 1789 3554 divinitatem

187 3590 346 3646 volui
388 3604 672 3660 usurpare.
707 3587 866 3655 Quod
910 3586 1177 3659 propheta
1217 3586 1469 3642 Ezechiel
1518 3586 1789 3659 significat

190 3677 413 3750 (Ezech.
446 3692 649 3745 xxvm,
681 3676 793 3746 t6),
829 3683 883 3731 et
924 3677 1223 3746 Apostolus
1269 3673 1435 3743 idem,
1468 3674 1545 3729 ait
1588 3674 1736 3730 enim
1770 3692 1783 3730 :

205 3789 228 3815 ι
256 3765 336 3820 Ita
365 3771 428 3819 ut
458 3764 514 3819 in
545 3763 750 3836 templo
778 3763 876 3819 Dei
906 3762 1112 3833 sedeat,
1137 3761 1429 3819 ostendens
1455 3777 1513 3818 se
1541 3763 1695 3835 quasi
1714 3761 1788 3819 sit

189 3856 340 3912 Deus
371 3855 459 3926 (II
491 3856 664 3910 Thess.
698 3870 762 3922 ιι,
792 3853 871 3926 4).
903 3878 922 3902 ι

267 3943 447 4012 (Vers.
478 3942 533 4010 8,
562 3943 614 4010 9,
649 3941 760 4011 10.)
816 3964 835 3988 ι
864 3942 984 3999 Νοιι
1025 3950 1111 3999 est
1142 3941 1290 3998 enim
1322 3941 1410 3997 vir
1437 3957 1507 3998 ex
1532 3940 1782 4011 muliere,

190 4029 290 4086 sed
320 4029 518 4085 mulier
560 4046 628 4085 ex
655 4029 775 4085 viro
809 4047 821 4085 :
874 4039 928 4087 et
974 4031 1121 4087 enim
1169 4047 1280 4087 non
1322 4038 1401 4086 est
1442 4039 1654 4087 creatus
1700 4029 1786 4085 vir

197 4126 425 4191 propter
455 4117 760 4185 mulierem,
791 4117 886 4173 sed
914 4119 1113 4174 mulier
1157 4126 1378 4191 propter
1408 4119 1611 4174 virum.
1644 4119 1787 4173 Pro-

193 4213 381 4278 pterea
414 4205 574 4261 debet
606 4206 802 4262 mulier
832 4215 1148 4278 potestatem
1179 4205 1377 4261 habere
1427 4222 1588 4276 supra
1623 4213 1786 4277 caput

191 4294 359 4349 etiam
395 4302 617 4365 propter
644 4294 883 4365 angelos.
909 4319 927 4342 ι
959 4294 1288 4349 Potestatem
1318 4293 1563 4347 velamen
1581 4291 1784 4361 signiﬁ-

192 4384 361 4451 cavit,
421 4384 644 4452 angelos
699 4396 981 4452 eptscopos
1034 4380 1193 4447 dicit,
1256 4380 1397 4436 sicut
1454 4381 1677 4437 docetur
1727 4379 1786 4435 in

193 4470 537 4543 Apocalypsi
584 4468 806 4524 Joannis
838 4470 1025 4539 (Apoc.
1072 4484 1135 4536 ιι,
1186 4468 1211 4522 1
1245 4471 1397 4540 seq.).
1431 4470 1503 4525 Et
1530 4469 1657 4542 quia
1683 4467 1785 4525 uti-

194 4576 298 4633 que
332 4557 589 4616 homines
626 4564 775 4629 sunt,
823 4556 969 4629 quod
1017 4572 1128 4612 non
1174 4558 1507 4629 corriperent
1551 4558 1784 4630 plebem,
1815 4554 1864 4613 D
1896 4580 2070 4637 neque
2121 4565 2362 4623 Ecclesia
2411 4567 2530 4637 Dei,

197 4655 339 4711 148
379 4657 686 4720 arguuntur
716 4665 727 4703 :
761 4656 814 4703 et
843 4647 989 4721 quod
1030 4655 1240 4703 rectum
1287 4656 1369 4703 est
1406 4650 1465 4704 in
1494 4649 1625 4716 illis,
1659 4649 1787 4704 lau-

194 4744 377 4802 datur.
407 4743 609 4801 Mulier
630 4758 758 4814 ergo
789 4741 881 4813 (33
896 4751 1088 4816 quaest.
1118 4745 1174 4812 5,
1196 4761 1314 4817 cap.
1336 4745 1555 4816 Mulier)
1580 4743 1786 4801 idcirco

195 4833 357 4892 debet
382 4834 563 4890 velare
591 4840 773 4905 caput,
805 4833 930 4906 quia
958 4849 1069 4889 non
1099 4842 1179 4889 est
1221 4835 1397 4906 imago
1442 4834 1563 4901 Dei,
1608 4834 1701 4890 sed
1724 4841 1785 4890 ut

194 4922 516 4982 ostendatur
543 4922 822 4993 subjecta;
855 4931 908 4979 et
937 4922 1066 4995 quia
1094 4923 1467 4994 praevaricatio
1497 4938 1593 4994 per
1632 4924 1783 4980 illam

192 5012 453 5071 inchoata
490 5021 589 5079 est,
620 5011 724 5067 hoc
751 5012 967 5083 signum
990 5011 1151 5068 debet
1180 5011 1409 5078 habere;
1435 5019 1496 5066 ut
1515 5010 1575 5065 in
1595 5010 1781 5066 Eccle-

191 5100 278 5159 sia
330 5110 551 5174 propter
604 5101 962 5157 reverentiam
1020 5100 1380 5173 episcopalem
1432 5112 1545 5153 non
1591 5096 1787 5154 habeat

194 5197 364 5263 caput
392 5190 646 5257 liberum,
694 5188 789 5245 sed
833 5189 1106 5245 velamine
1146 5195 1350 5244 tectum
1385 5204 1396 5241 :
1444 5200 1546 5240 nec
1590 5183 1786 5240 haheat

195 5288 519 5355 potestatem
550 5277 838 5352 loquendi;
870 5278 999 5349 quia
1032 5277 1318 5348 episcopus
1360 5288 1645 5345 personam
1677 5271 1786 5327 ha—

191 5364 288 5432 bet
314 5367 545 5427 Christi.
577 5366 742 5437 Quasi
771 5382 896 5442 ergo
925 5372 1051 5423 ante
1071 5364 1339 5438 judicem,
1383 5360 1464 5418 sic
1490 5368 1616 5417 ante
1661 5360 1788 5433 epi—

235 5533 385 5616 _(8_9)
413 5531 708 5589 Gratianus
735 5530 796 5587 in
831 5529 1069 5598 decreto,
1111 5532 1333 5600 propter
1372 5532 1641 5599 peccat-um
1667 5527 1788 5583 ori-

420 5675 527 5736 Ms.
578 5674 768 5741 Corb.,
826 5674 922 5733 Ubi
963 5672 1100 5729 enim
1140 5670 1391 5728 dissensio
1432 5675 1526 5738 est,
1553 5668 1791 5742 primum

1889 570 2157 642 originem
2190 570 2304 641 (89)
2338 570 2580 642 subjecta
2610 574 2770 633 debet
2798 575 2997 634 videri.

1964 659 2146 731 (Vers.
2181 659 2294 731 11.)
2338 683 2356 705 κ
2383 661 2771 720 Verumtamen
2802 683 2979 739 neque
3013 667 3211 724 mulier
3236 668 3354 724 sine
3380 668 3479 725 vi-

1890 764 1975 816 ro,
2005 763 2180 820 neque
2227 748 2314 803 vir
2357 749 2475 805 sine
2516 752 2740 808 muliere
2786 754 2844 809 in
2891 756 3146 813 Domino.
3179 781 3199 805 ι
3255 757 3382 813 Ideo
3418 758 3508 814 in

1890 838 2131 906 Domine,
2162 837 2292 910 quia
2332 839 2478 895 Deus
2527 855 2597 895 ex
2642 857 2753 897 uno
2788 842 2921 898 fecit
2965 844 3153 901 ambos
3180 851 3235 901 et
3262 860 3476 913 unum;

1848 984 1852 988 Α
1891 942 2001 981 una
2032 926 2179 981 enim
2207 942 2333 983 caro
2379 937 2434 984 et
2472 944 2645 984 unum
2693 947 2892 1002 corpus
2940 940 3066 987 sunt
3114 933 3169 987 in
3217 934 3476 1010 Domino,

1892 1015 1999 1074 hoc
2028 1023 2128 1084 est,
2161 1016 2459 1072 secundum
2491 1018 2809 1086 Dominum,
2849 1019 2945 1090 qui
2974 1022 3197 1076 creavit.
3231 1020 3476 1092 Denique

1893 1105 1987 1177 qui
2011 1121 2123 1161 non
2151 1105 2382 1162 credunt
2410 1107 2694 1162 mulierem
2726 1107 2793 1163 de
2813 1108 2937 1164 viro
2957 1116 3254 1180 sumptam,
3279 1109 3338 1164 hi
3365 1109 3482 1163 sine

1892 1194 2150 1261 Domino,
2181 1195 2268 1250 vel
2303 1211 2415 1250 non
2445 1196 2747 1252 secundum
2777 1197 3081 1253 Dominum
3116 1198 3346 1255 credunt
3373 1197 3484 1252 ho~

1893 1285 2105 1340 minum
2127 1284 2416 1354 originem.

1966 1373 2147 1443 (Vera.
2182 1372 2296 1443 12.)
2333 1395 2353 1420 α
2382 1374 2518 1430 Nam
2571 1376 2715 1433 sicut
2763 1377 2965 1434 mulier
3010 1379 3078 1435 de
3118 1380 3262 1449 viro,
3312 1378 3389 1436 ita
3431 1390 3485 1442 et

1894 1460 1981 1517 vir
2008 1477 2104 1533 per
2130 1462 2437 1519 mulierem.
2468 1487 2487 1511 ι
2531 1464 2648 1522 Hoc
2674 1464 2935 1535 ﬁrmavit,
2967 1468 3116 1542 quod
3141 1467 3322 1534 dixit;
3356 1468 3485 1539 quia

1895 1551 2057 1607 ambo
2083 1568 2257 1608 unum
2295 1559 2425 1608 sunt
2470 1553 2529 1609 in
2568 1563 2783 1624 natura,
2828 1563 2990 1629 atque
3031 1556 3184 1629 origo
3235 1554 3487 1611 mulieris

1895 1641 1984 1697 vir
2011 1649 2111 1705 est,
2140 1642 2285 1698 sicut
2331 1642 2530 1714 legitur
2577 1643 2635 1699 in
2682 1645 2878 1702 Genesi
2925 1646 3131 1702 factum
3173 1652 3205 1701 a
3251 1644 3485 1702 Domino

1896 1731 2150 1789 Creatore
2182 1733 2336 1802 (Gen.
2376 1749 2435 1799 ιι,
2477 1732 2591 1801 22).
2651 1757 2670 1780 ε
2711 1734 2909 1790 Omnia
2952 1742 3131 1791 autem
3174 1750 3244 1789 ex
3291 1735 3423 1789 Deo.
3451 1757 3472 1782 ι

1893 1820 2184 1893 Postquam
2211 1819 2478 1891 gradatim
2516 1820 2772 1892 exposuit
2806 1821 3040 1893 singula,
3067 1831 3128 1878 ut
3157 1820 3343 1879 omnia
3372 1823 3484 1877 Deo

1894 1907 2204 1979 subjiceret,
2235 1924 2404 1964 unum
2434 1924 2658 1964 servans
2683 1908 3036 1981 principium,
3065 1909 3145 1965 ait
3172 1928 3184 1964 ε
3230 1933 3249 1955 ε
3282 1907 3483 1964 Omnia

1894 2006 2072 2054 autem
2100 2012 2172 2052 ex
2201 1997 2312 2052 Deo
2337 2014 2351 2063 ;
2382 2021 2400 2044 ι
2444 2003 2506 2052 ut
2538 2012 2713 2069 neque
2741 1996 2940 2053 mulier
2984 1996 3344 2068 subjectionis
3371 2012 3482 2052 suae

1894 2102 2052 2143 causa
2088 2087 2522 2154 contristaretur,
2568 2101 2746 2159 neque
2778 2084 2868 2142 vir
2895 2087 3054 2159 quasi
3079 2086 3349 2143 exaltatus
3379 2102 3482 2142 su-

1893 2174 2151 2247 perbiret.

1969 2262 2148 2332 (Vers.
2191 2263 2304 2334 13.)
2350 2286 2370 2310 σ
2398 2265 2512 2321 Vos
2565 2263 2669 2336 ipsi
2710 2263 2955 2336 judicate
2988 2282 3001 2321 :
3038 2266 3262 2323 decetne
3289 2266 3481 2321 mulie-

1897 2365 2010 2404 rem
2067 2367 2175 2406 non
2230 2352 2466 2407 velatam
2542 2369 2696 2408 orare
2746 2354 2966 2410 Deum?
2995 2379 3014 2401 ι
3058 2355 3198 2411 Hinc
3230 2362 3312 2410 est
3338 2352 3482 2409 unde

1898 2437 2146 2508 superius
2168 2438 2280 2494 illis
2294 2455 2389 2510 per
2410 2439 2646 2495 ironiam
2670 2449 2971 2509 succenset,
2994 2442 3213 2498 dicens:
3251 2464 3269 2488 ι
3296 2441 3481 2497 Laudo

1901 2524 2031 2595 quia
2053 2526 2237 2582 omnia
2264 2544 2383 2583 mea
2414 2528 2679 2583 memoria
2704 2529 2953 2585 retinetis
2971 2548 2983 2586 :
3003 2537 3057 2585 et
3075 2528 3349 2602 quomodo
3365 2529 3483 2586 ubi.

1900 2627 2007 2684 que
2036 2610 2210 2679 trado,
2241 2613 2563 2671 traditiones
2588 2632 2734 2671 meas
2751 2617 2946 2672 tenetis
2964 2618 3174 2688 (supra,
3192 2633 3333 2673 vers.
3351 2616 3431 2687 2).
3450 2639 3470 2664 ι

1900 2697 2037 2756 Cum
2066 2699 2213 2756 enim
2268 2700 2384 2757 haec
2427 2711 2566 2758 esset
2606 2703 2920 2760 traditionis
2969 2704 3130 2772 ratio,
3182 2713 3244 2759 ut
3294 2704 3484 2760 velatas

1899 2798 2075 2848 essent
2130 2792 2389 2847 mulieres
2436 2794 2493 2848 in
2544 2793 2793 2861 ecclesia,
2849 2793 2932 2848 illi
2983 2803 3172 2850 contra
3224 2794 3485 2849 revelatas

1900 2895 1988 2935 eas
2018 2880 2074 2935 in
2105 2880 2330 2935 ecclesia
2360 2881 2728 2953 patiebantur.
2782 2880 3018 2954 Ideoque
3058 2882 3172 2953 jam
3222 2898 3332 2937 non
3376 2898 3486 2938 au-

1899 2970 2148 3024 ctoritate
2203 2968 2537 3038 traditionis,
2599 2987 2761 3043 quam
2813 2972 3186 3042 neglexerant,
3243 2969 3337 3027 sed
3389 2986 3484 3043 per

1898 3055 2069 3128 ipsam
2088 3066 2336 3114 naturam
2358 3058 2584 3115 suadere
2606 3058 2717 3114 illis
2731 3057 2931 3115 nititur
2951 3058 3233 3116 veritatem
3253 3057 3442 3115 dicens
3463 3077 3476 3116 :

1971 3144 2151 3211 (Vers.
2186 3144 2272 3213 14,
2306 3146 2418 3215 15).
2464 3169 2484 3193 ε
2510 3147 2621 3203 Nec
2659 3147 2776 3217 ipsa
2804 3153 3002 3201 natura
3032 3144 3190 3201 docet
3218 3162 3317 3201 vos
3353 3146 3483 3217 quia

1898 3231 1987 3287 vir
2042 3232 2283 3304 quidem,
2356 3231 2402 3288 si
2461 3249 2673 3289 comam
2712 3233 2988 3299 habuerit,
3045 3234 3347 3303 ignominia
3401 3242 3484 3290 est

1899 3317 2037 3374 illi?
2068 3343 2086 3367 ι
2128 3320 2242 3376 Hoc
2268 3319 2568 3376 secundum
2599 3321 2771 3391 legem
2823 3321 3037 3376 locutus
3078 3327 3189 3386 est;
3233 3318 3484 3391 prohibet

1901 3408 2047 3464 enim
2080 3424 2260 3463 virum
2288 3423 2405 3464 esse
2453 3418 2727 3465 comatum
2768 3409 2956 3481 (Lavit.
2999 3425 3118 3476 xxx,
3148 3409 3263 3479 27).
3311 3432 3330 3456 ι
3354 3408 3485 3465 Mu-

1900 3496 2003 3552 lier
2029 3505 2208 3554 autem
2235 3515 2281 3553 si
2307 3514 2515 3555 comam
2549 3498 2818 3566 habuerit,
2869 3498 3041 3571 gloria
3074 3506 3155 3555 est
3184 3498 3267 3554 illi
3292 3516 3306 3566 ;
3335 3514 3483 3571 quo—

1899 3585 2046 3641 niam
2078 3602 2232 3642 coma
2266 3603 2364 3658 pro
2404 3587 2676 3643 velamine
2704 3587 2829 3644 data
2858 3595 2941 3643 est
2967 3588 3038 3643 ei.
3093 3611 3114 3636 σ
3150 3587 3482 3645 Naturaliter

1897 3672 2004 3731 hoc
2028 3673 2316 3730 honestum
2364 3682 2417 3731 et
2456 3676 2844 3747 propemodum
2878 3674 3158 3733 decretum
3191 3676 3313 3731 vult
3341 3690 3475 3745 esse,

1894 3769 1957 3823 ut
2016 3762 2193 3819 velata
2238 3763 2434 3819 mulier
2478 3763 2795 3834 satisfaciat,
2852 3772 2907 3820 et
2949 3765 3149 3837 gratias
3184 3772 3304 3837 agat
3340 3766 3480 3843 Deo.

1896 3851 2062 3912 Coma
2111 3870 2238 3926 ergo
2268 3855 2534 3912 indicium
2568 3857 2860 3912 velaminis
2882 3864 2984 3923 est,
3043 3863 3106 3910 ut
3162 3863 3373 3911 natura!
3424 3863 3481 3912 et

1895 3943 2151 3999 voluntas
2176 3942 2425 4000 addatur.
2460 3944 2705 4016 Denique
2738 3944 2893 3999 nulla
2941 3941 3139 3997 mulier
3174 3940 3338 3998 etiam
3384 3956 3481 3999 ιθ·-

1893 4033 2073 4088 velata
2100 4032 2215 4087 adit
2246 4040 2562 4103 potestatem
2575 4074 2588 4088 .

1966 4120 2148 4189 (Vers.
2185 4120 2301 4190 16.)
2349 4146 2368 4168 ι
2390 4120 2446 4175 Si
2491 4120 2614 4191 quis
2633 4127 2815 4176 autem
2852 4120 3072 4178 videtur
3108 4121 3480 4179 contentiosus

1896 4223 2032 4275 esse,
2065 4223 2163 4262 nos
2188 4209 2350 4262 talem
2382 4208 2835 4264 consuetudinem
2869 4226 2976 4264 non
3011 4209 3290 4279 habemus,
3311 4224 3479 4284 aequo

1894 4295 2138 4353 Ecclesia
2166 4294 2285 4352 Dei.
2315 4320 2334 4344 ι
2376 4297 2504 4352 Post
2534 4297 2800 4354 rationem
2834 4298 3125 4369 redditam,
3155 4307 3216 4356 ut
3244 4307 3482 4357 conten-

1894 4383 2063 4440 tiosos
2084 4383 2289 4453 vincat,
2316 4385 2694 4443 auctoritatem
2737 4387 3079 4459 interponit;
3130 4387 3258 4462 quia
3304 4403 3480 4461 neque

1894 4475 2203 4532 Judaismus
2255 4476 2358 4534 hoc
2413 4479 2625 4548 habuit,
2684 4478 2829 4536 unde
2877 4477 3060 4536 dicit:
3107 4480 3336 4551 «Neque
3356 4493 3477 4548 nos,

2591 4593 2610 4619 ι
2675 4575 2738 4625 ut
2783 4582 2961 4638 neque
3016 4568 3252 4639 Moyses,
3303 4579 3482 4638 neque

1896 4653 2143 4711 Salvator
2180 4655 2259 4712 sic
2293 4656 2594 4715 tradiderit.

1967 4743 2147 4814 (Vers.
2183 4745 2300 4816 17.)
2341 4769 2359 4791 ι
2389 4746 2502 4802 Hoc
2542 4753 2722 4800 autem
2770 4740 3050 4814 praecipio,
3097 4757 3208 4797 non
3252 4739 3482 4799 laudans

1896 4831 2040 4903 quod
2068 4833 2257 4887 nonin
2294 4832 2511 4898 melius,
2550 4831 2645 4886 sed
2692 4831 2750 4884 in
2803 4828 3046 4883 deterius
3087 4826 3413 4885 convenitis.
3442 4852 3465 4879 ι

1896 4920 2180 4988 Quomodo
2209 4920 2575 4991 particulatim
2620 4913 3089 4973 conversationem
3136 4915 3354 4971 illorum
3384 4932 3482 4989 per

1895 5008 2292 5080 correptionem
2323 5006 2607 5070 emendat;
2642 5002 2717 5058 ita
2765 5011 2821 5060 et
2859 5001 3184 5061 traditiones
3230 5005 3476 5078 illorum,

1895 5112 2006 5155 non
2038 5095 2265 5153 laudans
2292 5096 2503 5167 utique,
2534 5091 2626 5150 sed
2659 5091 2977 5165 vituperans
3008 5109 3119 5152 eos.

1970 5185 2147 5256 (Vera.
2193 5185 2278 5251 18,
2327 5184 2439 5253 19.)
2484 5206 2502 5230 ι
2531 5182 2772 5245 Primum
2821 5183 2987 5239 enim.
3020 5209 3039 5231 ι
3098 5185 3337 5242 Primum
3379 5184 3481 5244 di.

1896 5274 2089 5342 cendo,
2117 5292 2287 5346 genus
2310 5272 2515 5346 peccati
2551 5271 2808 5341 ostendit,
2827 5273 2970 5329 unde
3011 5274 3119 5332 orti
3164 5281 3291 5331 sunt
3316 5289 3481 5332 erro-

1896 5380 1982 5423 res
2038 5365 2177 5441 (90),
2233 5379 2369 5440 quos
2425 5360 2810 5436 reprehendit;
2867 5363 2962 5421 ubi
3008 5365 3153 5424 enim
3210 5363 3480 5426 dissensio

1896 5528 2140 5661 dimisus;
2187 5526 2255 5585 Id
2299 5539 2460 5597 genus
2517 5522 2718 5596 peccati
2789 5526 3028 5597 ostendit,
3085 5525 3221 5584 unde
3283 5530 3484 5586 mm

1896 5614 1953 5655 m
1990 5618 2008 5653 ι
2056 5616 2108 5655 es
2135 5641 2148 5658 .

1894 5614 2030 5658 num
2056 5614 2148 5658 εει.
