3952 6202
1487 346 1581 399 AD
1620 342 1854 399 ΟΡΕΠΑ
1893 339 1948 395 S.
1994 337 2329 397 AMBROSII
2367 332 2743 390 APPENDIX.

474 482 578 540 est,
624 468 765 542 nihil
821 477 1029 527 rectum
1074 477 1173 526 est.
1218 493 1238 520 ι
1296 466 1766 527 convenientibus
1812 464 1968 518 vobis
2008 463 2063 519 in
2094 464 2143 523 A
2176 462 2290 532 (93)
2324 460 2427 516 hoc
2456 460 2615 514 facite
2656 456 2715 516 in
2762 455 2869 513 mei
2922 454 3528 513 commemorationem.
3596 455 3799 515 Sintiii

475 556 971 624 ecclesiam,audio
1012 556 1379 614 dissensiones
1410 571 1541 621 esse,
1595 562 1647 609 et
1694 552 1890 625 partim
1939 566 2068 607 cro-

476 650 571 709 do.
603 647 831 720 Oportet
853 644 1001 701 enim
1042 653 1097 702 et
1126 646 1356 702 haereses
1384 660 1520 711 esse,
1553 651 1615 698 ut
1643 650 1695 697 et
1726 642 1819 713 qui
1854 639 2065 712 probati

476 746 628 805 sunt,
679 733 954 792 manifesti
989 733 1126 792 ﬁant
1166 734 1312 791 inter
1337 750 1454 791 vos.
1486 757 1507 782 ι
1562 730 1795 790 Sciendo
1833 728 2066 788 nonnul-

480 827 564 888 los
623 830 805 883 mente
867 830 1151 894 corruptos
1229 820 1472 881 versutia
1554 818 1781 888 diaboli,
1848 816 1985 877 dicit
2050 832 2064 876 :

492 938 514 966 ι
541 914 769 985 Oportet
799 909 1029 967 haereses
1066 925 1200 969 esse.
1233 933 1255 958 ι
1314 910 1436 970 Νοιι
1481 907 1671 981 utique
1716 906 1914 974 voluit,
1969 921 2070 965 nec

478 1001 725 1076 optavit;
776 997 870 1057 sed
913 998 1044 1072 quia
1080 997 1247 1056 scivit
1274 997 1549 1066 futurum,
1577 995 1725 1055 dixit
1754 995 1895 1067 (91),
1926 994 2071 1053 sicut

481 1098 540 1149 et
586 1086 900 1148 Dominus;
961 1109 983 1136 ι
1020 1086 1267 1161 Oportet,
1319 1086 1522 1159 inquit,
1572 1085 1759 1143 venire
1818 1084 2069 1142 scandala

481 1177 695 1251 (Matth.
745 1191 910 1244 xvm,
940 1174 1020 1247 7).
1069 1198 1091 1224 ι
1147 1175 1222 1232 Et
1259 1197 1280 1222 ι
1306 1173 1532 1246 Oportet
1574 1173 1779 1233 Filium
1830 1172 2071 1231 hominis

480 1266 592 1341 pati
621 1266 779 1335 (Luc.
812 1280 890 1332 rx,
922 1262 1040 1335 22),
1071 1288 1090 1311 ι
1161 1263 1391 1335 ριάιοὶιιε
1441 1263 1569 1335 quia
1613 1262 1780 1321 ludas
1826 1261 2071 1333 proditor

478 1362 594 1415 erat
648 1354 888 1412 futurus.
956 1375 977 1399 α
1035 1352 1106 1411 Ut
1159 1352 1373 1426 probati
1409 1377 1429 1400 ι
1498 1359 1677 1410 autem
1735 1367 1861 1407 cum
1913 1350 2068 1417 dicit,

495 1466 519 1494 ι
547 1440 825 1499 manifesti
856 1439 991 1497 fiant
1038 1440 1182 1498 inter
1221 1457 1341 1511 vos,
1381 1464 1401 1491 ι
1459 1440 1585 1500 illos
1638 1438 1912 1511 significat
1967 1437 2064 1511 qui

478 1531 538 1593 in
569 1528 865 1588 traditione
894 1537 1117 1602 accepta
1145 1529 1426 1595 durantes,
1458 1530 1771 1600 exemplum
1801 1527 2070 1600 probatio-

479 1620 568 1681 nis
594 1628 750 1678 erant
792 1618 1119 1691 evangelicae
1171 1616 1479 1690 disciplinae
1525 1616 1593 1674 ad
1645 1616 2072 1675 condemnatio-

483 1725 611 1771 nem
655 1718 1000 1766 caeterorum.
1026 1707 1071 1764 Ii
1098 1715 1228 1765 sunt
1254 1722 1390 1779 quos
1420 1705 1477 1762 in
1506 1705 1685 1779 capite
1713 1706 1960 1778 epistolas
1986 1705 2073 1763 si-

481 1801 727 1874 gniﬁcat,
748 1814 813 1857 eo
828 1796 976 1872 quod
995 1797 1272 1855 dicerent:
1310 1819 1330 1844 ι
1348 1798 1458 1856 Nos
1479 1813 1607 1855 vero
1627 1796 1863 1867 Christi;
1894 1823 1914 1847 ι
1946 1814 2072 1855 cum

480 1889 577 1950 alii
599 1887 874 1944 dicerent:
912 1909 931 1933 ε
949 1887 1065 1958 Ego
1086 1885 1263 1954 Pauli,
1285 1901 1383 1957 ego
1399 1887 1597 1958 Apollo
1622 1886 1679 1958 (Ι
1699 1887 1824 1947 Cor.
1849 1904 1887 1956 ι,
1915 1886 2059 1959 12)..

554 1976 737 2048 (Vers.
770 1973 859 2043 20,
890 1974 980 2042 21,
1019 1972 1136 2046 22.)
1207 1995 1227 2020 ι
1256 1972 1726 2034 Convenientibus
1767 1974 1934 2047 igitur
1979 1990 2073 2031 vo-

478 2067 568 2125 bis
596 2066 654 2123 in
693 2079 887 2133 unum,
911 2062 1025 2135 jam
1056 2078 1169 2121 non
1197 2071 1279 2123 est
1307 2063 1651 2123 Dominicam
1681 2080 1891 2122 coenam
1924 2078 2071 2122 man-

482 2154 701 2212 ducare.
741 2152 1123 2225 Unusquisque
1155 2151 1303 2208 enim
1350 2158 1592 2208 vestrum
1635 2154 1911 2224 propriam
1955 2168 2075 2210 cce-

482 2259 613 2302 nam
666 2240 949 2315 praesumit
997 2240 1055 2297 in
1114 2240 1527 2307 manducando;
1567 2247 1623 2297 et
1662 2241 1806 2299 alius
1852 2240 2074 2313 quidem

481 2332 678 2401 esurit,
724 2338 779 2387 et
832 2331 974 2387 alius
1017 2328 1204 2386 ebrius
1257 2337 1357 2387 est.
1410 2329 1693 2402 Numquid
1734 2329 1924 2387 domos
1965 2345 2075 2387 non

483 2419 698 2480 habetis
725 2417 796 2475 ad
824 2416 1097 2476 edendum
1143 2425 1200 2476 et
1249 2417 1550 2476 bibendum
1574 2418 1603 2475 ?
1650 2425 1745 2476 aut
1774 2419 2075 2477 Ecclesiam

482 2508 587 2575 Dei
616 2506 989 2575 contemnitis,
1044 2514 1100 2564 et
1158 2507 1499 2567 confunditis
1547 2523 1658 2565 non
1718 2506 2063 2564 habentes?-

489 2595 602 2656 Hos
652 2602 828 2665 notat,
875 2594 972 2671 qni
1021 2595 1104 2653 sic
1157 2595 1216 2655 in
1262 2595 1546 2655 ecclesiam
1584 2594 1965 2654 convenebant
2017 2602 2079 2651 ut

483 2700 716 2745 munera
760 2699 860 2742 sua
912 2683 1220 2755 offerentes,
1272 2685 1693 2745 advenientibus
1744 2682 2079 2759 presbyteris

489 2773 648 2847 (quia
674 2772 856 2831 adhuc
901 2782 1139 2833 rectores
1177 2775 1439 2833 Ecclesiis
1486 2791 1598 2832 non
1640 2773 1898 2830 omnibus
1946 2771 2081 2829 locis

486 2861 708 2921 fuerant
733 2862 1068 2935 constituti),
1100 2868 1276 2919 totum
1305 2862 1413 2920 sibi
1452 2863 1547 2935 qui
1577 2861 1912 2931 obtulerant,
1943 2861 2081 2917 vin—

485 2949 758 3017 dicarent,
833 2949 1145 3011 schismatis
1213 2966 1393 3010 causa.
1484 2955 1625 3017 149
1706 2949 2081 3009 Dissensiones

487 3049 640 3109 enim
693 3051 837 3110 inter
881 3066 973 3110 eos
1020 3050 1461 3126 pseudoapostoli
1508 3050 1932 3119 seminaverunt,
2003 3051 2082 3109 ita

486 3145 553 3197 ut
579 3138 882 3198 oblationes
907 3158 1033 3200 suas
1060 3141 1411 3199 selarentur:
1449 3156 1574 3197 cum
1616 3156 1726 3197 una
1768 3148 1931 3212 atque
1979 3156 2079 3197 ea-

482 3227 606 3287 dem
638 3245 797 3301 prece
841 3232 1091 3290 omnium
1137 3230 1445 3289 oblationes
1490 3230 1963 3298 benedicerentur,
2014 3237 2078 3286 ut

483 3316 529 3377 ii
565 3319 683 3392 qui,
710 3328 774 3378 ut
814 3323 1013 3379 assolet
1058 3320 1199 3390 ﬁeri,
1252 3336 1363 3379 non
1410 3321 1743 3390 obtulerant,
1798 3330 1893 3377 aut
1933 3319 2080 3377 unde

485 3407 769 3477 offerrent,
801 3425 914 3468 non
943 3410 1237 3478 habebant,
1285 3410 1494 3482 pudore
1542 3410 1778 3482 correpti
1835 3409 2080 3467 confun-

483 3494 768 3562 derentur,
799 3511 910 3551 non
947 3504 1225 3552 sumentes
1252 3504 1462 3567 partem
1495 3512 1508 3551 :
1540 3505 1596 3553 et
1624 3505 1733 3554 tam
1779 3498 1892 3555 cito
1939 3496 2079 3553 illud

481 3581 740 3650 agebant,
792 3588 858 3637 ut
893 3583 1339 3651 supervenientes
1394 3598 1508 3639 non
1562 3583 1878 3642 invenirent
1932 3584 2079 3657 quod

478 3666 760 3728 ederent.l
788 3666 996 3740 deoque
1029 3667 1076 3724 si
1100 3668 1197 3735 sic,
1221 3670 1423 3741 inquit,
1451 3673 1781 3740 convenitis,
1813 3681 1875 3728 ut
1903 3690 2070 3730 unus-

486 3754 720 3829 quisque
773 3770 936 3813 suum
991 3762 1193 3826 sumat,
1241 3756 1405 3843 domi!
1445 3756 1564 3815 haec
1608 3758 1837 3829 agenda,
1867 3776 1978 3817 non
2015 3762 2074 3821 in

482 3845 771 3916 Ecclesia;
824 3845 919 3904 ubi
950 3844 1179 3905 unitatis
1214 3854 1271 3905 et
1314 3848 1565 3921 mysterii
1602 3864 1763 3907 causa
1807 3852 2079 3910 conveni-

475 3946 573 3996 tur
614 3935 757 4006 (92).
788 3950 901 3992 ιιοιι
928 3932 1286 3996 dissensionis
1333 3943 1390 3996 et
1434 3937 1663 3996 ventris.
1693 3938 1894 3996 Munus
1930 3941 2076 3998 enim

480 4023 728 4079 oblatum
762 4022 932 4082 totius
960 4026 1150 4098 populi
1174 4027 1284 4096 sit;
1335 4028 1465 4102 quia
1491 4027 1552 4085 in
1588 4043 1699 4085 uno
1727 4043 1866 4101 pane
1890 4046 2077 4089 omnes

482 4110 889 4182 signiﬁcantur.
914 4114 1018 4171 Per
1040 4114 1098 4173 id
1118 4116 1265 4175 enim
1289 4118 1436 4191 quod
1455 4133 1628 4176 unum
1647 4134 1855 4188 sumus,
1877 4119 1946 4179 de
1965 4137 2076 4181 uno

484 4214 625 4273 pane
644 4217 835 4262 omnes
861 4218 964 4261 nos
983 4218 1197 4263 sumere
1225 4214 1465 4278 oportet.

579 4313 600 4340 ι
624 4290 769 4359 Quid
796 4290 975 4350 dicam
997 4292 1156 4350 vobis
1175 4295 1203 4351 ‘I
1229 4295 1417 4351 Laudo
1447 4313 1546 4353 vos
1564 4298 1594 4354 7
1617 4299 1681 4354 [ιι
1709 4298 1815 4356 hoc
1832 4315 1944 4356 non
1964 4302 2076 4359 lau-

479 4383 580 4443 do.
608 4406 632 4435 s
672 4383 937 4463 Apertum
987 4388 1071 4439 est
1124 4382 1463 4454 deprehenso
1507 4395 1563 4442 et
1599 4397 1847 4460 correpto
1872 4407 2075 4464 errore,

2174 550 2337 608 modo
2362 556 2414 605 et
2444 550 2687 614 calicem,
2719 556 3003 618 postquam
3049 553 3319 601 coenatum
3368 552 3474 612 est,
3533 543 3796 603 dicens;

2176 639 2291 699 Hoc
2319 639 2575 710 poculum
2598 638 2811 693 Novum
2850 635 3253 690 Testamentum
3285 642 3364 690 est
3393 632 3451 688 in
3485 649 3622 690 meo
3653 651 3798 692 san-

2177 727 2365 798 guine;
2397 726 2501 780 hoc
2558 724 2737 791 facite,
2797 723 3232 795 quotiescunque
3286 720 3511 789 bibatis,
3568 722 3637 778 in
3682 722 3795 778 mei

2175 814 2769 874 commemorationem.
2804 837 2822 859 ι
2866 811 3118 868 Ostendit
3146 810 3261 869 illis
3286 811 3629 882 mysterium
3664 812 3793 869 Eu-

2177 906 2448 965 charistize
2486 903 2628 961 inter
2654 901 2980 960 omnandurn
3009 902 3367 967 celebratum,
3396 916 3513 958 non
3553 918 3783 959 omnem

2178 1007 2325 1062 esse;
2354 994 2628 1051 medicina
2674 992 2821 1051 enim
2868 991 3131 1063 spiritalis
3159 998 3263 1058 est,
3307 1005 3430 1063 quas
3457 1005 3593 1047 cum
3627 1006 3787 1047 reve-

2177 1084 2355 1139 rentia
2373 1083 2672 1155 degustata,
2705 1080 2958 1153 puriﬁcat
3007 1079 3113 1137 sibi
3167 1078 3454 1136 devotum.
3509 1079 3785 1136 Memoria

2179 1188 2325 1232 enim
2391 1171 2784 1244 redemptionis
2848 1178 3047 1228 nostra)
3093 1178 3212 1235 est;
3266 1174 3329 1225 ut
3396 1166 3782 1241 Redemptoris

2181 1279 2466 1330 memores,
2499 1262 2703 1334 majora
2732 1262 2800 1318 ab
2829 1277 2893 1317 eo
2923 1260 3183 1331 consequi
3215 1274 3543 1316 mereamur.

2254 1353 2433 1425 (Vers.
2466 1353 2579 1423 26.)
2653 1378 2671 1402 ι
2718 1352 3162 1423 Quotiescunque
3216 1350 3364 1405 enim
3419 1348 3780 1405 comederitis

2180 1457 2373 1514 panem
2397 1440 2564 1510 hunc,
2595 1448 2647 1495 et
2675 1439 2741 1496 de
2777 1440 2973 1512 poculo
3004 1438 3277 1509 biberitis,
3309 1446 3545 1495 mortem
3584 1436 3778 1494 Domi-

2180 1529 2237 1588 ni
2265 1530 2682 1597 annuntiabitis,
2708 1528 2883 1584 donec
2912 1528 3113 1585 veniat.
3144 1553 3161 1578 ι
3212 1529 3354 1597 Quia
3398 1527 3549 1584 enim
3596 1535 3769 1583 morte

2180 1618 2401 1679 Domini
2434 1619 2647 1677 liberati
2678 1635 2889 1685 sumus,
2922 1617 3090 1691 hujus
3108 1617 3183 1674 rei
3210 1633 3497 1685 memores,
3531 1634 3588 1671 in
3621 1616 3775 1672 eden-

2180 1705 2251 1764 do
2289 1717 2343 1764 et
2371 1708 2605 1779 potando
2635 1725 2854 1767 carnem
2892 1717 2948 1765 et
2994 1706 3337 1777 sanguinem,
3377 1723 3501 1780 quae
3541 1724 3640 1780 pro
3669 1721 3775 1761 nov

2182 1794 2269 1852 bis
2296 1796 2477 1852 oblata
2510 1805 2656 1864 sunt,
2690 1797 3065 1868 signiﬁcamus
3102 1797 3319 1853 Novum
3368 1796 3769 1853 Testamentum

2183 1883 2242 1941 in
2271 1884 2359 1943 his
2387 1886 2685 1954 consecuti,
2714 1886 2860 1958 quod
2893 1885 3009 1957 (94)
3042 1895 3123 1943 est
3162 1901 3305 1943 nova
3340 1885 3453 1954 lex,
3487 1901 3608 1957 quae
3638 1883 3769 1939 obe-

2183 1971 2421 2031 dientem
2453 1974 2557 2032 sibi
2589 1974 2757 2031 tradit
2781 1974 3095 2032 cmlestibus
3126 1975 3327 2046 regnis.
3355 1974 3489 2031 Nam
3525 1981 3581 2029 et
3612 1974 3769 2045 Moy-

2182 2079 2286 2132 ses,
2316 2072 2535 2137 accepto
2564 2065 2828 2139 sanguine
2851 2066 3013 2126 vituli
3043 2064 3103 2121 in
3133 2073 3335 2136 patera,
3365 2062 3597 2136 aspersit
3633 2061 3770 2117 filios

2183 2153 2370 2223 Israel,
2417 2154 2604 2211 dicens
2638 2174 2651 2212 ;
2695 2179 2715 2202 ι
2746 2156 2862 2214 Hoc
2885 2163 2967 2213 est
2991 2157 3418 2215 Testamentum.
3472 2152 3619 2226 quod
3664 2151 3769 2208 dis“

2184 2242 2366 2316 posuit
2394 2244 2537 2299 Deus
2571 2242 2638 2300 ad
2694 2261 2791 2301 vos
2849 2244 3054 2315 (Exod.
3101 2260 3259 2312 xxxv,
3283 2244 3363 2314 8).
3397 2268 3417 2292 ι
3460 2244 3577 2303 Hoc
3604 2243 3767 2314 ﬁgura

2183 2331 2292 2389 fuit
2322 2332 2675 2401 Testamenti,
2707 2332 2855 2406 quod
2903 2333 3169 2390 Dominus
3216 2333 3432 2391 Novum
3481 2332 3766 2406 appellavit

2185 2437 2280 2495 per
2308 2423 2625 2494 prophetas;
2671 2431 2732 2478 ut
2770 2422 2909 2479 illud
2934 2422 3107 2503 Vetus
3129 2423 3220 2492 sit,
3250 2422 3396 2495 quod
3427 2424 3640 2496 Moyses
3658 2430 3767 2479 tra-

2185 2509 2349 2568 didit.
2395 2512 2800 2568 Testamentum
2832 2528 2960 2585 ergo
2983 2513 3247 2584 sanguine
3272 2513 3631 2568 constitutum
3656 2519 3764 2579 est;

2188 2616 2317 2673 quia
2368 2600 2619 2657 beneficii
2671 2601 2850 2657 divini
2904 2603 3124 2675 sanguis
3171 2602 3324 2660 testis
3359 2612 3460 2659 est.
3519 2604 3582 2658 In
3626 2601 3770 2674 cujus

2186 2703 2380 2766 typum
2422 2710 2521 2751 nos
2550 2694 2777 2753 calicem
2824 2694 3121 2767 mysticum
3167 2694 3451 2766 sanguinis
3484 2695 3555 2753 ad
3583 2694 3770 2753 tuitio-

2188 2774 2313 2839 nem
2345 2782 2463 2853 (95)
2512 2782 2756 2855 corporis
2814 2792 2869 2840 et
2923 2785 3118 2842 animas
3172 2791 3370 2841 nostra)
3414 2785 3765 2859 percipimus;

2189 2871 2319 2946 quia
2346 2872 2565 2944 sanguis
2604 2873 2824 2930 Domini
2875 2873 3193 2944 sanguinem
3244 2884 3493 2934 nostrum
3529 2875 3767 2943 redemit,

2190 2961 2247 3019 id
2290 2968 2390 3029 est,
2450 2969 2626 3018 totum
2676 2961 2956 3019 hominem
3016 2964 3228 3019 salvum
3285 2963 3436 3022 fecit.
3467 2963 3609 3021 Caro
3632 2964 3767 3021 enim

2188 3052 2488 3110 Salvatoris
2542 3068 2639 3123 pro
2694 3053 2867 3110 salute
2922 3053 3185 3124 corporis,
3225 3054 3449 3126 sanguis
3502 3070 3637 3113 vero
3680 3069 3770 3125 pro

2189 3144 2371 3199 anima
2400 3150 2587 3198 nostra
2615 3142 2817 3199 effusus
2860 3150 2959 3209 est,
3009 3142 3151 3200 sicut
3181 3143 3333 3215 prius
3370 3143 3772 3216 praeﬁguratam

2188 3232 2364 3290 fuerat
2392 3250 2423 3289 a
2450 3234 2671 3304 Moyse;
2722 3233 2802 3289 sic
2842 3233 2988 3290 enim
3029 3233 3108 3290 ait
3139 3252 3154 3291 :
3207 3257 3223 3281 ε
3255 3232 3395 3291 Caro
3424 3251 3527 3306 pro
3555 3250 3773 3307 corpore

2186 3329 2370 3377 vestro
2424 3322 2671 3388 offertur,
2738 3320 2959 3392 sanguis
3009 3337 3139 3377 vero
3195 3337 3293 3394 pro
3345 3322 3532 3381 anima
3588 3324 3769 3393 (lavit.

2188 3427 2329 3476 xvn,
2362 3410 2474 3481 ll),
2509 3436 2527 3460 ι
2565 3410 2796 3483 ideoque
2824 3425 2936 3467 non
2964 3409 3401 3468 manducandum
3427 3414 3770 3482 sanguinem.

2187 3498 2245 3556 8i
2300 3500 2469 3570 igitur
2516 3499 2661 3571 apud
2715 3506 2922 3555 veteres
2979 3499 3157 3569 imago
3208 3498 3313 3556 fuit
3357 3500 3630 3569 veritatis,
3660 3518 3775 3573 qua:

2185 3605 2335 3646 nunc
2380 3588 2649 3660 apparuit,
2681 3595 2737 3645 et
2764 3588 3108 3646 manifestata
3132 3596 3215 3646 est
3244 3589 3300 3646 in
3329 3588 3632 3649 Salvatoris
3674 3592 3777 3649 ado-

2185 3688 2390 3746 ventu;
2424 3679 2699 3752 quomodo
2740 3679 3011 3736 haereticis
3049 3680 3384 3737 contrarium
3412 3681 3639 3739 videtur
3662 3684 3779 3740 Ve—

2184 3774 2276 3826 tus
2299 3769 2476 3837 Novo,
2510 3786 2632 3825 cum
2666 3769 2784 3840 ipsa
2801 3768 2906 3825 sibi
2941 3769 3180 3825 invicem
3200 3770 3517 3826 testimonio
3547 3771 3711 3829 sint?

2262 3860 2441 3933 (Vers.
2476 3858 2590 3930 27.)
2610 3860 2817 3930 altaque
2843 3860 3161 3932 quicunque
3190 3857 3362 3916 ederit
3377 3876 3575 3931 panem
3608 3861 3776 3930 hunc,

2185 3956 2281 4007 aut
2329 3949 2533 4005 biberit
2576 3949 2801 4005 calicem
2848 3936 3069 4005 Domini
3101 3948 3324 4020 indigne
3362 3950 3623 4018 Domino,
3658 3969 3781 4008 reus

2186 4041 2292 4096 erit
2319 4039 2564 4111 corporis
2582 4047 2637 4095 et
2676 4038 2959 4110 sanguinis
2984 4039 3228 4094 Domini.
3264 4065 3283 4088 ι
3314 4039 3613 4111 Indignum
3644 4042 3782 4100 dicit

2186 4145 2301 4186 esse
2331 4127 2589 4197 Domino,
2622 4129 2717 4202 qui
2755 4128 2913 4185 aliter
2946 4127 3271 4200 mysterium
3318 4127 3582 4196 celebrat,
3615 4146 3778 4203 quam

2186 4218 2341 4276 abeo
2362 4218 2623 4275 traditum
2657 4226 2757 4275 est.
2802 4218 2923 4275 Non
2971 4218 3119 4275 enim
3167 4224 3345 4290 potest
3399 4219 3637 4276 devotus
3665 4238 3781 4279 esse

2185 4310 2278 4383 qui
2326 4308 2833 4381 aliter,prazsumit,
2887 4324 3046 4381 quam
3097 4308 3282 4365 datum
3326 4317 3408 4364 est
3433 4309 3502 4366 ab
3533 4322 3776 4370 auctore.

2183 4400 2417 4473 Ideoque
2445 4406 2743 4471 praemonet
2788 4407 2849 4455 ut
2897 4399 3195 4455 secundum
3229 4400 3478 4457 ordinem
3512 4404 3776 4460 traditum

476 4483 541 4538 ut
569 4474 637 4528 de
664 4478 861 4530 caetero
895 4470 1189 4543 corrigant,
1229 4481 1284 4530 et
1328 4475 1505 4535 sciant
1540 4474 1646 4534 hoc
1685 4494 1898 4548 verum,
1929 4482 2071 4554 quod

2188 4470 2379 4547 devota
2424 4470 2576 4547 mens
2604 4490 2676 4547 sit
2711 4491 3018 4548 accedentis
3044 4490 3113 4548 ad
3156 4490 3544 4549 eucharistiam
3572 4494 3779 4551 Domi-

477 4560 779 4652 dndumiu
810 4559 1129 4652 primordiis
1156 4563 1260 4652 ipsi
1290 4563 1626 4629 didicerant;
1658 4545 1891 4627 formam
1921 4545 2073 4629 illius
2098 4545 2149 4611 D
2264 4597 2277 4646 ;
2311 4545 2569 4652 quoniam
2610 4545 3282 4651 futurnm'estﬁjudicium,
3319 4590 3379 4636 ut
3408 4545 3780 4652 quemadmo-

482 4666 605 4723 quaa
632 4666 664 4705 a
691 4650 972 4707 Salvatore
1007 4651 1067 4706 iu
1114 4667 1174 4708 re
1219 4651 1540 4725 hujusmodi
1593 4654 1722 4715 data
1761 4666 1863 4728 est,
1910 4660 2069 4721 iterat

471 4739 666 4800 dicens
694 4757 710 4798 :

548 4830 733 4901 (Vers.
767 4829 859 4899 23,
890 4830 981 4900 24,
1011 4831 1129 4905 25.)
1174 4857 1193 4880 ι
1216 4832 1334 4904 Ego
1361 4832 1510 4895 enim
1537 4838 1721 4910 accepi
1747 4854 1782 4895 a
1806 4840 2064 4911 Domino,

473 4920 624 4993 quod
651 4928 707 4978 et
734 4920 937 4978 tradidi
966 4921 1144 4991 vobis,
1202 4923 1462 4996 quoniam
1510 4926 1778 4985 Dominus
1822 4929 1978 4987 Iesus
2005 4931 2063 4990 in

472 5021 584 5080 qua
634 5017 796 5068 nocte
838 5010 1173 5081 tradebatur,
1232 5014 1443 5087 accepit
1495 5031 1711 5088 panem,
1765 5026 1819 5075 et
1866 5022 2063 5091 gratias

460 5110 657 5167 :agens,
703 5096 882 5170 fregit,
935 5106 990 5156 et
1036 5099 1225 5159 dixit:
1284 5103 1552 5176 Accipite,
1607 5113 1664 5163 et
1713 5106 2058 5165 manducata.

472 5183 591 5243 Hoc
617 5192 700 5244 est
724 5202 924 5260 corpus
951 5203 1157 5256 meum,
1207 5191 1355 5264 quod
1408 5208 1509 5264 pro
1560 5193 1721 5257 vobis
1748 5195 2057 5267 frangitur;

538 5383 658 5467 (9!)
689 5385 893 5467 omnes
938 5390 1096 5467 edit.,
1118 5398 1172 5446 et
1217 5391 1440 5467 quidam
1469 5406 1623 5467 mea,
1661 5396 1749 5451 sed
1777 5397 1905 5466 quia
1932 5397 2056 5467 sint,

465 5452 709 5540 futurum
740 5460 1036 5540 dixitialii
1068 5452 1353 5528 mss.,'sed
1382 5463 1513 5535 quia
1554 5452 1737 5531 scivit;
1779 5452 2053 5540 nonnulli;

467 5529 566 5581 seu
583 5529 848 5597 futurum,
879 5531 1039 5587 dixit.

540 5598 634 5669 (92
692 5600 877 5656 Codex
901 5600 1097 5669 Laud.,
1130 5606 1245 5655 etm
1282 5603 1429 5657 διενίί
1455 5619 1616 5662 causa
1643 5611 1981 5668 convertitur.

540 5602 658 5739 (93;
689 5670 848 5726 Rom.
882 5670 1039 5739 edit.,
1064 5688 1167 5739 pro
1188 5618 1332 5728 υοῖἰε
1362 5674 1624 5734 tradetur.

536 5668 657 5739 (93)
689 5670 848 5726 Rom.
882 5670 1039 5739 edit.,
1064 5668 1167 5742 pro
1188 5668 1332 5728 vobis
1362 5674 1624 5734 tradetur.

2177 4668 2309 4724 dum
2333 4668 2545 4724 accedit
2572 4669 2966 4741 unusquisque,
3001 4668 3194 4725 reddat
3231 4685 3420 4724 causas
3466 4671 3522 4728 in
3552 4671 3644 4727 die
3674 4675 3779 4729 Do-

2175 4756 2315 4812 mini
2360 4756 2487 4814 Jesu
2516 4755 2763 4824 Christi;
2817 4757 2946 4829 quia
2986 4756 3105 4812 sine
3135 4756 3429 4829 disciplina
3457 4759 3779 4818 traditionis

2173 4853 2228 4901 et
2254 4845 2687 4902 conversationis
2731 4844 2827 4918 qui
2873 4845 3160 4913 accedunt,
3212 4844 3293 4901 rei
3348 4854 3480 4902 sunt
3529 4849 3779 4921 corporis

2171 4941 2227 4990 et
2280 4933 2561 5006 sanguinis
2608 4933 2851 4989 Domini.
2900 4934 3049 5001 Quid
3101 4941 3183 4989 est
3234 4942 3417 4990 autem
3466 4952 3590 4992 reos
3635 4954 3773 5004 esse,

2172 5021 2280 5078 nisi
2309 5039 2495 5094 prunas
2520 5021 2650 5080 dare
2681 5023 2874 5078 mortis
2916 5022 3191 5078 Domini?
3234 5022 3483 5078 Occisius
3512 5032 3596 5079 est
3623 5027 3777 5082 enim

2170 5125 2269 5183 pro
2289 5110 2377 5165 his
2408 5111 2549 5182 (96),
2578 5111 2674 5184 qui
2709 5110 3038 5169 beneﬁcium
3066 5110 3187 5182 ejus
3208 5110 3263 5166 in
3294 5111 3516 5169 irritum
3539 5112 3773 5170 ducunt

2242 5209 2423 5283 (Vers.
2455 5208 2543 5277 28,
2567 5207 2685 5280 29.)
2726 5230 2747 5255 ‹
2790 5207 2988 5264 Probet
3034 5215 3218 5263 autem
3264 5223 3323 5265 se
3372 5207 3564 5278 homo,
3607 5218 3661 5265 et
3688 5212 3776 5267 sic

2241 5402 2360 5473 (94)
2400 5404 2500 5459 Ms.
2553 5403 2740 5468 Corb.,
2789 5404 3109 5474 signiﬁcans,
3161 5413 3206 5460 et
3243 5407 3384 5474 quod
3425 5421 3613 5460 sumus
3656 5406 3779 5461 No-

2166 5489 2290 5527 vum
2326 5477 2707 5530 Testamentum
2734 5473 2790 5526 in
2816 5475 2896 5527 his
2922 5473 3199 5543 Consecuti,
3231 5473 3392 5545 quod,
3420 5484 3528 5531 etc.

2240 5546 2357 5616 (95)
2412 5546 2679 5617 Nonnulli
2703 5561 2854 5617 ωειλ,
2902 5546 3112 5600 calicem
3153 5547 3427 5617 mysticum
3469 5547 3544 5603 ad
3579 5548 3777 5604 tuitio-

2165 5631 2320 5677 nem;
2349 5631 2509 5682 unus,
2542 5616 2613 5669 ad
2641 5616 2951 5670 tinctionem.

2240 5685 2358 5756 (96)
2389 5686 2553 5744 Rom.
2590 5683 2749 5753 edit.,
2777 5686 2974 5741 occisus
3000 5690 3077 5740 est
3099 5687 3236 5742 snitu
3261 5686 3329 5742 ab
