3952 6202
212 222 322 285 257

1298 222 1659 282 COMMENT.
1700 224 1769 281 IN
1808 225 2022 281 EPIST.
2066 228 2086 281 Ι
2126 228 2219 282 AD
2257 222 2413 285 COR.

3397 223 3503 298 288

217 343 284 397 de
330 358 463 413 pane
511 342 608 399 illo
649 344 793 411 edat,
842 348 898 397 et
941 343 1008 399 de
1043 343 1241 411 poculo
1284 342 1455 399 bibat.
1504 342 1610 411 Qui
1660 342 1807 399 enim
1840 348 1887 405 Α
1921 345 2159 399 colentes
2205 342 2367 411 idola,
2426 351 2478 399 et
2521 342 2860 407 ducebantur
2907 350 3047 408 duce
3090 350 3371 408 voluntate
3396 350 3500 411 ds:-

216 430 514 487 manducat
543 439 596 485 et
623 431 768 486 bibit
799 428 1044 500 indigne,
1068 429 1343 499 judicium
1374 430 1476 486 sibi
1509 432 1612 502 ipsi
1644 448 1806 486 man-

215 516 381 575 ducat
406 529 460 576 et
488 520 653 589 bibit,
681 536 792 576 non
821 519 1139 576 discernens
1166 535 1364 590 corpus
1394 520 1632 576 Domini.
1651 544 1669 566 ι
1708 521 1806 575 De-

216 615 348 663 voto
377 608 567 664 animo
596 616 651 666 et
678 626 805 667 cum
838 609 1036 665 timore
1062 607 1429 666 accedendum
1461 607 1529 663 ad
1567 622 1806 663 commu-

215 695 438 754 nionem
465 699 657 765 docet;
698 705 760 757 ut
789 698 927 754 sciat
956 712 1112 754 mens
1142 697 1502 753 reverentiam
1530 711 1587 752 se
1614 696 1808 751 debere

218 782 295 851 ci,
325 784 395 839 ad
439 784 602 856 cujus
629 800 830 856 corpus
876 784 1205 841 sumendum
1250 782 1459 842 accedit
1507 786 1647 855 (97).
1696 785 1809 839 Hoc

216 873 365 927 enim
414 874 560 945 apud
600 891 656 929 se
698 874 860 929 debet
901 874 1182 944 judicare;
1222 874 1350 948 quia
1396 874 1665 931 Dominus
1705 876 1805 941 est,

213 963 379 1033 cujus
410 964 468 1018 in
518 965 783 1035 mysterio
824 964 1143 1036 sanguinem
1185 972 1357 1035 potat,
1409 962 1502 1036 qui
1542 962 1698 1019 testis
1728 968 1809 1017 est

216 1052 475 1109 beneﬁcii
504 1054 624 1110 Dei.
676 1053 846 1120 Quem
876 1068 977 1109 nos
1006 1053 1053 1109 si
1088 1068 1213 1109 cum
1240 1051 1535 1125 disciplina
1562 1049 1808 1123 accipia-

219 1155 367 1208 mus,
398 1156 509 1197 non
543 1141 749 1197 erimus
777 1140 991 1214 indigni
1019 1156 1246 1214 corpore
1275 1149 1330 1197 et
1370 1141 1634 1213 sanguine
1668 1142 1808 1201 150

214 1235 472 1302 Domini;
518 1236 717 1308 gratias
754 1234 903 1292 enim
951 1234 1266 1293 videbimur
1296 1235 1415 1309 (98)
1454 1233 1679 1292 reddere
1706 1233 1806 1292 Re-

212 1320 339 1378 dem
347 1324 508 1395 ptori.

291 1412 470 1482 (Vers.
493 1411 609 1482 30.)
653 1433 673 1458 ι
704 1410 834 1469 Ideo
854 1412 1017 1470 multi
1040 1413 1098 1470 in
1117 1413 1276 1470 vobis
1298 1411 1531 1471 invalidi
1560 1421 1614 1469 et
1643 1428 1808 1486 aegro-

214 1498 283 1556 ti.
314 1501 384 1555 Et
425 1498 711 1555 dormiunt
760 1500 943 1556 multi.
978 1525 997 1548 ι
1050 1498 1121 1556 Ut
1166 1516 1356 1557 verum
1400 1503 1652 1575 probaret
1684 1501 1812 1576 quia

215 1605 451 1645 examen
495 1590 746 1644 futurum
796 1595 876 1644 est
902 1589 1291 1661 accipientium
1340 1606 1538 1663 corpus
1566 1588 1807 1659 Domini,

1916 433 2262 496 moniorum;
2310 433 2383 487 ita
2412 440 2465 487 et
2492 435 2729 493 colentes
2763 441 2956 508 Deum,
3008 437 3119 495 sint
3162 438 3339 495 forma
3370 434 3500 510 legis

1916 520 2237 587 Dominiczc,
2271 518 2609 579 ambulantes
2638 525 2779 582 sicut
2807 526 2989 600 placet
3015 526 3271 585 Domino.
3304 526 3503 587 Forma

1917 609 2064 665 enim
2092 607 2522 685 uniuscujusque
2566 614 2697 685 legis
2726 615 2782 671 in
2817 615 3153 688 professione
3182 622 3237 672 et
3272 628 3498 673 conver-

1914 700 2127 754 satione
2169 697 2397 754 cultoris
2445 696 2604 755 debet
2633 699 2848 770 videri;
2903 700 2998 758 ille
3036 701 3182 760 enim
3230 704 3404 759 forma
3443 710 3498 759 et

1917 781 2096 857 imago
2142 784 2276 860 legis
2306 786 2406 844 Dei
2435 795 2535 856 est,
2567 785 2626 843 in
2654 786 2813 861 cujus
2858 786 2965 845 ﬁde
3010 798 3065 847 et
3088 789 3499 850 conversatione

1916 873 2205 946 Evangelii
2236 874 2439 933 veritas
2469 874 2633 933 lucet.

1991 963 2173 1031 (Vers.
2224 963 2304 1034 3.)
2373 989 2393 1014 ι
2435 962 2664 1038 Pr0pter
2707 962 2855 1039 quod
2900 972 3092 1025 notum
3139 962 3300 1022 vobis
3342 964 3500 1036 facio,

1918 1050 2065 1122 quod
2098 1066 2261 1107 nemo
2290 1051 2347 1107 in
2375 1051 2585 1125 Spiritu
2614 1053 2712 1110 Dei
2747 1051 2994 1128 loquens,
3044 1050 3180 1112 dicit
3217 1050 3506 1123 anathema

1918 1138 2081 1207 Iesu;
2121 1146 2175 1197 et
2206 1156 2367 1198 nemo
2393 1149 2573 1215 potest
2600 1140 2784 1200 dicere
2813 1143 3112 1201 Dominum
3156 1140 3360 1212 Iesum,
3398 1139 3505 1198 nisi

1918 1225 1977 1285 in
2006 1228 2213 1301 Spiritu
2251 1241 2460 1289 sancto.
2491 1256 2511 1282 ι
2555 1231 2827 1301 Quoniam
2858 1233 3126 1290 rationem
3174 1229 3505 1305 spiritalium

1917 1317 2253 1388 ignorantes,
2302 1337 2400 1392 per
2427 1321 2650 1394 singula
2685 1319 3015 1379 charismata
3055 1317 3374 1376 hominibus
3400 1333 3509 1390 po-

1917 1403 2031 1461 tius
2060 1422 2223 1481 quam
2246 1408 2358 1464 Deo
2386 1409 2588 1466 dabant
2612 1410 2862 1483 gloriam,
2884 1426 2996 1467 non
3015 1408 3247 1467 assecuti
3276 1422 3371 1480 per
3390 1404 3508 1477 Spi-

1918 1495 2087 1551 ritum
2117 1505 2366 1555 sanctum
2400 1497 2504 1555 hoc
2535 1497 2741 1555 donum
2774 1496 3100 1555 ministrairi
3121 1494 3272 1569 (99):
3299 1501 3354 1549 et
3380 1488 3511 1566 quia

1921 1587 2016 1658 qui
2044 1588 2343 1643 Dominum
2385 1586 2566 1645 Iesum
2610 1595 2793 1655 vocat,
2839 1602 2950 1646 non
2992 1586 3111 1645 sine
3139 1582 3350 1658 Spiritu
3375 1596 3511 1639 san-

210 1676 327 1750 jam
378 1677 470 1734 hic
521 1676 813 1750 imaginem
863 1676 1062 1749 judicii
1104 1677 1347 1734 ostendit
1390 1677 1445 1734 in
1477 1695 1568 1735 eos
1597 1679 1691 1751 qui
1730 1677 1810 1735 in-
1840 1697 1889 1762 B
1918 1680 2007 1731 cto
2036 1673 2142 1732 hoc
2174 1674 2310 1733 dicit
2340 1694 2355 1744 ;
2399 1674 2562 1733 habet
2590 1677 2736 1733 enim
2767 1674 2995 1749 gratiam
3041 1674 3196 1762 ineo
3240 1669 3357 1745 ipso
3380 1668 3510 1727 ﬁdei

215 1765 565 1824 considerate
597 1783 795 1839 corpus
844 1767 1065 1823 Domini
1096 1777 1438 1840 acceperant,
1485 1766 1613 1824 dum
1646 1767 1809 1825 febri-

218 1854 326 1912 bus
354 1863 408 1912 et
456 1853 869 1913 inﬁrmitatibus
911 1855 1369 1928 corripiebantur,
1420 1864 1476 1913 et
1506 1856 1668 1914 multi
1697 1871 1810 1915 mo-

214 1942 540 2011 riebantur;
582 1950 644 2001 ut
675 1944 733 2000 in
765 1943 851 2002 bis
887 1946 1069 2004 caeteri
1101 1945 1395 2015 discerent,
1427 1955 1479 2003 et
1509 1960 1811 2019 paucorum

223 2034 481 2104 exemplo
502 2033 683 2088 territi
710 2032 1148 2101 emendarentur,
1166 2050 1279 2091 non
1310 2034 1551 2090 inultum
1579 2035 1814 2091 scientes

218 2139 424 2195 corpus
470 2122 694 2176 Domini
723 2121 1056 2191 negligenter
1101 2125 1377 2195 accipere;
1418 2136 1472 2179 et
1496 2141 1619 2180 eum
1652 2139 1813 2198 quem

220 2209 319 2267 hic
351 2223 515 2281 poma
549 2206 845 2275 distulerit,
879 2210 1095 2281 gravius
1117 2210 1465 2268 tractandum
1494 2212 1647 2281 fore;
1688 2213 1817 2286 quia

220 2295 555 2368 contempsit
577 2295 910 2367 exemplum.

296 2386 483 2459 (Vers.
513 2385 605 2452 31,
630 2384 748 2454 32.)
812 2408 831 2431 ι
860 2382 1019 2451 Quod
1060 2381 1107 2440 si
1136 2385 1501 2456 nosmetipsos
1546 2384 1818 2442 disceme-

222 2488 430 2543 remus,
485 2489 596 2529 non
643 2471 834 2544 utique
876 2472 1271 2544 judicaremur.
1322 2475 1465 2529 Dum
1511 2468 1820 2543 iudicamur

224 2571 430 2631 autem,
478 2577 511 2618 a
565 2562 804 2616 Domino
845 2561 1212 2633 corripimur;
1274 2566 1336 2617 ut
1383 2576 1493 2617 non
1538 2576 1664 2617 cum
1716 2560 1818 2617 hoc

226 2651 435 2709 mundo
464 2649 807 2706 damnamur.
838 2673 858 2698 ι
923 2651 1037 2706 Hoc
1066 2648 1222 2717 dicit,
1254 2649 1384 2721 quia
1411 2648 1456 2704 si
1497 2649 1818 2721 nosmetipsi

227 2755 437 2799 errores
466 2746 682 2796 nostros
720 2740 1140 2811 corrigeremus,
1188 2753 1300 2793 non
1330 2753 1361 2793 a
1390 2738 1627 2795 Domino
1670 2734 1816 2810 judi-

230 2844 499 2888 caremur.
533 2830 604 2885 Et
634 2830 763 2901 quia
790 2828 1142 2899 corripimur,
1170 2832 1351 2883 tamen
1378 2842 1476 2898 pro
1502 2828 1663 2883 nobis
1690 2834 1771 2882 est
1800 2844 1812 2882 :

227 2926 289 2976 ut
316 2920 516 2975 timore
547 2919 666 2989 ipso
695 2917 1067 2974 emendemur.
1098 2914 1161 2972 ln
1187 2916 1374 2988 paucis
1392 2915 1539 2973 enim
1570 2914 1818 2973 omnium

227 3013 311 3066 est
367 3005 697 3062 emendatio.
762 3030 782 3052 ι
819 3006 898 3062 Ne
952 3022 1078 3063 cum
1134 3004 1241 3061 hoc
1296 3004 1523 3071 mundo,
1563 3029 1583 3053 ι
1655 3003 1711 3058 id
1741 3010 1821 3057 est

226 3111 354 3154 cum
385 3094 724 3162 inﬁdelibus,
769 3117 789 3140 ι
821 3094 1167 3149 damnamur.
1195 3116 1216 3142 ι
1266 3092 1416 3149 Nihil
1460 3091 1606 3146 enim
1638 3090 1820 3145 differt

227 3182 297 3240 ab
325 3182 561 3250 inﬁdeli,
610 3182 705 3253 qui
752 3181 1153 3237 inconsiderate
1197 3179 1268 3235 ad
1310 3195 1552 3236 mensam
1599 3178 1821 3235 Domini

224 3270 465 3330 accedit.

304 3358 488 3431 (Vers.
520 3356 609 3422 33,
643 3354 760 3427 34.)
800 3378 823 3403 ι
857 3354 1063 3426 Itaque,
1104 3354 1319 3415 fratres.
1361 3370 1487 3411 cum
1517 3349 1825 3411 convenitis

227 3445 298 3504 ad
316 3444 786 3511 manducandum,
812 3442 1051 3499 invicem
1068 3450 1395 3514 exspectate.
1414 3443 1469 3499 Si
1491 3444 1613 3515 quis
1632 3442 1823 3511 esurit,

230 3535 383 3591 domi
415 3532 728 3589 manducet.
760 3557 778 3579 ι
823 3531 909 3587 Ad
942 3533 1177 3586 invicem
1209 3532 1634 3602 exspectandum
1666 3532 1821 3601 dicit,

227 3632 296 3681 ut
322 3624 623 3678 multorum
653 3620 864 3677 oblatio
890 3620 1057 3676 simul
1086 3620 1410 3688 celebretur,
1453 3626 1513 3674 ut
1541 3628 1596 3675 et
1632 3621 1824 3675 omni-

231 3711 337 3768 bus
382 3710 769 3766 ministretur:
824 3716 880 3764 et
915 3710 961 3765 si
1009 3709 1133 3781 quis
1188 3708 1477 3779 impatiens
1525 3715 1626 3776 est,
1671 3706 1823 3762 domi

231 3807 451 3856 temne
497 3814 633 3870 pane
678 3804 949 3870 pascatur.
996 3821 1015 3844 ι
1056 3797 1123 3851 Ut
1153 3811 1265 3851 non
1299 3796 1355 3851 in
1381 3795 1653 3868 judicium
1692 3810 1821 3852 con-

231 3887 507 3955 veniatis;
540 3912 559 3936 ι
594 3887 699 3943 hoc
726 3894 829 3955 est,
860 3903 929 3943 ne
959 3887 1285 3959 mysterium
1316 3884 1823 3959 reprehensibilitsr

232 3984 289 4033 et
313 3990 438 4033 cum
469 3976 770 4032 oﬁ‘ensione
802 3976 992 4048 agatis.

315 4089 339 4116 ι
376 4066 581 4124 Caetera
608 4074 788 4123 autem
820 4082 947 4122 cum
978 4078 1200 4134 venero,
1236 4064 1542 4137 disponam.
1574 4087 1594 4111 ι
1648 4060 1825 4134 Caput

234 4156 391 4231 prius
419 4157 612 4213 salutis
641 4156 833 4212 ordine
866 4154 1132 4226 agendum
1167 4153 1426 4220 ostendit,
1466 4161 1519 4208 et
1549 4150 1824 4224 quomodo

234 4245 294 4301 in
323 4246 627 4301 Ecclesium
660 4244 729 4299 ab
759 4250 988 4314 utroque
1004 4256 1152 4307 sexu
1182 4240 1563 4307 conveniatur,
1598 4240 1826 4310 praemi—

234 4335 305 4390 sit
335 4350 347 4388 :
404 4333 463 4387 in
493 4333 693 4405 quibus
731 4330 891 4386 rebus
920 4331 965 4385 si
995 4345 1148 4386 error
1176 4329 1363 4396 fuerit,
1405 4344 1514 4383 non
1548 4328 1665 4382 leve
1693 4342 1827 4398 pec-

1922 1778 2030 1819 suze
2078 1769 2301 1837 propter
2343 1764 2571 1838 gloriam
2626 1762 2869 1821 nominis
2914 1756 3155 1827 Christi;
3202 1773 3315 1816 non
3359 1757 3509 1815 enim

1920 1854 2039 1911 sine
2067 1851 2215 1910 dono
2244 1853 2343 1911 Dei
2374 1859 2427 1911 et
2473 1854 2772 1913 Dominum
2821 1850 3003 1910 dicere
3051 1848 3269 1916 Iesum;
3312 1860 3377 1905 ac
3413 1858 3513 1920 per

1923 1942 2024 1999 hos
2052 1944 2295 2000 ostendit
2342 1942 2454 1999 illis
2494 1942 2552 2000 in
2599 1939 2859 2001 omnibus
2904 1936 3006 1998 Dei
3042 1950 3159 1995 esse
3201 1932 3420 1994 laudem
3454 1940 3512 1991 et

1924 2034 2188 2108 gratiam;
2238 2035 2367 2109 quia
2413 2032 2555 2091 sicut
2600 2031 2873 2090 idolorum
2918 2029 3103 2105 imago
3132 2029 3193 2087 in
3241 2021 3512 2086 ministris

1924 2124 2042 2196 ejus
2070 2132 2171 2188 est.
2189 2123 2439 2181 ordinem
2470 2138 2629 2180 suum
2661 2120 2870 2181 habens
2889 2136 2986 2199 per
3014 2117 3261 2193 singulos
3290 2114 3511 2192 gradus,

1922 2218 2102 2268 totum
2145 2219 2329 2270 tamen
2358 2210 2603 2269 hominis
2635 2217 2717 2269 est
2748 2230 2763 2269 :
2808 2209 2883 2268 ita
2911 2218 2965 2268 et
2996 2208 3053 2265 in
3083 2207 3199 2281 lege
3226 2204 3515 2265 Dominica

1927 2298 2123 2374 gradus
2148 2300 2541 2357 charismatum
2573 2307 2701 2358 sunt
2732 2298 2928 2357 ofﬁciis
2954 2295 3233 2365 Ecclesia,
3260 2307 3373 2355 non
3400 2291 3511 2349 uti-

1927 2403 2033 2461 que
2081 2386 2292 2445 meritis
2334 2386 2594 2446 humanis
2632 2385 2866 2454 indulti;
2918 2385 3013 2442 sed
3058 2389 3121 2442 ut
3161 2382 3405 2441 membra
3442 2379 3514 2437 ad

1928 2473 2343 2531 aediﬁcationem
2384 2476 2641 2534 Ecclesiae
2688 2475 3039 2550 pertinentia,
3088 2484 3208 2549 quae
3250 2484 3346 2544 per
3373 2482 3431 2526 se
3459 2474 3514 2525 et

1928 2565 1987 2624 in
2019 2580 2074 2623 se
2106 2566 2308 2622 habent
2337 2565 2589 2636 gloriam,
2640 2562 2783 2619 sicut
2828 2570 2909 2619 est
2953 2561 3117 2618 etiam
3160 2560 3219 2615 in
3259 2554 3516 2615 humanis

1929 2656 2143 2713 ofﬁciis.
2194 2653 2407 2712 Scholae
2457 2652 2604 2712 enim
2653 2660 2802 2723 sunt,
2845 2668 2965 2725 quae
2994 2646 3187 2724 positis
3217 2648 3271 2704 in
3302 2662 3358 2704 se
3386 2646 3519 2704 dant

1928 2744 2287 2819 dignitatem;
2336 2751 2398 2801 ut
2427 2741 2535 2799 loci
2585 2737 2762 2797 honor
2793 2736 3073 2796 hominem
3105 2734 3268 2793 faciat
3306 2734 3519 2810 glorio-

1928 2854 2070 2906 sum,
2102 2852 2211 2893 non
2256 2833 2476 2907 propria
2524 2831 2661 2888 laus.
2710 2830 2805 2887 Ait
2832 2847 2960 2903 ergo
2994 2846 3007 2884 :
3067 2849 3087 2875 ι
3114 2824 3286 2883 Nemo
3314 2825 3371 2881 in
3400 2819 3517 2899 Spi-

1928 2927 2041 2981 ritu
2065 2921 2164 2981 Dei
2195 2924 2442 2997 loquens,
2478 2920 2613 2979 dicit
2641 2919 2930 2976 anathema
2957 2916 3102 2975 Iesu.
3131 2936 3152 2965 ι
3213 2913 3339 2973 Vox
3367 2913 3514 2972 enim

1930 3031 2048 3090 quae
2080 3013 2216 3070 dicit
2262 3011 2551 3069 anathema
2579 3008 2726 3079 Iesu,
2771 3007 3014 3066 humano
3047 3009 3127 3063 est
3165 3019 3345 3090 errore
3376 3019 3515 3078 pro-

1931 3089 2039 3159 lata
2068 3104 2184 3175 (l);
2218 3099 2493 3174 quidquid
2522 3099 2668 3154 enim
2701 3095 2899 3155 falsum
2930 3102 3031 3163 est,
3064 3091 3131 3152 ab
3159 3089 3385 3151 homine
3413 3093 3513 3148 est.

1944 3216 1965 3240 ι
1998 3190 2070 3245 Et
2099 3203 2261 3243 nemo
2309 3193 2485 3260 potest
2528 3182 2707 3239 dicere
2736 3182 3035 3239 Dominum
3070 3178 3273 3247 Iesum,
3324 3175 3431 3234 nisi
3457 3177 3517 3235 in

1932 3278 2141 3353 Spiritu
2171 3280 2376 3333 sancto.
2410 3298 2429 3323 ι
2489 3272 2711 3331 Dictum
2749 3268 2895 3326 enim
2939 3267 3145 3343 ipsum,
3178 3282 3285 3353 quo
3314 3260 3519 3338 signiﬁ-

1934 3352 2088 3427 catur
2116 3366 2384 3425 Dominus
2409 3365 2585 3431 Jesus,
2639 3377 2751 3417 non
2779 3360 2847 3416 ab
2875 3355 3190 3416 adulatione
3231 3352 3517 3412 hominum

1935 3461 2077 3517 sicut
2107 3467 2159 3514 et
2192 3456 2334 3511 idola
2357 3453 2436 3509 dii
2469 3455 2754 3519 vocantur,
2784 3449 2875 3506 sed
2907 3445 3147 3522 Spiritus
3174 3444 3349 3507 sancti
3381 3440 3517 3501 veri-

1934 3553 2043 3602 tate
2097 3545 2380 3619 proi‘usum
2433 3548 2541 3608 est;
2606 3535 2873 3612 quidquid
2902 3535 3048 3591 enim
3102 3548 3356 3619 veruma
3385 3548 3516 3608 quo-

1931 3617 2145 3708 cunque
2184 3631 2406 3700 dicitur,
2454 3645 2486 3685 a
2523 3634 2708 3684 sancto
2753 3622 2960 3683 dicitur
2995 3619 3226 3697 Spiritu.
3268 3617 3347 3708 Ne
3389 3634 3516 3695 ergo

1930 3707 2215 3779 hominum
2251 3720 2490 3776 favorem
2524 3716 2903 3774 existimarent
2932 3710 2991 3770 in
3038 3710 3225 3786 regula
3253 3707 3515 3769 Christia-

1932 3829 2021 3880 na,
2073 3819 2126 3868 et
2154 3816 2373 3883 propter
2424 3808 2532 3864 hoc
2585 3819 2643 3862 se
2694 3801 2850 3876 argui
2901 3799 3129 3856 minime
3172 3804 3515 3883 (paterentur,

1931 3904 2073 3958 sicut
2101 3880 2181 3957 est
2209 3880 2350 3955 etin
2381 3895 2692 3954 simulacris
2723 3891 2915 3963 (homo
2942 3888 3091 3943 enim
3115 3882 3402 3942 adinvenit
3433 3880 3514 3954 (2)

1930 4000 1993 4047 ut
2019 3992 2164 4046 Deus
2191 3987 2431 4053 dicatur,
2478 3982 2572 4055 qui
2614 3993 2727 4036 non
2769 3984 2885 4044 est;
2936 3990 2999 4033 ac
3036 3986 3132 4049 per
3158 3971 3263 4029 hoc
3289 3968 3519 4042 subjecti

1933 4085 2063 4135 sunt
2091 4075 2362 4133 antistites
2404 4070 2540 4141 illis)
2570 4086 2584 4136 ;
2629 4062 2869 4124 ostendit
2895 4062 3042 4119 enim
3069 4059 3150 4119 eis
3186 4057 3399 4117 nullum
3430 4055 3518 4115 be-

1935 4166 2191 4224 neﬁcium
2223 4178 2336 4219 esse
2366 4158 2667 4217 humanum
2715 4154 2774 4211 in
2800 4169 2887 4223 eo,
2934 4166 3060 4211 cum
3088 4148 3294 4209 dicitur
3318 4143 3520 4206 Domi-

1933 4272 2039 4313 nus
2074 4255 2265 4321 Iesus;
2323 4248 2417 4309 sed
2472 4250 2645 4323 magis
2693 4245 2900 4304 donum
2948 4241 3069 4312 Dei,
3127 4237 3222 4317 qui
3262 4237 3520 4314 dignatus

1935 4353 2017 4403 est
2056 4341 2378 4417 mysterium
2435 4354 2596 4397 suum
2658 4341 2791 4400 151
2850 4332 3172 4392 hominibus
3221 4328 3514 4387 declarare.

232 4430 417 4479 catum
466 4403 569 4476 est.
629 4420 837 4477 Castera
888 4425 1069 4474 autem
1114 4432 1232 4490 qua:
1280 4415 1347 4472 ad
1403 4414 1816 4471 aediﬁcationem

1935 4403 2155 4500 Etenim
2214 4438 2329 4512 ipsa
2382 4434 2645 4512 professio
2704 4432 2784 4507 (3)
2843 4428 3221 4489 remissionem
3286 4422 3521 4498 acquirit

234 4509 498 4567 Ecclesia
544 4507 842 4581 pertinent,
876 4505 1164 4578 praesentia
1206 4518 1305 4562 sua
1332 4502 1585 4561 ordinare
1615 4518 1673 4559 se
1700 4518 1820 4577 pro-

237 4600 408 4657 misit.

833 4704 1059 4764 CAPUT
1094 4704 1217 4763 XII.

313 4804 495 4890 (Vere.
530 4811 582 4886 l,
612 4811 694 4887 2.)
750 4838 768 4863 ι
803 4815 882 4870 De
929 4812 1268 4886 spiritalibus
1322 4817 1506 4867 autem
1548 4808 1680 4864 nolo
1726 4821 1826 4863 vos

240 4906 510 4979 ignorare,
542 4902 754 4961 fratres.
802 4903 966 4962 Scitis
993 4902 1121 4976 quia
1149 4908 1335 4974 gentes
1364 4897 1549 4965 eratis,
1591 4893 1826 4951 simula-

238 5012 458 5054 crorum
489 4992 664 5050 forma
692 5000 901 5062 euntes,
931 4998 1093 5067 prout
1122 4984 1492 5047 ducebamini.
1525 5010 1543 5033 ι
1589 4982 1827 5056 Spirita-

237 5086 316 5142 lia
352 5084 468 5141 illis
496 5082 817 5151 traditurus,
847 5080 1160 5155 exemplum
1209 5076 1409 5150 prioris
1454 5070 1827 5131 conversatio-

238 5172 330 5230 nis
350 5177 642 5239 memorat;
674 5179 734 5227 ut
761 5170 901 5230 sicut
929 5169 1353 5225 simulacrorum
1382 5164 1607 5220 fuerunt
1631 5160 1829 5231 forma,

339 5354 433 5423 97)
474 5350 570 5409 Ivo
599 5350 785 5416 Carn.,
814 5352 874 5403 ut
898 5344 1067 5423 sciant
1095 5358 1359 5423 omnes...”
1390 5338 1654 5423 accedant.

341 5409 435 5494 98)
478 5424 603 5494 Mss.
636 5409 865 5494 aliquot,
896 5417 1073 5494 gratia
1099 5416 1237 5493 enimi
1270 5409 1548 5494 uidebitur:

341 5439 435 5494 υδ)
479 5439 603 5481 MSS.
636 5439 729 5478 am
751 5439 865 5485 ιῐοι,
896 5439 1073 5489 grana
1099 5439 1235 5469 clum
1273 5439 1548 5488 υιιισυιξιιι.

341 5496 437 5565 99)
480 5493 612 5565 Cod.
646 5439 790 5565 Vtai"
823 5491 913 5544 hoc
941 5486 1138 5565 donum
1168 5481 1464 5565 ministrari
1491 5478 1622 5536 Deo.

316 5555 402 5639 (1)
417 5555 429 5565 ’
442 5566 543 5623 Ms.
574 5563 761 5629 Corb.,
775 5555 971 5617 ἐνι-ονε
993 5555 1240 5630 probata.

1930 4538 2295 4607 peccatorum,
2342 4527 2482 4584 sicut
2510 4530 2798 4599 exaggerat
2827 4517 3037 4607 dicatio
3072 4514 3395 4607 idolorum.
3415 4514 3519 4569 Do.

1930 4593 2015 4676 cet
2043 4632 2168 4690 ergo
2196 4593 2291 4672 eos
2316 4616 2445 4688 quia
2472 4630 2584 4669 non
2605 4593 2864 4683 praestant
2885 4600 3139 4690 religioni
3167 4593 3517 4690 beneﬁcium,

1933 4683 2196 4774 dicentes,
2244 4729 2262 4750 ι
2290 4683 2588 4759 Dominum
2618 4698 2842 4763 Iesum;
2885 4717 2905 4742 ι
2973 4689 3066 4745 sed
3094 4683 3401 4774 accipiunt;
3452 4697 3522 4774 ne

1934 4810 2086 4850 more
2114 4770 2389 4847 idolorum
2428 4787 2717 4844 hominum
2768 4782 3026 4855 putarent
3066 4770 3293 4847 gratiam
3321 4784 3435 4827 esse
3464 4771 3520 4826 in

1936 4885 2052 4957 lege
2082 4880 2324 4949 Domini,
2374 4877 2507 4935 dum
2538 4881 2768 4932 vocatur
2794 4873 2961 4937 Deus,
3012 4862 3109 4940 qui
3151 4862 3521 4957 non_est._l_)e.

1937 4950 2103 5046 nique
2159 4984 2270 5028 non
2317 4965 2686 5038 intelligentes
2726 4960 2828 5018 Dei
2865 4957 3071 5046 donum
3120 4966 3235 5010 esse
3275 4950 3335 5009 in
3380 4950 3517 5019 ﬁde;

1938 5044 2141 5136 singuli
2183 5057 2433 5134 singulos
2479 5052 2585 5113 sibi
2616 5050 2868 5109 homines
2911 5044 3240 5136 delegerant,
3282 5056 3419 5117 quos
3444 5053 3521 5099 sc-

1940 5133 2258 5227 querentur,
2283 5133 2292 5134 ί
2317 5146 2561 5207 dicentes
2591 5156 2604 5200 :
2681 5163 2699 5190 ι
2725 5137 2841 5211 Ego
2874 5152 2996 5196 sum
3039 5133 3217 5204 Pauli,
3258 5145 3358 5206 ego
3392 5145 3526 5192 vero

2017 5327 2099 5399 (2)
2134 5327 2265 5385 Gill.
2293 5320 2449 5399 ed_lt.,
2481 5321 2631 5399 homo
2660 5316 2797 5370 enim
2811 5312 2899 5399 red
2920 5314 2980 5392 id
3002 5313 3161 5399 ce‘nit‘.
3258 5378 3273 5399 9

2017 5331 2074 5399 (2
2134 5331 2265 5385 Glll.
2293 5331 2449 5392 edit,
2481 5331 2631 5377 homo
2660 5331 2797 5370 emm
2826 5331 2899 5366 aa
2920 5331 2980 5392 tu
3002 5331 3161 5369 venit.
3261 5378 3273 5391 .

2012 5331 2099 5479 (3g
2141 5401 2266 5456 Mss.
2298 5396 2527 5466 aliquot,
2560 5390 2679 5460 ipsa
2704 5381 3005 5450 confessio,-
3039 5383 3227 5451 Corb.,
3253 5395 3372 5452 ipsa
3395 5396 3547 5457 pro.

1946 5485 2147 5527 ""8810.
