3952 6202
442 220 547 285 259
1452 211 1550 267 AD
1588 211 1819 268 OPEBA
1856 210 1910 264 S.
1951 208 2277 266 AMBROSII
2314 208 2690 265 APPENDIX.

441 342 642 415 Apollo
691 340 748 410 (Ι
775 339 900 396 Cor.
935 355 972 407 r,
1033 336 1144 408 I2).
1184 358 1204 383 ι
1267 333 1583 404 Superbiam
1626 351 1751 406 ergo
1801 335 2019 389 illorum
2049 337 2100 395 Α
2129 333 2183 388 id
2240 340 2340 400 est,
2401 339 2461 386 ut
2518 330 2724 402 Spiritu
2779 337 2964 386 sancto
3011 329 3249 400 repletus
3300 328 3455 386 dicat
3517 329 3765 386 futura'

2147 447 2164 470 ι
2195 424 2305 478 Alii
2337 421 2592 477 discretio
2621 421 2979 493 spirituum.»
3023 420 3137 474 Hoc
3164 419 3324 484 dicit,
3357 429 3420 475 ut
3452 421 3768 492 intelligat

2135 519 2188 566 et
2209 510 2440 580 judicet,
2486 509 2632 580 quod
2661 510 2864 566 dicitur
2899 525 2967 564 an
3017 508 3253 579 Spiritus
3299 509 3480 565 sancti
3540 509 3654 574 sit,
3689 527 3765 566 an

2136 599 2419 655 mundani.
2461 623 2480 646 ‹
2510 599 2620 654 Alii
2648 615 2839 672 genera
2869 597 3177 668 linguarum
3210 599 3315 668 (5),
3337 599 3432 653 alii
3460 599 3764 670 interpre-

2135 689 2272 743 tatio
2299 704 2632 744 sermonum.
2651 711 2670 735 ι
2701 687 3047 756 Interpretari
3078 695 3180 754 est,
3207 694 3269 741 ut
3296 685 3443 742 dicta
3475 687 3756 757 illorum,

441 429 734 486 humiliat:
771 436 832 482 ut
864 427 1140 498 patiantur
1167 441 1242 492 se,
1270 427 1413 481 sicut
1442 425 1580 490 dixi,
1613 425 1784 494 argui.

515 517 697 589 (Vers.
730 515 810 586 4.)
875 540 892 562 ι
937 513 1248 571 Divisiones
1295 531 1423 569 vero
1477 512 1770 584 gratiarum
1814 518 1959 567 sunt.
1993 534 2012 560 ι

439 606 560 664 Non
592 603 696 659 hoc
726 603 984 670 humanis
1031 601 1239 657 meritis
1273 602 1389 656 vult
1427 600 1654 668 ascribi,
1701 599 1792 656 sed
1842 598 2025 671 gratiae

440 693 539 749 Dei
591 693 656 748 ad
695 690 1168 748 honorificentiam
1216 689 1456 744 nominis
1495 689 1643 759 ejus;
1688 689 1830 744 sicut
1880 687 2026 742 enim

443 787 536 858 qui
568 783 703 840 dicit
731 780 1023 837 Dominum
1056 778 1261 846 Iesum,
1312 778 1369 832 in
1411 777 1618 848 Spiritu
1648 784 1836 832 sancto
1865 775 2023 842 dicit,

444 876 624 949 qualis
653 874 736 928 vis
760 873 830 927 sit
854 889 866 927 :
903 872 976 926 ita
1003 879 1056 926 et
1085 870 1142 925 in
1178 871 1295 926 loco
1321 869 1534 926 ordinis
1563 869 1730 925 ofIicii
1759 868 2029 924 ecclesia-

441 963 564 1021 stici
609 961 838 1034 positus,
889 959 1116 1032 gratiam
1165 958 1351 1026 habet,
1402 959 1577 1027 qualis
1622 958 1708 1013 vis
1745 957 1860 1012 sit:
1917 970 2027 1010 non

438 1055 629 1126 utique
657 1049 1068 1124 propriam,sed
1099 1047 1310 1104 ordinis
1342 1064 1436 1120 per
1465 1047 1758 1103 eIIicaciam
1792 1045 2029 1116 Spiritus

443 1141 639 1199 sancti.
700 1139 853 1195 Unde
905 1145 959 1192 et
1011 1137 1151 1192 inter
1209 1135 1369 1190 initia
1411 1135 1590 1190 dicit:
1665 1157 1684 1179 ι
1722 1133 1905 1202 Neque
1935 1129 2029 1202 qui

439 1233 650 1304 plantat
677 1235 758 1283 est
788 1226 1018 1297 aliquid,
1050 1241 1225 1296 neque
1254 1225 1346 1296 qui
1379 1224 1518 1294 rigat
1550 1241 1562 1278 :
1603 1221 1699 1279 sed
1728 1221 1821 1293 qui
1856 1221 2029 1276 incre-

439 1327 686 1374 mentum
710 1315 800 1371 dat
837 1317 982 1369 Deus
1013 1315 1068 1383 (Ι
1098 1313 1220 1368 Cor.
1254 1329 1336 1379 III,
1369 1312 1447 1380 7).
1485 1333 1506 1357 ι

477 1447 490 1454 .
516 1405 699 1475 (Vers.
731 1403 786 1468 5,
819 1401 899 1472 6.)
934 1400 1081 1456 Idem
1130 1409 1308 1455 autem
1343 1398 1596 1468 Spiritus.
1639 1397 1709 1452 Et
1735 1395 2032 1452 divisiones

444 1491 877 1549 ministeriorum
909 1496 1056 1543 sunt.
1082 1513 1100 1536 ι
1125 1489 1225 1543 Per
1244 1487 1493 1542 eumdem
1522 1486 1786 1557 Spiritum
1818 1483 2033 1539 diversa.

440 1580 586 1637 dona
615 1578 750 1635 dicit
787 1576 1052 1650 prrestari.
1115 1598 1136 1623 ι
1165 1575 1314 1630 Idem
1346 1590 1476 1629 vero
1508 1573 1796 1628 Dominus.
1840 1573 1910 1627 Et
1938 1571 2034 1626 di-

2137 777 2231 848 qui
2262 777 2464 848 linguis
2515 779 2817 848 loquuntur
2859 775 2947 830 vel
2978 774 3198 843 litteris,
3245 790 3342 846 per
3382 774 3610 831 donum
3647 777 3756 833 Dei

2137 864 2374 920 ﬁdeliter
2401 865 2808 936 interpretetur.

2213 953 2392 1021 (Vers.
2424 953 2545 1023 II.)
2605 978 2623 1000 ι
2661 952 2858 1008 Omnia
2906 960 3085 1008 autem
3131 952 3248 1009 haec
3293 963 3560 1024 operatur
3595 971 3751 1010 unus

2140 1051 2300 1115 atque
2322 1043 2464 1098 idem
2488 1042 3001 1112 Spiritus,dividens
3024 1043 3322 1115 unicuique
3344 1054 3507 1114 prout
3531 1045 3690 1098 vult.
3713 1068 3734 1091 ι

2139 1131 2295 1199 Quod
2326 1133 2573 1204 superius
2619 1133 2783 1187 trium
2832 1149 3180 1204 personarum
3229 1133 3382 1199 dicit,
3439 1150 3598 1189 nunc
3649 1149 3745 1201 per

2140 1236 2311 1277 unum
2342 1221 2604 1292 Spiritum
2655 1230 2899 1278 sanctum
2958 1221 3042 1293 agi
3100 1222 3418 1290 proﬁtetur;
3477 1231 3544 1277 ut
3607 1222 3743 1289 quia

2141 1313 2306 1367 unius
2335 1320 2540 1367 natura:
2571 1320 2698 1368 sunt
2726 1322 2779 1368 ct
2808 1313 3047 1379 virtutis,
3095 1312 3240 1378 quod
3276 1328 3420 1367 unus
3446 1320 3735 1382 cperatur,

2143 1407 2433 1470 operentur
2463 1408 2571 1456 tres
2603 1418 2615 1455 :
2653 1417 2795 1456 unus
2829 1411 3005 1456 tamen
3045 1409 3126 1454 est
3155 1403 3319 1466 Deus,
3367 1416 3527 1467 ClljllS
3557 1400 3737 1470 gratia

2142 1486 2412 1543 dividitur
2436 1488 2686 1560 singulis,
2718 1497 2879 1560 prout
2905 1490 3046 1557 vult,
3079 1505 3189 1544 non
3227 1487 3294 1542 ad
3328 1488 3521 1543 merita
3552 1488 3733 1544 homi-

2143 1592 2297 1644 num,
2346 1577 2441 1632 sed
2484 1578 2654 1648 magis
2699 1577 2768 1633 ad
2815 1576 3230 1634 aedificationem
3269 1577 3531 1632 Ecclesia:
3573 1594 3728 1644 suae;

443 1668 688 1723 visiones
716 1665 1094 1738 operationum
1129 1671 1275 1719 sunt.
1310 1688 1332 1712 ι
1369 1662 1556 1734 Jungit
1584 1678 1731 1717 nunc
1750 1660 2028 1718 Christum
2069 1684 2114 1744 Β
2145 1673 2205 1721 ut
2241 1666 2427 1721 omnia
2473 1682 2592 1737 quae
2638 1665 2874 1721 mundus
2907 1665 3111 1720 imitari
3165 1667 3303 1732 vult,
3337 1665 3433 1721 sed
3479 1682 3585 1721 non
3626 1664 3731 1720 im-

445 1755 678 1827 Spiritui
722 1763 930 1810 sancto.
995 1777 1014 1800 α
1044 1752 1192 1809 Idem
1224 1762 1406 1809 autem
1437 1755 1603 1821 Deus,
1653 1754 1748 1826 qui
1778 1760 2032 1824 operatur

445 1844 636 1902 omnia
664 1843 723 1898 in
752 1841 1028 1898 omnibus.
1059 1866 1080 1890 ι
1112 1843 1174 1897 In
1204 1849 1415 1897 tantum
1443 1858 1553 1896 non
1583 1841 1688 1898 hoc
1715 1840 2034 1896 hominibus

445 1931 710 1999 dandum,
744 1931 897 2003 quasi
931 1928 1212 2002 proprium
1259 1929 1352 1996 sit,
1409 1929 1502 1986 sed
1532 1930 1636 1985 soli
1667 1932 1779 1986 Deo
1808 1929 2028 1994 asserit;

443 2027 507 2077 ut
536 2020 697 2075 etiam
730 2018 936 2074 donum
970 2015 1206 2088 Spiritus
1235 2016 1429 2084 sancti,
1469 2024 1522 2072 et
1552 2015 1779 2088 gratiam
1809 2013 2032 2071 Domini

442 2108 569 2164 Iesu
608 2106 774 2162 unius
828 2107 926 2162 Dei
964 2105 1112 2162 dicat
1167 2106 1575 2178 operationem;
1636 2122 1704 2161 ne
1757 2104 1927 2177 gratia
1981 2112 2035 2160 et

441 2194 648 2252 donum
680 2195 923 2250 divisum
968 2193 1040 2250 sit
1070 2201 1292 2265 propter
1329 2209 1587 2266 personas
1621 2192 1797 2257 Patris
1828 2186 2033 2248 etFilii

443 2291 498 2340 et
528 2284 764 2357 Spiritus
811 2281 1024 2338 sancti:
1075 2281 1173 2338 sed
1205 2279 1510 2337 indiscretae
1541 2280 1769 2336 unitatis
1792 2288 1844 2335 et
1881 2289 2036 2336 natu-

446 2386 522 2426 rae
554 2370 635 2441 (4)
687 2369 854 2424 trium
890 2386 1061 2425 unum
1093 2386 1230 2442 opus
1271 2370 1629 2441 intelligatur,
1678 2377 1741 2424 ut
1767 2367 1835 2424 ad
1863 2385 2035 2424 unum

450 2475 669 2516 omnem
705 2459 931 2531 gloriam
965 2460 1171 2532 redigat
1219 2469 1273 2517 et
1315 2461 1690 2517 divinitatem.
1756 2484 1774 2508 ι
1802 2460 2037 2516 Divisio-

447 2564 547 2605 nes
574 2555 754 2604 autem
804 2548 1094 2620 gratiarum
1128 2559 1258 2606 sunt
1284 2574 1304 2598 ι
1367 2550 1560 2606 ofﬁciis
1602 2550 1879 2617 Ecclesiae,
1926 2564 2036 2604 non

446 2633 705 2693 humanis
746 2637 957 2694 meritis
1001 2637 1288 2710 deputata}.
1340 2638 1396 2694 Si
1427 2639 1573 2694 enim
1631 2638 1867 2710 Spiritus
1917 2653 2036 2692 san-

447 2730 570 2780 ctus
594 2724 739 2780 idem
770 2725 1040 2781 Dominus
1068 2735 1180 2794 est;
1213 2733 1266 2780 et
1292 2727 1562 2781 Dominus
1588 2725 1732 2779 idem
1763 2727 1908 2778 Deus
1933 2731 2031 2790 est;

445 2819 500 2867 et
528 2821 636 2868 tres
664 2830 806 2868 unus
850 2815 996 2868 Deus
1036 2821 1150 2878 est;
1209 2829 1336 2868 cum
1383 2814 1530 2866 enim
1585 2811 1823 2882 Spiritus
1863 2811 2036 2867 sancti

455 2900 648 2970 gloria,
695 2908 749 2954 et
787 2907 1043 2970 potestas,
1093 2906 1148 2954 et
1191 2906 1386 2954 natura
1417 2898 1515 2954 Dei
1546 2906 1646 2966 est,
1686 2909 1740 2955 et
1767 2899 2036 2956 Dominus

2143 1756 2272 1827 plet,
2305 1755 2432 1827 quia
2459 1756 2693 1811 carnalis
2721 1765 2834 1822 est;
2869 1757 2983 1812 haec
3009 1757 3067 1810 in
3096 1755 3364 1823 Ecclesia,
3387 1773 3511 1828 quae
3530 1755 3728 1810 domus

2141 1842 2237 1900 Dei
2269 1851 2368 1910 est,
2400 1843 2739 1912 singulorum
2790 1843 2985 1898 ofﬁciis
3031 1852 3085 1899 et
3129 1843 3274 1899 dono
3319 1851 3371 1898 et
3411 1843 3726 1914 magisterio

2141 1931 2378 2004 Spiritus
2421 1931 2594 1986 sancti
2651 1931 2864 1987 indulta
2918 1932 2985 1987 ad
3041 1931 3406 2004 probationem
3471 1932 3727 1988 veritatis

2143 2022 2200 2078 in
2238 2023 2326 2091 iis,
2383 2023 2478 2094 qui
2528 2020 2968 2093 contemptibiles
3018 2020 3226 2076 mundo
3279 2028 3428 2088 sunt,
3487 2021 3728 2076 videan-

2141 2119 2252 2167 tur.

2216 2199 2397 2272 (Vers.
2433 2201 2516 2268 I2,
2553 2201 2666 2272 I3.)
2710 2223 2730 2248 α
2759 2200 2913 2258 Sicut
2937 2201 3085 2258 enim
3114 2217 3309 2273 corpus
3336 2217 3509 2257 unum
3542 2208 3636 2268 est,
3668 2207 3724 2256 et

2144 2288 2388 2344 membra
2439 2288 2602 2345 habet
2647 2290 2858 2346 multa:
2915 2291 3101 2346 omnia
3145 2297 3324 2347 autem
3373 2289 3614 2346 membra
3653 2303 3721 2342 ex

2143 2394 2257 2434 uno
2284 2395 2530 2450 corpore,
2580 2396 2706 2435 cum
2736 2381 2848 2437 sint
2895 2383 3086 2446 multa,
3123 2397 3294 2437 unum
3338 2388 3467 2436 sunt
3495 2394 3716 2450 corpus;

2144 2467 2222 2523 ita
2249 2477 2302 2523 et
2337 2467 2605 2524 Christus.
2652 2468 2871 2524 Etenim
2902 2469 2959 2526 in
2998 2487 3108 2525 uno
3137 2470 3344 2542 Spiritu
3392 2486 3494 2525 nos
3541 2481 3722 2523 omnes

2145 2558 2203 2613 in
2234 2573 2404 2610 unum
2435 2573 2632 2628 corpus
2677 2557 2932 2622 baptizati
2971 2577 3181 2628 sumus,
3227 2561 3343 2614 sive
3374 2557 3573 2625 Judaei,
3611 2556 3724 2612 sive

2146 2650 2339 2716 Graeci,
2375 2649 2514 2706 152
2542 2647 2657 2704 sive
2686 2650 2849 2718 servi,
2879 2649 2994 2705 sive
3024 2648 3181 2703 liberi
3207 2666 3220 2714 ;
3255 2657 3307 2704 et
3337 2662 3528 2702 omnes
3555 2660 3720 2700 unum

2146 2742 2408 2814 Spiritum
2439 2750 2768 2813 potavrmus.
2800 2762 2818 2785 ι
2881 2737 2980 2792 Per
3011 2735 3127 2792 haec
3163 2735 3321 2792 docet
3356 2736 3566 2790 nullius
3611 2748 3719 2805 per-

2147 2849 2333 2889 sonam
2363 2831 2519 2904 quasi
2554 2831 2859 2900 despectam
2900 2825 3378 2892 contemnendam,
3429 2839 3604 2896 neque
3630 2821 3722 2877 ali-

2145 2922 2301 2993 cujus
2330 2919 2480 2993 quasi
2510 2919 2748 2990 perfecta
2767 2916 2857 2982 sit,
2891 2913 3310 2986 praeferendam:
3345 2929 3448 2968 nec
3475 2911 3720 2983 gloriam,

449 2985 605 3093 {esus
635 2986 780 3041 idem
810 2996 890 3041 est
918 2988 976 3041 in
1007 2993 1200 3041 natura
1224 2987 1370 3085 quod
1389 2989 1533 3093 Deus
1553 2997 1653 3056 est,
1678 3005 1821 3044 unus
1848 2989 2039 3062 ιιιίίιιιθ
2072 3035 2114 3093 C
2146 2985 2264 3083 quva;
2319 2985 2422 3063 soli
2477 2985 2588 3063 Deo
2652 3004 2898 3070 debetur,
2965 3003 3280 3058 hominibus
3337 2999 3719 3064 tribuendam;

449 3073 686 3146 Spiritus
730 3082 970 3144 sanctus,
1017 3083 1072 3132 et
1099 3074 1367 3132 Dominus
1394 3076 1569 3145 Jesus,
1618 3083 1670 3131 et
1701 3077 1854 3131 Pater
1893 3079 2036 3132 Deus

446 3169 549 3218 est.
583 3163 655 3220 Et
684 3163 888 3237 singuli
917 3164 1063 3220 enim
1109 3166 1254 3221 Deus
1281 3181 1443 3232 unus,
1474 3172 1529 3219 et
1555 3173 1662 3221 tres
1693 3167 1839 3221 Deus
1869 3181 2031 3222 unus.

443 3251 690 3326 Denique
738 3264 994 3326 operante
1041 3271 1172 3324 uno,
1222 3262 1331 3310 tres
1369 3253 1582 3326 operari
1623 3252 1920 3319 dicuntur;
1974 3259 2037 3307 ut

446 3340 734 3400 Trinitatis
766 3345 1091 3416 mysterium
1133 3345 1191 3400 in
1221 3344 1385 3399 unius
1415 3343 1512 3399 Dei
1544 3350 1737 3398 natura
1766 3351 1818 3397 et
1847 3349 2036 3414 potes-

440 3436 552 3486 tate
583 3421 892 3498 claudatur,
923 3450 1048 3487 cum
1079 3432 1152 3486 sit
1181 3433 1530 3487 immensum.

519 3526 701 3595 (Vers.
729 3527 809 3596 7.)
857 3549 876 3572 ι
909 3526 1215 3596 Unicuique
1244 3533 1425 3579 autem
1465 3527 1627 3580 datur
1670 3525 2036 3581 manifestatio

445 3610 686 3682 Spiritus
712 3610 781 3665 ad
809 3611 1126 3666 utilitatem.
1161 3635 1179 3658 ι
1214 3611 1330 3665 Hoc
1356 3619 1457 3677 est,
1490 3612 1696 3665 donum
1727 3614 1945 3682 accipit,
1975 3621 2037 3668 ut

443 3698 653 3754 divinis
697 3697 1018 3754 retinaculis
1074 3697 1245 3752 vitam
1289 3713 1441 3752 suam
1492 3696 1818 3769 gubernans,
1853 3708 1905 3755 et
1932 3699 2038 3756 sibi

452 3794 509 3843 et
533 3785 656 3843 aliis
685 3787 838 3845 utilis
864 3787 958 3855 sit,
979 3785 1112 3842 dum
1143 3787 1457 3857 exemplum
1487 3785 1645 3842 bonae
1676 3789 2037 3846 conversatio-

452 3875 541 3932 nis
560 3875 821 3932 ostendit.

523 3973 705 4046 (Vers.
738 3971 821 4037 8.)
879 3993 898 4018 ι
930 3970 1158 4030 Cuidam
1214 3973 1362 4032 enim
1413 3972 1576 4031 datur
1629 3989 1724 4046 per
1775 3971 2036 4046 Spiritum

457 4083 636 4124 sermo
668 4064 968 4136 sapientiae.
1000 4091 1020 4116 ι
1076 4068 1136 4123 Id
1167 4077 1266 4124 est.
1299 4068 1460 4124 datur
1493 4068 1578 4123 illi
1610 4068 1899 4141 prudentia
1928 4085 2038 4124 non

455 4171 525 4210 ex
549 4153 768 4221 litteris,
799 4155 893 4209 sed
917 4172 1142 4212 corusco
1167 4159 1403 4229 Spiritus
1433 4159 1609 4216 sancti
1641 4159 1797 4230 igne;
1856 4167 1917 4215 ut
1944 4169 2039 4215 cor

455 4243 654 4300 habeat
696 4242 1092 4313 illuminatum,
1141 4255 1196 4302 et
1227 4247 1300 4303 sit
1348 4247 1608 4318 prudens,
1663 4257 1724 4303 ut
1768 4248 2040 4304 discernat

2145 3096 2363 3170 quando
2407 3095 2466 3150 in
2495 3093 2751 3149 omnibus
2782 3107 2924 3146 unus
2952 3099 3112 3160 atque
3151 3089 3294 3144 idem
3326 3091 3471 3143 Deus
3509 3087 3582 3142 sit
3619 3087 3724 3157 glo-

2145 3186 2322 3242 riosus
2348 3203 2359 3240 :
2395 3184 2595 3256 quippe
2624 3198 2748 3238 cum
2770 3197 2959 3236 omnes
2979 3187 3033 3234 et
3052 3195 3220 3234 unum
3243 3177 3514 3248 baptisma
3535 3176 3726 3231 habea-

2147 3290 2286 3340 mus,
2335 3279 2388 3329 et
2427 3287 2596 3326 unum
2643 3277 2804 3340 atque
2841 3267 3092 3323 eumdem
3137 3265 3400 3337 Spiritum
3454 3274 3724 3322 sanctum.

2145 3362 2259 3417 Hoc
2281 3369 2501 3433 propter
2524 3357 2892 3430 supradictam
2933 3372 3176 3421 causam;
3211 3353 3337 3426 quia
3365 3353 3422 3408 in
3450 3355 3728 3426 aliquibus

2146 3451 2538 3521 gloriabantur,
2607 3448 2818 3519 aliquos
2883 3461 3012 3501 vero
3069 3446 3220 3500 velut
3284 3443 3729 3516 contemptibiles

2143 3539 2487 3610 spernebant.

2218 3629 2398 3698 (Vers.
2432 3626 2544 3698 14.)
2589 3650 2608 3673 ε
2635 3627 2769 3683 Nam
2800 3633 2854 3684 et
2882 3642 3078 3699 corpus
3111 3640 3220 3682 non
3247 3632 3328 3681 est
3357 3640 3531 3680 unum
3562 3640 3728 3681 mem-

2144 3715 2326 3784 brum,
2355 3717 2447 3773 sed
2478 3717 2668 3772 multa.
2705 3740 2724 3764 ›
2778 3717 2891 3773 Hoc
2919 3716 3129 3784 dicens,
3172 3714 3410 3770 ostendit
3456 3714 3726 3769 unitatem

2147 3803 2344 3860 habere
2382 3806 2667 3862 varietates
2722 3804 3027 3861 ofﬁciorum
3088 3805 3189 3875 (6),
3247 3811 3300 3858 et
3353 3802 3726 3858 diversitatem

2148 3893 2288 3951 hanc
2317 3911 2428 3951 non
2459 3894 2761 3967 discrepare
2792 3895 2848 3949 in
2896 3894 3104 3949 unitate
3142 3893 3455 3965 potestatis;
3509 3891 3729 3964 quando

2147 3985 2328 4040 unitas
2357 3983 2600 4054 corporis
2629 3999 2738 4039 non
2768 3982 2824 4037 in
2850 3981 3227 4054 singularitate
3245 3979 3514 4046 consistit,
3544 3980 3640 4035 sed
3669 3979 3729 4034 in

2147 4073 2336 4128 multis
2365 4071 2668 4128 membris:
2726 4078 2787 4125 ut
2833 4070 3070 4126 invicem
3114 4069 3220 4124 sibi
3249 4075 3526 4140 praestent,
3580 4067 3729 4140 quod

2148 4161 2366 4216 debent.

2222 4251 2400 4323 (Vers.
2436 4249 2548 4321 15.)
2593 4274 2611 4297 ε
2640 4250 2696 4306 Si
2729 4248 2933 4304 dixerit
2962 4264 3054 4320 pes
3088 4265 3100 4303 :
3159 4246 3298 4313 Quia
3326 4261 3436 4300 non
3465 4261 3586 4300 sum
3617 4261 3729 4301 ma-

448 4351 569 4408 quze
598 4335 824 4391 vitanda
879 4346 1028 4406 sunt,
1085 4355 1276 4410 quaeve
1318 4341 1610 4412 sequenda.
1679 4363 1697 4386 ι
1737 4340 1849 4394 Alii
1906 4357 2036 4396 vero
2066 4373 2112 4430 Β
2150 4357 2274 4407 nus,
2305 4355 2414 4394 non
2447 4355 2566 4394 sum
2597 4338 2664 4393 de
2710 4353 2959 4409 corpore;
3008 4353 3138 4392 num
3181 4343 3461 4407 propterea
3491 4350 3603 4389 non
3647 4339 3732 4389 est

443 4440 624 4480 sermo
653 4424 897 4481 scientiae
936 4426 1235 4482 secundum
1267 4427 1517 4483 eumdem
1547 4428 1839 4499 spiritum:
1871 4452 1889 4474 ι
1932 4429 2038 4485 hoc

443 4519 544 4578 est,
577 4519 638 4566 ut
691 4511 888 4568 habeat
934 4512 1216 4570 scientiam
1266 4531 1447 4570 rerum
1496 4515 1831 4570 divinarum.
1862 4540 1881 4565 ι
1923 4516 2036 4571 Alii

443 4601 620 4675 gratia
646 4591 993 4658 curationum
1023 4603 1082 4658 in
1112 4620 1223 4660 uno
1255 4604 1500 4676 Spiritu;
1543 4627 1562 4652 ι
1606 4602 1665 4658 id
1691 4612 1793 4672 est,
1824 4611 1885 4659 ut
1912 4620 2038 4660 me-

440 4689 620 4747 delam
652 4691 858 4750 tribuat
888 4691 1122 4748 infirmis
1155 4694 1243 4749 vel
1275 4694 1452 4765 aegris.

513 4790 696 4862 (Vers.
729 4791 782 4856 9,
819 4790 932 4862 10.)
1002 4813 1021 4838 ε
1061 4791 1173 4846 Alii
1219 4791 1354 4847 ﬁdes
1395 4791 1452 4846 in
1497 4791 1685 4848 eodem
1733 4790 1959 4864 Spiritu.
1997 4817 2018 4841 ι

440 4875 556 4931 Hoc
595 4877 749 4944 dicit,
799 4887 862 4933 ut
907 4878 1036 4934 fidei
1076 4879 1395 4952 profitendae
1441 4880 1808 4949 vindicandae,
1853 4899 2032 4954 pressa

440 4965 793 5033 verecundia,
851 4967 1082 5038 accipiat
1139 4969 1477 5026 facultatem.
1552 4995 1570 5018 ι
1620 4971 1732 5026 Alii
1788 4971 2030 5042 operatio

442 5051 738 5107 virtutum.
769 5076 788 5100 ι
829 5053 1156 5110 Potestatem
1185 5056 1301 5112 dari
1347 5059 1619 5129 significat
1651 5059 1707 5112 in
1746 5057 2030 5128 ejiciendis

439 5135 750 5210 daemoniis,
782 5151 876 5199 aut
904 5143 1076 5216 signis
1104 5144 1388 5202 faciendis.
1448 5171 1466 5192 ε
1496 5146 1609 5201 Alii
1639 5146 1955 5218 prophetia;
1997 5171 2016 5196 ι

513 5318 594 5391 (4)
627 5319 788 5378 Corb.
835 5319 982 5390 cod.,
1037 5321 1255 5376 unitatis
1301 5327 1521 5386 natura,
1571 5327 1620 5376 et
1661 5322 1820 5378 trium
1867 5337 2032 5376 unum

437 5405 586 5462 opus.

514 5462 593 5533 (5)
626 5460 759 5535 Cod.
811 5460 965 5535 Gem.
999 5469 1052 5519 et
1088 5463 1258 5530 Vall.,
1311 5463 1632 5535 linguarum,
1677 5481 1855 5520 eorum
1893 5463 2027 5519 scili-

439 5537 514 5586 cet
565 5534 657 5604 qui
697 5551 794 5606 per
861 5534 1095 5604 Spiritus
1159 5535 1328 5590 sancti
1389 5534 1710 5606 inajeslatem
1770 5537 2031 5607 accipiunt

2148 4429 2215 4484 de
2244 4444 2466 4500 corpore
2488 4429 2515 4484 ‘?
2535 4453 2552 4474 ι
2588 4429 2702 4484 Hoc
2731 4436 2830 4494 est,
2859 4444 2970 4482 non
2997 4442 3150 4498 posse
3178 4442 3323 4491 eum,
3345 4425 3438 4496 qui
3473 4425 3732 4480 infirmus

2144 4518 2362 4574 videtur
2391 4519 2533 4574 inter
2561 4519 2774 4586 fratres,
2816 4518 2998 4589 negari
3052 4534 3165 4573 esse
3193 4517 3260 4572 de
3300 4532 3549 4587 corpore,
3599 4516 3732 4588 quia

2143 4623 2250 4662 non
2277 4617 2356 4664 est
2383 4616 2593 4680 potens.

2217 4697 2394 4768 (Vers.
2430 4698 2541 4767 I6.)
2599 4720 2616 4742 ε
2645 4696 2700 4751 Si
2739 4695 2945 4751 dixerit
2972 4695 3216 4753 auricula
3249 4713 3260 4750 :
3293 4693 3434 4760 Quia
3461 4711 3574 4750 non
3604 4710 3727 4750 sum

2145 4785 2357 4853 oculus,
2405 4801 2514 4839 non
2561 4801 2681 4838 sum
2713 4782 2779 4838 de
2820 4800 3081 4856 corpore;
3127 4800 3257 4839 num
3303 4789 3587 4856 propterea
3615 4798 3728 4838 non

2140 4883 2219 4931 est.
2247 4875 2314 4930 de
2341 4889 2565 4946 corpore
2587 4871 2614 4927 ‘P
2643 4897 2661 4918 ι
2702 4872 2821 4926 Non
2850 4872 3046 4928 debere
3075 4873 3209 4929 dicit
3234 4873 3414 4938 illum,
3441 4871 3535 4942 qui
3563 4871 3729 4943 paulo

2139 4963 2365 5019 inferior
2402 4969 2503 5028 est,
2554 4977 2664 5016 non
2710 4963 3074 5016 necessarium
3114 4961 3292 5032 putari
3335 4959 3572 5032 corpori,
3607 4977 3730 5032 pro.

2136 5061 2318 5124 pterea
2343 5049 2489 5123 quod
2520 5049 2586 5105 de
2617 5049 2807 5120 primis
2841 5065 2953 5104 non
2984 5050 3078 5104 sit.

2211 5142 2390 5213 (Vers.
2425 5139 2536 5210 I7.)
2603 5163 2621 5186 ι
2650 5139 2705 5194 Si
2757 5145 2933 5192 totum
2991 5153 3191 5210 corpus
3234 5137 3447 5206 oculus,
3503 5136 3601 5192 ubi
3647 5145 3730 5193 est

2135 5319 2383 5398 gratiam,
2415 5322 2473 5370 ut
2496 5314 2700 5387 possint
2725 5310 3014 5382 intelligere
3050 5311 3383 5368 diversarum
3419 5311 3731 5380 linguarum

2139 5393 2525 5530 elogiiylginnes
2552 5456 2684 5513 edit.
2717 5471 2780 5511 ac
2806 5470 2933 5530 mss.
2966 5456 3195 5530 aliquot,
3223 5454 3446 5508 ostendit
3476 5453 3734 5509 unitatem

2138 5526 2410 5587 varietatis
2438 5548 2460 5595 ;
2489 5531 2686 5585 melius
2713 5526 2920 5596 caeteri,
2948 5534 3011 5582 ut
3037 5526 3094 5581 in
3124 5531 3408 5583 contextu.

3652 204 3772 262 260

3903 473 3905 594 l
