3952 6202
235 144 337 212 261

1296 153 1661 213 COMMENT.
1712 155 1782 213 IN
1818 149 2074 213 ESPIST.
2115 157 2140 211 Ι
2175 151 2270 212 ΑΙ)
2309 157 2466 213 COR.

2895 87 2912 95 ⁸
2973 88 3059 105 Φὴρ.
3145 95 3148 98 .

3410 159 3514 218 262

230 277 450 334 auditus
478 277 508 334 7
536 277 592 333 Si
623 283 798 333 totum
838 276 1076 345 auditus,
1115 276 1210 332 ubi
1243 287 1325 333 est
1361 279 1620 335 odoratus
1642 280 1670 335 ?
1698 305 1716 329 ι
1759 279 1818 335 ld
1847 285 1896 342 Α
1924 280 2042 334 sine
2071 279 2337 350 dignitate
2364 294 2498 346 esse,
2522 276 2836 334 invenimus
2857 275 2915 332 in
2937 276 3016 333 eis
3034 277 3176 350 quod
3202 249 3507 350 laudemus,

229 381 332 441 est,
360 374 404 429 si
437 388 624 429 omnes
650 373 816 428 unius
845 382 1023 428 essent
1039 372 1205 428 ofﬁcii
1234 381 1289 427 et
1317 373 1518 444 operis;
1543 373 1817 446 quomodo

228 461 551 535 impleretur
595 461 806 534 reliqua
851 461 1142 517 necessitas
1183 461 1474 533 corporis;
1521 478 1647 518 cum
1675 479 1818 520 con-

228 557 336 608 stet
392 552 583 608 multis
629 551 826 607 officiis
869 568 1005 624 opus
1037 567 1152 607 esse
1195 550 1264 607 ad
1294 551 1663 623 gubernacula
1690 569 1820 608 eor—

227 640 378 711 poris
408 640 437 696 7

302 728 486 800 (Vera.
535 729 650 800 18.)
705 753 725 776 ι
769 727 927 784 Nunc
957 735 1136 784 autem
1167 730 1312 784 Deus
1342 729 1524 800 posuit
1552 727 1817 796 membra,

228 817 671 890 unumquodque
708 817 766 872 in
792 833 1046 888 corpore;
1082 819 1225 873 sicut
1253 817 1450 872 voluit.
1482 841 1500 865 ι
1558 817 1820 873 Volunta-

229 911 348 960 tem
395 905 518 973 Dei,
565 905 694 978 quia
741 905 967 976 provida
995 913 1048 960 et
1076 904 1420 960 rationabilis
1448 913 1549 972 est,
1579 904 1823 960 membra

228 991 370 1048 dicit
397 993 612 1064 corpori
647 1000 890 1064 aptasse;
924 1000 983 1046 ut
1016 991 1156 1047 nihil
1186 992 1326 1048 desit
1355 992 1592 1066 corpori,
1633 993 1728 1049 sed
1751 992 1822 1048 sit

229 1081 424 1138 multis
451 1081 708 1136 membris
739 1081 1038 1152 perfectum
1071 1081 1176 1151 (7).

307 1170 490 1240 (Vers.
526 1169 634 1239 19.)
654 1192 672 1214 ι
702 1169 757 1224 Si
790 1177 971 1224 autem
994 1169 1225 1226 fuissent
1248 1171 1434 1227 omnia
1459 1187 1631 1227 unum
1656 1187 1821 1226 mem-

237 1257 423 1325 brum,
443 1258 535 1313 ubi
566 1259 805 1329 corpus?
833 1283 852 1306 ι
895 1259 1252 1315 Manifestum
1282 1269 1362 1317 est
1390 1262 1519 1333 quia
1556 1260 1602 1316 si
1633 1276 1822 1316 omnes

230 1346 468 1401 fuissent
497 1346 662 1401 unius
714 1347 1017 1418 dignitatis,
1053 1365 1163 1404 non
1213 1348 1526 1406 dicerentur
1555 1349 1820 1416 membra,

227 1450 408 1507 neque
461 1451 661 1507 corpus
713 1453 725 1491 :
774 1434 1006 1508 ideoque
1035 1436 1205 1492 variis
1230 1437 1600 1492 membrorum
1630 1434 1825 1492 ofﬁciis

227 1521 734 1592 conjubernantur;
766 1524 955 1578 omnia
981 1523 1128 1579 enim
1159 1541 1331 1580 unum
1362 1525 1668 1581 membrum
1709 1539 1822 1578 esse

1925 369 2068 426 sicut
2113 377 2166 424 et
2224 368 2282 422 in
2339 367 2596 424 membris
2633 368 2949 437 vilioribus,
3002 368 3150 441 quod
3199 371 3318 440 plus
3348 371 3508 427 nobis

1927 457 2155 530 placeat,
2188 474 2348 530 quam
2371 459 2516 531 quod
2545 459 2599 514 in
2628 459 2838 515 caeteris
2860 459 3190 516 invenimus.
3221 460 3340 528 Quo
3358 461 3505 516 enim

1928 548 2137 604 honore
2189 548 2367 620 dignae
2410 557 2538 604 sunt
2567 565 2777 616 manus,
2811 547 3030 622 quando
3059 549 3204 622 quod
3229 551 3504 618 volumus,

1928 638 2212 700 tenemus!
2258 636 2343 691 vel
2397 636 2580 707 pedes,
2627 653 2750 693 cum
2806 637 3005 710 quibus
3061 655 3170 711 quo
3219 630 3504 708 volumus,

1930 716 2075 782 imus
2108 727 2120 782 l
2163 727 2455 797 Propterea
2496 732 2550 779 et
2585 741 2682 780 nos
2735 725 2984 780 addimus
3030 726 3108 781 eis
3133 725 3510 784 honoriﬁcen—

1932 814 2084 882 tiam,
2137 823 2199 870 ut
2244 821 2378 886 puta
2423 812 2690 884 pedibus;
2740 829 2875 885 quos
2926 818 3065 874 153
3111 815 3238 885 quia
3275 815 3510 872 humiles

1930 920 2060 968 sunt
2100 919 2154 967 et
2181 911 2299 967 sine
2323 911 2610 982 dignitate,
2652 910 3034 966 calceamentis
3073 927 3348 968 ornamus.
3393 935 3412 957 ι
3440 913 3511 966 Et

1932 1019 2051 1076 quae
2088 1001 2378 1058 inhonesta
2403 1009 2533 1057 sunt
2582 1007 2786 1056 nostra.
2847 999 3300 1055 abundantiorem
3344 1000 3510 1056 hono-

1932 1110 2044 1149 rem
2071 1093 2298 1151 habent.
2331 1120 2351 1143 ι»
2394 1094 2745 1150 Manifestum
2777 1101 2858 1148 est
2879 1094 3007 1165 quia
3032 1092 3283 1165 pudenda
3310 1100 3511 1161 nostra,

1933 1197 2052 1253 qua:
2085 1183 2268 1253 turpia
2295 1181 2574 1248 videntur,
2607 1181 2738 1236 dum
2768 1189 3019 1252 aspectus
3047 1181 3297 1252 publicos
3316 1181 3513 1248 vitant,

1932 1269 2214 1326 honestate
2261 1287 2318 1325 se
2363 1278 2681 1342 contegunt,
2729 1286 2798 1325 ne
2829 1286 2924 1340 per
2950 1269 3360 1325 irreverentiam
3393 1259 3515 1324 hor-

1932 1365 2106 1414 reant.
2149 1357 2330 1415 Simili
2389 1358 2552 1414 modo
2608 1368 2663 1415 et
2711 1358 2932 1431 quidam
2965 1358 3222 1426 fratrum,
3253 1375 3376 1416 cum
3405 1357 3516 1412 sint

1933 1455 2166 1519 egestate
2215 1455 2269 1502 et
2318 1446 2510 1503 habitu
2558 1447 2857 1511 inhonesti,
2889 1463 3000 1502 non
3035 1455 3215 1502 tamen
3246 1453 3373 1501 sunt
3398 1445 3513 1500 sine

1932 1535 2125 1606 gratia,
2157 1552 2253 1607 per
2281 1552 2444 1607 quam
2472 1535 2718 1592 membra
2743 1536 2854 1592 sint
2882 1536 3129 1607 corpOris
3157 1533 3327 1591 nostri
3350 1551 3361 1589 :
3383 1549 3510 1588 nam

225 1626 339 1666 non
367 1617 639 1681 poterant.
678 1608 808 1665 Ideo
850 1616 1031 1665 autem
1058 1612 1234 1667 multa
1261 1620 1408 1680 sunt,
1433 1610 1562 1684 quia
1590 1609 1658 1666 ab
1678 1610 1822 1666 invi-

1938 1620 2106 1677 solent
2149 1621 2419 1677 succincti
2449 1621 2718 1677 vesticula
2746 1621 2960 1687 tetrica,
2991 1621 3141 1676 nudo
3169 1620 3324 1692 pede,
3360 1621 3515 1674 ince-

225 1713 348 1753 cem
377 1697 641 1753 differunt
670 1696 949 1769 dignitate.

305 1795 485 1867 (Vers.
523 1796 637 1867 20.)
681 1821 699 1844 ε
726 1796 884 1852 Nunc
907 1803 1086 1852 autem
1105 1797 1281 1853 multa
1299 1794 1522 1870 quidem
1553 1793 1818 1863 membra,

226 1899 400 1940 unum
439 1893 618 1942 autem
651 1901 865 1957 corpus.
898 1909 918 1933 ι
969 1886 1084 1941 Hoc
1103 1884 1260 1955 dicit,
1291 1885 1421 1958 quia
1448 1885 1624 1940 multa
1652 1899 1821 1940 mem-

227 1971 347 2040 bra,
385 1989 510 2030 cum
556 1973 794 2030 invicem
844 1974 930 2030 sui
987 1983 1200 2047 egeant,
1259 1990 1370 2030 non
1425 1974 1737 2045 discrepant
1761 1971 1821 2026 in

226 2060 440 2116 unitate
467 2070 698 2125 naturae,
728 2062 978 2133 quamvis
1010 2062 1067 2117 di
1089 2079 1247 2118 versa
1287 2062 1434 2128 sint;
1471 2062 1600 2134 quia
1628 2061 1822 2116 diver-

228 2148 364 2204 sitas
401 2148 519 2203 haec
571 2148 629 2202 in
683 2164 856 2202 unum
907 2151 1205 2217 concurrit,
1252 2158 1314 2205 ut
1341 2151 1583 2222 corporis
1612 2148 1821 2204 utilitas

235 2237 548 2309 expleatur,
579 2235 722 2292 sicut
750 2242 805 2290 et
835 2251 896 2291 ea
934 2235 1133 2308 quibus
1160 2237 1396 2292 mundus
1426 2239 1540 2308 ipse
1587 2243 1820 2304 constat,

231 2343 361 2383 cum
394 2333 523 2380 sunt
546 2323 761 2380 diversa
790 2341 901 2380 non
933 2325 1112 2380 solum
1135 2326 1349 2392 ciliciis,
1389 2325 1482 2380 sed
1512 2332 1565 2380 et
1591 2323 1818 2389 naturis;

229 2413 299 2470 ad
357 2413 524 2468 unius
553 2419 733 2467 tamen
775 2411 971 2467 mundi
1002 2413 1302 2484 proﬁciunt
1330 2413 1740 2483 perfectionem,
1772 2418 1825 2466 et

230 2519 302 2559 ex
332 2500 592 2557 omnibus
617 2499 705 2556 his
733 2501 978 2556 nascitur
999 2500 1286 2572 temperies
1315 2499 1563 2572 quaedam
1594 2499 1652 2554 in
1682 2497 1823 2554 fruor

229 2590 400 2659 tibus,
423 2589 516 2662 qui
549 2588 802 2644 humanae
833 2587 1130 2660 proﬁciunt
1160 2587 1412 2644 utilitati.

307 2686 489 2759 (Vers.
516 2685 632 2757 21.)
679 2710 698 2733 ι
725 2685 846 2740 Νοη
873 2691 1050 2756 potest
1077 2691 1258 2740 autem
1283 2683 1464 2739 dicere
1488 2683 1681 2740 oculus
1698 2697 1826 2738 ma-

236 2776 367 2832 nui:
402 2776 580 2847 Opera
614 2782 710 2831 tua
734 2792 844 2831 non
873 2775 1111 2847 indigeo.
1143 2799 1162 2821 ι
1219 2774 1336 2831 Hoc
1361 2781 1464 2841 est,
1505 2789 1615 2829 non
1645 2779 1824 2844 potest

237 2863 418 2920 dicere
478 2863 660 2935 potior
717 2862 1006 2917 inferiori:
1065 2861 1188 2916 Non
1232 2860 1370 2915 mihi
1414 2877 1549 2932 opus
1587 2876 1662 2926 es;
1694 2859 1822 2931 quia

238 2954 434 3009 oculus
461 2950 682 3024 quidem
712 2950 882 3016 videt,
913 2947 1009 3004 sed
1038 2963 1231 3002 manus
1265 2955 1412 3014 sunt,
1444 2963 1562 3019 quae
1583 2963 1824 3018 operan-

231 3049 344 3099 tur.
389 3043 503 3098 Aut
555 3041 752 3096 iterum
803 3046 966 3110 caput
998 3038 1266 3109 pedibus:
1324 3059 1342 3083 σ
1373 3038 1493 3092 Non
1522 3036 1652 3091 estis
1681 3036 1820 3092 mihi

237 3128 531 3188 necessarii
556 3145 570 3194 ;
622 3151 642 3175 ι
701 3126 759 3182 id
803 3133 905 3192 est,
935 3122 1110 3194 major
1141 3123 1310 3194 gradu
1339 3130 1392 3177 et
1419 3121 1682 3192 dignitate
1712 3139 1821 3177 non

233 3225 415 3292 potest
435 3217 554 3270 sine
584 3214 682 3268 illo
709 3227 845 3280 esse,
879 3212 973 3283 qui
1001 3211 1232 3265 humilis
1259 3217 1373 3275 est;
1418 3209 1545 3281 quia
1573 3217 1654 3264 est
1679 3209 1824 3280 quod

235 3304 478 3362 humilis
506 3308 702 3374 potest,
731 3299 879 3371 quod
907 3315 1020 3353 non
1048 3305 1226 3370 potest
1259 3296 1529 3364 sublimis,
1562 3297 1688 3368 quia
1715 3297 1824 3351 fer-

242 3411 370 3453 rum
431 3398 629 3464 potest,
676 3388 820 3462 quod
865 3404 976 3444 non
1025 3395 1203 3458 potest
1237 3401 1469 3441 aurum:
1502 3401 1564 3440 ac
1599 3401 1696 3457 per
1722 3385 1828 3442 hoc

233 3485 503 3541 honorem
539 3478 704 3551 capiti
735 3477 942 3533 faciunt
972 3475 1160 3548 pedes.

309 3589 492 3661 (Vers.
548 3583 663 3654 22.)
726 3606 745 3630 ι
799 3581 904 3640 Sed
959 3583 1135 3637 multo
1173 3579 1344 3652 magis
1393 3596 1512 3653 quae
1564 3579 1825 3636 videntur

238 3677 483 3736 membra
533 3672 774 3745 corporis
801 3671 1112 3726 inﬁrmiora
1138 3685 1275 3737 esse,
1309 3669 1611 3725 necessaria
1636 3676 1809 3723 sunt.»

238 3766 584 3824 Manifestum
617 3769 714 3818 est.
749 3761 877 3834 quia
897 3759 1150 3833 quamvis
1176 3757 1377 3831 aliquis
1429 3755 1693 3828 dignitate
1720 3772 1824 3812 su-

239 3857 426 3912 blimis
450 3854 552 3920 sit;
612 3850 658 3908 si
710 3849 988 3921 subjectus
1035 3857 1217 3904 tamen
1249 3845 1504 3912 defuerit,
1535 3845 1631 3917 qui
1658 3845 1825 3900 obse-

239 3943 386 4017 quiis
412 3942 524 3997 suis
554 3940 711 3995 illum
737 3938 899 3993 faciat
933 3936 1251 4008 gloriosum,
1280 3932 1398 4004 ipsa
1416 3930 1655 4002 dignitas
1681 3947 1824 3987 con-

240 4029 567 4104 temptibilis
599 4029 704 4083 erit
730 4044 740 4080 :
773 4025 1013 4081 oﬂicium
1041 4023 1187 4078 enim
1216 4029 1318 4089 est,
1349 4037 1443 4092 per
1469 4019 1613 4091 quod
1632 4018 1824 4089 digni-

239 4131 323 4179 tas
363 4125 596 4177 constat.
647 4117 776 4172 Tale
821 4121 906 4169 est
928 4114 973 4168 si
1005 4110 1318 4184 imperatori
1359 4108 1499 4164 desit
1529 4107 1823 4163 exercitus.

239 4209 504 4280 Quamvis
559 4222 686 4277 ergo
716 4219 944 4273 magnus
989 4201 1060 4255 sit
1120 4201 1435 4270 imperator,
1465 4197 1827 4252 necessarium

238 4307 425 4355 tamen
453 4294 620 4349 habet
643 4289 945 4346 exercitum
973 4305 987 4352 ;
1021 4285 1328 4340 membrum
1357 4292 1438 4338 est
1465 4285 1611 4338 enim
1637 4301 1822 4356 corpo-

240 4386 316 4443 ris
358 4384 442 4456 (8)
508 4379 644 4451 ejus,
697 4384 821 4431 ante
859 4391 915 4430 se
944 4373 1148 4428 habens
1195 4371 1466 4439 tribunos,
1499 4372 1744 4440 comites,
1771 4380 1825 4429 et

241 4474 554 4544 magistros.
606 4466 702 4523 His
735 4463 991 4521 omnibus
1032 4461 1321 4518 inferiores
1351 4468 1475 4516 sunt
1506 4461 1728 4529 milites,
1769 4469 1822 4518 et

243 4563 416 4636 magis
446 4556 736 4616 necessarii
779 4565 928 4622 sunt,
963 4553 1107 4609 sicut
1136 4551 1380 4607 membra
1415 4551 1674 4624 corporis,
1705 4569 1824 4624 qua

242 4670 368 4712 cum
396 4648 663 4706 inferiora
701 4643 976 4709 videntur,
1008 4643 1131 4712 plus
1159 4641 1318 4697 utilia
1337 4649 1499 4709 sunt;
1531 4642 1648 4697 sine
1684 4657 1826 4696 ocu-

242 4743 313 4798 lis
352 4741 498 4796 enim
542 4751 735 4792 manus
772 4739 1048 4804 operatur,
1095 4737 1149 4786 et
1177 4746 1272 4802 pes
1299 4730 1586 4786 ambulans
1615 4730 1824 4785 victum

244 4829 516 4905 quaeritat.

321 4934 502 5010 (Vers.
551 4931 666 5005 23.)
730 4953 750 4978 ι
791 4928 864 4986 Et
907 4943 1026 5002 qua
1072 4933 1329 4999 putamus
1353 4925 1685 4998 ignobiliora
1711 4937 1826 4980 esse

243 5031 496 5092 membra
533 5021 890 5097 corporis,his
928 5020 1382 5077 abundantiorem
1416 5018 1679 5072 honorem
1709 5017 1828 5072 cir-

247 5119 590 5178 cumdamus.
624 5139 642 5162 ι
704 5110 914 5168 Similis
940 5117 1021 5166 est
1052 5122 1260 5175 sensus,
1291 5107 1418 5178 quia
1446 5105 1538 5176 qui
1569 5111 1829 5175 putantur

321 5262 402 5335 (7)
435 5256 589 5335 Ed‘it.
617 5270 825 5335 omnes,
853 5268 979 5335 cum
1011 5266 1138 5307 mss.
1172 5243 1829 5335 quibusdamglesitlnut:

250 5321 340 5389 ηδ’
370 5321 615 5386 membris
665 5328 1173 5398 perfeclumtniss.
1224 5333 1334 5372 non
1383 5321 1537 5398 pauci
1569 5321 1831 5398 omittunt

246 5387 568 5473 oerfectum;
614 5387 818 5469 optime
845 5387 978 5450 vero
1004 5391 1190 5457 Corb.,
1219 5403 1289 5444 ex
1315 5403 1423 5458 quo
1455 5387 1632 5443 locum
1663 5387 1830 5440 resti-

247 5475 479 5532 tuimus'.‘

1935 1709 2079 1766 dere.
2104 1708 2240 1766 Cum
2257 1725 2384 1779 ergo
2415 1708 2706 1763 videantur
2725 1707 3183 1778 contemptibiles,
3216 1705 3384 1777 magis
3405 1705 3516 1760 hc-

1932 1796 2055 1852 nori
2092 1804 2257 1865 sunt;
2299 1795 2428 1868 quia
2475 1797 2655 1851 solent
2699 1796 2868 1852 vitam
2917 1794 3116 1851 habere
3144 1792 3511 1850 mundiorem.

1932 1884 2090 1951 Quod
2135 1883 2282 1940 enim
2333 1883 2654 1940 hominibus
2707 1882 2928 1940 videtur
2954 1881 3290 1954 despectum,
3319 1882 3453 1938 solet
3480 1896 3514 1936 ει

1929 1974 2042 2029 Deo
2072 1973 2366 2046 pulchrum
2387 1971 2647 2045 judicari.

2005 2064 2184 2136 (Vers.
2235 2064 2354 2136 24.)
2411 2089 2430 2112 ι
2477 2065 2608 2132 Quae
2646 2072 2828 2122 autem
2873 2061 3103 2122 honesta
3141 2071 3270 2122 sunt
3305 2068 3509 2132 nostra,

1932 2154 2140 2209 nullius
2163 2160 2342 2226 egent.
2374 2178 2396 2202 ι
2435 2154 2701 2226 Apertum
2740 2161 2822 2210 est
2859 2154 2988 2226 quia
3036 2161 3199 2226 caput
3231 2170 3343 2210 non
3370 2161 3510 2224 eget,

1932 2257 2106 2314 neque
2163 2241 2347 2309 facies,
2391 2258 2568 2314 neque
2605 2259 2819 2310 manus,
2875 2251 2938 2299 ut
2993 2241 3082 2298 his
3136 2240 3366 2298 addatur
3419 2256 3513 2313 per

1932 2329 2077 2402 quod
2119 2331 2477 2386 decorentur:
2537 2331 2614 2386 ita
2658 2339 2712 2387 et
2738 2330 3020 2398 fratribus,
3053 2330 3113 2386 in
3140 2331 3339 2403 quibus
3387 2336 3514 2384 slu-

1933 2418 2085 2472 dium
2114 2420 2345 2489 peritiae,
2377 2426 2431 2474 et
2457 2419 2894 2475 conversationis
2930 2419 3079 2490 viget
3108 2418 3385 2486 honestas,
3414 2416 3513 2471 ni-

1933 2504 2015 2560 hil
2049 2513 2130 2560 est
2174 2505 2320 2576 quod
2365 2522 2398 2560 a
2440 2506 2602 2561 nobis
2651 2506 2915 2572 additur;
2966 2505 3182 2562 debitus
3228 2506 3374 2561 enim
3400 2504 3514 2559 illis

1933 2595 2184 2653 redditur
2231 2596 2427 2652 honor.
2468 2595 2747 2666 Despectis
2783 2611 2914 2649 vero
2945 2595 3032 2648 vel
3062 2594 3369 2649 humilibus
3409 2609 3516 2648 ex-

1932 2685 2174 2742 hortatio
2202 2685 2506 2741 necessaria
2533 2691 2634 2752 est,
2667 2700 2763 2755 per
2789 2698 2952 2755 quam
3004 2680 3236 2736 addatur
3275 2681 3389 2736 illis
3419 2678 3516 2740 ali-

1933 2776 2055 2848 quis
2083 2775 2278 2842 honor,
2319 2782 2380 2830 ut
2409 2774 2542 2829 ﬁant
2569 2774 2768 2828 utiles:
2811 2772 2857 2828 si
2885 2770 3202 2844 quominus,
3246 2771 3363 2841 ipso
3391 2785 3514 2826 con-

1930 2873 2142 2937 temptu
2167 2862 2586 2936 negligentiores
2613 2860 2760 2918 circa
2785 2876 2842 2916 se
2870 2866 3050 2927 erunt,
3081 2857 3141 2914 in
3161 2857 3363 2931 quibus
3389 2873 3515 2913 ma-

1851 2983 1896 3043 ο
1931 2958 2011 3031 gis
2034 2958 2432 3030 proﬁciendum
2463 2965 2563 3014 est.

2004 3047 2185 3117 (Vers.
2219 3046 2337 3117 25.)
2384 3070 2402 3094 ι
2432 3046 2538 3103 Sed
2564 3046 2710 3101 Deus
2738 3044 3066 3116 temperavit
3094 3058 3310 3114 corpus,
3340 3042 3390 3097 ei
3420 3043 3511 3097 cui

1932 3141 2134 3208 deerat,
2161 3141 2617 3196 abundantiorem
2657 3139 2948 3195 tribuendo
2985 3139 3279 3203 honorem;
3313 3146 3374 3192 ut
3400 3154 3511 3193 non

1933 3229 2005 3284 sit
2041 3229 2281 3284 schisma
2310 3229 2390 3300 (9)
2425 3227 2483 3283 in
2512 3243 2756 3298 corpore,
2778 3225 2872 3282 sed
2901 3242 2999 3296 pro
3025 3225 3260 3280 invicem
3281 3224 3515 3280 sollicita

1935 3316 2049 3371 sint
2094 3315 2357 3370 membra.
2391 3339 2410 3363 ι
2451 3314 2542 3370 Sic
2566 3313 2703 3369 dicit
2730 3330 2762 3368 a
2789 3315 2902 3368 Deo
2934 3310 3274 3368 moderatum
3311 3311 3516 3367 huma—

1935 3420 2068 3460 num
2096 3420 2316 3474 corpus,
2344 3409 2406 3458 ut
2435 3402 2621 3457 omnia
2647 3399 2892 3457 membra
2920 3398 3038 3471 ejus
3053 3399 3352 3455 necessaria
3367 3398 3506 3466 sint;

1935 3507 1996 3548 ac
2030 3507 2124 3563 per
2156 3490 2261 3547 hoc
2290 3507 2389 3562 pro
2421 3506 2476 3545 se
2512 3489 2747 3544 invicem
2778 3487 3033 3554 sollicita,
3067 3487 3195 3560 quia
3221 3485 3370 3542 aliud
3394 3487 3513 3544 sine

1933 3579 2104 3635 altero
2147 3595 2260 3634 esse
2312 3595 2423 3634 non
2471 3583 2690 3650 potest:
2742 3583 2797 3632 et
2833 3574 2980 3648 quod
3005 3574 3236 3632 inferius
3268 3582 3508 3646 putatur,

1933 3675 2104 3747 magis
2133 3674 2494 3731 necessarium
2525 3683 2641 3741 est;
2673 3672 2816 3729 sicut
2845 3679 2900 3728 et
2947 3671 3014 3727 de
3042 3670 3305 3727 fratribus
3331 3688 3511 3743 expo-

1931 3763 2096 3820 situm
2135 3771 2234 3831 est,
2268 3765 2356 3818 vel
2385 3763 2748 3835 disputatum,
2780 3759 2912 3831 quia
2952 3759 3140 3814 nullus
3166 3758 3326 3812 debet
3359 3759 3512 3813 velut

1932 3853 2146 3908 inutilis
2175 3851 2404 3924 despici.

2005 3949 2187 4021 (Vers.
2220 3949 2334 4020 26.)
2382 3973 2400 3996 ι
2428 3949 2500 4003 Et
2526 3948 2573 4002 si
2594 3944 2727 4019 quid
2758 3943 2963 4016 patitur
2978 3958 3151 3998 unum
3180 3941 3508 4011 membrum,

1933 4037 2340 4109 compatiuntur
2391 4033 2577 4088 omnia
2635 4030 2897 4087 membra.
2932 4053 2952 4078 ι
3008 4030 3122 4085 Hoc
3158 4029 3224 4085 de
3253 4027 3510 4084 membris

1934 4125 2178 4197 corporis
2205 4123 2385 4179 carnis
2419 4121 2737 4194 ambiguum
2778 4136 2888 4175 non
2917 4127 3034 4186 est;
3067 4119 3194 4191 quia
3221 4118 3266 4175 si
3295 4118 3506 4187 oculus,

1933 4223 2029 4271 aut
2057 4232 2171 4287 pes,
2201 4215 2289 4270 vel
2322 4230 2516 4270 manus
2552 4213 2799 4284 capiatur
2839 4208 3161 4282 aegritudine
3195 4209 3379 4280 aliqua
3411 4207 3508 4262 in-

1851 4326 1900 4385 D
1934 4304 2230 4372 ﬁrmitatis,
2273 4312 2447 4361 totum
2476 4320 2673 4376 corpus
2702 4301 2989 4358 condolet:
3025 4299 3101 4354 ita
3143 4305 3196 4353 et
3224 4314 3323 4352 nos
3340 4296 3510 4385 ‘docet

1937 4394 2050 4466 (10)
2081 4391 2372 4450 condolere
2414 4392 2700 4459 fratribus,
2731 4391 2774 4446 si
2805 4388 3014 4461 aliquid
3036 4383 3373 4458 hujusmodi,
3415 4388 3508 4437 aut

1932 4480 2268 4537 necessitatis
2315 4481 2615 4538 emerserit.
2677 4503 2696 4526 ι
2751 4477 2875 4533 Sive
2942 4474 3280 4547 gloriﬁcatur
3335 4485 3505 4524 unum

1932 4569 2261 4638 membrum,
2293 4570 2668 4641 congaudeant
2696 4565 2882 4622 omnia
2913 4563 3176 4617 membra.
3211 4586 3229 4607 ι
3271 4556 3509 4611 Manife-

1933 4668 2076 4715 stum
2099 4670 2180 4716 est
2209 4659 2340 4730 quia
2366 4659 2548 4712 laetum
2579 4662 2661 4708 est
2689 4659 2849 4723 caput
2882 4651 2996 4704 sive
3025 4655 3216 4702 caetera
3246 4643 3508 4712 membra,

1933 4747 1980 4802 si
2028 4747 2188 4818 pedes
2230 4746 2437 4800 fuerint
2473 4741 2711 4798 accurati
2749 4740 2833 4792 vel
2866 4737 3005 4791 sani.
3038 4735 3127 4788 Sic
3171 4731 3430 4787 debemus
3456 4739 3510 4787 et

1935 4849 2034 4889 nos
2061 4835 2263 4888 alacres
2291 4830 2428 4896 ﬁeri,
2460 4829 2507 4883 si
2537 4828 2759 4880 fratrem
2794 4823 3028 4892 aliquem
3054 4819 3352 4874 viderimus
3381 4818 3512 4874 cul-

1932 4930 2107 4978 torem
2159 4919 2280 4985 Dei,
2333 4925 2387 4972 et
2423 4922 2642 4970 auctum
2690 4911 2972 4965 honestate
3015 4923 3250 4963 morum.
3280 4905 3386 4964 hoc
3406 4914 3507 4979 est,

1934 5027 2126 5067 sanum
2148 5023 2263 5064 esse
2287 5004 2537 5062 consilio.

2009 5099 2188 5171 (Vers.
2226 5095 2342 5167 27.)
2387 5119 2407 5142 «
2436 5094 2550 5152 Vos
2588 5096 2769 5147 autem
2811 5087 2943 5145 estis
2969 5102 3166 5159 corpus
3193 5085 3421 5159 Christi,
3457 5091 3515 5148 et

2013 5239 2091 5309 (8)
2124 5241 2279 5296 Rom.
2306 5238 2439 5294 edit.
2451 5279 2465 5305 ,
2500 5236 2673 5304 Caput
2699 5239 2771 5309 est
2798 5232 2933 5285 enim
2962 5231 3217 5301 corporis,
3248 5238 3354 5288 etc.

2036 5305 2092 5374 9)
2125 5311 2222 5362 Ms.
2249 5311 2434 5371 Corb.,
2467 5317 2526 5360 ut
2559 5321 2663 5357 non
2694 5305 2762 5355 sit
2785 5311 3067 5374 separatio.

2036 5311 2092 5374 9)
2125 5311 2222 5362 Ms.
2249 5311 2434 5371 Corb.,
2467 5317 2526 5360 ut
2559 5321 2663 5357 non
2694 5311 2762 5355 sit
2785 5311 3067 5369 separatio.

2013 5311 2127 5448 ξω)
2159 5378 2292 5434 Cod.
2327 5379 2495 5443 νειμ,
2527 5376 2604 5429 ita
2627 5379 2672 5425 ct
2708 5388 2800 5426 nos
2827 5371 2983 5436 decet,
3014 5370 3159 5428 haud
3186 5373 3346 5432 male.
