3952 6202
460 258 569 325 253

1480 254 1577 315 ΑΙ)
1617 255 1853 315 Ol’ERA
1891 257 1946 313 S.
1991 250 2317 315 AMBROSII
2358 255 2731 313 APPENDIX.

3680 256 3793 315 262

459 391 706 451 membra
743 387 811 447 de
863 390 1128 448 membro.
1162 415 1183 442 ι
1224 387 1475 450 Ostendit
1503 396 1685 462 aperte
1716 397 1954 445 nostram
1985 403 2044 444 se
2074 392 2120 451 A
2154 397 2329 462 potest
2358 389 2554 445 habere
2585 391 2867 459 virtutem,
2909 388 2997 445 cui
3030 387 3120 445 dat
3150 393 3291 445 Deus
3322 389 3619 446 demonia
3665 392 3793 463 e33-

463 497 682 541 causam
743 494 840 553 per
898 480 1268 536 membrorum
1300 478 1601 536 carnalium
1632 478 1898 535 rationem
1932 486 2051 535 tra-

461 579 671 636 ctasse;
712 566 842 641 quia
883 582 993 625 non
1032 584 1223 624 omnes
1247 580 1535 641 possumus
1560 565 1770 635 eadem,
1802 566 1895 622 sed
1924 566 2050 621 sin¢

461 656 577 732 guli
597 672 696 731 pro
724 653 986 731 qualitate
1015 653 1143 714 iidei
1181 662 1237 713 et
1261 656 1490 730 gratiam
1521 651 1786 712 habemus
1814 669 2049 712 conces-

460 759 573 804 sam
585 790 598 804 .

536 834 718 911 (Vers.
752 830 870 908 28.)
910 858 931 884 σ
952 831 1025 893 Et
1048 830 1308 908 quosdam
1339 832 1521 908 posuit
1556 832 1701 889 Deus
1729 828 1787 887 in
1802 830 2049 888 Ecclesia

464 923 703 1001 primum
758 922 978 998 quidem
1019 923 1311 996 apostolos.
1354 949 1374 973 ι
1424 923 1599 996 Caput
1630 922 1813 995 itaque
1844 922 1902 978 in
1931 922 2049 978 Ec-

459 1013 626 1073 clesia
671 1012 949 1087 apostolos
988 1010 1189 1085 posuit,
1233 1010 1328 1087 qui
1359 1009 1519 1083 legati
1556 1009 1762 1069 Christi
1793 1018 1943 1078 sunt,
1975 1007 2048 1065 si-

465 1109 560 1161 cut
587 1098 722 1157 dicit
752 1098 896 1157 idem
928 1097 1225 1172 Apostolus
1255 1114 1268 1154 :
1306 1120 1326 1145 ι
1358 1096 1463 1154 Pro
1498 1111 1607 1171 quo
1638 1096 1906 1168 legatione
1928 1096 2048 1151 fun-

466 1187 648 1263 gimur
693 1187 781 1261 (II
828 1187 952 1245 Cor.
1004 1202 1062 1254 v,
1109 1185 1225 1258 20).
1273 1209 1295 1234 ι
1355 1186 1448 1242 Isti
1496 1193 1625 1240 sunt
1652 1184 1914 1256 episcopi,
1944 1183 2050 1238 llr-

464 1286 648 1335 mante
705 1273 851 1333 istud
899 1272 1059 1331 Petro
1100 1273 1366 1345 apostolo,
1410 1280 1466 1330 et
1506 1272 1719 1328 dicente
1748 1273 1890 1328 inter
1933 1285 2050 1328 ca-

465 1372 581 1422 tera
625 1364 694 1421 de
736 1361 907 1419 Iuda:
956 1384 977 1410 ι
1004 1361 1076 1418 Et
1105 1360 1475 1437 episcopatum
1504 1359 1622 1433 ejus
1651 1360 1882 1437 accipiat
1910 1361 2049 1416 alter

467 1452 611 1525 (Act.
636 1467 675 1518 ι,
708 1450 822 1521 20).
855 1472 875 1500 ι

552 1565 574 1591 ι
602 1538 852 1597 Secundo
887 1536 1199 1613 prophetas.
1232 1563 1255 1590 ι
1297 1538 1594 1613 Prophetas
1621 1536 1828 1613 duplici
1860 1554 2049 1613 genere

468 1635 861 1707 intelligamus,
892 1638 946 1689 et
975 1632 1161 1690 futura
1197 1629 1459 1702 dicentes,
1511 1641 1565 1690 et
1608 1632 1917 1706 Scripturas
1952 1648 2049 1689 re-

2162 494 2299 534 cere.
2353 504 2369 525 ι
2396 479 2534 535 Num
2568 494 2755 535 omnes
2785 478 3009 551 gratiam
3060 476 3260 533 habent
3290 479 3725 536 curationum?
3756 506 3777 528 ι

2161 564 2445 634 Quomodo
2477 574 2653 640 potest
2681 565 2797 623 ﬁeri
2827 574 2887 623 ut
2914 582 3105 623 omnes
3148 565 3381 623 habeant
3426 565 3583 623 dona
3618 584 3788 626 cura-

2161 655 2373 712 tionum
2401 657 2430 713 ?
2485 680 2505 704 ε
2547 656 2826 729 Numquid
2877 673 3067 713 omnes
3104 658 3306 729 linguis
3339 658 3723 730 loquuntur?
3753 684 3771 705 ι

2159 746 2277 803 Non
2325 745 2536 817 utique,
2584 746 2691 801 nisi
2742 745 2834 819 qui
2887 747 3094 817 accepit
3151 746 3357 802 donum
3414 748 3472 803 in
3527 747 3643 804 hac
3698 764 3777 805 re.

2172 855 2193 882 ι
2231 833 2506 907 Numquid
2538 850 2726 890 omnes
2747 833 3174 907 interpretantur
3204 834 3321 905 illi)
3354 834 3418 890 Ῡι
3464 834 3567 890 Ille
3590 846 3778 908 potest

2160 938 2435 980 sermones
2490 922 2855 996 interpretari,
2897 923 2985 980 cui
3044 922 3136 980 dat
3172 924 3335 980 Deus.
3401 923 3463 979 In
3509 925 3774 998 supradi-

2160 1019 2308 1071 ctum
2330 1028 2547 1068 sensum
2579 1012 2696 1071 haec
2726 1011 3032 1069 inserenda.
3068 1011 3405 1084 Explanavit
3443 1012 3771 1081 enim,red-

2161 1100 2275 1157 dita
2330 1101 2567 1166 ratione,
2610 1115 2800 1157 omnes
2842 1097 3043 1155 habere
3086 1098 3329 1155 diversas
3372 1099 3603 1172 gratias,
3668 1115 3771 1157 nec

2161 1197 2335 1245 totum
2364 1189 2527 1245 alicui
2559 1187 2808 1253 concedi,
2836 1187 3090 1259 exemplo
3116 1186 3511 1244 membrorum.
3545 1189 3756 1246 Exem-

2160 1275 2252 1347 plo
2290 1274 2436 1330 enim
2474 1272 2718 1346 corporis
2746 1273 2925 1331 carnis
2946 1273 3191 1345 spiritale
3220 1289 3418 1346 corpus
3465 1276 3758 1347 insinuatf;

2160 1379 2225 1422 ac
2271 1380 2365 1436 per
2394 1364 2499 1421 hoc
2529 1364 2586 1420 in
2616 1364 2877 1420 omnibus
2919 1364 3089 1419 Deum
3123 1363 3585 1434 benedicendum,
3618 1376 3673 1423 et
3703 1368 3757 1423 in

2162 1453 2333 1526 ipsius
2370 1454 2592 1509 nomine
2650 1451 3015 1525 gloriandum,
3056 1452 3214 1526 cujus
3257 1455 3429 1526 gratia
3469 1462 3573 1512 est.
3605 1455 3758 1513 Hanc

2161 1542 2426 1599 rationem
2446 1543 2610 1599 etiam
2642 1542 2699 1599 in
2729 1542 2890 1599 rebus
2920 1543 3165 1615 physicis
3196 1543 3532 1613 invenimus;
3556 1560 3752 1601 aurum

2160 1631 2307 1690 enim
2330 1648 2454 1691 cum
2482 1632 2680 1689 melius
2709 1640 2932 1706 argento
2960 1632 3062 1701 sit,
3090 1633 3215 1704 plus
3250 1641 3432 1690 tamen
3464 1633 3524 1691 in
3556 1651 3657 1692 usu
3672 1651 3756 1691 ar-

467 1727 751 1793 velantes;
800 1722 1057 1797 quamvis
1096 1721 1209 1779 sint
1253 1730 1308 1779 et
1330 1723 1559 1795 apostoli
1591 1720 1891 1794 prophetas,
1922 1721 2051 1794 quia
2087 1739 2132 1803 Β
2163 1728 2383 1793 gentum
2415 1729 2530 1789 est;
2566 1729 2619 1777 et
2646 1736 2770 1778 curn
2801 1736 2874 1777 res
2896 1722 3260 1778 necessarium
3288 1723 3382 1790 sit,
3425 1723 3552 1795 plus
3571 1729 3748 1779 tamen

462 1813 675 1889 primus
722 1812 918 1887 gradus
945 1812 1131 1871 omnia
1173 1810 1419 1886 subjecta
1448 1811 1630 1869 habet.
1663 1812 1909 1883 Denique
1937 1826 2053 1884 pes-

462 1904 640 1960 simus
696 1900 928 1975 Caiphas
972 1909 1195 1976 propter
1232 1900 1379 1977 quod
1422 1900 1674 1975 princeps
1711 1899 2053 1957 sacerdotum

473 1999 591 2051 erat
622 2035 639 2061 ,
692 1986 1041 2064 prophetavit
1096 1988 1277 2060 (Joan.
1326 2002 1409 2058 xx,
1456 1987 1573 2061 5!),
1616 1984 1826 2043 ordinis
1864 1986 2055 2058 utique

465 2098 653 2151 causa,
683 2097 794 2137 non
830 2079 1037 2154 proprii
1067 2077 1271 2135 meriti.
1310 2076 1513 2133 Tamen
1554 2075 1861 2149 specialiter
1899 2082 2055 2131 erant

464 2170 746 2246 prophetae
771 2173 826 2225 et
853 2166 1259 2241 Scripturarum
1288 2162 1631 2238 interpretes,
1664 2171 1717 2221 et
1745 2165 1928 2220 futura
1956 2163 2054 2219 di-

468 2268 653 2317 centes
692 2254 833 2315 sicut
860 2264 977 2313 erat
1006 2254 1243 2328 Agabus,
1276 2253 1368 2327 qui
1399 2254 1571 2311 exitia
1588 2261 1642 2310 et
1668 2252 1893 2311 vincula
1922 2250 2053 2309 huic

463 2345 728 2420 Apostolo
757 2341 1105 2418 prophetavit
1129 2344 1314 2401 futura
1341 2341 1738 2416 Hierosolymis
1783 2339 2048 2414 (Actum,

465 2432 583 2507 II),
628 2439 683 2490 et
715 2433 913 2490 famem
968 2431 1187 2500 cecinit,
1234 2447 1355 2505 quae
1396 2430 1540 2488 facta
1567 2438 1648 2489 est
1675 2429 1778 2487 sub
1820 2428 2050 2488 Claudio

472 2521 615 2597 (Act.
646 2536 726 2591 ιι,
757 2519 873 2594 28).
906 2518 1034 2578 Ideo
1080 2534 1388 2595 quanquam
1424 2518 1495 2577 sit
1526 2521 1722 2577 melior
1747 2520 2044 2593 apostolus,

465 2606 763 2685 aliquando
789 2613 971 2666 tamen
994 2617 1114 2682 eget
1145 2607 1444 2682 prophetis.
1472 2608 1545 2665 Et
1571 2609 1700 2682 quia
1723 2607 1790 2665 ab
1809 2624 1921 2665 uno
1937 2610 2049 2665 Deo

466 2698 626 2759 Patre
663 2703 793 2758 sunt
828 2697 1035 2768 omnia,
1072 2696 1318 2772 singulos
1362 2697 1644 2774 episcopos
1672 2695 1902 2771 singulis
1933 2698 2051 2754 Ec-

465 2787 649 2847 clesiis
677 2802 903 2860 pmesse
926 2785 1186 2844 decrevit.

556 2898 577 2921 ι
615 2875 803 2932 Tertio
855 2874 1127 2931 doctores.
1168 2895 1189 2921 ι
1238 2871 1368 2929 Illos
1412 2872 1550 2930 dicit
1595 2871 1844 2930 doctores
1871 2870 1963 2946 qui
1989 2870 2048 2929 in

471 2958 701 3018 ecclesia
742 2958 941 3015 litteris
972 2963 1028 3015 et
1071 2957 1400 3015 lectionibus
1427 2957 1730 3016 retinendis
1756 2960 1875 3033 (11)
1904 2975 2050 3033 pue-

469 3063 564 3105 ros
614 3044 935 3102 imbuebant
991 3058 1144 3100 more
1220 3044 1554 3121 Synagogm;
1617 3047 1747 3122 quia
1820 3047 2048 3105 traditio

466 3132 695 3192 illorum
767 3129 840 3192 ad
913 3142 1017 3192 nos
1075 3131 1371 3190 transitum
1450 3133 1600 3192 fecit.
1665 3133 1873 3202 Quarto
1931 3135 2052 3192 loco

463 3225 584 3283 ait:

542 3346 564 3374 ι
596 3321 809 3384 Deinde
834 3322 1095 3395 virtutes,
1111 3318 1312 3381 deinde
1337 3323 1566 3399 gratiam
1594 3322 1983 3390 curationum;
2015 3346 2037 3371 ι

462 3419 644 3491 potest
670 3415 819 3472 enim
849 3414 1073 3489 aliquiis
1119 3426 1231 3470 non
1262 3425 1378 3469 esse
1415 3412 1719 3485 episcopus.
1762 3419 1817 3468 et
1854 3410 2048 3468 habere

460 3502 522 3558 in
565 3518 622 3561 se
669 3500 876 3558 donum
923 3498 1152 3556 virtutis
1192 3498 1511 3555 sanitatum.
1577 3522 1598 3547 ι
1625 3499 2045 3571 Opitulationes,

459 3586 925 3660 gubernationes;
970 3608 993 3635 ι
1039 3591 1105 3641 ut
1156 3582 1219 3640 in
1246 3584 1409 3640 rebus
1437 3585 1644 3642 divinis
1669 3586 1863 3657 vigilet
1890 3587 2049 3642 intel-

459 3672 643 3729 lectu:
674 3672 752 3729 ita
778 3678 988 3742 tamen,
1015 3676 1081 3728 ut
1116 3667 1176 3727 in
1203 3670 1500 3744 aliquibus,
1531 3687 1651 3744 quas
1686 3673 1912 3744 implere
1939 3688 2048 3728 non

463 3759 808 3833 conceditur,
856 3759 928 3818 ab
980 3760 1091 3817 alio
1142 3766 1325 3816 sumat
1375 3758 1522 3832 quod
1553 3774 1662 3815 non
1702 3759 1890 3826 habet;
1923 3760 2050 3832 quia

456 3854 640 3909 totum
659 3849 758 3908 uni
786 3847 1014 3909 concedi
1046 3861 1159 3906 non
1178 3852 1381 3922 potest.
1396 3846 1535 3905 Sunt
1561 3854 1617 3905 et
1644 3846 2048 3921 gubernatores,

461 3943 558 4017 qui
607 3948 751 4007 154
793 3938 1136 4016 spiritalibus
1177 3937 1497 3995 retinaculis
1525 3936 1844 3994 hominibus
1871 3934 2050 3994 docu-

456 4045 648 4098 mento
700 4045 848 4097 sunt.
920 4056 942 4086 ο
996 4038 1209 4097 Genera
1262 4036 1612 4109 linguarum;
1670 4056 1691 4083 ι
1748 4040 1811 4089 ut
1842 4032 2048 4089 donum

455 4129 531 4187 sit
580 4128 681 4187 Dei
739 4128 941 4186 multas
995 4129 1184 4201 lingua
1235 4127 1396 4183 scire.
1473 4148 1495 4174 σ
1542 4123 2049 4197 Interpretationem

456 4228 815 4282 sermonum;
873 4214 994 4286 (12)
1045 4220 1110 4271 ut
1154 4214 1262 4271 hoc
1306 4215 1471 4271 alicui
1515 4216 1686 4286 gratia
1726 4211 1826 4270 Dei
1854 4215 2048 4285 imper-

457 4302 581 4371 tiat,
640 4304 705 4358 ut
750 4298 1077 4375 linguarum
1112 4299 1649 4375 inﬂpretmdarum
1681 4298 1882 4360 habeat
1909 4300 2049 4372 peri-

455 4388 614 4446 tiam.

533 4478 717 4552 (Vera.
755 4476 874 4554 29.)
916 4500 938 4527 ι
963 4474 1244 4553 Numquid
1269 4491 1461 4536 omnes
1488 4474 1718 4551 apostoli
1740 4475 1770 4534 τ
1792 4498 1812 4526 ι
1839 4476 2044 4535 Verum

455 4567 691 4642 est,quia
719 4566 778 4624 in
806 4564 1053 4625 Ecclesia
1080 4580 1223 4625 unus
1250 4575 1332 4625 est
1356 4568 1661 4639 episcopus.
1723 4588 1742 4612 ι
1767 4565 2046 4637 Numquid

457 4674 647 4716 omnes
694 4658 812 4734 (I3)
863 4658 1141 4733 prophetae
1169 4657 1200 4716 τ
1241 4681 1264 4708 ν
1308 4656 1432 4717 Non
1470 4661 1553 4714 est
1587 4655 1904 4728 ambiguum
1933 4671 2045 4713 non

453 4744 713 4805 omnibus
763 4747 991 4806 concedi
1056 4747 1422 4823 prophetiam.
1470 4770 1490 4794 α
1530 4745 1810 4819 Numquid
1857 4758 2046 4801 omnes

454 4833 747 4898 doctores?
774 4862 795 4889 ι
835 4833 937 4897 Ille
964 4834 1161 4897 doctor
1189 4845 1293 4909 est,
1323 4838 1414 4897 cui
1445 4836 1583 4894 alios
1611 4835 1831 4893 erudire
1855 4848 2044 4894 conce-

454 4922 625 4982 ditur.

527 5010 729 5084 (Vers;
762 5014 877 5088 30.)
943 5041 963 5067 ι
1010 5014 1293 5093 Numquid
1332 5028 1523 5075 omnes
1570 5013 1852 5070 virtutes?
1878 5034 1899 5062 ι
1942 5012 2046 5071 llic

673 5174 832 5252 R_om.
861 5174 1102 5252 edit.,_et
1129 5176 1505 5252 traditionibus
1532 5172 1835 5231 retinendis.

550 5243 638 5318 12)
698 5246 1074 5318 Interpretatio
1116 5264 1423 5318 sermonum,
1470 5246 1528 5318 in
1576 5262 1704 5318 mss.
1760 5243 2042 5318 nonnullis

448 5313 863 5386 desiderantur;
907 5325 962 5373 et
995 5331 1183 5373 revera
1213 5317 1379 5373 etiam
1412 5317 1467 5386 in
1489 5315 1691 5386 Grtecis
1715 5331 1778 5371 ac
1803 5313 2043 5385 Syriacis

449 5384 759 5443 Bibliorum
799 5384 1207 5460 exemplaribus
1269 5403 1379 5443 non
1428 5385 1727 5460 habentur.
1784 5384 2040 5460 Sequenti

452 5464 635 5512 autem
664 5470 828 5514 versu
854 5456 1013 5515 Rom.
1052 5459 1187 5515 edit.
1221 5458 1485 5529 reposuit,
1513 5462 1574 5511 ut
1621 5472 1912 5529 sermonum
1950 5456 2044 5529 in-

448 5529 927 5598 terpretandorum,
966 5529 1065 5585 ubi
1096 5530 1218 5586 alite
1264 5526 1320 5585 et
1348 5543 1515 5597 mss.,
1536 5532 1596 5582 ut
1618 5527 1920 5599 linguarum
1948 5526 2043 5578 in-

445 5598 931 5671 tupretandarunt,
981 5608 1086 5659 etc.

2165 1810 2309 1863 ferro
2356 1825 2491 1880 opus
2543 1817 2650 1876 est;
2686 1809 2826 1865 nihil
2852 1810 2999 1864 enim
3026 1820 3164 1881 pene
3189 1809 3306 1866 sine
3331 1808 3477 1867 ferro
3507 1811 3593 1882 fit,
3623 1824 3747 1868 cum

2164 1895 2235 1952 sit
2267 1895 2515 1952 inferius.
2539 1896 2610 1953 Et
2629 1905 2751 1969 post
2779 1895 2928 1955 hanc:

2237 1986 2416 2058 (Vers.
2452 1986 2567 2056 31.)
2631 2010 2651 2033 ι
2680 1986 3045 2043 Αξωιιιειωὶηί
3075 1986 3399 2046 charismata
3427 1988 3680 2046 meliora.
3711 2011 3735 2040 ο

2162 2073 2278 2131 Hoc
2333 2089 2461 2129 mox
2504 2073 2561 2130 in
2596 2072 2858 2146 subjectis
2900 2075 3155 2133 absolvit.
3210 2100 3231 2125 ε
3257 2077 3330 2133 Et
3361 2076 3546 2134 adhuc
3574 2078 3746 2151 magis

2163 2163 2610 2219 excellentiorem
2636 2163 2782 2220 viam
2829 2161 2985 2221 vobis
3013 2164 3348 2224 demonstro.
3390 2190 3410 2215 ι
3469 2165 3741 2224 Gradatim

2162 2252 2287 2311 illos
2339 2254 2408 2311 ad
2448 2255 2671 2311 utiliora
2717 2255 2994 2327 provehit,
3053 2257 3344 2314 ostendens
3374 2258 3488 2315 illis
3518 2259 3737 2333 gratiam

2160 2342 2457 2416 supradicti
2487 2342 2668 2400 omnis
2687 2342 2840 2411 doni,
2870 2344 3094 2417 quodin
3117 2344 3440 2403 hominibus
3468 2346 3736 2415 videntur,

2160 2433 2275 2491 sive
2306 2432 2589 2507 loquendi,
2638 2440 2733 2490 aut
2782 2433 3034 2503 curandi,
3075 2440 3170 2491 aut
3215 2434 3601 2508 prophetandi,
3633 2448 3736 2492 non

2160 2522 2229 2579 ad
2258 2523 2514 2578 meritum
2546 2519 2787 2577 hominis
2812 2522 3103 2594 pertinere,
3147 2523 3241 2579 sed
3279 2521 3348 2579 ad
3380 2522 3737 2581 honoriﬁcen-

2157 2611 2293 2668 tiam
2332 2610 2451 2668 Dei.
2502 2610 2738 2685 Ideoque
2783 2625 2933 2668 nunc
2979 2610 3125 2667 viam
3156 2626 3212 2667 se
3239 2608 3375 2668 dicit
3419 2610 3534 2669 illis
3560 2620 3741 2670 osten-

2158 2700 2285 2757 dere
2329 2700 2652 2772 planiorem,
2710 2713 2813 2771 qua
2846 2699 2958 2755 itur
2984 2696 3052 2756 ad
3080 2700 3301 2768 caelum,
3333 2716 3456 2775 quas
3488 2701 3737 2757 meritum

2158 2789 2389 2846 collocat
2418 2787 2563 2861 apud
2592 2788 2787 2845 Deum.
2817 2787 2951 2845 Nam
2974 2788 3102 2862 quia
3133 2788 3445 2861 supradicta
3472 2806 3586 2847 non
3613 2804 3739 2847 sem-

2155 2890 2255 2951 per
2301 2876 2369 2933 ad
2424 2877 2681 2933 meritum
2723 2877 3019 2949 pertinent,
3049 2876 3186 2935 dicit
3212 2878 3495 2935 Salvator:
3536 2902 3558 2927 ι
3587 2879 3736 2936 Multi

2156 2965 2297 3021 mihi
2327 2963 2514 3021 dicent
2542 2965 2602 3021 in
2630 2966 2725 3021 illa
2754 2963 2863 3021 die.
2906 2990 2927 3014 ι
2964 2963 3023 3021 id
3051 2974 3132 3023 est
3154 2963 3356 3038 judicii
3382 2980 3393 3021 :
3440 2990 3461 3016 ο
3489 2968 3738 3036 Domine,

2155 3053 2413 3120 Domine,
2441 3069 2624 3110 nonne
2653 3053 2710 3109 in
2739 3052 2963 3110 nomine
2985 3061 3081 3111 tuo
3112 3054 3587 3128 prophetavimus,
3615 3056 3740 3113 etin

2158 3142 2382 3199 nomine
2430 3148 2525 3197 tuo
2573 3140 2827 3198 demonia
2883 3140 3162 3215 ejecimus,
3201 3150 3257 3200 et
3284 3143 3520 3201 virtutes
3550 3145 3741 3202 multas

2159 3229 2391 3289 fecimus
2430 3230 2641 3303 (Matth.
2674 3247 2775 3300 vn,
2806 3230 2934 3302 22)?
2955 3255 2973 3279 ι
3014 3229 3087 3287 Et
3113 3232 3240 3304 quia
3269 3248 3382 3287 non
3409 3232 3517 3289 hoc
3541 3233 3611 3289 ad
3640 3247 3741 3289 me-

2159 3321 2323 3377 ritum
2357 3319 2613 3393 pertinet,
2645 3320 2739 3376 sed
2766 3318 2946 3376 oﬁicia
2970 3327 3100 3376 sunt
3126 3319 3403 3389 Ecclesiae,
3436 3321 3504 3378 ad
3541 3321 3744 3379 contu.

2159 3408 2367 3467 sionem
2399 3407 2708 3481 gentilium,
2735 3415 2790 3465 et
2817 3409 2917 3465 Dei
2945 3408 3420 3467 honoriﬁcentiam
3444 3416 3743 3482 protestan-

2158 3496 2305 3566 dam,
2334 3496 2468 3555 dicit
2496 3498 2574 3554 eis
2602 3498 2908 3553 Dominus:
2957 3521 2977 3545 ι
3002 3495 3257 3555 Recedite
3274 3510 3308 3552 a
3334 3510 3442 3564 me;
3476 3512 3591 3553 non
3613 3496 3743 3553 novi

2159 3603 2276 3655 vos,
2320 3586 2553 3659 operarii
2601 3585 2911 3659 iniquitatis
2948 3586 3109 3659 (Ibid.
3160 3584 3277 3658 27).
3308 3610 3329 3634 ι
3374 3585 3566 3642 Securi
3595 3587 3741 3642 enim

2158 3675 2287 3749 quia
2305 3674 2405 3731 Dei
2427 3676 2485 3730 in
2501 3675 2613 3732 illis
2644 3676 2889 3747 operatio
2917 3674 3603 3748 cernebatur,negligentee
3620 3691 3745 3748 erga

2158 3778 2216 3820 se
2257 3764 2479 3821 fuerunt
2508 3782 2523 3833 ;
2564 3779 2690 3822 nam
2733 3773 2789 3821 et
2834 3763 3179 3838 septuaginta
3208 3762 3429 3821 duobus
3454 3764 3744 3837 discipulis

2159 3854 2518 3928 gaudentibus
2548 3854 2677 3928 quia
2705 3854 2975 3911 dmmonia
3004 3856 3117 3912 illis
3144 3854 3362 3913 subdita
3398 3855 3643 3924 fuerant,
3662 3855 3746 3911 di-

2157 3945 2234 4003 cit
2260 3946 2547 4003 Salvator:
2590 3969 2611 3993 ι
2644 3946 2827 4003 Nolite
2855 3946 2913 4002 in
2940 3946 3046 4003 hoc
3084 3945 3336 4019 gaudere,
3366 3945 3516 4017 quod
3543 3946 3745 4002 damo-

2159 4033 2251 4090 nia
2290 4033 2449 4090 vobis
2483 4033 2727 4106 subjecta
2768 4040 2932 4102 sunt;
2963 4034 3058 4090 sed
3086 4034 3144 4089 in
3183 4034 3289 4091 hoc
3315 4034 3563 4105 gaudete,
3596 4035 3747 4108 quod

2159 4124 2384 4181 nomina
2406 4133 2587 4181 vestra
2630 4125 2835 4199 scripta
2859 4133 2988 4182 sunt
3016 4126 3076 4182 in
3104 4126 3243 4182 casio
3271 4125 3422 4195 (Lac.
3464 4140 3525 4192 ι,
3565 4125 3685 4198 20).
3711 4149 3730 4175 ι

2156 4211 2354 4282 Quare,
2402 4212 2508 4269 nisi
2557 4215 2688 4287 quia
2737 4214 2950 4271 nomini
2998 4214 3096 4270 Dei
3149 4212 3395 4284 subjecta
3438 4221 3593 4281 sunt,
3630 4228 3743 4269 non

2156 4298 2398 4359 hominis
2438 4302 2634 4359 merito
2653 4303 2683 4359 ?
2727 4304 2799 4359 Et
2829 4316 2996 4376 quare
3023 4316 3174 4359 nunc
3201 4316 3313 4357 non
3343 4301 3420 4356 ita
3447 4300 3533 4369 iit,
3565 4309 3631 4357 ut
3657 4301 3748 4357 ha—

2155 4393 2320 4452 beant
2355 4392 2606 4450 homines
2652 4394 2880 4467 gratiam
2906 4394 3004 4451 Dei
3023 4393 3051 4450 ?
3080 4395 3226 4450 Inter
3252 4392 3413 4449 initia
3442 4392 3563 4449 fieri
3585 4408 3745 4465 opor-

2152 4484 2281 4552 tuit,
2328 4490 2392 4539 ut
2432 4481 2791 4539 fundamenta
2830 4482 2958 4539 fidei
3024 4482 3337 4554 acciperent
3385 4480 3740 4538 firmitatem:

2153 4590 2303 4631 nunc
2349 4581 2530 4631 autem
2561 4591 2673 4631 non
2711 4590 2847 4647 opus
2884 4580 2967 4630 est
3006 4590 3020 4639 ;
3056 4572 3185 4645 quia
3212 4571 3449 4643 populus
3476 4572 3740 4644 populum

2153 4662 2376 4721 adducit
2401 4661 2471 4719 ad
2500 4662 2686 4732 ﬁdem,
2718 4678 2844 4720 cum
2886 4661 3148 4727 videntur
3174 4675 3363 4716 eorum
3381 4659 3530 4717 bona
3554 4676 3740 4733 opera,

2152 4770 2207 4821 et
2234 4760 2550 4838 praedicatio
2578 4763 2834 4838 simplex.

2744 4882 2971 4945 CAPUT
2998 4888 3148 4944 XIII.

2224 5005 2406 5079 (Vere.
2459 5004 2539 5079 ι.)
2608 5026 2629 5053 ι
2676 5004 2735 5062 Si
2767 5004 2971 5077 linguis
2998 5002 3291 5061 hominum
3324 5003 3521 5078 loquar
3550 5009 3608 5061 et
3634 5018 3740 5061 an-

2224 5164 2340 5237 (13)
2371 5165 2499 5222 Mss.
2532 5164 2764 5237 aliquot,
2794 5180 2931 5220 unus
2956 5169 3031 5218 est
3060 5158 3324 5222 Christus.
3364 5160 3509 5221 Nam
3544 5174 3738 5233 omnes,

2150 5242 2341 5379 emas)
2392 5306 2525 5365 Cod.
2575 5305 2762 5379 Corb.,
2790 5305 3233 5379 interpretentur.
3285 5306 3390 5360 Nec
3439 5304 3742 5379 hociambi-

2150 5376 2331 5461 quam,
2363 5379 2491 5459 quia
2526 5378 2631 5432 nisi
2669 5376 2753 5430 cui
2781 5376 3038 5461 Dominus
3065 5377 3292 5461 gratiam
3330 5393 3481 5461 suam
3518 5377 3741 5461 dederit,

2150 5446 2491 5529 interpretari
2537 5463 2865 5529 nequaquam
2906 5446 3126 5518 poterit.
3168 5446 3532 5503 {Enmiamini
3570 5452 3744 5503 autem

2151 5523 2496 5585 charismata,
2526 5525 2630 5575 etc.
