3952 6202
199 211 301 275 265

1260 211 1622 269 COMMEN’I‘.
1664 211 1734 266 IN
1773 210 1989 268 EPIST.
2042 214 2062 268 Ι
2106 213 2199 269 AD
2249 214 2409 272 COR.

3409 223 3514 281 266

199 338 461 410 gelorum,
494 338 813 393 charitatem
844 345 1026 392 autem
1058 354 1170 393 non
1200 328 1450 405 habeam,
1482 356 1656 393 unum
1681 354 1799 393 sum
1832 341 1879 399 Α
1908 336 2026 408 ejus
2072 338 2141 393 ad
2191 339 2428 394 nihilum
2470 340 2835 399 deduxerunt.
2879 346 3014 401 Nam
3065 353 3118 401 et
3138 347 3512 405 Tertullianus

200 425 347 479 velut
367 435 727 480 atramentum
744 441 1027 491 resonans,
1051 436 1143 480 aut
1161 425 1479 496 cymbalum
1500 425 1790 481 tinniens»

197 513 386 585 Magna
405 515 826 588 utiquevidetur
843 515 1014 586 gratia
1029 515 1268 571 diversis
1284 515 1436 589 loqui
1450 515 1804 586 linguis:plus

202 614 380 661 autem
414 605 627 678 aliquid
648 614 751 672 est,
773 606 997 662 etiamsi
1026 607 1346 678 angelorum
1367 606 1540 677 possit
1561 606 1685 677 quis
1701 606 1802 660 lin-

205 710 361 765 gnam
392 696 554 764 scire,
581 696 639 752 id
670 704 771 765 est,
796 698 843 752 si
871 697 1197 768 spiritaliter
1215 697 1495 769 cognitum
1513 696 1687 768 possit
1707 696 1802 751 ba-

200 782 325 838 bere
348 786 661 857 angelicum
691 794 928 841 motum.
953 786 1159 841 Verum
1182 784 1287 842 hoc
1316 785 1383 841 ad
1406 786 1664 842 meritum
1692 801 1804 841 non

199 872 421 941 ascribi,
448 874 542 929 sed
564 874 633 929 ad
656 874 752 930 Dei
777 874 1028 946 gloriam,
1055 874 1317 946 subjectis
1332 875 1596 943 ostendit,
1616 874 1803 931 dicens

198 957 278 1014 sic
306 975 425 1015 esse
450 969 514 1016 ut
536 968 923 1017 caaramentum
940 977 1222 1026 resonans,
1239 968 1334 1016 aut
1355 960 1674 1033 cymbalum
1695 961 1802 1017 tin-

198 1047 377 1104 niens.
426 1073 444 1097 ‹
476 1050 616 1117 Quia
645 1050 786 1108 sicut
814 1057 1171 1106 atramentum
1206 1051 1450 1123 impulsu
1469 1048 1697 1105 alterius
1722 1065 1800 1105 re-

199 1147 382 1208 sonat,
414 1147 469 1195 et
497 1140 813 1211 cymbalum
844 1139 1045 1206 tinnit;
1079 1138 1159 1195 ita
1186 1146 1239 1195 et
1260 1139 1352 1195 hic
1373 1138 1469 1212 qui
1493 1138 1695 1210 linguis
1724 1139 1799 1193 lo-

198 1228 405 1301 quitur,
440 1228 677 1299 Spiritus
702 1228 879 1285 sancti
908 1228 1162 1284 effectum
1195 1226 1360 1283 habet
1397 1234 1452 1284 et
1480 1234 1713 1296 motum,
1738 1235 1802 1284 ut

196 1316 348 1389 loqui
377 1316 549 1389 possit
580 1316 723 1388 (15),
756 1316 903 1373 sicut
930 1326 983 1374 et
1012 1317 1122 1373 alio
1166 1318 1288 1373 loco
1325 1315 1463 1373 dicit
1503 1316 1756 1372 Salvator
1784 1332 1796 1371 :

210 1407 352 1463 uNon
366 1406 516 1463 enim
533 1423 633 1461 vos
648 1406 905 1480 estis,qui
921 1406 1239 1480 loquimini;
1262 1406 1353 1462 sed
1368 1405 1605 1478 Spiritus
1623 1405 1800 1462 Patris

197 1496 388 1564 vestri,
413 1494 509 1567 qui
542 1495 793 1567 loquitur
824 1496 882 1550 in
908 1494 1069 1551 vobis
1088 1496 1302 1566 (Matth.
1320 1512 1378 1563 x,
1400 1494 1517 1566 20).
1536 1520 1555 1542 ι
1590 1496 1724 1552 Nam
1746 1502 1801 1551 et

198 1585 350 1642 asina
371 1587 557 1642 locuta
577 1593 660 1640 est
682 1584 926 1640 humana
944 1584 1131 1656 lingua
1142 1586 1210 1641 ad
1228 1585 1446 1641 Balaam
1464 1585 1642 1641 ﬁlium
1660 1586 1799 1642 Beor

1914 432 1967 478 et
1995 425 2334 480 Novaliauns
2362 444 2472 483 non
2505 447 2680 501 parvze
2713 435 2956 489 scientia:
2978 436 3232 492 fuerunt:
3260 438 3354 493 sed
3381 439 3511 511 quia

1915 529 2012 584 per
2030 515 2205 569 zelum
2238 514 2524 573 charitatis
2554 518 2759 575 foedera
2786 522 3169 593 perdiderunt,
3202 526 3259 581 in
3294 525 3509 583 chisma

1915 602 2083 670 versi,
2115 601 2181 657 ad
2216 603 2584 675 perditionem
2616 607 2702 662 sui
2730 608 2966 665 haereses
2994 621 3338 670 creaverunt.

1991 711 2012 740 ι
2036 691 2108 745 Et
2127 690 2174 745 si
2198 690 2443 747 habuero
2458 708 2678 748 omnem
2699 694 2884 765 ﬁdem,
2917 698 2993 754 ita
3016 709 3078 755 ut
3099 710 3311 758 montes
3335 711 3510 759 trans-

1914 778 2110 836 feram.
2143 804 2161 827 ι
2225 782 2478 839 Virtutes
2520 782 2717 852 facere,
2774 792 2869 840 aut
2896 786 3165 844 daemonia
3209 807 3305 862 per
3343 792 3507 849 ﬁdem

1915 868 2113 941 ejicere
2138 870 2238 927 Dei
2267 871 2448 930 virtus
2473 882 2527 929 et
2557 874 2730 945 gloria
2757 882 2874 929 est:
2899 891 3000 933 nec
3028 876 3134 933 hoc
3155 878 3223 934 ad
3254 881 3510 936 meritum

1912 964 2153 1037 proﬁcit,
2184 964 2295 1020 niSi
2323 965 2447 1038 quis
2482 966 2639 1022 bona:
2673 968 3110 1026 conversationis
3138 971 3305 1028 fuerit
3334 989 3513 1028 temu-

1913 1054 2023 1119 lus,
2053 1053 2196 1111 sicut
2232 1070 2397 1125 supra
2427 1057 2754 1114 memoravi.

1987 1146 2168 1217 (Vers.
2210 1145 2287 1218 3.)
2331 1170 2349 1195 ε
2376 1148 2449 1202 Et
2469 1147 2523 1203 si
2561 1164 2856 1222 erogavero
2885 1169 3106 1210 omnem
3154 1151 3513 1210 substantiam

1914 1251 2114 1291 meam.
2150 1261 2169 1285 ι
2211 1240 2481 1310 Apertum
2511 1248 2593 1296 est
2620 1242 2751 1314 quia
2788 1242 2836 1297 si
2863 1244 3044 1301 omnis
3068 1244 3375 1301 substantia
3404 1245 3519 1301 im—

1910 1327 2200 1400 pendatur,
2262 1329 2405 1386 nihil
2453 1332 2690 1404 proﬁcit,
2743 1334 3009 1391 charitate
3052 1336 3336 1409 neglecta;
3389 1336 3519 1409 quia

1908 1428 2071 1493 caput
2100 1420 2384 1492 religionis
2410 1422 2651 1479 charitas
2680 1434 2762 1481 est
2788 1445 2799 1482 :
2835 1436 2888 1483 et
2918 1429 3013 1502 qui
3044 1436 3210 1500 caput
3240 1444 3352 1485 non
3401 1428 3512 1486 ha—

1907 1508 2020 1578 bet,
2056 1511 2231 1567 vitam
2254 1528 2364 1567 non
2394 1512 2578 1570 habet.
2616 1540 2633 1562 ι
2654 1516 2726 1571 Et
2752 1516 2797 1571 si
2816 1517 3100 1573 tradidero
3117 1534 3315 1589 corpus
3337 1532 3518 1572 meum

1907 1605 1970 1654 ut
2000 1599 2241 1669 ardeam,
2270 1600 2414 1656 nihil
2444 1602 2581 1657 mihi
2604 1604 2845 1674 prodest.
2868 1630 2886 1653 ι
2939 1605 3068 1663 Sine
3085 1606 3351 1663 charitate
3375 1604 3518 1673 nihil

198 1676 386 1750 (Num.
437 1691 581 1743 χχιι,
635 1674 752 1747 28),
804 1681 866 1730 ut
894 1673 1174 1731 addiceret
1202 1674 1301 1730 Dei
1332 1674 1670 1746 majestatem
1700 1692 1713 1743 ;
1744 1682 1795 1730 et

1913 1687 2133 1761 prodest
2165 1707 2178 1755 ;
2218 1690 2348 1762 quia
2375 1673 2798 1748 fundamentum
2844 1694 3129 1767 religionis
3158 1694 3397 1751 charitas
3413 1702 3515 1751 est.

199 1769 358 1841 pueri
390 1766 629 1822 infantes
658 1765 716 1821 in
756 1763 973 1821 laudem
1005 1766 1106 1821 Dei
1150 1775 1520 1839 proruperunt
1561 1766 1629 1822 ad
1673 1781 1800 1823 con-

197 1858 474 1915 fusionem
508 1858 821 1914 Judaeorum
853 1856 1067 1930 (Matth.
1101 1873 1225 1925 xxx,
1268 1858 1379 1930 16).
1410 1858 1665 1914 Salvator
1692 1874 1802 1913 au-

197 1956 311 2004 tem
343 1963 457 2005 non
496 1947 672 2003 solum
704 1947 859 2015 istos,
906 1946 1000 2003 sed
1039 1954 1092 2003 et
1122 1947 1333 2021 lapides
1360 1948 1429 2004 ad
1457 1948 1804 2005 condemna-

196 2041 406 2099 tionem
445 2039 804 2113 perﬁdorum,
844 2046 899 2096 et
942 2039 1173 2111 gloriam
1214 2039 1316 2096 Dei
1362 2042 1599 2097 clamare
1646 2056 1805 2114 posse

195 2135 443 2193 ostendit
470 2135 624 2205 (Luc.
655 2150 777 2201 xxx,
811 2131 928 2204 ’10).
968 2134 1039 2189 Et
1068 2134 1213 2189 inter
1240 2134 1358 2206 ipsa
1392 2134 1698 2207 primordia
1735 2133 1805 2190 ad

194 2222 739 2280 commendationem
766 2220 917 2288 ﬁdei,
977 2221 1072 2292 qui
1116 2222 1558 2294 baptizabantur,
1600 2224 1806 2296 linguis

196 2311 573 2383 loquebantur
603 2310 743 2381 (Act.
772 2324 832 2377 ιι,
863 2306 979 2380 46).

271 2402 457 2473 (Vers.
485 2400 566 2470 2.)
605 2423 622 2446 ι
652 2401 722 2456 Et
749 2399 797 2455 si
829 2399 1075 2457 habuero
1094 2399 1461 2474 prophetiam,
1486 2410 1538 2458 et
1559 2404 1808 2460 noverim

201 2489 393 2546 omnia
420 2488 701 2561 mysteria,
751 2497 805 2545 et
842 2505 1064 2545 omnem
1114 2491 1427 2559 scientiam,
1482 2490 1806 2547 charitatem

203 2595 390 2643 autem
418 2604 527 2643 non
558 2586 809 2657 habeam,
843 2589 986 2645 nihil
1011 2590 1151 2647 mihi
1179 2588 1320 2645 155
1348 2589 1590 2663 prodest.
1616 2615 1634 2638 ι
1670 2590 1809 2647 Vere

206 2676 352 2731 nihil
400 2676 653 2748 prodest;
701 2677 770 2733 ad
814 2678 914 2734 Dei
963 2679 1111 2734 enim
1158 2679 1389 2752 gloriam
1426 2677 1803 2751 prophetatur,

207 2764 355 2821 sicut
382 2765 521 2821 dicit
549 2765 727 2822 David
750 2766 1053 2839 prOpheta:
1113 2794 1130 2816 ι
1164 2770 1286 2825 Non
1325 2767 1507 2838 nobis,
1548 2768 1803 2839 Domine,

207 2870 325 2910 non
362 2854 544 2923 nobis,
573 2854 667 2910 sed
702 2856 916 2911 nomini
947 2865 1043 2912 tuo
1073 2856 1142 2913 da
1172 2859 1401 2931 gloriam
1435 2858 1608 2931 (Psal.
1647 2875 1804 2927 cxm,

212 2946 292 3018 1).
327 2970 345 2993 ι
394 2947 531 3003 Nam
564 2952 617 3001 et
647 2945 865 3002 Balaam
893 2948 1242 3020 prophetavit
1274 2950 1459 3023 (Num.
1494 2965 1653 3017 mw,
1690 2950 1806 3021 17),

200 3054 333 3095 cum
372 3039 641 3112 propheta
680 3057 792 3096 non
824 3049 985 3109 esset,
1017 3041 1111 3097 sed
1142 3042 1429 3100 hariolus:
1474 3050 1528 3100 et
1567 3041 1804 3114 Caiphas

193 3131 552 3203 prophetavit
584 3133 604 3204 (
631 3134 787 3190 Joan.
822 3150 901 3202 χι,
929 3135 1042 3206 51),
1074 3150 1187 3188 non
1219 3136 1439 3202 merito,
1473 3135 1568 3190 sed
1606 3135 1802 3207 digni—

194 3232 308 3281 tate
340 3224 557 3280 ordiuis
587 3224 976 3280 sacerdotalis:
1002 3234 1055 3279 et
1075 3224 1203 3280 Saul
1226 3225 1577 3297 prophetavit
1607 3228 1663 3299 (Ι
1674 3230 1798 3298 Reg.

189 3331 320 3382 xxx,
355 3313 473 3385 23),
505 3329 632 3369 cum
657 3312 771 3385 jam
807 3312 1199 3370 inobedientiae
1228 3330 1392 3371 causa
1430 3316 1629 3388 spiritu
1656 3317 1802 3373 malo

188 3405 394 3462 fuisset
426 3404 706 3476 repletus;
740 3403 833 3460 sed
865 3410 1086 3477 propter
1130 3404 1233 3460 Dei
1277 3420 1518 3475 causam,
1566 3422 1634 3463 ne
1666 3423 1803 3480 pos-

187 3509 272 3557 set
302 3498 773 3572 comprehendere
819 3500 1021 3571 David,
1069 3516 1231 3574 quem
1289 3509 1343 3558 et
1388 3502 1637 3562 occidere
1691 3522 1800 3562 vo-

188 3590 355 3648 lebat.

278 3711 295 3738 ι
336 3684 409 3747 Et
432 3682 476 3747 si
508 3682 684 3748 sciero
715 3685 905 3749 omnia
942 3686 1244 3766 mysteria;
1277 3713 1298 3741 ι
1340 3688 1493 3749 Iudae
1514 3688 1663 3751 enim
1693 3687 1794 3751 ni-

191 3774 275 3837 hil
324 3781 537 3854 profuit
593 3782 761 3839 fuisse
807 3800 934 3841 cum
973 3782 1256 3857 apostolis,
1304 3791 1357 3839 et
1386 3782 1644 3841 didicisse
1673 3802 1790 3859 my-

186 3871 379 3940 steria,
397 3888 524 3928 cum
543 3870 830 3930 charitatis
846 3874 1023 3931 hostis
1042 3873 1272 3931 tradidit
1286 3874 1403 3947 (16)
1428 3872 1787 3932 salvatorem.

186 3962 259 4017 Et
298 3962 567 4037 propheta
612 3965 868 4023 Ezechiel
913 3964 1197 4021 diabolum
1244 3965 1505 4038 mysteria
1549 3965 1792 4022 caelestia

185 4052 330 4110 scire
376 4055 642 4124 ostendit,
689 4055 913 4129 quando
968 4055 1236 4129 increpita
1276 4071 1410 4113 voce
1452 4055 1510 4111 in
1537 4056 1789 4127 paradiso

187 4142 351 4199 illum
381 4144 480 4200 Dei
523 4145 713 4214 fuisse,
759 4154 813 4201 et
843 4146 1111 4218 pretiosos
1165 4145 1376 4217 lapides
1424 4144 1678 4202 habuisse
1711 4153 1786 4202 te-

182 4241 364 4290 statur
422 4234 642 4307 (Επειδὴ.
696 4251 898 4304 xxvm,
958 4235 1091 4306 i3);
1157 4250 1294 4307 quos
1354 4233 1563 4306 lapides
1638 4234 1785 4292 idem

184 4327 491 4399 Apostolus
565 4325 830 4383 doctrina)
916 4326 1122 4384 divinae
1225 4326 1491 4398 mysteria
1577 4326 1784 4400 signiﬁ-

1910 1779 2195 1853 Quidquid
2224 1797 2353 1853 ergo
2382 1782 2499 1838 sine
2529 1782 2797 1840 charitate
2841 1786 2925 1854 ﬁt,
2955 1788 3225 1845 caducum
3253 1795 3354 1843 est.

1985 1873 2166 1945 (Vers.
2200 1872 2341 1946 4-8.)
2382 1897 2400 1920 ι
2432 1873 2683 1931 Charitas
2708 1875 3081 1950 "magnanima
3129 1887 3233 1947 est,
3266 1876 3518 1949 jucunda

1910 1974 2010 2025 est.
2042 1966 2301 2026 Charitas
2325 1983 2436 2024 non
2453 1970 2767 2040 aemulatur,
2791 1987 2903 2028 non
2925 1972 3169 2043 inflatur,
3194 1989 3304 2029 non
3329 1989 3514 2046 perpe-

1911 2076 2027 2116 ram
2050 2060 2181 2132 agit,
2207 2078 2317 2118 uon
2341 2061 2634 2119 ambitiosa
2652 2070 2756 2132 est,
2772 2079 2887 2122 non
2908 2064 3107 2139 quaerit
3128 2082 3249 2139 quae
3268 2082 3366 2122 sua
3384 2075 3515 2125 sunt

1913 2165 2025 2205 non
2047 2150 2434 2220 irritatur,nou
2452 2153 3014 2225 cogitatmalum,uon
3028 2156 3227 2230 gaudet
3240 2156 3297 2213 in
3311 2155 3514 2231 iniqui-

1914 2246 2045 2309 tate,
2069 2241 2376 2313 congaudet
2391 2251 2572 2299 autem
2596 2246 2818 2302 veritati
2842 2266 2854 2303 ε
2881 2249 3066 2305 omnia
3086 2250 3303 2318 tolerat,
3326 2249 3514 2305 omnia

1915 2331 2116 2401 credit,
2146 2333 2334 2389 omnia
2361 2343 2565 2405 sperat,
2592 2337 2782 2392 omnia
2809 2339 3061 2395 sustinet.
3095 2339 3347 2397 Charitas
3376 2356 3514 2397 nun-

1916 2436 2079 2491 quam
2124 2420 2291 2475 cadit.
2325 2446 2344 2470 ι
2403 2422 2577 2479 Tanta
2630 2427 2902 2496 praaconia
2938 2428 3223 2486 charitatis
3268 2430 3514 2496 edocuit,

1919 2520 1980 2566 ut
2008 2526 2119 2566 non
2148 2512 2427 2568 immerito
2449 2513 2593 2570 hanc
2613 2517 2827 2573 caeteris
2850 2528 3178 2591 anteponere
3206 2520 3513 2591 videretur,

1921 2608 1975 2656 et
2004 2602 2280 2658 incassum
2310 2600 2558 2658 laborare
2579 2619 2691 2673 eos,
2726 2605 2821 2676 qui
2849 2607 2973 2662 aliis
2997 2608 3269 2664 mandatis
3294 2625 3514 2681 Operam

1916 2693 2072 2763 dant,
2134 2694 2265 2752 huic
2321 2712 2431 2751 non
2486 2696 2942 2771 obtemperantes.
2996 2701 3138 2759 Hinc
3178 2703 3257 2758 ait
3282 2704 3518 2761 Joannes

1916 2788 2234 2858 apostolus:
2306 2812 2323 2835 ι
2372 2788 2623 2846 Charitas
2657 2793 2804 2849 Deus
2840 2802 2920 2852 est
2970 2796 3028 2867 (Ι
3058 2796 3215 2871 Joan.
3250 2813 3324 2864 1v,
3356 2798 3449 2869 8);
3486 2824 3504 2847 ι

1917 2890 1980 2938 ut
2018 2883 2113 2955 qui
2160 2883 2486 2941 charitatem
2534 2900 2644 2940 non
2696 2883 2881 2953 habet,
2929 2883 3066 2940 sciat
3111 2901 3167 2941 se
3196 2887 3371 2942 Deum
3404 2903 3513 2943 non

1876 3026 1881 3029 .
1917 2972 2147 3041 habere;
2192 2975 2336 3030 unde
2367 2984 2420 3031 et
2458 2975 2514 3031 in
2554 2975 2663 3031 alia
2701 2974 2933 3047 epistola
2962 2975 3106 3033 idem
3140 2976 3344 3033 Paulus
3373 2993 3514 3050 apo-

1837 3070 1879 3132 C.
1916 3065 2092 3121 stolus
2121 3065 2198 3121 ait
2226 3082 2237 3120 :
2281 3091 2298 3113 ι
2328 3068 2473 3122 Deus
2502 3073 2682 3121 autem
2705 3063 2801 3137 qui
2825 3063 2981 3120 dives
3008 3074 3089 3121 est
3120 3064 3177 3119 in
3207 3065 3512 3123 misericor-

1913 3156 2029 3224 dia,
2059 3165 2282 3229 propter
2314 3158 2541 3212 multam
2574 3157 2899 3212 charitatem
2926 3173 3079 3211 suam
3113 3153 3227 3229 (17)
3260 3158 3515 3215 misertus

1912 3256 1994 3303 est
2042 3247 2219 3303 nostri
2279 3248 2496 3320 (Ephes.
2550 3265 2613 3315 ιι,
2663 3247 2744 3317 lt).
2786 3272 2804 3294 ι
2862 3245 2969 3313 Qui
3009 3261 3135 3316 ergo
3191 3245 3511 3304 charitatem

1911 3354 2023 3395 non
2072 3337 2254 3407 habet,
2311 3337 2560 3410 ingratus
2608 3345 2689 3394 est
2746 3335 3137 3393 misericordia:
3196 3337 3333 3406 Dei;
3384 3339 3514 3411 quia

1909 3444 2022 3484 non
2051 3428 2255 3501 diligit,
2288 3444 2383 3501 per
2411 3427 2557 3501 quod
2603 3429 2844 3484 salvatus
2882 3434 2981 3483 est.
3034 3427 3103 3483 Ut
3144 3429 3375 3501 proinde
3414 3430 3511 3487 di—

1907 3525 2121 3575 scerent
2153 3517 2268 3589 (l8)
2302 3518 2433 3590 quia
2455 3517 2693 3589 graviter
2721 3515 3134 3590 delinquebant,
3190 3517 3285 3592 qui
3327 3535 3507 3579 escam

1908 3607 2162 3665 fraternas
2191 3608 2450 3665 charitati
2482 3607 2893 3682 praeponebant.
2933 3608 3070 3664 Nam
3123 3607 3240 3667 hzec
3274 3619 3356 3667 est
3385 3629 3505 3685 quae

1903 3708 1957 3759 et
2014 3697 2073 3757 in
2121 3697 2379 3774 praesenti
2434 3697 2672 3771 prodest,
2705 3697 2845 3754 etin
2893 3705 3161 3754 aeternum
3215 3716 3342 3756 cum
3392 3703 3505 3757 Deo

1904 3798 2208 3864 permanet.

1976 3890 2163 3962 (Vers.
2223 3889 2277 3959 9,
2319 3884 2431 3960 10.)
2490 3912 2507 3933 ε
2538 3883 2666 3943 Sive
2718 3884 3022 3958 prophetia;
3068 3884 3502 3957 evacuabuutur,

1900 3979 2019 4037 sive
2048 3979 2247 4052 linguae
2276 3977 2586 4044 cessabunt,
2618 3976 2738 4032 sive
2759 3974 2987 4032 scientia
3018 3976 3392 4033 evacuabitur.
3416 3978 3503 4034 Ex

1899 4080 2051 4145 parte
2088 4088 2238 4128 enim
2268 4068 2655 4142 cognoscimus
2684 4077 2737 4124 et
2767 4084 2836 4123 ex
2873 4074 3024 4140 parte
3066 4066 3455 4140 prophetamus
3483 4085 3495 4125 :

1898 4180 2026 4221 cum
2056 4169 2241 4218 autem
2273 4159 2488 4216 venerit
2518 4157 2666 4232 quod
2696 4157 3000 4230 perfectum
3030 4164 3131 4227 est,
3155 4159 3498 4217 evacuabuu-

1900 4259 1990 4308 tur
2018 4251 2134 4318 illa,
2168 4265 2289 4323 quae
2319 4265 2387 4305 ex
2417 4255 2570 4321 parte
2600 4253 2752 4304 sunt.
2787 4273 2804 4296 ι
2857 4246 3058 4304 Omnia
3103 4245 3495 4306 charismatum

1894 4348 2039 4405 dona
2067 4346 2322 4404 evacuari
2352 4344 2516 4415 dixit,
2547 4343 2678 4421 quia
2706 4360 2818 4402 non
2852 4352 3063 4403 tantum
3100 4354 3327 4419 possunt
3355 4361 3497 4403 com-

183 4418 331 4474 cavit
388 4417 450 4489 (Ι
477 4417 605 4473 Cor.
667 4432 759 4485 ιιι,
821 4414 1045 4487 12-15);
1102 4422 1157 4473 et
1214 4414 1298 4471 illi
1351 4416 1493 4472 nihil
1549 4416 1774 4490 profuit,

1913 4436 2253 4508 )rehendere,
2285 4414 2703 4511 quantum-in
2731 4436 2934 4494 veritas
2964 4414 3148 4494 habet.
3180 4436 3364 4510 Neque
3395 4448 3497 4494 nos

185 4505 314 4579 quia
370 4503 661 4564 charitatis
715 4505 1028 4575 immemor,
1092 4505 1151 4562 in
1206 4505 1517 4579 superbiam
1573 4506 1788 4581 prosili-

183 4594 286 4653 vit.

274 4722 294 4746 ι
320 4698 397 4754 Et
418 4698 466 4755 si
497 4697 742 4755 habuero
771 4713 993 4754 omnem
1022 4694 1330 4755 scientiam.
1361 4720 1380 4746 ι
1443 4696 1598 4755 Nihil
1642 4695 1785 4753 mihi

182 4788 413 4860 prodest
460 4789 713 4857 scicntia,
770 4788 817 4844 si
873 4788 1111 4846 charitas
1183 4805 1296 4844 non
1367 4787 1457 4844 sit.
1532 4788 1783 4861 Denique

181 4876 395 4935 Scribis
423 4886 477 4934 et
496 4878 785 4934 Pharisaeis
812 4878 954 4935 nihil
982 4878 1215 4953 profuit,
1236 4878 1454 4935 dicente
1476 4877 1777 4933 Salvatore:

194 4994 212 5017 ι
242 4968 358 5027 Vos
393 4967 606 5025 habetis
625 4969 835 5025 clavem
862 4969 1130 5038 scientiae,
1152 4977 1202 5025 et
1225 4986 1402 5043 neque
1420 4986 1519 5025 vos
1537 4966 1778 5033 intratis,

178 5075 360 5133 neque
388 5059 529 5115 alios
557 5060 739 5116 sinitis
764 5059 997 5117 introire
1027 5061 1182 5134 (Luc.
1214 5077 1295 5129 x1,
1345 5060 1439 5132 52)
1467 5078 1479 5126 ;
1516 5084 1534 5106 ι
1576 5073 1671 5131 per
1698 5056 1780 5112 in-

177 5148 391 5207 vidiam
433 5147 582 5205 enim
631 5148 954 5208 charitatem
1003 5155 1443 5221 corrumpentes,
1492 5145 1779 5204 scientiam

248 5286 370 5357 (15)
412 5282 578 5341 Corb.
605 5284 754 5353 cod.,
784 5292 831 5340 et
869 5291 1088 5351 motum,
1123 5282 1233 5338 sine
1260 5298 1364 5353 quo
1402 5279 1605 5336 utiliter
1637 5278 1781 5347 loqui

174 5372 275 5412 non
301 5374 456 5429 posse
480 5358 723 5429 ostendit.

244 5426 365 5503 (f6)
409 5426 577 5485 Corb.
610 5428 756 5498 cod.,
787 5447 905 5486 cum
943 5429 1224 5487 charitatis
1266 5427 1490 5484 hostiam
1536 5428 1780 5493 tradidit,

171 5508 292 5645 et?!
304 5574 361 5644 7)
398 5570 673 5629 Nonnulli
718 5587 872 5641 mss.,
898 5576 1126 5647 propter
1155 5568 1577 5627 misericordiam
1605 5586 1779 5626 suam.

452 5667 703 5728 PATROL.
737 5668 914 5729 XVII.

1870 4522 1994 4584 haut
2048 4543 2237 4599 capere
2293 4535 2387 4583 aut
2436 4542 2691 4583 enarrare
2747 4542 3036 4598 possumus
3089 4525 3493 4597 plenitudinem

1897 4618 2167 4675 veritatis.
2198 4617 2302 4685 Qui
2352 4616 2501 4674 enim
2536 4615 2657 4671 ﬁeri
2704 4622 2883 4686 potest
2928 4624 2990 4669 ut
3036 4613 3223 4685 lingua
3255 4613 3494 4668 humana

1896 4723 2058 4763 omne
2088 4705 2505 4777 complectatur,
2536 4701 2684 4775 quod
2712 4701 2810 4756 Dei
2842 4708 2923 4755 est
2951 4700 2979 4755 ?
3005 4698 3132 4753 Ideo
3178 4698 3494 4754 destruetur

1894 4795 2238 4867 imperfectio
2270 4802 2475 4860 nostra,
2510 4807 2620 4846 non
2648 4789 2703 4843 id
2734 4789 2879 4861 quod
2909 4803 3101 4843 verum
3131 4794 3211 4841 est
3257 4801 3489 4845 evacua-
3580 4840 3585 4843 ,

1892 4885 2074 4942 bitur:
2136 4883 2232 4938 sed
2280 4881 2413 4938 dum
2460 4878 2685 4935 additur
2741 4875 3086 4947 imperfecto,
3136 4876 3283 4950 quod
3313 4877 3483 4950 deest,

1890 4974 2207 5031 destruetur
2236 4969 2377 5043 (19).
2408 4964 2723 5024 Destructio
2742 4962 2889 5021 enim
2923 4964 3353 5038 imperfectionis
3381 4978 3485 5038 est,

1889 5060 2111 5138 quando
2162 5059 2239 5129 id,
2310 5055 2457 5131 quod
2503 5053 2888 5128 imperfectum
2944 5062 3048 5128 est,
3119 5056 3380 5132 impletur
3426 5060 3485 5118 in

1890 5169 2106 5212 verum.

1962 5286 2077 5355 (18)
2101 5282 2263 5342 Corb.
2296 5281 2493 5350 codex,
2530 5278 2594 5337 Ut
2619 5279 2846 5355 proinde
2861 5282 3231 5341 discernerent.

1962 5352 2091 5433 (i_9)_
2112 5357 2217 5415 Vet
2242 5355 2376 5433 edit.
2408 5370 2471 5433 ac
2491 5369 2618 5408 mss.
2638 5352 2871 5433 aliquot,
2885 5356 3477 5433 additur‘imperfrrtio,

1889 5425 2029 5499 quod
2057 5425 2211 5496 deest,
2246 5428 2580 5499 destruetur:
2614 5425 2811 5499 melius
2837 5428 2995 5483 Rom.
3046 5427 3175 5483 edit.
3203 5425 3221 5494 ξ
3263 5425 3485 5489 additur

1889 5492 2210 5574 quoddeest,
2250 5494 2576 5574 imperfectio
2600 5492 2931 5574 destruetur;
2980 5492 3218 5574 attamen
3246 5507 3485 5573 antepo-

1891 5566 2060 5626 nendi
2086 5579 2215 5626 sunt
2243 5566 2374 5626 mss.
2406 5566 2657 5639 plurimi,
2688 5579 2826 5634 quos
2855 5566 2949 5626 hic
2976 5567 3276 5642 sequimur.

3163 5665 3198 5720 9
