3952 6202
485 387 592 446 267

575 507 758 580 (Vers.
795 505 908 574 11.)
947 524 965 548 ι
1001 501 1139 558 Cum
1172 513 1342 555 essem
1376 494 1660 567 parvulus,
1694 490 1849 563 quasi
1882 501 2095 560 parvu-

513 578 599 654 lus
627 594 910 668 loquebar,
938 590 1092 664 quasi
1123 587 1384 661 parvulus
1429 582 1726 656 sapiebam,
1772 578 1926 652 quasi
1969 593 2086 650 par-

493 691 660 748 vulus
698 684 1031 759 cogitabam:
1066 690 1121 737 at
1148 680 1246 736 ubi
1301 678 1476 733 factus
1525 689 1645 730 sum
1700 672 1807 738 vir,
1846 686 1907 724 ea
1963 685 2082 741 quae

491 781 713 857 parvuli
763 784 919 834 erant
971 771 1241 831 destruxi.
1276 797 1293 820 ι
1338 769 1452 823 Hoc
1481 766 1640 834 dicit,
1667 763 1797 837 quia
1824 769 2086 818 exeuntes

491 853 664 929 sancti
705 869 772 924 de
818 869 924 923 hoc
981 863 1208 929 mundo,
1261 861 1384 932 plus
1413 873 1630 914 necesse
1659 862 1741 910 est
1766 853 2072 918 inveniant,

494 983 654 1040 quam
692 980 842 1021 nunc
873 968 1088 1034 putant,
1115 958 1260 1014 sicut
1296 955 1532 1010 Joannes
1559 950 1835 1024 apostolus
1863 948 1930 1004 de
1959 945 2088 1001 Sal—

491 1067 680 1115 vatore
722 1053 906 1110 dixit:
974 1075 992 1098 ‹
1021 1050 1176 1105 Tunc
1222 1044 1537 1101 videbimus
1580 1042 1762 1108 illum,
1812 1036 1974 1093 sicuti
2002 1040 2083 1090 est

495 1149 552 1220 (Ι
577 1147 734 1202 Joan.
767 1160 850 1210 ιιι,
883 1140 963 1212 2).
994 1164 1012 1187 ι
1058 1140 1120 1194 In
1143 1137 1246 1193 hac
1270 1152 1397 1208 ergo
1421 1135 1537 1190 vita
1565 1129 1782 1205 parvuli
1801 1144 1990 1183 sumus
2018 1125 2086 1180 ad

493 1215 958 1308 comparationem
990 1229 1191 1284 futurae
1243 1225 1415 1291 vitae;
1466 1222 1597 1294 quia
1637 1219 1780 1276 sicut
1815 1217 1930 1272 vita
1973 1215 2089 1270 haec

495 1324 819 1398 imperfecta
847 1328 949 1388 est,
982 1317 1059 1372 ita
1087 1325 1141 1373 et
1169 1313 1418 1372 scientia.

571 1385 976 1486 ξνθι8.12.)νι
1023 1405 1292 1464 Videmus
1351 1416 1499 1456 nunc
1549 1414 1644 1471 per
1697 1391 1980 1468 speculum
2032 1385 2089 1440 in

497 1484 784 1583 aenigmate
808 1526 822 1575 ;
855 1513 988 1562 tunc
1015 1516 1147 1556 vero
1174 1495 1315 1552 facie
1342 1493 1412 1550 ad
1436 1491 1653 1550 faciem.
1673 1514 1691 1537 ι
1726 1490 1991 1559 Apertum
2013 1484 2095 1534 est

498 1625 647 1668 nunc
684 1603 950 1678 imagines
1002 1597 1180 1654 videri
1235 1611 1331 1668 per
1370 1591 1565 1657 ﬁdem,
1622 1597 1756 1644 tunc
1810 1599 1896 1638 res
1952 1573 2092 1630 156

501 1701 666 1771 ipsas.
713 1721 731 1742 ι
761 1693 924 1751 Modo
953 1690 1068 1746 scio
1100 1705 1165 1744 ex
1192 1691 1373 1759 parte;
1406 1688 1539 1737 tunc
1575 1694 1706 1734 vero
1748 1686 2092 1744 cognoscam,

502 1765 645 1846 sicut
674 1793 728 1840 et
751 1782 1006 1854 cognitus
1033 1794 1156 1834 sum
1188 1792 1200 1830 :
1242 1800 1260 1823 ι
1300 1771 1356 1828 id
1398 1779 1499 1838 est,
1557 1765 1756 1822 videbo
1803 1777 1924 1834 quae
1975 1774 2097 1830 pro-

505 1877 670 1933 missa
698 1880 850 1941 sunt,
881 1871 1024 1927 sicut
1054 1867 1283 1932 videor;
1316 1863 1422 1919 hoc
1459 1866 1560 1927 est,
1607 1859 1928 1929 praesentem
1981 1864 2097 1906 esse
2125 1863 2172 1923 Β

502 1969 570 2024 ad
601 1966 921 2030 Dominum,
945 1959 1040 2017 ubi
1073 1957 1324 2017 Christus
1349 1959 1449 2009 est.

578 2058 761 2131 (Vers.
789 2028 915 2124 13.)
949 2076 966 2099 ε
994 2051 1216 2106 Manent
1238 2052 1420 2102 autem
1447 2055 1595 2097 nunc
1615 2035 1771 2104 ﬁdes,
1801 2046 1944 2131 spes,
1977 2028 2101 2084 cha-

505 2153 659 2219 ritas,
694 2147 799 2206 tria
829 2145 948 2202 haec
980 2159 991 2197 :
1025 2139 1202 2212 major
1231 2145 1414 2193 autem
1435 2133 1636 2189 borum
1673 2135 1754 2184 est
1782 2121 2039 2180 charitas.
2070 2144 2087 2166 ι

504 2210 680 2314 Digne
712 2237 885 2310 major
930 2243 1012 2289 est
1044 2210 1319 2290 charitas:
1364 2223 1493 2297 quia
1516 2229 1578 2277 ut
1609 2217 1744 2273 ﬁdes
1784 2210 2104 2308 praedicare-

506 2299 618 2400 tur,
667 2337 717 2384 et
767 2299 888 2399 spes
936 2329 1078 2380 esset
1131 2319 1333 2375 futurae
1364 2315 1514 2380 vitae,
1563 2307 1802 2366 charitas
1827 2299 2101 2374 praestitit,

511 2422 654 2478 sicut
682 2433 848 2490 supra
885 2410 1206 2470 memoravi.
1241 2405 1394 2464 Unde
1430 2412 1483 2459 et
1511 2402 1747 2457 Joannes
1778 2391 2055 2467 apostolus
2088 2405 2099 2442 :

523 2539 541 2560 ι
579 2513 667 2567 Ex
714 2479 819 2564 hoc
873 2503 1270 2578 cognoscimus,
1331 2493 1532 2568 inquit,
1585 2489 1909 2548 charitatem
1965 2479 2104 2552 ejus,

508 2603 639 2678 quia
664 2601 779 2674 ipse
808 2613 908 2671 pro
938 2594 1097 2651 nobis
1126 2591 1366 2647 animam
1386 2599 1540 2642 suam
1562 2579 1745 2654 posuit
1777 2575 2000 2650 (IJoan.
2022 2587 2104 2637 ιιι,

512 2663 625 2770 16).
660 2663 705 2742 ι’
729 2663 881 2748 Juste
920 2687 1091 2762 igitur
1119 2681 1296 2755 major
1333 2677 1594 2746 charitas,
1622 2689 1719 2746 per
1746 2683 1910 2744 quam
1940 2663 2107 2720 refor-

513 2796 721 2845 matum
750 2791 831 2840 est
870 2795 1040 2854 genus
1067 2776 1395 2831 humanum.

1088 2895 1316 2954 CAPUT
1371 2890 1524 2948 XIV.

591 3014 774 3087 (Vers.
816 3009 895 3080 1.)
965 3030 982 3053 ι
1030 2999 1325 3060 Sectamini
1379 2995 1723 3060 charitatem,
1773 2986 2109 3046 aemulamini

519 3075 833 3178 spiritalia:
867 3075 1043 3165 magis
1080 3097 1265 3145 autem
1293 3093 1354 3142 ut
1392 3078 1744 3158 prophetetis.
1778 3101 1796 3124 ι
1839 3076 1966 3131 Post
1985 3075 2110 3131 cha-

519 3165 741 3252 ritatem
773 3179 1142 3264 prophetandi
1172 3177 1415 3236 studium
1450 3172 1566 3247 (20)
1599 3168 1771 3242 magis
1797 3165 2112 3222 habendum

515 3259 800 3347 hortaturi:
835 3259 966 3356 quia
985 3274 1241 3354 quamvis
1257 3269 1439 3345 magni
1461 3268 1573 3324 sint
1599 3263 1872 3337 spiritales
1887 3259 2106 3333 gradus,

511 3399 652 3456 quos
679 3381 1002 3436 enumerat:
1037 3370 1130 3427 hic
1162 3377 1344 3425 tamen
1383 3361 1600 3429 melior,
1644 3357 1740 3431 qui
1781 3354 1850 3411 ad
1899 3353 2107 3409 utilita-

511 3442 620 3528 tem
651 3467 911 3525 Ecclesiae
932 3462 1172 3535 proﬁcit,
1202 3467 1263 3514 ut
1291 3457 1505 3514 discant
1534 3465 1724 3507 omnes
1749 3445 1953 3503 divinae
1975 3442 2110 3513 legis

513 3561 802 3616 rationem.
837 3557 899 3609 In
932 3534 1041 3624 quo
1077 3548 1224 3604 enim
1255 3547 1379 3618 quis
1405 3544 1653 3600 animum
1683 3537 1914 3604 dederit,
1957 3534 2015 3588 in
2044 3547 2108 3586 eo

514 3650 634 3719 ipso
677 3641 879 3713 accipit
929 3621 1158 3703 donum,
1215 3634 1432 3689 dicente
1492 3632 1818 3686 Salomone:
1894 3649 1911 3672 ι
1959 3621 2108 3678 Scire

517 3716 709 3812 legem,
761 3749 951 3790 sensus
998 3738 1079 3786 est
1117 3726 1313 3801 optimi
1356 3726 1511 3798 (Sap.
1542 3741 1620 3791 vr,
1657 3723 1786 3792 16);
1822 3745 1840 3769 ι
1881 3716 2111 3776 scientia

513 3808 660 3886 enim
689 3824 973 3901 jcharitate
1011 3819 1251 3877 subnixa
1293 3831 1404 3872 non
1451 3812 1699 3880 inﬂatur,
1728 3808 1823 3866 sed
1852 3815 1934 3864 est
1960 3822 2108 3862 man-

513 3934 687 3996 sueta,
722 3921 1016 3998 proﬁciens
1042 3915 1301 3975 omnibus
1329 3911 1396 3970 ad
1421 3909 1742 3968 utilitatem.

590 3992 773 4090 (vui.
804 4013 884 4086 2.)
933 4037 950 4059 ι
979 4012 1115 4068 Nam
1149 4007 1243 4082 qui
1272 4003 1520 4079 loquitur
1554 4000 1759 4072 lingua,
1791 4009 1904 4051 non
1932 3992 2108 4090 huuii.

515 4107 681 4163 nibus
712 4105 975 4177 loquitur,
1007 4101 1102 4158 sed
1133 4102 1282 4166 Deo;
1327 4110 1490 4153 nemo
1516 4090 1662 4147 enim
1707 4086 1881 4154 audit,
1913 4082 2110 4157 spiritu

517 4203 699 4250 autem
727 4175 975 4263 loquitur
1005 4188 1285 4261 mysteria.
1307 4212 1326 4233 ν
1371 4187 1486 4243 Hoc
1511 4191 1592 4240 est
1621 4179 1768 4255 quod
1797 4176 1954 4244 dicit,
1983 4175 2112 4248 quia

519 4282 615 4354 qui
645 4281 892 4351 loquitur
926 4278 1207 4348 incognita
1232 4277 1438 4348 lingua,
1489 4276 1602 4330 Deo
1656 4269 1932 4343 loquitur;
1983 4264 2114 4338 quia

520 4371 634 4441 ipse
664 4367 852 4422 omnia
879 4365 1071 4420 novit:
1114 4364 1368 4419 homines
1404 4379 1534 4418 vero
1574 4360 1847 4426 nesciunt,
1881 4356 2111 4427 ideoque

521 4459 709 4514 nullus
738 4463 819 4512 est
841 4472 912 4510 ex
950 4454 1052 4510 hac
1081 4468 1138 4508 re
1168 4451 1464 4524 profectus.
1512 4474 1530 4496 ι
1569 4448 1779 4520 Spiritu
1805 4454 1986 4502 autem
2023 4445 2113 4498 lo—

520 4548 711 4622 quitur
753 4543 1035 4618 mysteria,
1084 4565 1102 4589 ι
1144 4556 1259 4595 non
1299 4555 1485 4604 sensu,
1539 4537 1668 4609 quia
1713 4536 1929 4607 ignorat
1967 4530 2109 4606 quod

518 4639 674 4698 dicit.

593 4735 775 4809 (Vers.
823 4733 904 4805 3.)
952 4757 969 4780 ι
1002 4730 1109 4798 Qui
1139 4728 1286 4785 enim
1335 4723 1644 4800 prophetat,
1689 4717 2010 4776 hominibus
2038 4717 2113 4772 lo-

518 4826 707 4900 quitur
736 4823 803 4881 ad
838 4821 1283 4888 aediﬁcationem,
1313 4824 1366 4873 et
1394 4810 1858 4878 exhortationem,
1891 4815 1944 4863 et
1971 4824 2114 4864 con-

521 4918 844 4973 solationem
868 4934 882 4983 ;
906 4939 924 4961 ι
968 4912 1272 4970 aediﬁcatur
1302 4909 1473 4976 enim,
1496 4901 1716 4979 quando
1745 4899 2111 4975 quaestionum

520 5009 850 5064 solutionem
899 5004 1153 5062 addiscit.
1201 4995 1532 5057 Exhortatio
1573 5001 1756 5050 autem
1801 4989 1885 5046 illi
1923 4989 2006 5058 ﬁt,
2053 4995 2115 5044 ut

521 5101 854 5158 desiderium
903 5097 1141 5172 patiatur
1179 5089 1540 5166 prophetandi
1569 5107 1581 5143 :
1614 5087 1931 5146 consolatur
1959 5098 2112 5150 vero,

521 5194 650 5268 quia
706 5197 1083 5264 contemptum
1139 5184 1444 5256 disciplinae
1499 5180 1613 5254 (21)
1671 5179 1730 5236 in
1787 5193 1880 5248 spe
1938 5173 2112 5230 videt.

520 5262 760 5342 Scientia
803 5262 950 5336 enim
1005 5276 1140 5348 legis
1190 5273 1372 5328 ﬁrmat
1400 5270 1636 5340 animos,
1681 5276 1736 5325 et
1763 5271 2023 5341 provocat
2048 5262 2115 5319 ad

520 5373 632 5445 spei
660 5369 907 5428 melioris
938 5367 1267 5440 profectum.

597 5462 778 5531 (Vers.
810 5459 888 5533 4.)
950 5483 967 5506 ε
995 5457 1101 5525 Qui
1153 5454 1400 5526 loquitur
1439 5451 1646 5522 lingua,
1677 5465 1734 5505 se
1764 5447 1944 5520 ipsum
1974 5442 2117 5500 aedi—

597 5605 714 5677 (20)
751 5605 938 5662 Codex
981 5602 1178 5670 Laud.,
1220 5597 1590 5674 prophetandi,
1624 5592 1977 5668 pradicandi,
2011 5591 2118 5646 do-

521 5676 670 5732 cendi
696 5677 952 5731 studium.

599 5747 717 5821 (21)
747 5748 876 5807 Mss.
908 5745 1186 5813 nonnulli,
1207 5744 1336 5816 quia
1353 5746 1645 5815 cmttemptu
1674 5736 1990 5810 disciplina,
2009 5740 2116 5792 etc.

1503 368 1598 426 AD
1647 337 1884 424 bPERA
1923 363 1977 419 s.
2022 357 2354 418 AMBROSII
2392 347 2773 412 APPENDIX.

2119 487 2170 544 Α
2205 481 2373 537 ﬁcat:
2425 478 2521 548 qui
2567 490 2697 530 vero
2738 469 3049 544 pr0phetat,
3103 464 3408 522 Ecclesiam
3467 461 3766 518 aediﬁcat.
3807 493 3825 514 ι

3735 333 3846 392 268

2194 572 2297 627 Per
2327 568 2382 624 id
2414 568 2584 632 enim,
2617 561 2765 637 quod
2814 561 2954 616 forte
2997 558 3148 616 solus
3189 555 3310 624 scit,
3343 550 3498 626 quod
3531 551 3833 626 loquitur,

2195 675 2251 714 se
2281 658 2458 713 solum
2486 653 2723 711 aediﬁcat
2751 669 2763 707 :
2799 665 2922 706 nam
2964 647 3058 721 qui
3089 644 3398 718 prophetat,
3431 657 3681 698 omnem
3719 642 3832 713 ple-

2195 748 2319 803 bem
2364 745 2619 811 aadiﬁcat,
2673 742 2805 797 dum
2861 736 3192 808 intelligitur
3243 732 3311 788 ab
3357 729 3638 786 omnibus
3691 729 3831 803 quid

2197 837 2471 909 loquatur.
2505 832 2808 904 Prophetas
2832 834 3160 898 interpretes
3189 823 3327 880 dicit
3352 821 3826 893 Scripturarum;

2197 926 2340 982 sicut
2367 927 2514 981 enim
2563 921 2830 996 propheta
2874 920 3061 974 futura
3092 913 3362 987 praedicit,
3393 929 3519 985 quae
3552 912 3828 968 nesciun-

2197 1024 2319 1071 tur:
2355 1014 2430 1070 ita
2449 1022 2503 1069 et
2522 1013 2613 1068 hic
2633 1011 2764 1067 dum
2787 1009 3195 1081 Scripturarum
3217 1019 3462 1070 sensum,
3485 1001 3592 1074 qui
3621 1003 3826 1057 multis

2200 1103 2450 1160 occultus
2480 1110 2583 1169 est,
2626 1098 2962 1165 manifestat,
3001 1095 3209 1153 dicitur
3236 1091 3592 1165 prophetare.

2273 1193 2454 1264 (Vers.
2487 1191 2569 1262 5.)
2609 1214 2627 1236 ‹
2660 1189 2800 1246 Volo
2825 1195 3007 1243 autem
3035 1202 3135 1241 vos
3163 1199 3354 1239 omnes
3375 1180 3532 1253 loqui
3566 1179 3815 1251 linguis:

2201 1283 2374 1353 magis
2415 1290 2596 1337 autem
2649 1287 2712 1335 ut
2754 1275 3111 1351 prophetetis.
3148 1299 3165 1322 ι
3208 1273 3329 1328 Νοιι
3374 1279 3593 1343 poterat
3626 1271 3816 1343 prohi-

2201 1372 2326 1427 bere
2375 1370 2528 1443 loqui
2571 1367 2798 1441 linguis,
2847 1366 2942 1439 qui
2972 1363 3224 1437 superius
3253 1363 3462 1418 donum
3491 1360 3648 1416 istud
3680 1359 3816 1416 dicit

2202 1478 2315 1522 esse
2362 1460 2598 1533 Spiritus
2637 1459 2844 1514 sancti:
2897 1456 2989 1512 sed
3038 1455 3162 1510 ideo
3211 1450 3581 1524 prophetandi
3638 1449 3813 1521 magis

2203 1551 2449 1608 studium
2495 1547 2830 1614 habendum,
2880 1546 3010 1619 quia
3057 1543 3254 1599 utilius
3301 1551 3402 1598 est.
3464 1564 3481 1587 ι
3523 1539 3707 1612 Major
3737 1547 3813 1595 est

2205 1642 2354 1700 enim
2391 1640 2485 1712 qui
2518 1639 2830 1712 prophetat,
2864 1652 3026 1709 quam
3057 1635 3151 1706 qui
3183 1632 3430 1705 loquitur
3461 1632 3676 1702 lingua,
3707 1629 3812 1686 nisi

2207 1731 2617 1802 interpretetur.
2661 1753 2679 1777 ι
2747 1727 2888 1794 Quia
2935 1725 2981 1782 si
3029 1721 3378 1795 interpretari
3431 1720 3656 1794 poterit,
3701 1734 3810 1775 non

2207 1824 2310 1881 erit
2369 1823 2586 1889 minor;
2639 1821 2772 1893 quia
2827 1816 3132 1875 Ecclesiam
3189 1813 3460 1871 aediﬁcat:
3511 1812 3620 1869 hoc
3659 1813 3808 1868 enim

2209 1911 2386 1983 majus
2425 1919 2527 1979 est,
2578 1907 2732 1981 quod
2773 1905 3034 1962 omnibus
3093 1901 3333 1976 prodest.
3387 1901 3488 1957 Hic
3533 1900 3686 1955 enim
3718 1913 3811 1970 per

2209 2002 2416 2058 donum
2444 1997 2542 2055 Dei
2573 1996 2777 2069 linguis
2808 1994 3076 2066 loquitur,
3117 1991 3211 2065 qui
3263 1991 3425 2046 etiam
3480 1991 3808 2061 interpreta-

2213 2100 2320 2161 tur,
2369 2091 2509 2147 sicut
2554 2099 2607 2146 et
2637 2089 2722 2145 illi
2753 2087 3046 2144 duodecim
3083 2085 3140 2141 in
3171 2083 3403 2141 Actibus
3433 2082 3807 2156 apostolorum

2215 2183 2356 2254 (Act.
2385 2199 2448 2249 ιι,
2477 2179 2558 2252 4),

2287 2271 2468 2342 (Vers.
2494 2269 2575 2341 6.)
2623 2293 2639 2314 «
2671 2267 2828 2324 Nunc
2850 2274 3052 2333 autem,
3075 2265 3290 2329 fratres,
3317 2263 3363 2320 si
3390 2278 3592 2318 venero
3621 2260 3689 2318 ad
3710 2278 3806 2317 vos

2215 2361 2419 2432 linguis
2466 2361 2714 2431 loquens,
2766 2354 2901 2429 quid
2959 2354 3118 2410 vobis
3166 2352 3417 2425 prodero,
3469 2353 3581 2408 nisi
3619 2352 3806 2424 loquar

2214 2449 2373 2506 vobis
2406 2457 2499 2504 aut
2530 2447 2588 2503 in
2617 2446 2970 2513 revelatione,
3001 2452 3095 2499 aut
3125 2443 3182 2498 in
3217 2441 3433 2509 notitia,
3467 2450 3562 2497 aut
3605 2443 3662 2497 in
3691 2456 3807 2514 pro-

2214 2539 2423 2613 phetia,
2451 2545 2544 2594 aut
2574 2537 2632 2592 in
2664 2533 2965 2592 doctrina?
2996 2560 3014 2583 ι
3060 2533 3186 2588 Haec
3214 2531 3403 2588 omnia
3429 2548 3608 2587 unum
3644 2529 3806 2603 signi-

2217 2633 2409 2698 ﬁcant;
2439 2630 2634 2686 docere
2671 2627 2817 2683 enim
2854 2642 3018 2682 nemo
3046 2624 3268 2698 poterit,
3298 2623 3408 2679 nisi
3446 2624 3802 2696 intelligatur.

2291 2725 2472 2796 (Vers.
2509 2721 2646 2793 7,8.)
2694 2746 2711 2767 ι
2743 2720 2945 2775 Tamen
2968 2734 3087 2790 quae
3110 2716 3227 2770 sine
3248 2715 3435 2771 anima
3463 2723 3596 2771 sunt
3624 2730 3804 2771 vocem

2218 2814 2424 2882 dantia,
2477 2813 2595 2868 sive
2643 2809 2798 2879 tibia,
2849 2809 2968 2864 sive
3016 2806 3246 2874 cithara,
3297 2805 3344 2862 si
3395 2803 3804 2862 distinctionem

2219 2906 2434 2963 sonitus
2463 2920 2574 2960 non
2605 2896 2894 2968 dederunt,
2945 2897 3221 2972 quomodo
3267 2906 3629 2969 cognoscetur
3673 2893 3808 2968 quod

2219 3013 2316 3068 per
2361 2994 2554 3050 tibiam
2598 2991 2837 3060 canitur,
2865 2999 2959 3046 aut
2990 2989 3136 3061 quod
3162 2987 3522 3044 citharizatur
3542 2987 3570 3043 ?
3599 2985 3806 3043 Etenim

2220 3089 2265 3144 si
2295 3088 2561 3142 incertam
2595 3099 2784 3140 vocem
2833 3081 2958 3137 tuba
2999 3081 3234 3148 dederit,
3265 3080 3390 3153 quis
3418 3096 3475 3135 se
3507 3079 3722 3153 parabit
3750 3075 3813 3133 ad

2221 3176 2472 3250 praelium
2490 3175 2517 3231 ?
2540 3201 2556 3224 ι
2592 3172 2862 3241 Quoniam
2884 3173 3136 3244 exempla
3155 3170 3374 3227 facilius
3393 3169 3630 3225 suadent
3654 3184 3809 3242 quam

2219 3267 2406 3336 verba,
2450 3265 2718 3337 exemplis
2773 3260 3121 3320 commendat
3163 3277 3259 3333 per
3313 3275 3434 3332 qua)
3491 3259 3656 3315 facile
3682 3272 3812 3314 asse-

2220 3365 2458 3432 quantur
2487 3372 2597 3411 non
2628 3353 2824 3410 debere
2854 3353 2982 3408 illos
3009 3352 3067 3407 in
3097 3350 3342 3409 Ecclesia
3393 3349 3548 3422 loqui
3591 3348 3812 3422 linguis,

2220 3449 2315 3522 qui
2350 3444 2700 3518 interpretari
2747 3460 2857 3499 non
2899 3451 3146 3515 possunt.
3181 3443 3252 3499 Ut
3288 3439 3422 3514 quid
3449 3439 3602 3495 enim
3636 3440 3814 3513 loqua-

2221 3545 2330 3605 tur,
2360 3552 2521 3609 quem
2552 3551 2713 3589 nemo
2738 3531 3000 3603 intelligit
3028 3531 3056 3588 ?
3323 3529 3344 3544 ⁸

2294 3627 2474 3700 (Vers.
2508 3627 2589 3698 9.)
2637 3649 2655 3673 ε
2685 3625 2766 3680 Ita
2791 3631 2844 3679 et
2891 3639 2989 3678 vos
3035 3638 3130 3694 per
3168 3621 3412 3692 linguam
3461 3619 3573 3676 nisi
3613 3619 3816 3693 signiﬁ-

2220 3725 2434 3776 cantem
2466 3730 2772 3771 sermonem
2801 3711 3088 3780 dederitis,
3118 3709 3392 3783 quomodo
3439 3709 3654 3765 scietur
3691 3707 3816 3783 quid

2223 3806 2568 3880 loquimini?
2605 3804 2778 3861 Eritis
2823 3802 2971 3858 enim
3021 3802 3080 3857 in
3119 3818 3244 3857 aera
3291 3801 3614 3874 loquentes:
3647 3826 3667 3847 -
3722 3800 3819 3855 hoc

2221 3905 2321 3965 est,
2352 3895 2492 3950 nihil
2524 3893 2888 3967 proﬁcientes.
2921 3893 3087 3949 «Nam
3120 3892 3312 3960 multa,
3346 3900 3408 3946 ut
3437 3897 3593 3962 puta,
3629 3906 3818 3963 genera

2223 3988 2533 4060 linguarum
2582 3994 2711 4040 sunt
2742 3983 2799 4039 in
2849 3983 2953 4040 hoc
2985 3981 3214 4049 mundo,
3251 3990 3304 4036 et
3337 3979 3481 4035 nihil
3513 3981 3637 4034 sine
3668 3995 3818 4036 voce.

2224 4077 2396 4132 Multa
2450 4075 2723 4148 (quidem)
2772 4089 2967 4146 genera
3017 4080 3145 4128 sunt
3183 4070 3518 4140 linguarum,
3551 4093 3569 4114 -
3616 4067 3820 4141 inquit,

2223 4166 2317 4222 sed
2375 4164 2579 4220 habent
2634 4164 2880 4237 proprias
2923 4179 3121 4220 vocum
3165 4159 3619 4233 signiﬁcationes,
3654 4166 3721 4215 ut
3750 4158 3823 4213 in-

2221 4259 2568 4330 telligantur.

2298 4349 2478 4420 (Vers.
2514 4345 2600 4415 10,
2646 4347 2758 4419 11.)
2802 4371 2819 4393 ε
2847 4345 2901 4402 Si
2928 4359 3054 4416 ergo
3083 4341 3328 4398 nesciero
3357 4339 3624 4396 virtutem
3648 4339 3825 4402 vocis,

2225 4457 2316 4495 ero
2360 4439 2410 4494 ei
2465 4437 2555 4494 cui
2603 4438 2816 4510 loquor,
2870 4435 3165 4491 barbarus:
3219 4441 3272 4489 et
3328 4432 3374 4487 is
3413 4431 3510 4504 qui
3553 4431 3824 4503 loquitur,

2231 4529 2371 4585 mihi
2399 4528 2682 4584 barbarus.
2717 4552 2735 4576 ι
2777 4527 2897 4583 Νοιι
2927 4525 3120 4598 utique
3149 4523 3205 4578 id
3233 4520 3569 4578 studendum
3613 4526 3826 4588 monet,

2147 4597 2197 4655 D
2233 4627 2294 4676 ut
2349 4618 2584 4675 invicem
2635 4633 2730 4690 per
2782 4597 3116 4688 incognitam
3166 4613 3408 4684 linguam
3467 4609 3694 4666 barbari
3723 4607 3827 4665 sibi

2227 4710 2519 4767 videantur
2552 4728 2563 4765 :
2597 4707 2690 4764 sed
2738 4706 2867 4780 quia
2913 4703 3222 4761 concordiae
3254 4717 3337 4757 res
3374 4708 3479 4768 est,
3510 4699 3601 4755 his
3632 4700 3831 4755 niten-

2225 4795 2356 4858 dum
2415 4807 2516 4868 est,
2561 4805 2622 4854 ut
2676 4813 2772 4871 per
2813 4793 3231 4850 unanimitatem
3289 4789 3608 4847 intellectus
3665 4803 3830 4846 corn-

2228 4891 2381 4948 muni
2412 4889 2604 4946 laetitia
2640 4887 2970 4959 glorientur.

2307 4989 2446 5046 157
2478 4991 2658 5064 (Vers.
2692 4990 2804 5062 12.)
2849 5014 2867 5037 ι
2903 4989 2994 5045 Sic
3015 4993 3070 5042 et
3098 5001 3216 5052 vos,
3263 4982 3525 5055 quoniam
3587 4981 3834 5038 aemula-

2222 5087 2368 5135 tores
2420 5078 2549 5135 estis
2595 5080 2891 5151 spirituum
2950 5076 3018 5132 ad
3075 5072 3494 5131 aediﬁcationem
3562 5072 3834 5129 Ecclesiae

2231 5167 2479 5242 quaerite,
2511 5177 2572 5225 ut
2601 5166 2939 5241 prophetetis
2960 5165 3100 5236 (22).
3125 5190 3143 5212 ι
3185 5162 3325 5230 Quia
3340 5159 3562 5233 prodest
3582 5159 3834 5232 Scriptu-

2231 5277 2317 5316 ras
2371 5259 2664 5331 explanare
2716 5259 2865 5329 (nam
2915 5255 3177 5310 incitatur
3228 5258 3282 5309 et
3337 5249 3537 5323 gaudet
3585 5249 3831 5318 animus,

2226 5348 2445 5422 quando
2475 5347 2686 5421 aliquid
2722 5347 2788 5402 de
2832 5344 3131 5416 Scripturis
3171 5340 3434 5415 percipit:
3471 5347 3527 5394 et
3556 5349 3832 5412 quantum

2226 5437 2550 5510 propensior
2604 5437 2662 5491 in
2701 5437 2802 5491 hac
2849 5443 3000 5507 parte
3039 5431 3124 5502 ﬁt,
3155 5437 3371 5488 tantum
3400 5427 3610 5484 deserit
3641 5428 3831 5500 vitia),

2300 5585 2418 5659 (22)
2447 5583 2637 5659 Codex
2665 5581 2811 5642 Vall.
2853 5623 2870 5650 ,
2898 5576 3285 5636 wniulationem
3317 5573 3571 5631 Ecclesiae
3611 5575 3837 5646 quarm

2225 5658 2283 5714 in
2300 5655 2590 5730 prophetis.
