3952 6202
235 256 341 317 269

1317 255 1679 317 COMMENT.
1719 256 1792 315 IN
1828 257 2045 315 EPIST.
2089 260 2113 315 Ι
2151 260 2246 315 AD
2283 259 2441 318 COR.

3424 263 3528 323 20

222 356 513 462 propterea
542 387 612 445 ad
645 387 792 446 hanc
819 396 1031 461 partem
1061 387 1311 445 studium
1352 394 1540 444 monet
1568 387 1822 460 applican
1853 392 1903 450 Α
1932 388 2029 460 qui
2059 387 2353 460 aliquando
2381 389 2520 461 Syra
2546 389 2752 462 lingua,
2797 392 3135 463 plerumque
3176 389 3426 459 Hebraea,
3464 390 3524 446 in

221 478 375 535 dum.

294 575 477 647 (Vers.
508 576 624 649 13.)
672 599 691 624 ι
737 574 869 632 Ideo
915 574 1016 648 qui
1072 574 1324 646 loquitur
1371 576 1577 647 lingua,
1619 584 1737 633 oret
1763 584 1827 633 ut

221 662 637 737 interpretetur.
669 688 689 713 ι
734 664 880 719 Eum
929 663 1026 735 qui
1075 663 1282 736 linguis
1328 663 1481 736 loqui
1530 663 1823 734 desiderat,

221 763 409 812 monet
439 771 597 812 orare
646 753 870 822 debere,
918 760 982 809 ut
1029 753 1265 825 accipiat
1301 754 1509 810 donum
1553 754 1826 827 interpre-

218 843 373 899 tandi
405 862 421 911 ;
453 852 517 899 ut
541 842 795 916 proﬁciat
818 842 1031 899 ceteris
1064 842 1307 897 studium
1332 842 1469 913 ejus.

294 932 480 1005 (Vers.
534 931 651 1003 14.)
714 956 732 978 ι
780 932 914 987 Nam
964 930 1010 985 si
1060 945 1290 985 oravero
1351 931 1559 1003 lingua,
1597 932 1825 1005 spiritus

216 1036 379 1077 meus
434 1028 584 1089 orat;
639 1036 794 1077 mens
837 1026 1017 1075 autem
1076 1035 1198 1075 mea
1250 1019 1370 1075 sine
1426 1021 1613 1078 fructu
1654 1030 1756 1079 est.
1790 1049 1809 1073 ›

217 1110 573 1168 Manifestum
599 1118 680 1167 est
708 1110 962 1183 ignorare
991 1108 1240 1164 animum
1271 1116 1546 1180 nostrum,
1570 1112 1616 1167 si
1634 1113 1822 1185 lingua

217 1202 499 1274 loquatur,
531 1217 691 1275 quam
732 1198 927 1267 nescit,
965 1200 1109 1255 sicut
1141 1199 1391 1257 adsolent
1430 1201 1611 1258 Latini
1643 1203 1819 1260 homi-

215 1306 315 1346 nes
375 1290 559 1346 Graece
595 1297 839 1357 cantare,
883 1287 1146 1345 Oblectati
1186 1305 1322 1345 sono
1358 1290 1693 1359 verborum;
1726 1309 1818 1350 ne-

215 1376 452 1433 scientes
472 1383 653 1432 tamen
676 1375 812 1450 quid
833 1375 1041 1432 dicant.
1066 1374 1307 1448 Spiritus
1335 1385 1518 1433 autem
1540 1378 1634 1451 qui
1655 1378 1820 1435 datur

217 1466 277 1521 in
306 1465 601 1538 baptismo,
635 1465 741 1522 scit
765 1465 900 1537 quid
927 1472 1049 1521 oret
1089 1465 1330 1534 animus,
1365 1465 1499 1522 dum
1548 1468 1814 1540 loquitur,

213 1563 310 1611 aut
338 1562 555 1627 perorat
580 1554 773 1626 lingua
803 1553 910 1609 sibi
943 1554 1132 1626 ignota
1164 1572 1175 1611 :
1210 1571 1365 1627 mens
1392 1564 1574 1612 autem
1604 1557 1699 1630 qui
1738 1566 1820 1615 est

212 1644 455 1713 animus,
487 1645 609 1701 sine
639 1644 827 1701 fructu
853 1651 954 1702 est.
998 1644 1172 1712 Quem
1203 1649 1352 1701 enim
1398 1655 1578 1719 potest
1617 1647 1816 1705 habere

212 1732 485 1803 fructum,
511 1733 608 1807 qui
638 1734 851 1807 ignorat
881 1750 1001 1806 quae
1027 1734 1330 1808 loquatur?

291 1823 475 1893 (Vers.
511 1823 624 1894 l5.)
671 1847 689 1871 ι
718 1822 861 1890 Quid
889 1831 971 1880 est
992 1839 1122 1896 ergo
1143 1824 1172 1881 7
1200 1824 1382 1881 Orabo
1405 1825 1623 1899 spiritu,
1647 1826 1816 1884 orabo

212 1920 271 1969 et
297 1920 513 1981 mente;
550 1914 822 1985 psalmum
851 1913 1032 1971 dicam
1071 1914 1291 1988 spiritu,
1324 1917 1597 1988 psalmum
1634 1917 1815 1975 dicam

212 2009 271 2059 et
293 2010 497 2060 mente.
527 2028 546 2052 ι
608 2004 725 2061 Hoc
769 2003 928 2074 dicit,
960 2005 1091 2078 quia
1134 2022 1261 2063 cum
1309 2008 1433 2080 quis
1480 2006 1585 2065 hac
1628 2009 1819 2081 lingua

215 2093 487 2166 loquitur,
541 2108 706 2164 quam
744 2093 923 2161 novit,
968 2103 1081 2149 tam
1129 2095 1349 2166 spiritu,
1408 2113 1571 2169 quam
1635 2105 1816 2153 mente

211 2189 339 2238 orat
383 2200 395 2237 :
429 2181 561 2254 quia
590 2197 703 2237 non
732 2181 914 2236 solum
943 2182 1170 2252 spiritus
1198 2183 1335 2255 ejus,
1367 2202 1530 2258 quem
1561 2186 1681 2242 dixi
1709 2187 1818 2243 da-

215 2278 339 2327 tum
371 2271 429 2326 in
459 2268 756 2343 baptismo,
783 2269 889 2326 scit
916 2269 1053 2343 quid
1082 2280 1271 2327 oratur
1304 2290 1315 2328 :
1350 2273 1446 2327 sed
1472 2274 1637 2330 etiam
1686 2275 1819 2331 ani-

214 2378 345 2418 mus
374 2361 494 2433 (23)
526 2361 695 2418 simili
726 2359 891 2417 modo
919 2368 974 2417 et
1003 2361 1072 2419 de
1097 2362 1308 2434 psalmo
1336 2377 1450 2417 non
1475 2363 1708 2434 ignorat.
1788 2348 1797 2356 ’

288 2453 473 2525 (Vers.
507 2453 622 2525 16.)
666 2476 685 2500 ε
721 2454 993 2512 Caeterum
1024 2455 1071 2511 si
1109 2453 1463 2513 benedixeris
1498 2455 1699 2528 spiritu
1730 2474 1744 2524 ;
1786 2482 1805 2505 »

214 2542 327 2599 hoc
361 2552 462 2613 est,
501 2545 546 2601 si
579 2544 796 2601 laudem
837 2546 937 2601 Dei
971 2544 1161 2618 lingua
1201 2546 1445 2619 loquaris
1481 2545 1668 2619 ignota
1711 2564 1820 2603 au-

212 2631 502 2689 dientibus
531 2650 543 2689 :
593 2658 611 2681 c
640 2632 777 2701 Quis
804 2635 1022 2708 supplet
1053 2635 1234 2691 locum
1266 2634 1453 2691 idiotas
1475 2636 1503 2692 ?
1529 2635 1818 2703 Quomodo

209 2719 355 2777 dicit
387 2737 566 2791 amen,
600 2738 763 2795 super
808 2732 958 2780 tuam
1014 2723 1457 2782 benedictionem
1502 2724 1643 2798 (24),
1687 2726 1818 2798 quia

210 2814 396 2871 nescis
423 2814 559 2887 quid
586 2814 757 2872 dicas.
790 2841 809 2865 ι
855 2817 1147 2889 Imperitus
1193 2819 1342 2874 enim
1389 2818 1619 2875 audiens
1666 2818 1814 2891 quod

206 2919 330 2959 non
378 2904 661 2977 intelligit,
699 2906 875 2962 nescit
918 2907 1087 2964 ﬁnem
1136 2908 1426 2977 orationis,
1456 2916 1511 2963 et
1564 2923 1678 2963 non
1716 2923 1814 2963 re-

204 2999 467 3071 spondet,
496 3016 676 3069 amen,
708 3000 765 3056 id
795 3010 876 3057 est
896 3017 1090 3057 verum
1116 3020 1128 3058 :
1172 3010 1234 3058 ut
1260 3002 1620 3059 conﬁrmetur
1648 3002 1811 3058 bene-

1844 1754 1891 1815 B

1930 476 2261 533 tractatibus
2298 486 2393 549 aut
2418 477 2792 536 oblationibus
2815 480 3115 536 utebantur
3133 479 3201 536 ad
3229 496 3513 538 commen-

1932 565 2233 622 dationem.
2268 565 2657 623 Gloriabantur
2683 569 2830 625 enim
2860 587 2915 626 se
2945 570 3059 626 dici
3100 570 3354 628 Hebraeos
3386 586 3524 643 pro—

1935 663 2058 727 pter
2086 656 2348 712 meritum
2397 656 2652 725 Abrahae,
2699 658 2844 730 quod
2891 658 3037 715 idem
3090 660 3384 731 Apostolus
3425 675 3524 732 pro

1936 743 2120 801 nihilo
2144 744 2341 801 habuit
2373 746 2566 803 dicens
2599 764 2610 801 :
2660 770 2678 792 ι
2706 745 2843 802 Mihi
2870 754 3051 802 autem
3086 747 3227 804 absit
3255 748 3475 821 gloriari
3505 766 3520 815 ;

1933 834 2043 890 nisi
2073 834 2132 889 in
2162 851 2323 891 cruce
2352 834 2577 891 Domini
2599 837 2772 891 nostri
2821 835 2947 891 Iesu
2977 835 3185 893 Christi
3216 838 3419 908 (Galat.
3446 854 3521 903 vr,

1934 921 2048 995 14).
2097 946 2115 970 ι
2188 924 2298 978 Hos
2350 923 2574 996 quidam
2626 923 2930 993 imitantes,
2963 924 3152 996 ignota
3191 925 3295 981 sibi
3345 926 3528 996 lingua

1933 1012 2081 1085 loqui
2143 1012 2420 1069 malebant
2485 1014 2544 1069 in
2603 1014 2851 1071 Ecclesia
2904 1014 2972 1071 ad
3029 1016 3316 1087 populum,
3365 1031 3526 1088 quam

1930 1117 2028 1157 sua
2058 1101 2198 1174 (26).

2003 1192 2184 1264 (Vers.
2219 1192 2333 1266 20.)
2382 1217 2400 1241 ι
2429 1193 2667 1262 Fratres,
2693 1193 2865 1250 nolite
2897 1191 3054 1266 pueri
3085 1193 3227 1252 eﬂici
3257 1194 3525 1253 sensibus:

1928 1280 2023 1338 sed
2078 1281 2290 1338 malitia
2348 1282 2565 1356 parvuli
2622 1291 2841 1351 estote;
2884 1292 2946 1340 ut
3001 1284 3255 1342 sensibus
3299 1285 3527 1358 perfecti

1926 1370 2067 1426 sitis.
2100 1396 2118 1417 ι
2165 1371 2440 1427 Perfectos
2471 1372 2599 1429 illos
2627 1373 2751 1428 vult
2778 1388 2912 1441 esse,
2942 1380 3004 1429 ιιι
3034 1373 3209 1429 sciant
3240 1374 3372 1447 quid
3408 1374 3525 1446 (27)

1927 1458 1995 1514 ad
2026 1460 2449 1516 instructionem
2480 1461 2741 1518 Ecclesiae
2793 1461 2865 1517 sit
2897 1462 3294 1529 necessarium;
3344 1470 3405 1517 ut
3447 1478 3528 1519 re-

1927 1546 2182 1604 cedentes
2211 1550 2476 1605 amalitia
2500 1557 2554 1605 et
2600 1549 2900 1618 erroribus,
2952 1549 3019 1606 iis
3065 1550 3365 1618 studerent,
3407 1567 3527 1623 qua;

1925 1634 2254 1706 proﬁcerent
2284 1636 2353 1693 ad
2382 1638 2679 1695 utilitatem
2712 1638 2964 1694 fratrum.
2988 1638 3091 1694 Hic
3119 1647 3201 1695 est
3230 1638 3376 1694 enim
3407 1656 3526 1696 sen-

1927 1738 1991 1779 su
2022 1724 2319 1796 perfectus,
2350 1725 2443 1799 qui
2484 1725 2543 1782 id
2572 1726 2705 1797 agit,
2739 1735 2801 1783 ut
2839 1726 3013 1799 prosit
3059 1727 3254 1796 alicui,
3284 1728 3524 1785 maxime

1925 1812 2103 1871 fratri.

2000 1902 2181 1974 (Vers.
2214 1903 2330 1976 21.)
2385 1927 2403 1951 ι
2433 1905 2495 1961 In
2526 1904 2641 1977 lege
2663 1905 2811 1961 enim
2841 1905 3107 1979 scriptum
3140 1913 3221 1964 est
3251 1925 3262 1964 :
3296 1906 3435 1976 Quia
3466 1907 3523 1965 in

1923 1988 2051 2046 aliis
2092 1991 2318 2065 linguis,
2344 1999 2398 2049 et
2440 1993 2499 2049 in
2532 1992 2693 2050 labiis
2727 1994 2852 2051 aliis
2890 1996 3084 2069 loquar
3123 1996 3327 2069 populo
3369 1996 3521 2066 huic,

1925 2089 1979 2139 et
2009 2098 2111 2140 nec
2139 2084 2219 2141 sic
2250 2099 2333 2141 me
2371 2085 2620 2160 audient,
2651 2085 2790 2143 dicit
2824 2087 3097 2144 Dominus
3127 2089 3263 2160 (Isa.
3314 2104 3518 2158 xxvm,

1928 2173 2040 2243 11).
2073 2199 2091 2221 ι
2140 2174 2255 2232 Hoc
2283 2158 2553 2232 Dominus
2579 2175 2647 2231 de
2674 2175 2763 2232 his
2783 2175 2948 2245 dixit,
2980 2195 3118 2252 quos
3138 2158 3391 2253 iprassciit
3422 2195 3522 2235 nec

1927 2265 2198 2324 Salvatori
2229 2268 2554 2325 credituros.
2591 2270 2653 2325 In
2683 2269 2806 2325 aliis
2834 2270 2981 2326 enim
3013 2271 3217 2343 linguis
3236 2280 3289 2327 et
3318 2271 3376 2326 in
3398 2270 3524 2327 aliis

1928 2357 2088 2414 labiis
2135 2360 2310 2432 loqui,
2361 2361 2580 2417 Novum
2620 2361 3030 2420 Testamentum
3078 2373 3159 2421 est
3206 2364 3520 2438 praedicare,

1928 2449 2071 2505 sicut
2098 2451 2235 2509 dicit
2264 2452 2527 2509 Jeremias
2550 2454 2817 2526 propheta
2849 2474 2862 2511 :
2910 2481 2927 2503 ‹
2956 2456 3099 2512 Ecce
3130 2456 3355 2511 venient
3380 2456 3518 2525 dies,

1927 2537 2065 2595 dicit
2108 2541 2397 2610 Dominus,
2446 2550 2500 2597 et
2549 2543 2947 2599 consummabo
3000 2544 3191 2600 domui
3248 2546 3411 2600 Israel
3470 2553 3522 2600 et

1926 2627 2116 2685 domui
2158 2630 2296 2686 Juda
2346 2631 2754 2688 Testamentum
2786 2633 3023 2702 Novum,
3057 2649 3170 2689 non
3220 2633 3523 2689 secundum

1926 2718 2070 2791 quod
2102 2718 2350 2792 disposui
2379 2719 2629 2794 patribus
2659 2721 2880 2778 illorum
2912 2722 3125 2793 (Jerem.
3159 2738 3321 2791 xxxx,
3352 2722 3465 2794 31);
3493 2748 3511 2771 ι

1923 2807 2029 2864 hoc
2076 2817 2177 2877 est,
2228 2810 2521 2867 immutata
2578 2811 2789 2867 ratione
2843 2810 3004 2868 aliter
3059 2811 3232 2884 loqui,
3265 2827 3427 2884 quam
3461 2829 3517 2869 se

1924 2898 2059 2971 legis
2086 2902 2287 2957 veteris
2314 2901 2478 2958 verba
2500 2901 2771 2969 habeant;
2808 2900 2939 2957 dum
2968 2900 3199 2957 audiunt
3222 2902 3519 2961 Sabbatum

1921 2990 2086 3057 solvi,
2118 2994 2431 3049 neomenias
2474 2994 2745 3064 evacuari,
2785 2994 3261 3052 circumcisionem
3290 3012 3519 3064 cessare,

201 3090 405 3148 dictio.
438 3092 539 3148 Per
567 3090 669 3148 hos
716 3092 865 3148 enim
912 3094 1175 3165 impletur
1220 3092 1568 3150 conﬁrmatio
1615 3092 1810 3164 precis,
1845 3117 1889 3177 Ο
1919 3079 2189 3138 sacriﬁcia
2221 3081 2528 3149 immutari,
2560 3099 2708 3139 05038
2752 3081 2959 3137 (indum
3022 3087 3162 3143 158
3215 3081 3522 3153 Ρτοδίδίῐθε

198 3181 303 3254 qui
339 3180 694 3254 respondent,
721 3196 918 3249 amen;
972 3188 1037 3236 ut
1081 3181 1268 3236 omnia
1308 3181 1457 3238 dicta
1504 3181 1622 3237 veri
1648 3181 1814 3237 testi-
1923 3182 2088 3243 licere
2119 3186 2298 3255 edere,
2331 3186 2614 3243 Christum
2651 3189 2823 3242 Deum
2847 3188 2913 3243 de
2929 3188 3042 3241 Deo
3063 3184 3349 3257 praedicari
3383 3183 3521 3241 :hoc

194 3278 400 3336 monio
430 3280 491 3335 in
519 3276 866 3333 audientium
896 3277 1175 3333 mentibus
1201 3278 1615 3335 conﬁrmentur.

280 3361 468 3441 (Vers.
503 3367 619 3439 17.)
680 3368 855 3424 «Nam
910 3367 1136 3441 quidem
1182 3368 1321 3425 bene
1368 3369 1568 3441 gratias
1612 3370 1743 3443 agis.
1776 3395 1796 3419 ι

190 3460 282 3516 De
308 3472 376 3513 eo
406 3456 564 3527 dicit,
600 3457 694 3531 qui
725 3457 943 3529 cognita
991 3456 1367 3531 sibiloquitur,
1387 3460 1516 3532 quia
1544 3460 1647 3517 scit
1675 3459 1809 3533 quid

194 3549 374 3605 dicat.
422 3573 440 3596 ι
472 3548 577 3605 Sed
616 3548 760 3605 alius
804 3564 917 3603 non
962 3547 1287 3605 aediﬁcatur.
1324 3574 1343 3596 ι
1397 3548 1453 3605 Si
1493 3550 1684 3623 utique
1738 3553 1806 3609 ad

195 3640 587 3700 aediﬁcandam
615 3641 920 3701 Ecclesiam
950 3640 1284 3713 convenitis,
1316 3658 1378 3700 ea
1423 3641 1623 3702 debent
1665 3644 1798 3716 dici,

193 3746 324 3806 quae
355 3732 667 3807 intelligant
689 3734 1144 3792 audientes.Nam
1175 3733 1309 3807 quid
1340 3735 1561 3808 prodest
1589 3744 1650 3793 ut
1679 3737 1802 3811 quis

192 3826 391 3899 lingua
417 3828 692 3901 loquatur,
724 3843 887 3901 quam
905 3828 1057 3885 solus
1081 3827 1214 3896 scit;
1252 3836 1314 3885 ut
1334 3828 1428 3902 qui
1448 3828 1625 3898 audit,
1652 3829 1796 3886 nihil

190 3916 499 3990 proﬁciat?
527 3916 655 3972 Ideo
694 3922 871 3975 tacere
921 3916 1083 3975 debet
1132 3914 1191 3973 in
1233 3918 1499 3987 Ecclesia,
1531 3925 1594 3975 ut
1631 3919 1669 3975 ii
1703 3919 1797 3976 lo-

188 4015 457 4082 quantur,
486 4004 583 4080 qui
612 4009 823 4080 prosint
850 4005 1225 4066 audientibus.

266 4095 453 4170 (Vers.
490 4094 603 4167 18.)
648 4120 667 4143 ι
696 4096 910 4153 Gratias
938 4114 1039 4170 ago
1067 4100 1181 4154 Deo
1225 4114 1368 4167 meo,
1416 4097 1564 4171 quod
1602 4098 1794 4154 omni-

184 4202 287 4242 um
339 4191 588 4242 vestrum
646 4185 834 4258 lingua
887 4186 1102 4258 loquor.
1153 4210 1172 4233 ›
1217 4186 1489 4253 Quoniam
1540 4186 1791 4259 superius

186 4275 400 4348 linguis
431 4273 586 4346 loqui
614 4273 823 4329 donum
849 4289 963 4330 esse
991 4274 1139 4329 dixit
1166 4274 1406 4346 Spiritus
1435 4275 1632 4343 sancti,
1666 4275 1789 4331 ideo

186 4368 256 4423 ad
283 4368 465 4423 Deum
496 4364 685 4432 refert,
726 4363 874 4437 quod
915 4365 1165 4420 omnium
1215 4364 1401 4438 lingua
1453 4367 1785 4439 loqueretur.

1922 3286 2002 3335 est
2031 3281 2156 3336 aliis
2189 3280 2393 3353 linguis
2423 3289 2476 3336 et
2528 3281 2652 3336 aliis
2710 3280 2871 3337 labiis
2926 3282 3124 3355 loqui;
3184 3287 3239 3336 et
3294 3297 3393 3338 nec
3439 3280 3520 3338 sic

1920 3369 2117 3441 perﬁdi
2149 3372 2322 3426 Deum
2354 3370 2617 3427 obaudire
2648 3372 2963 3427 voluerunt.
2999 3372 3181 3427 Potest
3210 3378 3264 3427 et
3294 3370 3374 3427 sic
3421 3370 3519 3426 in-

1918 3460 2113 3533 telligi,
2156 3468 2217 3516 ut
2255 3462 2384 3534 quia
2421 3462 2583 3519 mulli
2621 3462 2935 3519 Iudaeorum
2968 3463 3223 3519 malevoli
3255 3470 3430 3531 erant,
3465 3472 3519 3521 et

1916 3556 2204 3620 propterea
2232 3549 2459 3623 dignum
2490 3567 2601 3606 non
2632 3561 2748 3609 erat
2779 3552 2865 3609 his
2896 3552 2956 3608 in
2996 3552 3330 3609 revelatione
3363 3552 3515 3626 loqui

1911 3637 2297 3711 Evangelium,
2344 3640 2400 3696 in
2441 3640 2714 3713 parabolis
2774 3644 3091 3715 loqueretur
3149 3643 3217 3699 ad
3271 3660 3363 3698 eos
3405 3660 3417 3698 :
3459 3651 3514 3699 et

1912 3724 2279 3803 intelligentes
2308 3729 2431 3787 ideo
2461 3732 2567 3788 sibi
2592 3749 2702 3789 non
2725 3734 2980 3802 revelari,
3014 3733 3145 3806 quia
3171 3733 3302 3788 mali
3332 3740 3507 3799 erant,

1908 3836 2009 3879 nec
2044 3821 2122 3877 sic
2158 3837 2215 3877 se
2254 3822 2640 3895 corrigerent;
2703 3832 2763 3879 ut
2820 3834 3089 3881 merentes
3151 3839 3208 3878 se
3268 3823 3511 3878 facerent

1905 3925 2002 3981 per
2033 3910 2477 3982 explanationem
2507 3911 2700 3968 audire
2740 3912 2907 3967 verba
2948 3911 3070 3967 Dei.
3120 3909 3272 3965 Unde
3313 3909 3510 3966 dicunt

1904 3999 2166 4071 discipuli
2194 4000 2264 4056 ad
2292 4002 2596 4056 Dominum
2632 4017 2644 4056 :
2693 4024 2711 4047 ι
2750 3999 3005 4068 Domine,
3039 4015 3206 4072 quare
3252 3997 3308 4053 in
3340 4012 3508 4069 para-

1901 4085 2046 4142 bolis
2072 4087 2309 4159 loqueris
2335 4088 2447 4143 illis
2479 4089 2691 4161 (Matth.
2722 4105 2846 4158 xm,
2882 4089 2971 4162 10)
2996 4089 3025 4146 ?
3052 4114 3069 4138 ι
3102 4090 3177 4145 Et
3196 4090 3498 4145 Dominus:

1917 4204 1934 4226 ι
1973 4179 2115 4247 Quia
2145 4179 2303 4236 vobis
2334 4181 2522 4237 datum
2556 4190 2654 4239 est.
2705 4182 2909 4255 inquit,
2963 4200 3124 4240 nosse
3174 4181 3501 4255 mysterium

1901 4269 2054 4342 regni
2084 4269 2206 4339 Dei,
2250 4269 2365 4327 illis
2391 4279 2573 4328 autem
2606 4288 2754 4340 non;
2789 4278 2851 4327 ut
2881 4272 3133 4330 videntes
3180 4288 3291 4328 non
3336 4272 3504 4328 vide—

1897 4367 2013 4428 ant,
2048 4365 2101 4415 et
2129 4360 2412 4420 audientes
2454 4379 2565 4421 non
2604 4362 2920 4436 intelligant
2958 4364 3122 4438 (Ibid.
3167 4365 3251 4433 11,
3298 4363 3385 4435 13)
3422 4382 3435 4432 ;
3468 4390 3486 4411 ι

185 4457 259 4513 Et
291 4473 360 4513 ne
389 4456 534 4513 forte
563 4453 718 4527 quasi
759 4454 990 4510 aemulus
1017 4470 1114 4527 per
1141 4453 1408 4511 invidiam
1460 4455 1563 4513 hoc
1605 4455 1787 4513 dicere
1814 4482 1862 4541 D
1900 4469 1966 4508 ne
1995 4453 2210 4527 indigni
2258 4457 2488 4513 salutem
2548 4456 2916 4531 perciperent,
2947 4457 3094 4530 quod
3142 4455 3501 4514 animadver-

183 4544 491 4615 videretur,
532 4542 774 4601 ostendit
802 4559 859 4601 se
888 4543 1135 4600 omnium
1162 4544 1382 4618 quidem
1405 4544 1601 4603 horum
1634 4545 1785 4620 loqui

183 4636 413 4710 linguis,
446 4644 501 4693 et
532 4636 664 4711 quia
691 4652 803 4693 non
832 4635 992 4693 valde
1026 4637 1266 4709 prodest.

257 4735 442 4810 (Vera.
497 4735 609 4807 19.)
689 4760 708 4783 ‹
774 4734 880 4793 Sed
945 4735 1005 4791 in
1050 4736 1315 4805 Ecclesia,
1380 4736 1582 4811 inquit,
1654 4740 1783 4796 volo

180 4825 430 4899 quinque
461 4823 629 4881 verba
657 4825 809 4899 loqui
840 4839 936 4897 per
965 4824 1235 4898 legem,ut
1263 4824 1381 4897 (25)
1405 4834 1459 4882 et
1479 4827 1616 4883 alios
1637 4828 1783 4886 aedi-

176 4915 363 4985 ﬁcem,
396 4930 557 4989 quam
587 4913 773 4972 decem
805 4914 982 4972 millia
1037 4917 1331 4973 verborum
1383 4916 1442 4972 in
1497 4918 1705 4989 lingua.
1746 4942 1765 4966 ι

176 5006 386 5063 Utilius
419 5005 557 5063 dicit
604 5006 792 5078 paucis
848 5005 1029 5063 verbis
1085 5007 1142 5062 in
1187 5005 1468 5078 apertione
1511 5007 1781 5064 sermonis

176 5094 352 5169 loqui,
415 5094 564 5168 quod
619 5110 809 5151 omnes
872 5095 1203 5166 intelligant,
1274 5111 1435 5167 quam
1503 5095 1776 5167 prolixam

174 5185 485 5243 orationem
517 5184 714 5243 habere
745 5184 804 5242 in
829 5185 1081 5243 obscuro.
1115 5184 1185 5239 Hi
1213 5199 1284 5239 ex
1312 5182 1555 5239 Hebraeis
1596 5191 1773 5253 erant,

247 5328 368 5402 (23)
394 5327 560 5402 god;
578 5326 746 5402 V'all.,
777 5342 921 5382 mens
953 5331 1129 5379 autem
1155 5329 1372 5402 quaest
1398 5324 1629 5392 animus,
1663 5331 1767 5381 etc.

268 5394 361 5473 24)
393 5399 496 5473 Ms.
521 5397 686 5473 Corb.
716 5414 873 5473 super
903 5402 1049 5473 tuam
1083 5394 1476 5450 eucharistiam.

268 5468 360 5546 25)
395 5472 558 5546 139m.
590 5468 744 5546 edit,
771 5468 918 5546 loqui
936 5484 1038 5546 per
1064 5481 1270 5519 sensum
1298 5482 1487 5535 meum,
1536 5475 1612 5537 ut,
1661 5476 1764 5546 etc.

267 5538 360 5616 26)
403 5543 516 5616 Hos
542 5540 761 5613 quidam
789 5538 1146 5596 imitantem...
1202 5553 1362 5608 quam
1406 5553 1525 5609 sua,
1564 5556 1594 5597 e
1640 5538 1763 5598 cod.

169 5612 346 5675 Corb.’
361 5614 493 5673 resti
501 5612 682 5674 tutum
709 5617 810 5671 est.

1896 4551 2075 4603 tentes
2102 4564 2201 4619 pro
2217 4549 2428 4606 meritis
2454 4550 2572 4606 suis
2601 4550 2831 4618 factum,
2874 4566 2976 4607 nec
3006 4552 3086 4607 sic
3105 4552 3357 4607 conversi
3386 4552 3498 4609 Deo

1896 4636 2205 4695 satisfacere
2236 4640 2550 4695 voluerunt.

1968 4727 2148 4797 (Vprs.
2183 4727 2300 4800 22.)
2364 4753 2382 4776 ι
2414 4730 2599 4800 Itaque
2648 4729 2849 4798 linguae
2894 4725 2951 4780 in
2997 4726 3216 4798 signum
3264 4736 3410 4786 sunt.
3464 4753 3483 4780 ι

1891 4819 2008 4874 Hoc
2037 4828 2137 4887 est,
2168 4818 2440 4874 velamine
2471 4818 2764 4888 incognitae
2802 4815 3002 4887 linguae
3050 4818 3327 4875 obscurati
3366 4830 3495 4880 sunt

1890 4922 2171 4963 sermones
2198 4906 2320 4975 Dei,
2352 4921 2420 4960 ne
2453 4904 2746 4960 videantur
2782 4920 2812 4959 a
2845 4904 3088 4975 perﬁdis,
3130 4913 3183 4962 et
3214 4923 3338 4965 cum
3385 4927 3494 4968 au-

1886 5003 2119 5060 diuntur
2150 5002 2441 5075 incognitae
2471 5003 2691 5074 linguae,
2725 5000 2943 5074 signum
2975 5003 3047 5059 sit
3096 5004 3225 5078 quia
3270 5018 3492 5082 propter

1885 5091 2172 5166 perﬁdiam
2202 5091 2411 5148 factum
2439 5100 2541 5161 est,
2574 5107 2642 5147 ne
2688 5090 2918 5149 audiens
2949 5093 3243 5167 intelligat.
3320 5124 3337 5145 ι
3368 5099 3490 5156 Non

1884 5183 2077 5257 utique
2105 5182 2174 5239 iis
2201 5182 2296 5257 qui
2324 5180 2577 5252 credunt,
2606 5181 2700 5240 sed
2729 5199 2842 5257 non
2868 5184 3218 5244 credentibus
3248 5204 3261 5254 ;
3300 5213 3317 5234 -
3384 5188 3489 5248 hoc

1955 5329 2204 5403 (2.7)-M3-
2240 5329 2429 5403 Corb-.
2454 5335 2513 5383 ιιι
2540 5328 2747 5403 Ῐασὶαηέ
2788 5334 2950 5403 quod,
3005 5342 3109 5390 etc.
3151 5335 3299 5390 Infra
3356 5351 3489 5395 Vero

1879 5398 1938 5480 i‘n
1965 5398 2243 5480 plerisque
2267 5400 2469 5480 legitur
2492 5398 2644 5480 mss,
2680 5398 2900 5480 Ηξᾳξεει
2934 5398 3091 5460 enim
3138 5422 3318 5480 sensus
3370 5427 3489 5480 per-

1876 5469 2064 5539 fectus,
2096 5469 2194 5547 pro
2222 5488 2287 5528 eo
2324 5469 2474 5546 quod
2508 5478 2591 5526 est
2618 5471 2675 5525 in
2703 5471 2850 5541 aliis,
2882 5483 2937 5530 et
2967 5476 3183 5533 cunctis
3227 5469 3487 5547 ωηιξη..

1874 5556 2026 5601 sensu
2047 5542 2330 5616 perfectus.
