3952 6202
483 371 588 430 271

1501 351 1595 406 ΑΙ)
1635 344 1871 402 ΟΡΕΒΑ
1909 343 1964 397 S.
2006 336 2341 398 AMBROSII
2377 327 2758 389 APPENDIX.

3711 309 3820 364 272

485 505 571 555 εει
600 491 748 569 quod
775 485 1075 562 dixit,quia
1104 483 1172 540 ad
1193 477 1548 539 occultandas
1570 487 1762 530 sensus
1785 465 2086 524 incredulis
2115 471 2165 529 Α
2191 469 2288 515 aut
2334 467 2394 513 ut
2444 455 2701 520 multum,
2732 459 2842 507 tres
2873 465 2886 516 ;
2946 454 2998 501 et
3028 439 3400 516 particulatim
3434 444 3498 492 ut
3530 452 3693 491 unus
3724 435 3818 489 in-

1817 561 1828 569 .
1983 558 1997 569 .
2194 563 2204 569 .
2624 547 2734 569 π--
2771 552 2844 569 Α-.
2899 541 3005 569 ,ιη
3037 545 3126 569 η...
3158 547 3261 569 ..ηρ
3297 550 3408 569 mm
3445 532 3573 569 nim
3600 532 3816 569 “naui:

487 532 571 555 σοι
642 532 748 550 uvu
775 532 942 554 “sunt,
989 532 1075 542 u-w
1105 532 1172 540 ω..
1197 532 1418 539 νννν.-ηη

487 532 789 664 proficiunt
817 532 1039 651 linguas.
1085 602 1102 624 ι
1135 570 1426 646 Prophetia
1457 574 1638 624 autem
1667 577 1780 618 non
1815 558 2082 617 incredu-
2189 557 2536 626 terpretetur.
2571 573 2586 594 -
2624 547 2738 602 Hoc
2767 552 2868 611 est,
2897 541 3007 597 duo
3036 545 3129 594 aut
3158 547 3265 594 tres
3297 550 3410 591 non
3445 532 3576 605 plus
3600 532 3818 604 linguis

1356 661 1400 664 —_
2017 647 2076 664 ‘.‘
2193 644 2490 664 ι------Δ---ι
2524 656 2534 664 .
2570 635 2658 664 Λιιιῖ
2694 634 2892 664 ηξηινιιιί
2951 646 3059 664 nnn
3093 627 3254 664 cimn‘
3310 639 3534 664 nmnnc'
3734 621 3812 664 in.

491 647 579 746 lis,
617 673 712 732 sed
750 672 821 728 iis
850 647 942 742 qui
978 665 1228 723 credunt.
1272 687 1289 709 ι
1356 661 1470 714 Hoc
1517 664 1618 721 est,
1667 669 1777 708 non
1820 647 2083 720 competit

492 735 751 824 ﬁdelibus
781 735 970 816 audire
997 756 1213 826 linguas
1242 765 1376 822 quas
1423 762 1532 802 non
1579 741 1892 812 intelligant
1924 756 1936 804 ;
1988 735 2084 792 sed

495 853 836 918 inﬁdelibus,
869 847 963 921 qui
991 861 1101 902 non
1133 847 1262 898 sunt
1290 837 1443 910 digni
1467 833 1796 905 intelligere,
1825 830 1967 886 sicut
2003 828 2083 884 di-

491 949 571 1006 cit
625 943 790 1000 Isaias
824 917 1114 1010 Vpropheta
1166 948 1177 986 :
1229 954 1246 976 ι
1293 925 1446 984 Vade
1474 932 1527 980 et
1552 923 1643 980 dic
1671 920 1875 994 populo
1899 917 2031 974 huic
2068 934 2078 972 :

491 1037 638 1092 Aure
671 1008 928 1094 audietis,
945 1031 1000 1080 et
1028 1037 1140 1078 non
1174 1015 1519 1089 intelligetis,
1551 1023 1655 1070 etc.
1691 1011 1826 1085 (Isa.
1855 1026 1935 1077 vr,
1965 1008 2073 1078 9).»

565 1139 746 1214 (Vers.
780 1134 868 1192 23.
913 1133 933 1206 )
981 1156 998 1178 ι
1019 1129 1076 1186 Si
1109 1125 1432 1188 convenerit
1459 1123 1720 1180 universa
1759 1116 2004 1176 Ecclesia
2029 1115 2087 1171 in

491 1249 686 1301 unum,
719 1239 773 1286 et
802 1229 1098 1300 loquantur
1125 1235 1316 1278 omnes
1346 1217 1572 1290 linguis,
1601 1214 1879 1271 introeant
1906 1216 2088 1266 autem

493 1323 745 1381 inﬁdeles
800 1297 1147 1380 etddiotas;
1216 1325 1400 1366 nonne
1463 1305 1648 1363 dicent
1686 1303 1816 1378 quia
1871 1297 2091 1356 insani—

494 1415 568 1472 tis
593 1413 621 1470 ?
652 1438 670 1462 ι
711 1407 1066 1467 Manifestum
1096 1410 1180 1459 est
1208 1399 1338 1474 quia
1367 1396 1411 1454 si
1443 1411 1634 1452 omnes
1684 1391 1918 1450 diversis
1972 1388 2093 1444 lin-

497 1503 620 1579 guis
676 1502 995 1573 loquantur,
1052 1491 1328 1549 tumultus
1373 1488 1437 1544 ﬁt
1479 1485 1702 1560 quidam
1772 1479 2095 1540 inconditus

496 1574 687 1668 populi
724 1588 866 1663 (28),
900 1581 1054 1660 quasi
1084 1578 1381 1656 phrenesin
1410 1574 1691 1650 patientis.

574 1701 737 1773 (Vers
765 1692 988 1764 24,25.)
1007 1718 1024 1740 ι
1056 1691 1112 1748 Si
1143 1697 1324 1746 autem
1346 1702 1536 1743 omnes
1559 1683 1907 1757 prophetent,
1930 1679 2100 1736 intret

501 1770 682 1850 autem
729 1787 930 1861 aliquis
971 1783 1233 1852 infidelis,
1267 1781 1375 1837 evel
1426 1777 1618 1845 idiota,
1677 1775 1987 1846 increpatur
2034 1770 2101 1826 ab

503 1881 782 1949 omnibus,
821 1875 1168 1949 redarguitur
1219 1872 1287 1928 ab
1333 1869 1616 1934 omnibus,
1663 1863 1877 1920 occulta
1915 1858 2098 1916 cordis
2127 1848 2171 1907 Β

503 1975 622 2049 ejus
678 1969 974 2030 manifesta
1029 1966 1173 2022 ﬁunt
1213 1980 1224 2020 :
1259 1970 1313 2018 et
1359 1968 1493 2018 tunc
1539 1956 1738 2014 cadens
1775 1953 1833 2008 in
1880 1949 2098 2015 faciem,

504 2038 755 2124 adorabit
799 2063 998 2128 Deum,
1046 2051 1414 2130 pronuntians
1468 2045 1617 2122 quod
1667 2058 1794 2099 vere
1846 2040 1906 2097 in
1944 2038 2104 2095 vobis

505 2159 649 2214 Deus
679 2153 768 2211 sit.
796 2177 814 2200 ι
854 2149 992 2207 Cum
1019 2144 1167 2202 enim
1210 2139 1472 2213 intelligit
1521 2145 1576 2195 et
1613 2132 1966 2206 intelligitur,
1998 2147 2105 2186 au-

507 2243 665 2300 diens
689 2238 904 2297 laudari
936 2237 1133 2304 Deum,
1161 2239 1214 2290 et
1243 2227 1457 2288 adorari
1505 2226 1808 2292 Christum,
1853 2219 2106 2294 pervidet

510 2347 693 2390 veram
723 2345 837 2386 esse
867 2336 921 2384 et
949 2321 1320 2383 venerandam
1349 2317 1692 2391 religionem,
1724 2313 1782 2370 in
1811 2327 1919 2385 qua
1961 2308 2104 2366 nihil

514 2424 781 2490 fucatum,
822 2418 967 2476 nihil
1008 2417 1067 2473 in
1104 2413 1347 2472 tenebris
1384 2409 1536 2467 videt
1576 2407 1712 2482 geri,
1769 2404 1912 2462 sicut
1963 2399 2107 2474 apud

515 2529 776 2588 paganos,
831 2507 1031 2584 quibus
1085 2507 1342 2562 velantur
1397 2499 1590 2567 oculi;
1658 2513 1726 2553 ne
1779 2511 1900 2569 quae
1957 2507 2108 2548 sacra

519 2585 722 2661 vocant
751 2598 1163 2673 perspicientes,
1192 2592 1362 2648 variis
1392 2606 1448 2646 se
1476 2585 1820 2644 vanitatibus
1884 2587 2112 2640 cernant

514 2695 699 2754 illudi.
751 2692 947 2751 Omnis
994 2690 1143 2748 enim
1201 2687 1508 2760 impostura
1564 2681 1815 2739 tenebras
1870 2676 2029 2749 petit,
2061 2680 2112 2728 et

514 2787 649 2843 falsa
677 2800 776 2857 pro
806 2781 952 2838 veris
981 2777 1258 2843 ostendit;
1290 2775 1414 2832 ideo
1443 2770 1589 2845 apud
1632 2786 1731 2824 nos
1785 2765 1926 2822 nihil
1971 2769 2113 2818 astu-

519 2883 595 2942 te,
633 2854 780 2927 nihil
821 2871 922 2926 sub
953 2867 1225 2924 velamine
1257 2883 1268 2920 :
1299 2863 1392 2919 sed
1420 2857 1747 2931 simpliciter
1793 2871 1937 2910 unus
1989 2854 2116 2908 lau-

519 2962 681 3016 datur
720 2959 886 3024 Deus,
933 2980 951 3003 ι
990 2971 1060 3010 ex
1098 2969 1206 3026 quo
1245 2958 1374 3006 sunt
1411 2948 1618 3016 omnia,
1661 2952 1715 3000 et
1748 2961 1890 3000 unus
1915 2941 2117 3000 Domi-

522 3067 628 3108 nus
683 3049 860 3113 Jesus,
906 3061 1004 3118 per
1039 3057 1201 3116 quem
1239 3039 1426 3094 omnia
1479 3037 1535 3110 (Ι
1564 3037 1687 3094 Cor.
1718 3051 1839 3103 vm,
1867 3034 1947 3106 6).
1988 3058 2006 3082 ι
2059 3034 2118 3092 Si

530 3141 681 3200 enim
711 3138 901 3196 nullus
929 3135 1019 3204 sit,
1053 3131 1155 3206 qui
1183 3129 1454 3203 intelligat
1502 3128 1643 3200 (29),
1679 3133 1773 3182 aut
1808 3141 1840 3181 a
1867 3141 1974 3198 quo
2004 3124 2117 3196 ipse

519 3231 868 3299 discutiatur,
909 3231 1088 3301 potest
1112 3221 1294 3280 dicere
1335 3217 1709 3277 seductionem
1761 3231 1876 3273 esse
1924 3231 2110 3288 quam-

518 3325 642 3381 dam
683 3331 738 3380 et
774 3319 1096 3386 vanitatem,
1153 3329 1273 3386 quae
1303 3309 1427 3368 ideo
1463 3306 1670 3381 linguis
1706 3305 1943 3374 canitur,
1985 3303 2114 3377 quia

520 3413 747 3487 pudoris
773 3417 876 3478 est,
910 3409 955 3465 si
981 3405 1278 3464 reveletur.
1885 3395 1892 3400 ’

594 3520 777 3592 (Vers.
809 3516 926 3585 26.)
973 3538 990 3562 ι
1019 3509 1165 3579 Quid
1193 3516 1275 3565 est
1304 3508 1491 3580 igitur,
1529 3505 1724 3562 fratres
1746 3505 1774 3562 ἢ
1821 3504 1958 3563 Cum
1989 3520 2115 3559 con-

527 3606 752 3673 venitis,
772 3599 1155 3674 unusquisque
1175 3603 1420 3652 vestrum
1441 3596 1715 3652 canticum
1739 3593 1905 3649 habet
1938 3593 2101 3666 (30);.

526 3696 583 3752 id
614 3701 716 3762 est,
759 3690 979 3748 laudem
1013 3687 1112 3744 Dei
1161 3700 1258 3758 per
1301 3683 1577 3740 canticum
1623 3684 1920 3755 eloquitur.
1968 3707 1986 3730 ‹
2015 3685 2118 3738 Do-

523 3784 759 3844 ctrinam
791 3778 955 3837 habet
991 3796 1005 3847 ;
1036 3802 1054 3826 ι
1096 3775 1202 3833 hoc
1233 3782 1337 3842 est,
1374 3788 1631 3830 sensuum
1685 3787 1782 3845 per
1817 3772 2118 3844 spiritalem

524 3871 874 3951 prudentiam
909 3867 1026 3943 (31)
1060 3864 1224 3922 habet
1267 3860 1687 3935 expositionem.
1737 3884 1753 3907 ι
1800 3859 2120 3916 Revelatio—

523 3986 653 4026 nem
695 3963 892 4030 habet;
935 3986 952 4009 ι
998 3959 1055 4017 id
1085 3967 1185 4028 est,
1217 3956 1403 4013 subest
1445 3952 1494 4010 ei
1547 3951 1835 4026 prophetia
1881 3953 2119 4008 occulto.

525 4077 669 4129 rum,
704 4075 823 4133 quae
868 4054 938 4113 ad
986 4053 1237 4110 omnium
1287 4057 1526 4106 mentem
1577 4044 1879 4120 perveniat,
1902 4043 2121 4101 favente

523 4151 734 4222 Spiritu
789 4155 996 4203 sancto.
1053 4168 1071 4192 ι
1111 4142 1376 4214 Linguam
1432 4138 1638 4207 habet;
1691 4161 1708 4183 ι
1780 4142 1841 4191 ιιι
1897 4151 1989 4191 eos
2027 4135 2119 4207 qui

525 4235 716 4307 lingua
771 4233 922 4305 loqui
969 4238 1243 4303 poterant,
1299 4246 1410 4285 non
1471 4227 1840 4292 contristaret,
1874 4222 2122 4296 permisit

526 4340 618 4379 eos
676 4321 828 4393 loqui
877 4318 1085 4391 linguis
1142 4337 1153 4374 :
1218 4318 1294 4372 ita
1351 4326 1555 4384 tamen,
1616 4323 1679 4371 ut
1741 4311 2123 4385 interpretatio

527 4416 866 4484 sequeretur.
900 4407 1028 4463 Ideo
1057 4406 1134 4462 ait
1163 4421 1175 4459 :
1229 4429 1247 4453 ι
1277 4403 1787 4474 Interpretationem
1839 4400 2006 4456 habet
2035 4418 2047 4468 ;
2091 4425 2108 4447 ι

528 4507 591 4554 ιιι
640 4497 689 4554 si
749 4497 1018 4569 interpres
1066 4493 1297 4562 adesset,
1357 4492 1579 4549 daretur
1634 4493 1788 4548 locus
1861 4489 2121 4563 loquendi

530 4587 753 4660 linguis.

613 4723 631 4747 ι
660 4695 860 4753 Omnia
887 4691 956 4750 ad
985 4690 1410 4749 aediﬁcationem
1442 4687 1596 4745 ﬁant.
1630 4712 1648 4736 ι
1694 4687 1989 4746 Conclusio
2016 4687 2132 4745 hzec

523 4796 624 4858 est,
662 4795 725 4844 ut
756 4784 898 4843 nihil
928 4783 1205 4841 incassum
1241 4780 1301 4836 in
1328 4777 1580 4837 Ecclesia
1638 4785 1873 4851 geratur,
1926 4779 2136 4851 hocque

523 4873 915 4934 elaborandum
966 4870 1158 4943 magis,
1208 4876 1269 4926 ut
1320 4875 1374 4924 et
1436 4867 1684 4940 imperiti
1714 4865 2036 4940 proﬁciant;
2070 4881 2137 4921 ne

526 4965 660 5040 quid
707 4965 779 5022 sit
825 4960 1072 5035 corporis
1121 4976 1216 5033 per
1252 4958 1601 5032 imperitiam
1650 4957 2021 5014 tenebrosum.
2055 4956 2138 5011 Id-

525 5054 674 5113 circo
708 5069 897 5110 omnes
927 5060 1144 5125 paratos
1175 5050 1296 5106 vult
1347 5049 1645 5107 convenire
1692 5047 1927 5104 diversis
1977 5045 2138 5104 donis

527 5145 873 5224 spiritalibus
906 5161 919 5212 ;
964 5150 1027 5198 ut
1051 5141 1165 5214 ipsa
1197 5141 1465 5198 aviditate
1495 5138 1667 5196 animi
1697 5139 2008 5212 vigilantes,
2041 5137 2140 5193 in-

525 5239 703 5297 vicem
735 5253 791 5293 se
836 5233 1213 5299 exhortantes,
1255 5231 1486 5288 meliora
1533 5231 1678 5287 dona
1725 5228 2136 5290 aemularentur,

527 5330 595 5389 ad
625 5327 1093 5387 illuminationem
1124 5324 1382 5379 fratrum.

601 5439 783 5510 (Vers.
819 5436 934 5508 27.)
985 5460 1004 5484 ι
1031 5434 1088 5491 Si
1118 5433 1309 5505 lingua
1358 5429 1484 5505 quis
1528 5431 1796 5505 loquitur,
1824 5445 1920 5503 per
1975 5427 2133 5499 duos,

606 5581 725 5654 (28)
758 5581 942 5654 Codex
977 5579 1170 5654 Corb.,
1196 5579 1255 5634 in
1278 5583 1406 5654 caftu
1421 5577 1631 5654 populi.
1738 5648 1748 5654 _
1844 5625 1876 5654 __,

633 5647 726 5720 29)
758 5653 885 5708 Mss.
917 5651 1194 5718 nonnulli,
1227 5647 1700 5720 nullus’sit,’quem
1728 5647 2009 5720 intelligat.

606 5655 726 5797 $29;
758 5655 885 5708 Mss.
917 5655 1194 5718 nonnulli,
1227 5655 1413 5704 nullus
1433 5655 1644 5720 sit,’q-ue

633 5723 701 5781 30
758 5722 944 5782 Codex
970 5723 1151 5793 Gem.,
1176 5722 1445 5795 psalmum
1473 5721 1644 5778 habet.

2193 644 2490 716 loquantur
2522 656 2534 694 :
2570 635 2664 693 sed
2694 634 2919 707 singuli,
2951 646 3063 686 non
3093 627 3258 685 simul
3310 639 3540 690 omnes;
3592 637 3671 676 ne
3734 621 3812 674 in-

2193 712 2373 787 sanire
2401 727 2740 783 viderentur.
2774 722 2923 789 Ideo,
2955 736 3082 791 ergo
3127 742 3145 764 ‹
3193 721 3257 770 ut
3296 712 3540 768 multum
3592 720 3741 778 tres,
3783 735 3797 753 -

2194 835 2263 876 ne
2287 822 2614 887 occuparent
2643 811 2789 867 diem
2828 805 3033 878 linguis
3063 805 3368 875 loquentes,
3419 805 3475 854 et
3527 797 3808 870 interpre-

2196 919 2275 966 tes
2303 909 2569 972 illorum;
2627 911 2682 960 et
2743 918 2854 957 non
2921 897 3184 954 haberent
3245 891 3530 966 prophetae
3588 897 3812 961 tempus

2195 998 2503 1069 Scripturas
2533 990 2834 1050 disserendi
2870 988 3018 1061 (32),
3059 984 3153 1059 qui
3182 990 3312 1039 sunt
3337 981 3514 1038 totius
3545 977 3809 1035 Ecclesiae

2196 1086 2620 1145 illuminatores.

2273 1176 2452 1248 (Vers.
2485 1173 2601 1243 28.)
2641 1197 2657 1218 ι
2687 1168 2845 1238 Quod
2873 1166 2919 1223 si
2948 1181 3058 1221 non
3091 1162 3257 1218 fuerit
3291 1160 3588 1231 interpres,
3634 1163 3805 1214 taceat

2199 1267 2257 1322 in
2284 1247 2562 1322 Ecclesia
2609 1279 2619 1318 :
2664 1259 2769 1316 sibi
2806 1265 2990 1313 autem
3031 1254 3286 1326 loquatur
3327 1258 3381 1305 et
3419 1252 3534 1304 Deo
3568 1266 3584 1314 ;
3627 1273 3645 1295 ι
3704 1247 3802 1301 hoc

2200 1363 2304 1424 est,
2355 1354 2499 1410 intra
2551 1367 2606 1408 se
2663 1349 2825 1406 tacite
2888 1354 3026 1413 oret,
3060 1349 3156 1399 aut
3215 1342 3477 1413 loquatur
3532 1339 3672 1404 Deo,
3715 1335 3802 1408 qui

2203 1443 2359 1501 audit
2422 1449 2575 1499 muta
2613 1439 2798 1496 omnia
2831 1457 2844 1506 ;
2900 1437 2957 1492 in
2995 1430 3243 1491 Ecclesia
3279 1429 3429 1486 enim
3473 1427 3568 1482 ille
3635 1424 3793 1480 debet

2206 1533 2378 1608 loqui,
2412 1532 2507 1606 qui
2535 1529 2795 1586 omnibus
2819 1525 3012 1600 prosit.

2293 1630 2434 1688 159
2479 1624 2660 1696 (Vers.
2693 1620 2810 1690 29.)
2859 1643 2876 1665 ι
2906 1615 3189 1689 Propheta:
3225 1618 3409 1668 autem
3441 1609 3552 1666 duo
3585 1606 3673 1663 vel
3701 1612 3802 1660 tres

2212 1727 2530 1797 loquantur,
2591 1727 2646 1775 et
2697 1715 2792 1774 alii
2851 1712 3189 1779 examinem,
3241 1710 3330 1766 vel
3387 1707 3791 1777 interrogent.»

2213 1794 2396 1889 Ipsum
2461 1812 2686 1868 modum
2744 1805 2923 1864 tenuit
2953 1802 3186 1861 dicendo
3221 1820 3232 1858 :
3281 1825 3298 1847 ι
3326 1801 3449 1855 Duo
3477 1798 3568 1854 vel
3598 1805 3707 1853 tres
3733 1794 3801 1849 lo-

2213 1914 2490 1982 quantur;
2521 1929 2539 1952 ι
2585 1901 2787 1974 singuli
2818 1906 3021 1964 autem,
3055 1895 3198 1952 sicut
3225 1906 3406 1963 supra.
3437 1889 3678 1946 Caeteros
3718 1901 3802 1940 au-

2211 2007 2321 2055 tem
2353 1997 2687 2067 interrogare
2719 1988 2972 2064 permisit
3001 1986 3069 2043 de
3099 1985 3168 2040 iis
3199 1998 3318 2057 quae
3346 1980 3484 2036 forte
3525 1978 3588 2033 in
3637 1975 3798 2033 ambi-

2215 2104 2380 2161 guum
2409 2083 2663 2152 veniunt,
2691 2088 2785 2137 aut
2813 2096 2934 2154 quae
2969 2074 3183 2148 assequi
3214 2069 3414 2141 aliquis
3439 2083 3557 2124 non
3587 2073 3760 2140 potest
3788 2081 3798 2128 ;

2215 2179 2310 2253 qui
2339 2176 2557 2233 diversa
2587 2181 2716 2230 sunt
2755 2169 2997 2243 ingenia,
3044 2173 3108 2223 ut
3153 2159 3524 2237 disputatione
3565 2156 3801 2230 pianiore

2215 2266 2620 2326 dilucedentur.

2291 2355 2603 2430 (Vers.30.)
2638 2379 2654 2402 ς
2685 2350 2842 2420 Quod
2872 2349 2919 2406 si
2939 2347 3035 2405 alii
3062 2345 3363 2403 revelatum
3388 2341 3556 2397 fuerit
3583 2334 3800 2401 sedenti,

2219 2425 2371 2520 prior
2405 2425 2625 2510 taceat;
2661 2467 2678 2490 ι
2725 2439 2780 2496 id
2809 2447 2908 2507 est,
2966 2436 3250 2509 permittat
3306 2431 3489 2504 potior
3545 2425 3803 2490 inferiori,

2219 2543 2282 2592 ut
2311 2535 2356 2592 si
2387 2541 2568 2606 potest
2593 2532 2741 2589 dicat
2773 2546 2784 2584 :
2819 2543 2918 2585 nec
2953 2542 3094 2599 aegre
3143 2524 3300 2590 ferat,
3356 2520 3488 2594 quia
3535 2525 3710 2592 potest
3757 2520 3805 2569 et

2222 2626 2307 2682 illi
2363 2625 2482 2683 dari
2539 2623 2768 2690 donum,
2800 2625 2862 2675 ut
2916 2617 3086 2684 dicat,
3111 2630 3236 2672 cum
3289 2611 3513 2667 videtur
3570 2606 3804 2671 inferior,

2223 2717 2368 2790 quod
2400 2714 2601 2788 potiori
2628 2725 2945 2770 concessum
2976 2722 3088 2764 non
3117 2712 3216 2762 est.
3249 2703 3403 2761 Sicut
3449 2699 3598 2756 enim
3649 2705 3805 2754 totum

2221 2789 2320 2864 uni
2375 2804 2603 2863 concedi
2660 2818 2772 2858 non
2831 2806 3025 2872 potest,
3069 2796 3197 2852 licet
3252 2789 3477 2865 potiori,
3510 2789 3590 2845 ita
3617 2797 3673 2844 et
3712 2801 3807 2841 non

2225 2905 2404 2972 potest
2460 2894 2649 2962 alicui,
2682 2889 2935 2965 quamvis
2989 2883 3260 2953 inferiori,
3289 2881 3434 2938 nihil
3503 2875 3807 2952 impertiri:

2225 2997 2287 3047 ut
2318 3003 2479 3044 nemo
2503 2985 2576 3041 sit
2607 2998 2812 3040 vacuus
2839 2997 2871 3035 a
2910 2977 3083 3051 gratia
3109 2974 3231 3033 Dei.

2301 3078 2484 3151 (Vers.
2525 3074 2641 3144 31.)
2688 3097 2705 3120 ι
2737 3067 2973 3127 Potestis
2994 3066 3142 3124 enim
3173 3081 3267 3136 per
3299 3062 3548 3136 singulos
3583 3058 3815 3133 prophe—

2225 3175 2360 3235 tare,
2391 3173 2453 3223 ut
2503 3177 2693 3220 omnes
2737 3159 2970 3224 discant,
3017 3164 3072 3212 et
3117 3169 3307 3211 omnes
3363 3151 3744 3207 exbortentur.
3787 3171 3804 3194 -

2226 3258 2353 3314 Haac
2382 3252 2608 3312 traditio
2633 3252 2927 3323 Synagogae
2948 3252 3050 3314 est,
3083 3260 3247 3318 quam
3275 3259 3374 3299 nos
3401 3242 3528 3296 vult
3577 3237 3768 3297 sectari
3796 3255 3808 3304 ;

2223 3348 2353 3422 quia
2407 3341 2736 3404 Christianis
2791 3337 3013 3413 quidem
3069 3335 3282 3402 scribit,
3303 3332 3398 3390 sed
3451 3348 3524 3388 ex
3571 3330 3816 3404 gentibus

2224 3421 2404 3504 factis,
2434 3450 2546 3491 non
2573 3449 2641 3488 ex
2667 3428 2870 3487 Judaeis
2913 3444 2926 3482 :
2988 3435 3050 3483 ut
3107 3424 3354 3481 sedentes
3407 3421 3716 3494 disputent,
3744 3434 3816 3474 se-

2225 3527 2410 3583 niores
2458 3522 2725 3595 dignitate
2779 3519 2838 3575 in
2901 3514 3199 3583 cathedris,
3246 3520 3535 3586 sequentes
3586 3512 3647 3565 in
3694 3508 3812 3564 sub-

2227 3613 2416 3680 selliis,
2449 3609 2739 3668 novissimi
2770 3607 2827 3662 in
2871 3605 3190 3680 pavimento
3237 3616 3398 3673 super
3443 3605 3666 3653 mattas.
3698 3593 3821 3662 Qui-

2225 3708 2329 3765 bus
2375 3707 2422 3764 si
2478 3703 2782 3761 revelatum
2840 3700 3027 3768 fuerit,
3081 3695 3324 3754 dandum
3382 3694 3571 3750 locum
3603 3689 3821 3750 dicendi

2228 3798 2499 3874 praecipit,
2530 3813 2631 3854 nec
2670 3794 3053 3868 despiciendos
3085 3808 3096 3848 :
3130 3791 3260 3864 quia
3290 3786 3539 3844 membra
3584 3784 3825 3858 corporis

2229 3901 2377 3951 sunt.

2305 3985 2485 4058 (Vers.
2517 3982 2632 4054 32.)
2683 4007 2697 4028 -
2734 3981 2805 4035 Et
2841 3976 3074 4050 spiritus
3120 3973 3512 4048 prophetarum
3543 3968 3830 4043 prophetis

2231 4074 2509 4146 subjectus
2539 4081 2639 4140 est,
2673 4097 2690 4120 ιι
2737 4069 2878 4138 Quia
2907 4068 3055 4124 enim
3096 4081 3240 4120 unus
3287 4072 3448 4135 atque
3508 4060 3659 4115 idem
3715 4059 3830 4130 Spi-

2231 4167 2371 4222 ritus
2399 4171 2499 4219 est.
2529 4187 2546 4209 ι
2592 4161 2686 4235 qui
2743 4169 2856 4216 tam
2916 4155 3202 4230 prophetis
3257 4153 3443 4208 futura
3494 4148 3832 4215 dicentibus,

2232 4271 2395 4329 quam
2426 4253 2495 4309 iis
2525 4250 2618 4325 qui
2651 4249 2895 4306 revelant
2953 4245 3282 4317 Scripturas,
3328 4237 3578 4295 infundit
3629 4255 3685 4293 se
3740 4252 3838 4309 pro

2233 4327 2442 4402 ratione
2474 4350 2528 4398 et
2555 4342 2819 4416 qualitate
2839 4352 3148 4404 causarum,
3181 4333 3388 4390 idcirco
3416 4329 3565 4385 dixit
3599 4347 3611 4385 :
3653 4352 3672 4375 ε
3703 4327 3840 4384 Sub-

2227 4435 2405 4508 jectus
2432 4442 2514 4491 est
2548 4430 2830 4504 prophetis
2858 4446 2869 4484 :
2904 4453 2921 4475 ι
2990 4432 3050 4481 ut
3110 4424 3329 4496 ingenia
3381 4417 3710 4476 accenderet
3741 4416 3842 4471 hac

2237 4505 2350 4596 spe,
2379 4522 2527 4595 quod
2555 4520 2792 4594 Spiritus
2821 4525 3050 4574 conatus
3077 4513 3254 4569 bonos
3284 4507 3528 4579 adjuvet.
3551 4505 3841 4562 Desiderio

2159 4583 2206 4640 Β
2245 4583 2635 4686 e‘nim‘optimo
2664 4611 2733 4667 ad
2765 4609 2862 4667 Dei
2891 4624 2977 4663 res
3005 4601 3336 4661 enarrandas
3367 4599 3485 4672 (33)
3528 4595 3798 4655 subvenit
3828 4612 3840 4649 :

2247 4713 2308 4761 ut
2337 4682 2563 4776 impleat
2590 4700 2722 4757 boni
2753 4695 3018 4772 propositi
3049 4693 3414 4751 voluntatem.
3475 4688 3614 4744 Nam
3673 4695 3729 4742 et
3782 4682 3847 4739 de

2246 4773 2527 4853 Salvatore
2580 4793 2724 4848 idem
2783 4789 2993 4846 dictum
3046 4793 3128 4844 est
3161 4802 3172 4840 :
3222 4810 3238 4830 -
3271 4779 3541 4837 Bibebant
3571 4785 3758 4833 autem
3783 4773 3849 4830 de

2247 4887 2483 4960 spiritali
2511 4889 2769 4956 sequente
2822 4887 2994 4953 petra,
3027 4884 3178 4950 petra
3232 4880 3412 4930 autem
3443 4877 3559 4926 erat
3591 4868 3852 4927 Christus

2250 4956 2307 5050 (Ῐ
2336 4977 2462 5033 Cor.
2493 4991 2552 5042 x,
2584 4973 2641 5043 4)
2678 4990 2691 5040 ;
2733 4995 2749 5018 ι
2803 4971 2907 5026 hoc
2940 4976 3040 5036 est,
3076 4972 3130 5020 et
3177 4961 3487 5035 subjectum
3517 4977 3658 5027 esse,
3700 4956 3853 5031 quod

2247 5075 2302 5124 et
2327 5065 2481 5139 sequi
2513 5083 2527 5131 ;
2570 5061 2897 5135 sequebatur
2951 5056 3120 5123 enim,
3155 5060 3216 5108 ut
3255 5051 3514 5108 humanis
3567 5048 3854 5121 suffragiis

2249 5153 2656 5221 deficientibus,
2689 5151 2898 5208 adesset
2919 5148 2987 5203 ad
3013 5145 3288 5203 auxilium
3347 5142 3737 5199 tribuendum.
3772 5140 3856 5196 Ita

2250 5255 2302 5304 et
2358 5245 2596 5317 Spiritus
2640 5240 2919 5312 subjectus
2973 5236 3199 5304 dicitur,
3258 5241 3320 5289 ut
3374 5239 3608 5290 conatus
3676 5230 3856 5287 bonos

2251 5335 2494 5408 adjuvet,
2543 5350 2670 5391 cum
2723 5328 3014 5403 suggerit;
3061 5325 3342 5397 subjectus
3395 5328 3545 5380 enim
3604 5319 3854 5391 videtur,

2249 5428 2344 5500 qui
2363 5433 2540 5499 coepta
2565 5421 2789 5481 alterius
2817 5419 3049 5492 perﬁcit.

2347 5574 2438 5646 31)
2472 5573 2580 5646 Ms.
2614 5569 2801 5646 Co_rb.,
2830 5563 3650 5646 peqnataralemfrudentiam.

2348 5635 2439 5712 32)
2470 5645 2598 5712 Mss.
2627 5635 2856 5712 aliquot,
2901 5639 3206 5712 scripturas
3226 5635 3580 5712 discernendi.

2320 5706 2434 5786 (33)
2469 5711 2652 5772 Codex
2685 5706 2868 5777 C’orb.,
2899 5710 2969 5764 ad
2999 5706 3095 5764 Dei
3118 5723 3201 5760 res
3227 5706 3502 5775 gerendas.
