3952 6202
201 232 307 289 273

1275 229 1639 288 COMMEN'I‘.
1676 230 1746 285 IN
1784 230 2004 286 EPIST.
2047 233 2069 286 Ι
2109 233 2204 287 AD
2246 233 2402 290 COR.

3423 227 3529 289 274

275 359 454 430 (Vers.
485 358 602 430 33.)
653 383 670 406 ε
699 358 822 414 Non
859 364 941 413 est
988 357 1137 412 enim
1180 352 1542 412 dissensionis
1588 362 1803 424 auctor,
1835 356 1885 416 A
1913 354 1982 411 ad
2012 355 2364 427 emptionem,
2404 357 2559 430 quasi
2603 355 2941 414 beneﬁcium
2987 355 3342 429 praestiturus
3383 371 3515 413 ven-

201 451 293 508 sed
336 449 504 520 pacis.
561 473 579 496 ι
623 448 764 516 Quia
819 462 946 519 ergo
1001 445 1152 518 pacis
1198 453 1390 501 auctor
1433 451 1534 511 est,
1585 443 1804 500 dicente

201 537 479 593 Salvatore
522 554 533 592 :
600 561 619 585 ι
660 537 857 593 Pacem
899 552 1076 591 meam
1125 534 1196 590 do
1245 532 1424 598 vobis,
1477 547 1661 603 pacem
1712 549 1808 588 re-

203 626 393 699 linquo
433 627 591 682 vobis
641 626 824 697 (Joan.
854 642 975 692 xlv,
1009 622 1128 695 27),
1175 648 1192 666 ι
1237 637 1398 676 nemo
1428 621 1663 676 alterum
1694 637 1805 675 non

199 715 344 771 sinat
371 716 574 784 dicere,
607 731 785 788 neque
814 712 1038 770 debebit
1085 711 1310 777 dicenti,
1355 709 1538 766 studio
1584 718 1804 767 contra-

197 803 441 874 dicendi,
475 806 750 872 resistere,
779 821 848 860 ne
879 803 1158 860 discordia
1185 801 1280 856 ﬁat
1312 800 1369 854 in
1400 815 1655 872 corpore.
1697 800 1802 867 Qui

195 897 348 952 enim
388 897 446 952 in
478 912 609 970 pace
639 903 926 964 vocantur,
973 892 1248 967 patientiae
1295 890 1497 946 debent
1548 890 1797 946 studere;

197 1001 268 1041 ne
298 985 450 1059 pacis
473 984 600 1057 jura
627 985 926 1041 solvantur.
970 1007 987 1030 ι
1027 982 1180 1040 Sicut
1208 982 1267 1036 in
1297 979 1557 1036 omnibus
1593 980 1800 1036 Eccle-

196 1074 298 1131 siis
328 1083 640 1132 sanctorum
681 1073 868 1131 doceo.
896 1099 914 1122 ι
954 1073 1071 1128 Hoc
1094 1071 1244 1128 dicto
1273 1070 1526 1126 hortatur
1557 1069 1705 1138 illos,
1737 1078 1800 1126 ut

193 1182 319 1238 quae
361 1166 616 1238 prmcepit
641 1165 864 1232 faciant,
897 1161 1115 1236 quando
1157 1159 1418 1216 similiter
1451 1177 1507 1216 se
1532 1159 1797 1216 Ecclesiis

192 1262 511 1312 sanctorum
535 1253 828 1326 praedicare
857 1260 1106 1308 testatur.

269 1345 449 1415 (Vers.
480 1343 593 1415 34.)
628 1344 744 1415 (34)
792 1369 809 1390 ι
843 1343 1100 1399 Mulieres
1127 1349 1320 1398 vestras
1351 1340 1410 1396 in
1441 1339 1685 1398 Ecclesia
1715 1348 1795 1398 ta-

192 1441 372 1491 ceant.
434 1459 452 1482 ι
520 1434 678 1490 Nunc
730 1434 901 1490 tradit
949 1431 1097 1505 quod
1133 1431 1588 1504 praetermiserat;
1649 1429 1793 1487 sicut

192 1526 340 1582 enim
373 1525 545 1582 velari
583 1525 845 1581 mulieres
890 1525 949 1580 in
997 1523 1244 1581 Ecclesia
1283 1524 1540 1597 praecepit
1579 1525 1636 1595 (Ι
1666 1525 1790 1581 Cor.

193 1630 276 1682 x1,
310 1616 393 1684 5),
424 1614 589 1670 modo
615 1622 678 1670 ut
707 1615 904 1687 quietas
933 1616 1044 1671 sint
1075 1623 1128 1670 et
1156 1615 1479 1671 verecundae
1511 1612 1787 1669 ostendit:

1919 440 2092 501 denti.
2121 443 2249 501 Ideo
2279 444 2384 502 hoc
2410 445 2704 519 Apostolus
2747 447 2928 520 arguit
2967 445 3027 503 in
3056 443 3384 513 Corinthiis,
3420 445 3515 520 qui

1917 535 2055 590 tales
2083 550 2138 591 se
2169 535 2482 608 praebebant
2510 537 2743 594 elatione
2770 537 3054 607 vanitatis,
3107 536 3263 610 quasi
3304 535 3352 591 si
3408 533 3514 608 ipsi

1918 642 2031 681 non
2060 624 2349 681 obedirent
2377 625 2562 682 verbis
2598 625 2748 695 ﬁdei,
2779 643 2941 684 nemo
2998 636 3138 684 esset
3188 626 3285 701 qui
3330 625 3514 682 crede-

1917 723 2020 784 ret,
2051 715 2194 772 sicut
2223 714 2360 772 dicit
2388 715 2592 772 Judaeis
2622 734 2633 774 :
2681 739 2698 762 ι
2728 715 2900 773 Vobis
2933 716 3173 789 primum
3223 714 3517 788 oportebat

1916 806 2068 879 loqui
2097 805 2264 863 verba
2283 805 2410 864 vitae
2433 805 2600 878 hujus
2630 823 2642 862 :
2675 805 2771 862 sed
2798 807 2928 880 quia
2952 807 3228 879 repulistis
3257 822 3337 874 ea,
3369 806 3510 863 indi-

1915 911 2048 967 gnos
2076 913 2175 952 vos
2201 897 2464 955 facientes
2507 903 2724 954 aeternae
2770 895 2922 966 vitae,
2969 911 3094 953 ecce
3135 895 3510 953 convertimur

1913 1002 2014 1042 nos
2040 985 2109 1042 ad
2136 994 2322 1060 gentes
2356 986 2499 1060 (Act.
2538 1003 2664 1054 xm,
2697 985 2816 1057 46).
2848 1010 2868 1036 ι

1985 1077 2167 1148 (Vers.
2200 1077 2316 1149 37.)
2375 1099 2394 1124 ι
2422 1077 2476 1134 Si
2519 1078 2644 1150 quis
2689 1075 3041 1133 existimatur
3067 1072 3334 1148 propheta
3377 1089 3512 1143 esse,

1909 1176 2003 1225 aut
2040 1169 2324 1241 spiritalis,
2358 1179 2648 1242 cognoscat
2677 1187 2796 1242 qua:
2829 1168 3010 1226 scribo
3040 1166 3218 1234 vobis,
3251 1165 3380 1240 quia
3407 1167 3510 1222 Do-

1908 1261 2048 1318 mini
2077 1269 2205 1318 sunt
2237 1261 2509 1317 mandata.
2542 1285 2560 1308 ι
2600 1262 2716 1317 Hoc
2762 1259 2952 1318 dicens
2997 1257 3175 1330 tangit
3199 1273 3362 1330 supra
3391 1272 3516 1312 me-

1907 1361 2146 1409 moratos
2193 1353 2361 1410 falsos
2398 1354 2694 1425 apostolos,
2743 1369 2776 1408 a
2823 1350 3025 1426 quibus
3072 1350 3292 1408 fuerant
3323 1350 3515 1426 depra-

1907 1443 2042 1510 vati,
2077 1443 2172 1516 qui
2212 1460 2311 1517 pro
2339 1443 2629 1500 desideriis
2657 1441 2950 1498 hominum
2997 1457 3109 1498 non
3151 1440 3361 1510 divina,
3413 1439 3508 1498 sed

1907 1540 2124 1590 terrena
2153 1533 2442 1591 docebant.
2483 1533 2608 1591 Ideo
2651 1533 2744 1590 hic
2786 1531 2928 1589 nihil
2975 1548 3137 1589 suum
3178 1530 3393 1588 tradere
3443 1547 3500 1588 se

1905 1619 2064 1692 dicit,
2093 1623 2189 1680 sed
2216 1624 2440 1681 Domini
2475 1643 2487 1680 :
2521 1631 2583 1680 ut
2611 1623 2814 1696 quibus
2858 1623 3071 1691 suadet,
3111 1623 3224 1678 Deo
3255 1621 3372 1694 (36)
3406 1639 3508 1678 ac-

191 1711 257 1759 ut
287 1721 466 1776 operaa
496 1704 734 1776 pretium
764 1705 856 1773 sit,
887 1705 1015 1778 quia
1043 1705 1316 1760 velantur.
1360 1704 1416 1760 Si
1455 1703 1600 1759 enim
1641 1703 1791 1759 ima-
1822 1716 1869 1778 Β
1904 1713 2095 1784 quisni
2138 1729 2250 1769 non
2301 1713 2622 1770 hominibus
2663 1713 3001 1769 videamur;
3050 1727 3163 1785 qua
3204 1711 3410 1768 ﬁducia
3454 1722 3510 1769 ει

193 1809 263 1864 go
293 1794 392 1850 Dei
421 1793 510 1849 vir
539 1803 637 1864 est,
670 1811 780 1851 non
813 1795 1036 1863 femina,
1069 1803 1123 1851 et
1151 1795 1273 1851 viro
1303 1793 1548 1866 subjecta
1577 1801 1658 1850 est
1680 1795 1794 1866 lege

192 1897 454 1956 naturae;
502 1867 722 1961 'quanto
782 1887 951 1959 magis
1008 1886 1066 1942 in
1123 1886 1370 1944 Ecclesia
1427 1885 1629 1943 debent
1681 1901 1796 1942 esse

192 1977 454 2048 subjectae
498 1987 719 2050 propter
764 1975 1125 2033 reverentiam
1158 1975 1294 2047 ejus,
1329 1975 1424 2048 qui
1455 1975 1610 2032 illius
1641 1977 1797 2046 lega-

192 2075 283 2123 tus
312 2075 412 2135 est,
443 2067 537 2139 qui
569 2067 736 2121 etiam
766 2065 874 2120 viri
903 2073 1065 2137 caput
1092 2074 1207 2122 est:
1273 2090 1291 2113 ι
1333 2066 1453 2121 Non
1484 2065 1632 2122 enim
1664 2080 1798 2136 per-

191 2157 445 2213 mittitur
472 2155 585 2210 illis
613 2155 789 2228 loqui,
820 2156 914 2211 sed
956 2171 1071 2210 esse
1101 2156 1159 2210 in
1187 2156 1409 2212 silentio
1459 2156 1601 2228 (35),
1655 2156 1797 2212 sicut

190 2256 247 2304 et
283 2249 373 2302 lex
403 2244 560 2301 dicit.
605 2271 622 2294 ι
674 2243 818 2312 Quid
849 2243 986 2300 dicit
1017 2245 1151 2299 lex?
1209 2269 1228 2291 ι
1274 2245 1361 2301 Ad
1405 2245 1588 2301 virum
1639 2253 1796 2302 tuum

189 2335 488 2394 conversio
535 2341 648 2402 tua,
697 2340 751 2388 et
798 2333 913 2405 ipse
961 2332 1044 2388 tui
1096 2331 1475 2390 dominabitur
1521 2335 1677 2406 (Gen.
1710 2351 1793 2401 ιιι,

195 2428 309 2500 16).
359 2451 378 2474 ι
419 2427 545 2482 Haec
594 2426 684 2482 lex
741 2423 995 2497 specialis
1051 2431 1132 2480 est
1166 2441 1178 2480 :
1209 2423 1368 2492 ,hinc
1421 2425 1552 2480 Sara
1605 2423 1797 2480 domi-

193 2535 329 2576 num
361 2516 589 2573 vocabat
628 2512 908 2571 Abraham
949 2513 1135 2570 virum
1185 2530 1387 2581 suum;
1442 2531 1506 2572 ac
1548 2530 1644 2586 per
1691 2513 1798 2570 hoc

192 2608 252 2664 in
283 2605 503 2664 silentio
525 2605 797 2678 jubentur
832 2620 968 2672 esse,
1014 2620 1082 2660 ne
1129 2602 1457 2676 supradictae
1495 2603 1630 2677 legis
1659 2618 1798 2660 sen-

192 2696 368 2754 tentia
398 2696 729 2764 inﬁrmetur,
761 2695 917 2768 cujus
963 2711 1174 2752 memor
1211 2695 1361 2764 Sara,
1395 2695 1520 2754 viro
1549 2711 1648 2751 suo
1678 2702 1796 2750 erat

191 2786 458 2860 subjecta,
488 2787 631 2844 sicut
659 2787 869 2844 dictum
924 2793 1024 2844 est.
1081 2787 1346 2853 Quamvis
1394 2804 1506 2844 una
1553 2803 1680 2845 caro
1721 2785 1794 2842 sit

193 2879 353 2948 (Gen.
402 2895 462 2946 ιι,
495 2877 611 2948 24),
661 2875 754 2933 sed
803 2876 1016 2933 duabus
1063 2891 1132 2931 ex
1179 2877 1358 2933 causis
1398 2876 1626 2950 jubetur
1678 2892 1796 2932 esse

189 2967 475 3041 subjecta:
508 2967 638 3041 quia
665 2973 719 3023 et
746 2982 816 3023 ex
851 2966 974 3022 viro
1001 2975 1104 3034 est,
1141 2973 1194 3022 et
1223 2981 1319 3040 per
1348 2966 1520 3040 ipsam
1560 2965 1793 3023 intravit

189 3066 497 3131 peccatum.

267 3149 450 3220 (Vers.
483 3149 598 3220 35.)
653 3173 670 3196 ε
699 3149 757 3206 Si
784 3148 918 3222 quid
943 3155 1125 3204 autem
1153 3147 1364 3205 discere
1394 3147 1613 3213 volunt,
1639 3145 1791 3202 domi

187 3243 346 3300 viros
374 3260 503 3300 suos
533 3242 899 3313 interrogent;
947 3249 1106 3312 turpe
1145 3247 1226 3295 est
1273 3239 1421 3295 enim
1466 3238 1792 3296 mulieribus

176 3335 241 3392 in
273 3332 523 3392 Ecclesia
553 3331 726 3404 loqui.
760 3356 777 3379 ι
822 3331 1003 3402 Turpe
1033 3337 1134 3397 est,
1168 3329 1297 3403 quia
1324 3337 1518 3386 contra
1546 3329 1790 3402 discipli-

178 3439 309 3482 nam
350 3431 451 3492 est,
486 3431 548 3479 ut
577 3423 634 3478 in
679 3421 845 3478 domo
891 3419 1014 3488 Dei,
1057 3418 1151 3491 qui
1197 3435 1288 3474 eas
1335 3417 1608 3488 subjectas
1655 3418 1791 3474 viris

179 3515 298 3570 suis
337 3530 451 3571 esse
486 3513 764 3586 praecepit,
797 3511 864 3568 de
895 3512 1011 3584 lege
1049 3510 1201 3584 loqui
1233 3516 1566 3582 praesumant
1599 3526 1612 3565 :
1663 3524 1787 3566 cum

179 3603 361 3660 sciant
388 3602 506 3658 illic
551 3602 704 3658 viros
750 3600 949 3656 habere
991 3599 1312 3672 primatum,
1365 3605 1418 3654 et
1457 3597 1563 3654 sibi
1613 3599 1786 3671 magis

177 3699 513 3765 competere,
545 3699 607 3747 ut
646 3690 703 3745 in
748 3691 914 3747 domo
962 3688 1063 3744 Dei
1111 3687 1367 3760 precibus
1414 3695 1630 3756 vacent,
1665 3687 1784 3743 lin-

180 3803 344 3860 guam
404 3785 743 3842 retinentes:
801 3794 855 3842 et
905 3800 1064 3840 aures
1109 3784 1376 3855 aperiant,
1443 3791 1506 3838 ut
1553 3784 1783 3840 audiant

178 3877 457 3949 quomodo
500 3875 877 3933 misericordia
921 3876 1022 3932 Dei
1052 3884 1285 3932 mortem
1318 3873 1453 3931 vicit
1484 3890 1580 3947 per
1609 3873 1782 3932 Chri—

176 3971 349 4035 stum,
381 3984 499 4041 quae
529 3985 625 4041 per
653 3985 742 4025 eas
771 3967 1043 4041 regnavit.
1077 3969 1210 4024 Nam
1241 3967 1285 4023 si
1320 3966 1555 4024 audeant
1596 3968 1654 4023 in
1678 3968 1780 4023 Ec-

175 4057 345 4114 clesia
369 4057 543 4130 loqui,
569 4057 805 4115 dedecus
833 4067 953 4126 est;
1000 4058 1127 4130 quia
1167 4057 1375 4115 idcirco
1404 4057 1677 4125 velantur,
1717 4063 1778 4112 ut

175 4145 486 4204 humiliatai
525 4157 864 4220 appareant:
912 4149 1007 4204 ille
1044 4155 1225 4204 autem
1273 4163 1330 4203 se
1382 4146 1778 4203 inverecundas

174 4239 499 4307 ostendunt,
531 4239 678 4312 quod
708 4249 762 4296 et
789 4240 926 4295 viris
958 4240 1314 4312 Opprobrium
1343 4246 1458 4306 est;
1492 4239 1551 4294 in
1585 4239 1778 4295 mulie-

175 4345 296 4384 rum
327 4328 482 4385 enim
513 4327 810 4383 insolentia
837 4329 1002 4384 etiam
1033 4327 1217 4384 mariti
1247 4335 1528 4383 notantur.

246 4423 433 4494 (Vers.
465 4422 583 4494 36.)
630 4447 647 4469 -
675 4422 763 4479 An
790 4440 822 4479 a
849 4422 1008 4479 vobis
1047 4421 1278 4478 verbum
1318 4422 1417 4479 Dei
1467 4422 1772 4495 profectum
1801 4445 1850 4504 D

173 4520 272 4582 est,
314 4521 410 4568 aut
448 4511 507 4567 in
555 4528 654 4568 vos
691 4512 840 4569 solus
879 4511 1153 4570 devenit?
1197 4538 1214 4559 ι
1270 4512 1563 4586 Arguentis
1608 4513 1775 4570 verba

173 4608 335 4667 sunt;
365 4599 445 4657 sic
485 4599 635 4656 enim
661 4600 838 4657 inflati
886 4609 1060 4669 erant,
1111 4600 1266 4673 quasi
1323 4601 1456 4673 ipsis
1502 4602 1771 4674 promissa

173 4689 367 4745 fuisset
396 4690 514 4746 haec
541 4691 689 4747 salus
714 4709 729 4758 ;
771 4699 826 4747 et
849 4691 1102 4762 exemplo
1127 4706 1316 4748 eorum
1343 4699 1551 4747 cetera;
1585 4698 1770 4764 gentes

172 4791 503 4842 vocarentur
529 4782 597 4838 ad
619 4781 805 4851 ﬁdem,
838 4792 933 4838 aut
962 4798 1073 4838 non
1098 4791 1278 4840 essent
1304 4781 1496 4856 aliqui,
1531 4783 1624 4856 qui
1648 4799 1768 4854 pos-

172 4883 290 4930 sent
320 4872 595 4944 suscipere
621 4872 848 4945 gratiam
880 4872 999 4941 Dei,
1027 4872 1287 4946 apostolis
1316 4871 1762 4944 praedicantibus.

172 4973 258 5031 Sic
285 4973 436 5029 enim
467 4969 607 5027 160
642 4990 698 5030 se
720 4971 1000 5043 jactabant
1040 4971 1192 5045 quasi
1224 4970 1553 5028 beneﬁcium
1575 4971 1766 5028 darent

171 5063 343 5134 magis
371 5079 536 5135 quam
570 5061 902 5133 acciperent,
948 5060 1269 5118 accedentes
1298 5059 1366 5114 ad
1394 5059 1584 5127 ﬁdem,
1619 5059 1766 5116 unde

169 5151 342 5209 dicit:
388 5174 406 5197 ι
446 5151 558 5205 Aut
599 5152 656 5206 in
691 5166 788 5206 vos
831 5152 978 5206 solos
1015 5148 1240 5205 devenit
1284 5147 1515 5203 verbum
1562 5147 1682 5204 Dei.
1733 5175 1752 5198 ι

168 5242 362 5299 Omnis
391 5242 543 5298 enim
573 5243 668 5315 qui
698 5243 819 5299 vult
843 5241 1056 5314 aliquid
1097 5255 1298 5306 emere,
1351 5237 1499 5310 quod
1547 5235 1650 5294 scit
1697 5238 1764 5294 ab

167 5333 446 5409 aliquibus
479 5349 592 5389 non
620 5334 846 5408 requiri,
877 5349 1005 5389 cum
1037 5331 1274 5404 quodam
1305 5328 1527 5385 fastidio
1555 5329 1766 5386 accedit

238 5458 357 5529 (34)
384 5456 497 5530 ﬂic
519 5463 572 5511 et
590 5457 933 5530 subsequens
953 5454 1221 5509 articulus
1242 5452 1301 5508 in
1331 5467 1462 5507 mss.
1494 5468 1604 5508 non
1636 5469 1764 5526 pau-

167 5527 339 5585 cis‘ad
369 5527 538 5583 ﬁnem
570 5527 1130 5597 capitis—reﬁciuntur.

238 5601 356 5672 (35)
387 5601 550 5656 Rom.
580 5598 709 5655 edit.
720 5641 736 5668 ,
770 5600 857 5655 sed
886 5597 1122 5654 subditas
1149 5614 1270 5653 esse.

1905 1813 2222 1863 constanter
2250 1805 2530 1879 praedicat,
2572 1804 2801 1862 liberam
2831 1801 3040 1860 habens
3067 1802 3462 1862 conscientiam
3488 1821 3502 1871 ;

1907 1894 2036 1968 quia
2065 1911 2177 1952 non
2220 1894 2542 1952 hominibus
2579 1896 2792 1968 placere
2838 1894 2980 1962 vult,
3025 1892 3120 1949 sed
3163 1894 3297 1950 Deo.
3351 1891 3506 1950 Unde

1906 1985 2285 2058 peccatoribus
2309 2002 2421 2042 non
2449 1984 2756 2054 blanditur,
2787 1989 2850 2041 ut
2876 1991 3124 2042 crescant
3149 2000 3161 2039 :
3189 1981 3285 2039 sed
3319 1980 3501 2039 admo-

1908 2081 2020 2143 net,
2043 2083 2105 2131 ut
2132 2075 2407 2133 desinant.

1979 2165 2160 2235 (Vers.
2189 2166 2306 2238 38.)
2345 2191 2362 2213 ι
2388 2165 2445 2223 Si
2475 2165 2598 2240 quis
2627 2171 2811 2223 autem
2837 2164 3071 2239 ignorat,
3096 2160 3488 2238 ignorabitur.-

1911 2253 2091 2322 Ilecte,
2123 2255 2252 2328 quia
2281 2255 2376 2330 qui
2407 2256 2581 2313 nescit
2625 2255 2850 2312 Domini
2899 2271 3035 2322 esse,
3086 2270 3206 2327 quae
3257 2253 3504 2329 loquitur

1907 2343 2223 2414 Apostolus,
2255 2354 2307 2402 et
2327 2346 2441 2418 ipse
2461 2362 2491 2402 a
2509 2346 2748 2403 Domino
2777 2344 3121 2418 ignorabitur
3149 2346 3207 2401 in
3237 2344 3328 2402 die
3353 2343 3501 2417 judi-

1907 2433 2000 2499 cii,
2036 2433 2253 2490 dicente
2280 2436 2518 2492 Domino
2551 2454 2604 2493 :c
2628 2439 2807 2492 Amen
2836 2434 2960 2492 dico
2988 2434 3170 2502 vobis,
3199 2433 3385 2491 nescio
3401 2449 3500 2489 vos

1909 2521 2120 2591 (Matth.
2151 2538 2290 2590 xxv,
2326 2523 2438 2595 l2).
2463 2548 2482 2571 ι

1980 2612 2161 2683 (Vers.
2194 2613 2310 2685 39.)
2357 2638 2374 2660 ι
2405 2614 2632 2686 Propter
2657 2614 2825 2688 quod,
2848 2614 3062 2680 fratres,
3093 2612 3497 2670 aemulationem

1905 2701 2096 2759 habete
2144 2703 2528 2777 prophetandi.
2563 2729 2580 2752 ι
2623 2704 2888 2772 Quamvis
2933 2712 3122 2776 arguat
3165 2703 3289 2771 hos,
3342 2709 3397 2756 et
3443 2700 3500 2756 in

1903 2794 2095 2850 multis
2142 2794 2506 2868 reprehendat
2543 2803 2596 2852 et
2624 2795 2904 2868 corripiat,
2953 2811 3016 2852 eo
3057 2793 3203 2867 quod
3251 2808 3498 2848 recesse-

1904 2891 2027 2938 rant
2057 2900 2087 2938 a
2113 2885 2408 2942 traditione
2436 2884 2584 2958 ejus;
2617 2893 2802 2942 tamen
2825 2885 3020 2942 fratres
3048 2901 3140 2942 eos
3159 2889 3338 2951 vocat,
3369 2881 3499 2954 quia

1902 2971 2038 3029 dicit
2067 2974 2231 3030 Isaias
2254 2974 2322 3031 ad
2353 2975 2566 3047 plebem
2597 2973 2819 3032 Domini
2847 2993 2858 3032 :
2907 3000 2926 3024 ι
2952 2973 3131 3032 Dicite
3161 2973 3229 3030 iis
3258 2971 3354 3046 qui
3384 2987 3495 3027 non

1822 3078 1866 3138 ρ
1900 3071 2045 3119 recte
2073 3062 2358 3120 ambulant
2407 3064 2466 3122 in
2511 3064 2618 3120 viis
2666 3063 2842 3121 meis:
2878 3065 3094 3120 Fratres
3141 3061 3314 3119 nostri
3363 3061 3496 3117 estis

1900 3167 1998 3206 vos
2024 3152 2157 3222 (Isa.
2190 3169 2344 3220 var,
2373 3152 2454 3223 5).
2493 3176 2512 3200 ι
2555 3152 2625 3208 Ut
2651 3169 2780 3224 ergo
2809 3153 3184 3214 consolaretur
3213 3149 3345 3204 istos
3374 3153 3496 3220 post

1899 3239 2293 3312 correptiones,
2314 3241 2508 3297 fratres
2538 3241 2663 3298 illos
2683 3249 2844 3298 vocat
2872 3258 2883 3296 :
2909 3248 2963 3296 et
2993 3238 3062 3295 ad
3086 3237 3493 3295 aemulationem

1899 3329 2200 3401 prophetiae
2231 3329 2504 3397 hortatur,
2533 3337 2593 3384 ut
2624 3328 2844 3385 assidua
2871 3325 3242 3400 disputatione
3295 3335 3350 3383 et
3401 3340 3493 3380 ex-

1899 3418 2212 3491 planatione
2242 3419 2377 3492 legis
2402 3418 2606 3476 divinae
2629 3417 2823 3476 ﬁerent
2844 3416 3224 3474 instructiores
3249 3434 3262 3472 :
3286 3422 3348 3471 ut
3371 3431 3491 3486 pos-

1897 3519 2018 3566 sent
2047 3510 2255 3568 discere
2286 3526 2566 3583 perversas
2590 3525 2704 3567 esse
2725 3507 3330 3582 pseudo-apostolorum
3355 3521 3490 3580 prai-

1895 3597 2214 3656 dicationes.

1979 3713 1997 3736 ‹
2021 3689 2090 3745 Et
2120 3689 2269 3762 loqui
2300 3687 2504 3762 linguis
2531 3689 2703 3746 nolite
2728 3687 3037 3762 prohibere.
3068 3712 3086 3733 ι
3131 3688 3204 3743 Et
3230 3686 3336 3744 hoc
3367 3702 3486 3759 pro-

1893 3789 2010 3852 pter
2045 3781 2389 3849 charitatem,
2448 3788 2509 3836 ut
2551 3781 2646 3854 qui
2691 3788 2920 3852 possunt
2976 3778 3130 3852 loqui
3183 3777 3408 3849 linguis,
3439 3775 3485 3831 si

1890 3871 2160 3944 interpres
2197 3871 2365 3928 fuerit
2397 3887 2654 3944 praesens,
2699 3885 2811 3926 non
2851 3876 3130 3933 vetentur,
3158 3881 3226 3922 ne
3255 3865 3352 3922 ﬁat
3376 3864 3484 3920 dis-

1888 3963 2089 4018 sensio.

1963 4054 2143 4123 (Vers.
2171 4052 2287 4124 40.)
2335 4075 2353 4099 ι
2383 4049 2581 4107 Omnia
2613 4056 2795 4105 autem
2841 4048 3071 4105 honeste
3099 4055 3153 4104 et
3179 4043 3482 4104 secundum

1888 4141 2140 4198 ordinem
2171 4141 2324 4210 ﬁant,
2358 4165 2376 4189 ι
2421 4139 2526 4196 hoc
2553 4146 2654 4209 est,
2683 4137 2984 4196 secundum
3015 4135 3265 4194 ordinem
3294 4151 3481 4208 supra-

1887 4231 2118 4290 dictum.
2151 4232 2388 4288 Honeste
2415 4239 2596 4288 autem
2627 4227 2769 4286 illud
2799 4228 2880 4298 ﬁt,
2902 4227 3049 4304 quod
3069 4244 3195 4285 cum
3215 4243 3346 4302 pace
3368 4227 3460 4300 (37

1886 4329 1940 4378 et
1969 4321 2263 4396 disciplina
2293 4321 2377 4380 ﬁt.

2481 4482 2708 4542 CAPUT
2745 4483 2870 4540 XV.

1952 4619 2132 4693 (Vers.
2169 4621 2220 4689 l,
2263 4620 2343 4693 2.)
2408 4647 2424 4669 ι
2474 4621 2680 4677 Notum
2721 4626 2904 4673 autem
2952 4614 3112 4672 vobis
3159 4613 3322 4679 facio,
3369 4612 3475 4665 fra-

1878 4717 2008 4778 tres,
2052 4711 2184 4782 quia
2220 4709 2583 4781 Evangelium
2614 4704 2761 4778 quod
2793 4702 3087 4775 praedicavi
3116 4699 3294 4766 vobis,
3327 4698 3474 4783 quod

1876 4807 1930 4853 et
1985 4797 2292 4868 accepistis,
2343 4797 2399 4850 in
2454 4812 2562 4866 quo
2618 4800 2671 4848 et
2719 4791 2898 4857 statis,
2942 4806 3038 4860 per
3071 4786 3219 4859 quod
3249 4795 3301 4842 et
3332 4787 3473 4842 salvl

1877 4885 2214 4952 etﬁciemini,
2247 4883 2394 4957 quod
2441 4891 2494 4938 et
2540 4895 2791 4938 sermone
2815 4877 3142 4934 annuntiavi
3171 4875 3350 4947 vobis,
3380 4874 3470 4932 de-

1873 4974 2015 5031 betis
2069 4981 2276 5041 tenere,
2322 4972 2429 5028 nisi
2486 4971 2627 5027 forte
2677 4968 2796 5024 sine
2850 4983 3014 5024 causa
3065 4965 3398 5024 credidistis.
3437 4992 3454 5014 -

1875 5063 2128 5123 Ostendit
2154 5061 2268 5119 illis
2305 5061 2434 5137 quia
2477 5061 2524 5117 si
2584 5060 2640 5116 in
2691 5058 2794 5116 hac
2835 5074 2998 5115 causa
3047 5074 3167 5131 quae
3223 5055 3468 5129 subjecta

1873 5163 1976 5224 est,
2028 5171 2060 5211 a
2116 5153 2410 5210 traditione
2471 5151 2588 5225 ejus
2640 5149 2851 5210 seducti
2902 5157 3052 5219 sunt,
3109 5147 3468 5222 perdiderunt

1873 5243 2022 5316 quod
2059 5243 2448 5310 crediderunt;
2507 5241 2688 5299 omnis
2741 5241 2890 5299 enim
2944 5257 3066 5314 spes
3119 5238 3466 5298 credentium

1873 5331 1931 5388 in
1958 5331 2065 5386 hoc
2092 5347 2254 5389 sensu
2280 5341 2380 5402 est,
2412 5332 2543 5406 quia
2571 5332 2776 5388 mortui
2806 5338 3109 5404 resurgent.
3151 5326 3310 5396 Quod
3355 5345 3468 5388 au-

1944 5452 2256 5526 (36)__Corb.
2289 5455 2436 5523 cod.,
2464 5461 2522 5510 ut
2549 5455 2739 5526 quibus
2766 5455 3032 5510 suadendo
3061 5451 3326 5526 acquisiti,
3360 5473 3473 5519 non

1872 5523 2168 5596 hominibus
2186 5526 2307 5580 dent
2331 5523 2692 5596 gloriam,gsed
2719 5526 2848 5582 Deo.

1944 5594 2062 5668 (37)
2093 5595 2242 5652 Idem
2272 5594 2446 5654 codex
2475 5594 2668 5663 Corb.,
2703 5597 2844 5669 quod
2860 5615 2976 5654 cum
2997 5615 3167 5671 prece.
