3952 6202
460 320 568 379 275

1479 310 1576 368 AD
1618 308 1851 368 OPERA
1889 306 1944 363 S.
1986 303 2320 364 AMBROSII
2358 301 2738 360 APPENDIX.

3698 302 3802 362 276

459 456 567 505 tem
600 444 772 503 dicit:
816 468 837 494 ι
885 443 946 499 In
986 458 1096 517 quo
1123 448 1177 499 et
1204 439 1379 510 statis,
1412 463 1430 487 ι
1473 437 1562 495 his
1591 436 1747 507 dicit,
1779 435 1875 511 qui
1904 435 2058 492 ﬁrmi
2095 436 2146 497 A
2173 433 2375 508 quibus
2399 432 2584 505 plures
2611 437 2835 488 manent
2874 444 3051 504 usque
3091 428 3291 500 adhuc,
3323 428 3563 505 quidam
3602 441 3794 492 autem

457 544 612 594 erant
641 536 698 591 in
730 534 838 593 ﬁde
872 532 1184 591 traditionis
1204 533 1411 605 hujus;
1443 528 1777 603 promiscuis
1805 528 1956 585 enim
1988 526 2065 584 lo-

457 628 667 700 quitur,
694 633 755 682 ut
784 635 837 681 et
864 624 903 679 ii
935 624 1031 697 qui
1061 624 1118 679 in
1149 623 1256 678 fide
1296 630 1447 689 sunt,
1500 618 1769 691 gaudeant
1802 635 1813 674 :
1870 626 1925 674 et
1971 616 2066 689 qui

456 726 676 784 nutant,
708 715 911 788 corripi
940 731 997 771 se
1036 714 1278 779 doleant,
1314 719 1367 766 et
1387 711 1755 781 corrigantur.

528 809 707 881 (Vers.
741 805 822 876 3.)
869 801 1131 859 «Tradidi
1168 801 1318 855 enim
1350 799 1512 855 vobis
1559 799 1615 854 in
1664 796 1878 870 primis,
1932 812 2062 868 quo-

453 898 601 952 niam
657 893 909 951 Christus
963 897 1218 945 mortuus
1273 896 1355 944 est
1406 905 1506 960 pro
1561 884 1802 959 peccatis
1858 884 2063 941 nostris

451 984 752 1042 secundum
789 982 1117 1053 Scripturas.
1151 1004 1169 1026 ι
1210 979 1522 1050 Scripturas
1572 976 1905 1033 Testamenti
1956 975 2066 1032 Ve-

452 1075 582 1130 teris
638 1080 906 1128 memorat
963 1086 1083 1142 qua:
1143 1069 1386 1124 futuram
1466 1068 1772 1139 passionem
1835 1064 2059 1124 Domini

447 1164 785 1222 cecinerunt.
810 1161 960 1218 Dicit
987 1160 1138 1216 enim
1182 1158 1349 1215 Isaias
1395 1156 1701 1230 propheta:
1754 1181 1772 1203 ι
1820 1155 1891 1211 Ut
1937 1153 2058 1210 ovis

445 1255 513 1311 ad
545 1252 944 1309 immolandum
974 1250 1176 1307 ductus
1206 1256 1286 1304 est
1318 1249 1452 1320 (Isa.
1486 1264 1604 1315 Lm,
1642 1247 1719 1319 7).
1758 1270 1776 1293 ι
1820 1245 1891 1300 Et
1912 1244 2057 1299 inter

445 1352 687 1402 caatera:
738 1366 755 1388 ι
786 1339 1057 1410 Quoniam
1106 1338 1333 1393 tolletur
1379 1352 1411 1391 a
1453 1345 1600 1392 terra
1637 1335 1753 1391 vita
1798 1333 1938 1406 ejus,
1988 1332 2055 1389 ab

446 1431 836 1506 iniquitatibus
893 1428 1084 1503 populi
1144 1427 1252 1483 mei
1313 1426 1516 1482 ductus
1559 1432 1641 1481 est
1694 1424 1763 1480 ad
1818 1431 2051 1479 mortem

448 1522 615 1594 (Ibid.
654 1520 711 1592 8)
737 1538 750 1588 ;
784 1544 802 1567 ι
850 1519 968 1575 haec
1000 1518 1057 1572 in
1088 1516 1312 1574 Christo
1344 1522 1557 1588 reperta
1586 1520 1911 1570 noscuntur.
1946 1510 2051 1568 Sed

444 1612 573 1686 quia
628 1609 891 1684 praeteriti
932 1607 1199 1680 temporis
1256 1604 1588 1677 signiﬁcatio
1643 1604 1884 1672 videtur,
1935 1618 2048 1657 non

443 1708 525 1757 est
553 1699 868 1764 adversum,
894 1695 1023 1768 quia
1051 1693 1194 1765 apud
1221 1695 1419 1761 Deum,
1469 1692 1564 1766 qui
1609 1692 1860 1748 omnium
1900 1707 2051 1762 prae-

2179 523 2540 581 dormierunt.
2591 546 2609 569 ›
2659 522 2739 577 De
2781 521 2870 578 his
2913 520 3113 594 quibus
3152 528 3273 593 post
3314 521 3793 580 resurrectionem

2178 613 2431 687 apparuit
2467 612 2757 681 Dominus,
2796 620 2930 668 tunc
2958 610 3163 668 multos
3189 609 3326 667 dicit
3355 610 3534 669 fuisse
3558 613 3627 669 in
3660 630 3793 670 cor-

2177 720 2328 776 pore.

2250 793 2431 865 (Vers.
2466 792 2547 866 7.)
2594 815 2613 840 ι
2642 792 2852 849 Deinde
2879 790 3133 864 apparuit
3167 790 3388 849 Iacobo.
3441 815 3460 840 ι
3513 791 3788 867 Singula-

2175 881 2311 939 riter
2346 882 2548 939 Jacobo
2594 882 2866 955 apparuit,
2918 881 3061 938 sicut
3102 889 3158 937 et
3202 881 3403 938 Petro:
3456 882 3611 955 quod
3665 883 3786 940 ideo

2173 978 2308 1042 puto
2338 970 2564 1040 factum,
2597 980 2659 1027 ut
2687 969 2992 1027 multifaria
3029 969 3346 1042 apparentia
3383 968 3573 1026 ﬁdem
3605 988 3782 1028 resur-

2173 1060 2435 1116 rectionis
2472 1060 2735 1117 ﬁrmaret.
2794 1083 2819 1107 ‹
2865 1060 3058 1115 Postea
3104 1058 3366 1131 apostolis
3411 1059 3702 1118 omnibus.
3748 1087 3765 1108 -

2172 1151 2376 1207 Iterum
2406 1149 2666 1205 omnibus
2702 1148 2962 1221 apostolis
3002 1148 3155 1206 visus
3191 1154 3275 1204 est
3320 1148 3379 1204 in
3432 1158 3647 1219 monte,
3685 1150 3773 1207 ubi

2171 1240 2530 1297 constituerat
2557 1239 2671 1295 illis
2698 1240 2875 1308 Iesus,
2906 1239 3049 1296 sicut
3077 1238 3245 1295 refert
3277 1239 3577 1295 Mattheus
3614 1256 3771 1296 evan-

2171 1332 2363 1404 gelista
2398 1333 2614 1404 (Matth.
2647 1349 2850 1399 xxvnr,
2884 1331 2997 1404 l6).
3045 1331 3192 1387 Ante
3220 1330 3280 1386 in
3308 1331 3620 1389 Jerusalem
3652 1339 3769 1405 post

2169 1419 2286 1476 dies
2315 1430 2441 1478 octo
2470 1419 2892 1477 resurrectionis
2920 1436 3056 1485 suae,
3095 1418 3153 1475 id
3199 1427 3283 1476 est
3321 1419 3621 1478 Dominica
3662 1421 3766 1488 die,

2162 1507 2347 1581 januis
2375 1510 2599 1579 clausis,
2641 1509 2871 1566 intravit
2918 1509 2988 1565 ad
3044 1507 3368 1580 discipulos,
3428 1517 3495 1566 ut
3549 1510 3766 1568 Thomas

2166 1601 2385 1657 animus
2434 1599 2766 1668 ﬁrmaretur,
2820 1599 2964 1657 sicut
3013 1597 3151 1655 dicit
3205 1598 3443 1656 Joannes
3491 1602 3793 1673 apostolus

2164 1690 2352 1760 (Joan.
2380 1706 2480 1759 xx,
2511 1690 2627 1762 26).
2659 1690 2722 1745 In
2752 1696 2939 1745 monte
2967 1687 3118 1744 enim
3147 1686 3483 1760 intelligitur
3512 1689 3764 1747 mandata

440 1789 592 1846 scius
637 1796 738 1856 est,
779 1786 922 1841 nihil
970 1784 1220 1840 futurum
1270 1790 1380 1851 est;
1422 1782 1546 1839 ideo
1592 1782 1673 1839 sic
1718 1780 1856 1839 dicit
1903 1779 2050 1854 quod
2088 1794 2130 1855 Β
2166 1777 2276 1834 illis
2303 1779 2537 1836 dedisse.

444 1879 696 1934 futurum
730 1883 810 1933 est
838 1874 1018 1943 nobis,
1055 1873 1209 1948 quasi
1235 1873 1443 1931 factum
1473 1872 1565 1928 sit.
1597 1872 1734 1927 Nam
1783 1870 1841 1925 in
1890 1870 2051 1941 Apo-

441 1968 651 2041 calypsi
686 1967 912 2023 Joannis
941 1965 1173 2037 apostoli
1201 1964 1407 2021 dicitur
1439 1983 1451 2020 :
1499 1988 1516 2011 ‹
1551 1967 1740 2036 Agnus
1765 1961 1859 2035 qui
1891 1962 2048 2017 occi-

442 2076 536 2115 sus
582 2066 663 2115 est
716 2074 747 2113 a
800 2055 1196 2114 constitutione
1250 2053 1445 2109 mundi
1489 2052 1681 2124 (Apoc.
1729 2068 1858 2121 xm,
1898 2051 1982 2122 8).
2016 2075 2035 2098 ι

439 2148 581 2217 Quia
607 2146 754 2204 enim
786 2146 946 2203 aliter
973 2162 1085 2201 non
1117 2145 1232 2214 ﬁet,
1263 2161 1428 2217 quam
1478 2142 1582 2198 scit
1623 2144 1789 2209 Deus,
1837 2141 2048 2197 factum

439 2238 683 2309 dicitur;
726 2237 886 2294 nobis
930 2236 1079 2293 enim
1111 2235 1194 2305 ﬁt,
1227 2250 1337 2290 non
1366 2236 1502 2302 Deo,
1533 2232 1665 2304 quia
1693 2229 1839 2303 apud
1866 2232 2048 2286 Deum

440 2326 583 2383 nihil
620 2335 720 2396 est,
754 2326 899 2401 quod
930 2327 1179 2383 futurum
1210 2324 1447 2381 dicatur.
1480 2324 1552 2378 Et
1580 2323 1638 2378 in
1676 2321 1894 2378 Psalmo
1931 2320 2044 2394 ait:

453 2441 470 2463 ι
502 2415 770 2472 Dominus
814 2416 1065 2487 regnavit
1097 2415 1304 2488 aligno
1352 2414 1527 2485 (Psal.
1570 2429 1725 2481 xcvr,
1778 2410 1856 2482 1).
1904 2434 1923 2458 ι
1977 2409 2049 2468 Et

438 2506 654 2578 Moyses
717 2506 784 2561 de
845 2521 1006 2562 cruce
1062 2505 1179 2578 ejus
1243 2504 1320 2561 ita
1372 2501 1756 2576 signiﬁcavit,
1807 2500 2044 2558 dicens:

452 2621 471 2644 ι
502 2596 656 2651 Tunc
702 2594 966 2652 videbitis
1017 2595 1191 2651 vitam
1238 2602 1476 2650 vestram
1533 2593 1859 2666 prudentem
1919 2599 2046 2648 ante

437 2686 627 2744 oculos
655 2693 886 2753 vestros,
920 2692 973 2741 et
1003 2702 1114 2743 non
1143 2684 1377 2742 credetis
1405 2686 1590 2757 (Deut.
1624 2696 1828 2749 xxvnr,
1860 2683 1977 2751 66).
2012 2706 2029 2727 -

436 2774 648 2831 Idcirco
683 2774 832 2831 enim
878 2774 936 2829 in
984 2776 1169 2831 eadem
1219 2791 1382 2830 causa
1435 2781 1489 2829 et
1546 2773 1720 2828 futuri
1778 2768 2044 2841 temporis

437 2862 735 2934 aliquando
780 2863 1150 2934 signiﬁcantia
1190 2863 1438 2934 ponitur,
1469 2877 1537 2917 ne
1567 2878 1598 2915 a
1628 2858 1900 2932 perversis
1929 2875 2038 2914 non

437 2948 503 3003 de
554 2948 776 3005 Christo
827 2950 1039 3005 dictum
1101 2949 1507 3017 defenderetur,
1568 2948 1614 3004 si
1671 2954 1851 3004 totum
1883 2948 2040 3022 quasi

439 3034 777 3107 praeteritum
812 3036 1167 3108 signiﬁcaret.

2235 1868 2416 1936 (Vers.
2448 1867 2532 1940 8.)
2580 1892 2600 1917 ‹
2625 1867 2937 1924 Novissime
2974 1875 3157 1924 autem
3193 1867 3443 1924 omnium
3473 1870 3634 1942 quasi
3659 1870 3760 1926 ab-

2162 1957 2342 2015 ortivo
2374 1959 2527 2014 visus
2554 1966 2636 2015 est
2660 1967 2715 2014 et
2738 1957 2898 2014 mihi.
2950 1982 2968 2005 ι
3022 1958 3294 2031 Apparuit
3318 1958 3399 2014 illi
3426 1959 3675 2031 primum
3704 1960 3757 2016 in

2160 2048 2298 2103 coelo
2339 2046 2479 2118 (Act.
2512 2064 2592 2115 1x,
2623 2046 2705 2119 4),
2747 2055 2870 2119 post
2898 2046 3079 2102 oranti
3108 2047 3167 2102 in
3201 2048 3401 2119 templo
3433 2046 3588 2119 (Act.
3616 2065 3754 2117 xxu,

2164 2136 2385 2207 17-21).
2409 2136 2739 2197 Abortivum
2761 2154 2819 2193 se
2846 2136 3013 2205 dixit,
3037 2135 3166 2210 quia
3185 2144 3343 2193 extra
3360 2144 3580 2211 tempus
3599 2146 3753 2195 natus

2160 2226 2217 2282 in
2239 2226 2480 2293 Christo,
2498 2228 2862 2300 apostolatum
2882 2226 3095 2300 accepit
3107 2226 3220 2299 jam
3253 2225 3479 2285 Christo
3508 2228 3566 2285 in
3594 2230 3752 2286 caelos

2160 2328 2376 2390 recepto
2405 2335 2531 2376 cum
2560 2335 2746 2378 carne.

2232 2419 2413 2493 (Vers.
2435 2419 2490 2489 9,
2526 2419 2641 2491 10.)
2690 2419 2844 2492 «Ego
2881 2417 3029 2475 enim
3057 2435 3180 2475 sum
3211 2418 3480 2477 minimus
3509 2421 3747 2478 omnium

2157 2510 2528 2582 apostolorum
2572 2508 2713 2583 (40).
2759 2533 2777 2557 ι
2826 2507 3098 2565 Humiliat
3127 2524 3205 2578 se,
3236 2516 3290 2566 et
3317 2511 3586 2584 temporis
3620 2528 3750 2569 cau-

2155 2615 2269 2654 sam
2318 2598 2425 2654 sibi
2475 2598 2733 2667 ascribit;
2774 2608 3019 2671 tempore
3061 2599 3209 2654 enim
3254 2597 3439 2656 minor
3493 2610 3595 2670 est,
3646 2617 3747 2656 non

2154 2688 2441 2761 dignitate.
2478 2688 2583 2745 Sed
2612 2690 2741 2762 quia
2770 2698 2824 2746 et
2854 2697 3168 2763 persecutor
3215 2690 3342 2759 fuit,
3395 2690 3630 2748 inclinat
3674 2707 3745 2758 se,

2153 2778 2385 2835 dicens:
2433 2804 2453 2828 ι
2482 2779 2589 2848 Qui
2636 2796 2747 2837 non
2801 2798 2923 2837 sum
2970 2780 3172 2854 dignus
3218 2780 3404 2838 vocari
3451 2782 3743 2854 apostolus,

2152 2870 2411 2943 quoniam
2478 2878 2794 2944 persecutus
2848 2886 2972 2926 sum
3024 2869 3328 2927 Ecclesiam
3386 2870 3509 2927 Dei.
3570 2868 3749 2927 Gratia

2148 2965 2331 3016 autem
2385 2959 2487 3016 Dei
2543 2977 2665 3017 sum
2720 2959 2779 3017 id
2837 2959 2985 3033 quod
3042 2977 3185 3017 sum.
3244 2984 3263 3009 ι
3313 2961 3430 3018 Deo
3490 2958 3587 3017 dat
3643 2961 3746 3032 glo-

2147 3049 2309 3119 riam,
2342 3049 2436 3123 qui
2466 3065 2593 3105 eum
2622 3049 2808 3123 elegit,
2839 3058 2894 3106 et
2918 3048 3242 3122 dignitatem
3273 3064 3429 3105 suam
3478 3066 3594 3105 non
3645 3048 3746 3104 sibi

511 3126 692 3198 (Vers.
726 3125 808 3197 4.)
851 3151 868 3173 ι
894 3126 966 3181 Et
993 3125 1122 3200 quia
1151 3126 1400 3200 sepultus
1428 3132 1530 3181 est.
1556 3151 1578 3201 ,ι
1622 3127 1772 3183 Nulli
1803 3127 2034 3185 dubium
2068 3149 2111 3210 α
2145 3137 2413 3207 defendit,
2436 3138 2539 3194 sed
2581 3139 2873 3212 indignum
2915 3155 2973 3195 se
3017 3138 3176 3195 dicit.
3227 3138 3383 3195 Unde
3439 3155 3573 3195 vere
3629 3141 3748 3214 plus

435 3224 715 3273 mortuum
772 3218 1050 3291 sepultum
1109 3234 1243 3288 esse,
1304 3217 1448 3274 sicut
1509 3217 1646 3274 dicit
1686 3218 1852 3274 Isaias
1899 3234 2037 3291 pro-

432 3307 641 3380 pheta:
691 3334 709 3358 ι
755 3309 828 3365 Et
862 3308 1005 3366 dabo
1051 3310 1226 3366 malos
1270 3324 1371 3383 pro
1412 3310 1695 3381 sepultura
1736 3306 1855 3380 ejus
1899 3310 2034 3381 (Isa.

434 3415 554 3468 LIII,
578 3400 659 3471 9).
688 3425 707 3448 ι

502 3492 653 3548 -161
703 3519 723 3540 ι
760 3495 833 3549 Et
872 3494 1002 3566 quia
1045 3494 1349 3549 resurrexit
1396 3495 1559 3550 tertia
1599 3495 1689 3551 die
1732 3494 2034 3552 secundum

432 3582 762 3652 Scripturas.
812 3603 830 3624 ι
893 3579 1093 3635 Omnia
1124 3574 1181 3633 iri
1211 3580 1320 3635 ﬁde
1351 3581 1535 3637 clausa
1563 3590 1693 3638 sunt
1731 3601 1743 3639 :
1781 3582 1905 3639 ideo
1936 3583 2039 3638 sub

433 3685 664 3744 persona
695 3669 883 3740 populi
920 3669 1248 3725 resurrectio
1284 3670 1511 3726 Domini
1541 3674 1705 3729 tertia
1734 3675 1824 3729 die
1852 3676 2039 3731 futura

433 3759 710 3833 descripta
750 3766 850 3815 est.
900 3758 1050 3816 Dicit
1097 3758 1245 3815 enim
1286 3760 1422 3816 Osee
1470 3761 1780 3833 propheta:
1846 3790 1864 3811 ι
1911 3766 2039 3821 Post

432 3850 662 3907 biduum
719 3865 880 3907 sanos
908 3848 1075 3905 faciet
1104 3865 1225 3918 nos,
1258 3856 1312 3905 et
1343 3849 1401 3905 in
1435 3850 1598 3906 tertio
1645 3850 1735 3906 die
1780 3868 2037 3926 resurge—

432 3958 556 3998 mus
583 3940 724 4013 (38),
752 3948 807 3996 et
836 3939 1090 3996 vivemus
1130 3937 1187 3993 in
1229 3944 1525 4011 conspectu
1582 3937 1698 4011 ejus
1745 3941 1896 4010 (Osee
1954 3961 2035 4010 νι,

432 4030 511 4102 3).
546 4054 562 4076 ι
604 4030 667 4085 In
697 4028 918 4087 Christo
947 4027 1094 4084 enim
1136 4043 1328 4083 omnes
1366 4028 1756 4095 resurrexisse,
1803 4028 1948 4087 sicut
1980 4032 2033 4087 in

431 4119 606 4174 Adam
636 4133 827 4173 omnes
851 4124 1102 4172 mortuos
1129 4132 1263 4185 esse,
1296 4133 1460 4173 nemo
1497 4116 1743 4174 ﬁdelium
1783 4118 2031 4192 denegat.

433 4207 614 4263 Simili
646 4206 809 4262 modo
839 4209 895 4262 in
929 4209 1145 4263 Psalmo
1169 4209 1272 4263 sub
1302 4224 1532 4278 persona
1582 4209 1829 4268 hominis
1869 4213 2033 4270 etiam

432 4295 500 4351 de
531 4293 753 4351 Christo
790 4294 1084 4365 signiﬁcat,
1133 4295 1323 4352 dicens
1355 4315 1366 4352 :
1435 4321 1455 4345 ι
1495 4298 1696 4355 Omnia
1751 4300 2034 4373 subjecisti

432 4382 535 4437 sub
567 4377 800 4452 pedibus
828 4379 944 4450 ejus
972 4398 984 4436 :
1020 4381 1195 4454 gloria
1233 4390 1287 4438 et
1322 4383 1531 4441 honore
1578 4390 1854 4447 coronasti
1908 4407 2033 4446 eum

437 4469 614 4541 (Psal.
637 4484 762 4537 vm,
793 4468 848 4535 8,
880 4468 960 4541 6).
993 4493 1011 4515 ι

511 4558 700 4630 (Vers.
746 4556 829 4631 5.)
877 4581 894 4603 ιι
923 4558 995 4613 Et
1023 4556 1155 4631 quia
1183 4558 1334 4616 visus
1365 4568 1445 4615 est
1475 4560 1710 4633 Cephea;
1774 4589 1793 4611 ι
1840 4566 1896 4623 id
1934 4578 2033 4639 est,

432 4649 613 4706 Petro.
650 4647 765 4705 Hoc
787 4646 951 4705 etiam
982 4646 1238 4720 Cleophae
1265 4648 1381 4721 (39)
1426 4657 1479 4705 et
1520 4650 1671 4708 socio
1716 4669 1815 4709 suo
1860 4656 2029 4714 dixe-

430 4754 562 4804 runt
617 4743 898 4818 discipuli,
939 4754 1002 4802 ut
1030 4746 1090 4802 in
1133 4746 1433 4820 Evangelia
1465 4749 1599 4801 κατὰ
1615 4754 1837 4821 Λουκᾶν,
1884 4754 2028 4826 quod

431 4836 684 4910 apparuit
714 4836 817 4893 soli
847 4837 1008 4894 Petro
1045 4837 1205 4910 (Luc.
1240 4854 1400 4908 xxxv,
1432 4839 1548 4911 34).
1609 4865 1628 4888 ε
1679 4843 1870 4900 Postea
1918 4844 2031 4901 illis

430 4925 709 4983 undecim.
740 4950 758 4973 ι
800 4927 872 4982 Et
902 4926 1007 4984 hoc
1035 4927 1094 4983 in
1131 4928 1434 5002 Evangelio
1462 4930 1797 4989 continetur.

504 5017 686 5089 (Vers.
717 5019 798 5089 6.)
842 5043 860 5066 ι
892 5019 1101 5076 Deinde
1127 5022 1377 5093 apparuit
1406 5024 1531 5095 plus
1559 5041 1722 5098 quam
1753 5026 2031 5099 quingen-

432 5106 503 5163 tis
531 5105 797 5164 fratribus
827 5107 1015 5165 simul.
1062 5132 1083 5157 ι
1127 5109 1242 5167 Hoc
1286 5127 1384 5168 sua
1423 5111 1534 5170 ﬁde
1580 5114 1848 5188 loquitur.
1896 5142 1915 5164 ι
1943 5118 2030 5175 Ex

504 5309 775 5383 (38)“Vet.
806 5308 939 5365 edit.
974 5325 1037 5364 ac
1066 5324 1196 5365 mss.
1230 5309 1460 5383 aliquot,
1502 5315 1631 5370 Post
1658 5314 1872 5372 biduum
1903 5324 1949 5374 et
1977 5318 2033 5373 in

431 5382 582 5452 tertio
604 5381 690 5452 die
720 5397 1067 5452 resurgemus.

505 5450 741 5533 (39)“Ita
771 5449 1050 5533 mssIDnon‘
1073 5449 1334 5533 paucihet
1363 5468 1555 5533 omnes
1573 5456 1730 5533 edit,
1754 5457 1862 5533 nisi
1885 5459 2032 5533 quod

431 5535 529 5589 pro
555 5521 656 5575 soli
695 5523 854 5577 Petro
906 5524 962 5578 in
1012 5521 1170 5580 Rom.
1215 5521 1350 5579 edit.
1408 5525 1607 5589 legitur
1654 5521 1857 5585 Simoni
1890 5521 1917 5587 ε’
1937 5531 2032 5585 alii

431 5543 529 5589 pro
555 5543 655 5575 sou
695 5543 854 5577 retro
907 5543 962 5578 1n
1012 5543 1170 5580 nom.
1215 5543 1350 5579 ea“.
1409 5543 1458 5580 le
1496 5543 1607 5582 Itur
1654 5543 1857 5585 Etmom
1890 5548 1902 5587 :
1937 5543 2032 5585 am

427 5606 562 5722 ἓῗὲ
552 5606 722 5722 ⁷123ῗὸ
754 5593 1007 5663 efferunt,
1055 5594 1309 5666 Cleophas
1336 5601 1386 5651 et
1433 5543 1642 5654 Emam
1689 5606 1949 5657 testantur
1978 5602 2033 5658 in

484 5677 741 5735 vangeuo.

2059 4510 2107 4568 D

2145 3237 2403 3299 meretur,
2436 3228 2612 3286 sciens
2640 3228 2849 3285 dixisse
2875 3228 3177 3285 Dominum
3207 3246 3219 3284 :
3275 3252 3295 3275 ι
3344 3228 3453 3296 Qui
3481 3246 3539 3286 se
3567 3230 3747 3287 humi-

2147 3319 2246 3375 liat
2288 3320 2623 3376 exaltabitnr
2672 3320 2788 3393 (41)
2838 3320 2989 3393 (Luc.
3037 3336 3157 3389 xiv,
3192 3321 3305 3393 11).
3337 3345 3355 3369 ι
3411 3345 3431 3368 ι
3462 3322 3536 3378 Et
3578 3324 3750 3397 gratia

2146 3408 2264 3481 ejus
2292 3426 2496 3483 pauper
2523 3410 2582 3466 in
2614 3426 2700 3465 me
2728 3426 2840 3466 non
2868 3411 2997 3466 fuit.
3046 3436 3065 3458 ι
3122 3411 3239 3469 Hoc
3266 3410 3424 3480 dicit,
3465 3414 3599 3485 quia
3644 3431 3753 3471 non

2128 3505 2370 3581 propter
2398 3498 2544 3570 quod
2570 3505 2888 3570 persecutus
2940 3507 3044 3569 est,
3094 3500 3367 3558 minorem
3417 3503 3652 3575 gratiam
3700 3503 3753 3559 in

2148 3588 2457 3658 apostolatu
2485 3587 2713 3660 accepit.
2760 3611 2779 3635 ι
2821 3587 2925 3646 Sed
2975 3589 3100 3660 plus
3141 3589 3255 3646 illis
3297 3591 3560 3669 omnibus
3604 3592 3757 3649 labo-

2148 3676 2286 3731 ravi.
2320 3701 2339 3725 ι
2374 3676 2547 3733 Addit
2574 3677 2642 3734 ad
2670 3694 2910 3746 causam,
2941 3678 3073 3751 quia
3105 3696 3214 3736 non
3236 3679 3414 3736 solum
3446 3681 3756 3740 minoratus

2149 3783 2257 3822 non
2284 3774 2386 3835 est,
2417 3767 2512 3823 sed
2549 3775 2603 3823 et
2648 3769 2888 3840 amplius
2934 3776 3158 3842 propter
3193 3772 3562 3828 constantiam
3613 3773 3753 3845 (42),

2147 3872 2255 3929 qua
2300 3854 2519 3928 vigebat
2570 3856 2629 3912 in
2676 3857 2918 3927 Christo,
2975 3858 3213 3916 aﬂlictus
3254 3868 3383 3918 est:
3437 3862 3589 3935 quod
3647 3880 3757 3919 non

2146 3961 2286 4017 aegre
2314 3945 2517 4014 ferens,
2548 3945 2767 4018 dignior
2795 3947 2972 4005 factus
3012 3957 3115 4007 est.
3164 3972 3183 3997 ι
3235 3950 3359 4008 Non
3399 3966 3500 4025 ego
3546 3961 3756 4020 autem,

2147 4037 2240 4093 sed
2281 4038 2453 4109 gratia
2476 4038 2576 4094 Dei
2606 4054 2842 4096 mecum.
2888 4065 2905 4088 ι
2949 4040 3028 4097 Ne
3075 4057 3133 4098 se
3175 4042 3441 4100 extulisse
3481 4042 3759 4116 jactanter

2149 4134 2450 4197 putaretur,
2483 4128 2667 4184 statim
2700 4145 2756 4184 se
2788 4128 3069 4199 humiliat,
3101 4148 3228 4187 cum
3258 4130 3367 4188 hoc
3407 4132 3590 4204 ipsum
3641 4152 3753 4191 non

2148 4214 2320 4285 magis
2357 4214 2487 4283 sibi,
2527 4215 2620 4271 sed
2650 4217 2749 4272 Dei
2781 4217 2967 4288 gratia:
2996 4218 3224 4275 ascribit
3252 4236 3265 4275 :
3303 4228 3367 4275 ut
3395 4236 3615 4293 semper
3644 4238 3756 4278 om-

2146 4319 2269 4359 nem
2301 4304 2529 4376 gloriam
2560 4314 2801 4377 reportet
2838 4306 2907 4362 ad
2951 4307 3151 4375 Deum,
3179 4306 3326 4365 unde
3349 4307 3476 4380 jure
3505 4311 3756 4367 exaltan-

2146 4391 2250 4448 dus
2279 4402 2381 4449 est.

2218 4491 2399 4560 (Vers.
2436 4492 2549 4564 11.)
2594 4514 2613 4538 ι
2643 4491 2771 4549 Sive
2799 4492 2971 4565 igitur
2998 4510 3117 4567 ego,
3152 4495 3274 4551 sive
3308 4495 3414 4564 illi,
3448 4496 3530 4553 sic
3559 4498 3756 4570 praedi-

2147 4595 2351 4648 camus,
2381 4587 2436 4636 et
2464 4580 2543 4637 ita
2570 4581 2903 4639 credidistis.
2932 4607 2951 4631 ι
2997 4584 3112 4641 Hoc
3152 4592 3254 4653 est,
3295 4584 3445 4657 quod
3474 4603 3646 4660 supra
3684 4589 3756 4646 si'

2139 4666 2441 4738 gniﬁcavit,
2474 4669 2605 4741 quia
2632 4686 2743 4726 non
2783 4670 3100 4728 inferiorem
3132 4671 3369 4746 gratiam
3400 4674 3461 4730 in
3490 4676 3756 4748 praedica‘

2138 4756 2288 4811 tione
2322 4758 2552 4829 accepit,
2579 4775 2742 4832 quam
2770 4760 2954 4817 caeteri
2981 4762 3237 4832 apostoli,
3270 4761 3367 4818 sed
3396 4780 3566 4820 unam
3588 4773 3756 4840 atque

2139 4844 2405 4901 eamdem.
2421 4847 2575 4903 Unde
2596 4849 2768 4922 magis
2786 4850 2968 4923 arguit
2991 4850 3280 4923 perﬁdiam
3301 4852 3752 4923 Corinthiorum,

2139 4935 2269 5005 quia
2299 4953 2425 4992 cum
2456 4939 2804 4997 manifestata
2830 4949 2973 4997 esset
2999 4941 3299 4999 credulitas
3318 4942 3439 5000 haec
3456 4945 3607 5017 apud
3635 4962 3757 5001 om-

2140 5039 2237 5079 nes
2280 5025 2575 5094 Ecclesias,
2629 5027 2685 5083 hi
2725 5029 2791 5084 ab
2840 5028 2944 5086 hac
2985 5030 3095 5087 ﬁde
3141 5040 3197 5088 et
3241 5047 3335 5104 spe
3373 5031 3749 5101 desciverant,

2140 5127 2302 5183 quam
2335 5112 2590 5185 subjecit,
2634 5116 2823 5174 dicens
2851 5135 2863 5173 :

2215 5322 2333 5405 (40)
2374 5322 2536 5405 Cori).
2569 5326 2716 5405 cod.,
2747 5326 3143 5405 Apostolorum.
3174 5328 3455 5405 Minimum
3487 5333 3669 5405 itaque
3699 5351 3752 5389 se

2141 5393 2268 5473 dicit
2305 5393 2665 5473 apostolorum
2692 5393 2750 5452 in
2775 5393 3063 5473 «iactatione,
3113 5416 3222 5473 non
3266 5400 3325 5455 in
3360 5393 3593 5473 gratia}
3639 5406 3750 5463 Deo

2140 5471 2323 5545 autent
2342 5466 2433 5545 d_a_t
2461 5468 2689 5545 gloriam
2716 5475 2768 5524 et
2796 5466 3064 5545 honorem,
3089 5471 3183 5545 qui
3208 5487 3326 5545 eum
3361 5466 3536 5545 Elegit.

2214 5535 2331 5609 (41)
2362 5535 2489 5609 Mss.
2522 5538 2752 5609 aliquot,
2786 5541 2889 5607 Qui
2918 5558 2970 5595 se
2991 5535 3212 5609 eaéaitat,
3236 5535 3638 5604 huntilidbitur.

2216 5606 2333 5678 (42)
2367 5606 2553 5665 Codex
2577 5606 2764 5682 Corb.,
2798 5606 3021 5685 propter
3056 5606 3450 5672 conscientiam.
