3952 6202
257 243 366 304 277

1341 245 1705 305 COMMENT.
1747 244 1818 302 IN
1857 242 2073 301 EPIST.
2114 245 2137 302 Ι
2176 247 2270 302 ΑΙ)
2310 248 2464 306 COR.

3449 244 3556 306 278

331 374 512 442 (Vers.
556 374 640 442 12,
678 375 764 442 13,
810 373 924 444 14.)
973 397 990 420 ι
1031 372 1089 429 Si
1119 379 1302 430 autem
1333 372 1587 432 Christus
1644 373 1858 445 praedi-
1884 372 1936 432 A
1971 371 2086 428 Hoc
2126 372 2236 429 illis
2273 373 2429 442 dicit,
2463 377 2609 450 quod
2645 393 2830 433 amore
2884 393 3107 435 suorum
3169 375 3558 437 defunctorum

253 470 433 532 catur,
466 463 613 536 quod
669 481 739 520 ex
793 463 1027 519 mortuis
1080 463 1405 533 resurrexit,
1447 463 1723 536 quomodo
1761 462 1858 518 di-

254 559 390 608 cunt
406 553 630 626 quidam
653 554 801 611 inter
816 569 936 621 vos,
963 553 1227 626 quoniam
1258 552 1587 609 resurrectio
1617 561 1857 609 mortuo-

255 657 380 697 rum
413 660 525 699 non
574 643 706 700 est?
764 643 818 699 Si
851 659 979 715 ergo
1012 643 1339 699 resurrectio
1372 650 1717 698 mortuorum
1748 660 1858 698 non

254 739 359 798 est,
399 749 578 806 neque
619 733 874 791 Christus
931 733 1258 788 resurrexit.
1289 731 1344 788 Si
1389 741 1570 788 autem
1605 731 1859 790 Christus

254 836 368 877 non
399 822 726 891 resurrexit,
759 823 941 878 inanis
971 829 1052 878 est
1082 821 1399 895 praedicatio
1446 829 1650 890 nostra,
1685 839 1859 878 vacua

252 919 339 969 est
369 920 423 967 et
449 911 586 968 ﬁdes
611 919 815 968 vestra.
839 937 857 958 ι
877 913 1003 967 Haec
1030 928 1060 966 a
1081 911 1235 966 falsis
1265 912 1529 982 apostolis
1561 920 1718 967 erant
1748 921 1856 968 tra-

251 1001 395 1069 dita,
429 1001 524 1074 qui
557 1000 836 1058 Christum
872 1016 1048 1072 neque
1081 1007 1295 1067 natum,
1336 1016 1513 1072 neque
1573 999 1630 1055 in
1691 1017 1854 1058 carne

253 1105 498 1162 passum,
542 1107 715 1165 neque
745 1090 1109 1146 resurrexisse
1139 1090 1529 1148 asseverabant
1563 1107 1574 1144 :
1627 1108 1765 1164 quos
1799 1100 1853 1148 et

250 1179 491 1236 Joannes
517 1183 794 1252 apostolus
822 1181 1066 1248 denotat,
1100 1180 1248 1254 quod
1282 1181 1564 1238 Christum
1599 1183 1657 1237 in
1689 1201 1852 1240 carne

248 1271 468 1328 venisse
496 1273 783 1344 negabant.
805 1273 959 1328 Unde
989 1271 1125 1328 dicit
1151 1289 1162 1327 :
1201 1296 1219 1320 ι
1245 1273 1349 1340 Qui
1374 1281 1535 1346 negat
1565 1273 1849 1332 Christum

248 1360 310 1416 in
339 1377 502 1419 carne
532 1362 770 1430 venisse,
793 1362 884 1419 hic
915 1371 996 1418 est
1027 1361 1404 1420 Antichristus
1430 1381 1441 1418 :
1479 1371 1534 1419 et
1561 1365 1655 1437 qui
1687 1373 1848 1438 negat

247 1450 478 1519 Filium,
508 1467 612 1508 nec
639 1451 853 1508 Patrem
885 1450 1050 1507 habet
1083 1453 1140 1523 (Ι
1165 1452 1322 1507 Ιοαη.
1355 1469 1417 1519 ιι,
1450 1453 1540 1520 22,
1573 1453 1689 1524 23).
1714 1453 1846 1510 nisti

243 1539 628 1605 ambulabant,
659 1547 713 1596 et
741 1539 1110 1614 quorumdam
1143 1540 1328 1608 ﬁdem,
1361 1558 1431 1598 ne
1470 1543 1847 1616 imprudentes

242 1647 277 1687 a
335 1629 530 1686 mundi
597 1629 938 1702 sapientibus
991 1627 1396 1700 judicarentur,
1430 1631 1841 1700 subvertebant;

243 1704 379 1794 quia
417 1720 714 1792 prudentes
751 1720 936 1776 saeculi
982 1721 1212 1775 stultum
1259 1720 1537 1792 judicant,
1573 1739 1698 1778 cum
1730 1740 1838 1779 au-
1873 1732 1919 1793 Β

245 1810 412 1866 diuut
455 1809 910 1867 resurrectionem
942 1817 1310 1866 mortuorum.
1345 1811 1504 1879 Quod
1534 1811 1601 1880 si,
1637 1812 1840 1886 inquit,

244 1915 436 1954 verum
461 1907 542 1956 est
564 1899 692 1973 quia
722 1899 974 1957 Christus
1001 1916 1110 1955 non
1142 1901 1468 1970 resurrexit,
1499 1901 1622 1956 falsi
1652 1919 1844 1959 sumus

243 1988 648 2061 praedicatores,
689 1996 742 2043 et
771 1987 906 2044 ﬁdes
937 1997 1120 2045 vestra
1158 1989 1340 2046 inanis
1369 1997 1471 2046 est.
1522 1991 1637 2047 Hoc
1692 1992 1840 2048 enim

241 2076 620 2143 crediderunt,
651 2078 918 2148 Apostolo
964 2079 1319 2150 prmdicante,
1353 2081 1485 2152 quia
1515 2081 1721 2137 mortui
1753 2098 1840 2137 re-

243 2174 493 2239 surgent,
547 2173 602 2221 et
657 2165 762 2222 hac
817 2181 911 2237 spe
959 2168 1173 2224 attracti
1215 2176 1345 2224 sunt
1376 2170 1446 2226 ad
1476 2169 1664 2226 ﬁdem.
1699 2175 1840 2233 162

241 2265 404 2332 Quod
460 2264 654 2337 utique
709 2264 777 2320 ad
834 2264 1227 2322 detrimentum
1285 2267 1509 2324 illorum
1577 2270 1841 2342 proﬁcere

241 2353 456 2422 asserit,
488 2353 534 2410 si
573 2353 928 2410 crediderunt
967 2353 1116 2427 quod
1173 2355 1427 2411 futurum
1481 2371 1593 2411 non
1632 2367 1753 2414 est:
1789 2367 1843 2414 et

241 2443 469 2516 pudoris
498 2452 600 2512 est,
632 2451 696 2500 ut
724 2443 924 2517 aliquis
947 2443 1274 2517 proﬁteatur
1303 2443 1409 2500 hoc
1437 2461 1493 2501 se
1523 2447 1841 2518 credidisse,

239 2533 389 2604 quod
417 2532 617 2589 falsum
651 2540 751 2589 est.
789 2535 859 2588 Et
892 2533 1283 2590 verecundiam
1315 2549 1444 2605 ergo
1472 2534 1588 2591 illis
1618 2535 1838 2605 incutit,

239 2630 295 2678 et
348 2622 558 2680 labores
617 2623 840 2678 illorum
897 2623 1037 2680 dicit
1088 2623 1499 2692 infructuosos;
1561 2624 1606 2682 si
1638 2626 1846 2700 quoda'

239 2719 392 2776 falsis
450 2719 710 2792 apostolis
752 2721 1067 2792 audierunt,
1102 2738 1292 2779 verum
1335 2731 1436 2792 est,
1470 2723 1599 2797 quia
1632 2726 1838 2782 mortui

237 2825 352 2866 non
381 2824 712 2888 resurgent:
763 2813 910 2886 quod
962 2829 1126 2869 nemo
1185 2813 1377 2886 utique
1433 2811 1500 2869 de
1547 2827 1602 2868 se
1630 2813 1840 2879 patitur

237 2901 462 2971 audire;
499 2913 562 2960 ut
592 2904 843 2961 videntes
871 2903 977 2960 hoc
1005 2909 1199 2960 contra
1237 2919 1293 2960 se
1322 2920 1456 2973 esse,
1493 2911 1835 2961 reverteren-

237 2997 333 3046 tur
359 2991 425 3047 ad
455 2993 686 3066 primam
719 2993 906 3050 ﬁdem.

1967 461 2164 516 nolunt
2194 461 2386 518 audire
2421 480 2433 516 :
2463 472 2524 520 ut
2553 464 2664 522 illis
2692 473 2960 539 amputet,
2992 465 3138 539 quod
3168 466 3324 539 prius
3352 483 3452 540 per
3477 483 3560 525 er-

1967 567 2147 606 rorem
2169 551 2426 608 volebant
2454 554 2662 610 audire.

2042 643 2223 713 (Vers.
2260 644 2374 715 19.)
2419 667 2438 690 ε
2491 644 2547 700 Si
2595 645 2653 700 in
2682 645 2786 703 hac
2815 648 2931 703 vita
2963 655 3180 706 tantum
3219 649 3277 706 in
3331 649 3555 708 Christo

1967 741 2245 804 sperantes
2297 749 2508 802 sumus,
2574 734 2998 793 miserabiliores
3052 755 3239 794 sumus
3297 741 3554 797 omnibus

1966 820 2307 877 hominibus.
2340 845 2360 870 ι
2399 821 2752 878 Manifestum
2795 831 2877 879 est
2926 825 3054 895 quia
3089 833 3143 880 et
3190 827 3246 882 in
3275 826 3379 884 hac
3404 846 3556 901 pras-

1966 911 2107 965 senti
2157 911 2272 967 vita
2327 921 2382 970 et
2433 911 2492 966 in
2530 912 2720 967 futura
2756 929 3038 984 speramus
3075 914 3135 969 in
3160 915 3420 983 Christo;
3454 934 3556 974 nec

1965 1000 2113 1055 enim
2144 1000 2236 1057 hic
2263 999 2465 1056 deserit
2493 1018 2682 1057 servos
2711 1018 2840 1058 suos
2870 1001 3144 1070 Christus,
3173 1003 3270 1060 sed
3300 1003 3393 1060 dat
3445 1005 3557 1061 illis

1964 1088 2192 1159 gratiam
2227 1088 2366 1159 (45),
2400 1097 2454 1145 et
2505 1088 2562 1144 in
2611 1091 2801 1146 futuro
2840 1098 3005 1146 erunt
3043 1107 3099 1146 m
3130 1091 3306 1164 gloria
3333 1099 3553 1148 aeterna.

1962 1176 2018 1232 Si
2075 1185 2256 1233 autem
2311 1177 2510 1235 futurae
2565 1179 2694 1235 vita;
2749 1196 2872 1252 spes
2926 1195 3038 1236 non
3095 1189 3261 1246 esset,
3300 1181 3559 1238 omnibus

1960 1268 2300 1337 hominibus,
2334 1271 2481 1344 quod
2512 1272 2676 1340 dixit,
2712 1273 3139 1329 miserabiliores
3181 1289 3444 1331 essemus.
3483 1277 3553 1332 Ut

1959 1359 2092 1432 quid
2147 1360 2296 1416 enim
2345 1359 2581 1433 jejunia,
2623 1363 2852 1435 vigiliae,
2894 1364 3097 1432 exitus,
3157 1363 3363 1421 munda
3417 1365 3554 1434 vita,

1950 1446 2189 1518 justitia,
2223 1450 2621 1520 misericordia,
2656 1468 2825 1519 mors,
2878 1452 2924 1508 si
2977 1468 3076 1524 pro
3106 1452 3194 1509 his
3223 1453 3378 1510 nulla
3415 1470 3553 1511 mer-

1955 1552 2044 1593 ces
2095 1536 2203 1594 erit
2251 1539 2311 1593 in
2362 1539 2600 1596 futuro?
2639 1538 2916 1596 Increduli
2947 1549 3129 1597 autem
3160 1543 3248 1598 vel
3287 1541 3392 1600 hac
3439 1543 3554 1600 vita

1953 1625 2235 1683 fruuntur.

2027 1725 2208 1796 (Vers.
2243 1726 2330 1793 20,
2365 1727 2480 1796 21.)
2513 1750 2531 1773 ‹
2552 1728 2710 1784 Nunc
2737 1735 2918 1783 autem
2951 1727 3206 1786 Christus
3237 1730 3550 1786 resurrexit

1953 1833 1984 1872 a
2014 1817 2264 1886 mortuis,
2298 1817 2523 1874 initium
2553 1815 2950 1874 dormientium
2976 1836 2990 1886 ;
3024 1818 3287 1890 quoniam
3319 1818 3542 1892 quidem

1954 1924 2048 1980 per
2101 1907 2383 1964 hominem
2442 1925 2608 1975 mors,
2641 1916 2696 1964 et
2750 1925 2846 1980 per
2898 1907 3179 1965 hominem
3217 1911 3548 1967 resurrectio

1952 2004 2320 2053 mortuorum.
2353 2021 2371 2044 ι
2416 1997 2543 2054 Haec
2572 1996 2781 2066 dicens,
2810 1997 2986 2070 tangit
3015 1998 3543 2072 pseudoprophetas,

1951 2085 2044 2156 qui
2075 2085 2360 2142 Christum
2413 2094 2604 2143 natum
2658 2087 2947 2160 negabant,
3007 2103 3069 2144 ac
3120 2103 3217 2160 per
3271 2087 3378 2145 hoc
3433 2104 3545 2146 non

1951 2176 2312 2232 resurrexisse
2358 2193 2577 2233 carnem
2612 2195 2623 2232 :
2674 2176 2804 2250 quia
2845 2177 2940 2250 qui
2967 2184 3130 2234 natus
3157 2193 3270 2234 non
3307 2186 3412 2247 est,
3447 2196 3547 2236 nec

1953 2265 2203 2320 moritur.
2236 2265 2328 2322 Sic
2367 2274 2550 2322 autem
2593 2265 2787 2337 probat
2816 2265 3101 2323 Christum
3130 2283 3163 2322 a
3193 2267 3429 2324 mortuis
3459 2284 3546 2323 re-

1951 2353 2273 2421 surrexisse,
2319 2353 2449 2426 quia
2486 2353 2655 2409 homo
2683 2353 2811 2422 fuit,
2849 2363 2912 2410 ut
2939 2354 3171 2411 dubium
3202 2371 3314 2411 non
3343 2355 3416 2412 sit
3443 2355 3540 2411 ho~

1951 2441 2155 2498 minem
2187 2460 2218 2498 a
2243 2445 2358 2499 Deo
2387 2459 2419 2498 a
2441 2443 2672 2499 mortuis
2700 2444 3035 2512 excitatum;
3068 2453 3131 2500 ut
3159 2445 3288 2518 quia
3317 2454 3542 2517 peccato

1952 2528 2195 2585 hominis
2223 2547 2370 2586 mors
2398 2531 2623 2591 inventa
2651 2541 2750 2599 est,
2783 2531 2988 2588 Christi
3013 2531 3233 2605 justitia
3271 2550 3539 2591 resurrec-

1951 2617 2158 2674 tionem
2189 2619 2454 2675 meruerit
2481 2627 2847 2676 mortuorum.

2024 2717 2204 2789 (Vers.
2229 2717 2346 2789 22.)
2384 2742 2402 2765 ι
2431 2717 2586 2774 Sicut
2611 2718 2758 2774 enim
2789 2718 2847 2773 in
2878 2717 3055 2773 Adam
3085 2733 3277 2774 omnes
3297 2720 3541 2776 moriun-

1948 2811 2058 2872 tur,
2092 2805 2169 2860 ita
2197 2814 2251 2862 et
2279 2806 2338 2861 in
2378 2806 2601 2863 Christo
2630 2823 2820 2862 omnes
2867 2805 3321 2863 viviﬁcabuntur.
3361 2832 3380 2855 ι
3426 2809 3542 2866 Hoc

1945 2894 2102 2964 dicit,
2135 2897 2264 2970 quia
2305 2897 2450 2953 sicut
2479 2897 2654 2954 Adam
2695 2913 2924 2970 peccans
2953 2904 3186 2954 mortem
3217 2897 3454 2967 invenit,
3485 2908 3541 2956 et

1944 3002 2135 3042 omnes
2164 3003 2232 3042 ex
2262 2986 2380 3059 ejus
2408 2987 2620 3061 origine
2651 2987 2850 3056 tenuit,
2881 2995 2944 3044 ut
2969 2985 3347 3044 dissolvantur
3376 2988 3493 3059 (46)
3521 3005 3534 3044 :

311 3081 495 3153 (νοτε,
537 3084 649 3156 15.)
696 3108 713 3132 ι
769 3083 1094 3140 Invenimur
1148 3089 1334 3138 autem
1385 3089 1442 3138 et
1491 3081 1617 3138 falsi
1673 3091 1836 3140 testes
1865 3075 2024 3149 cita
2053 3083 2105 3131 et
2135 3075 2387 3133 Christus
2435 3093 2546 3132 non
2601 3093 2854 3148 peccans,
2884 3085 2939 3134 et
2995 3094 3092 3150 per
3146 3077 3253 3134 hoc
3306 3078 3537 3134 vincens

234 3170 336 3227 Dei
378 3189 392 3238 ;
429 3171 557 3245 quia
596 3172 978 3228 testimonium
1019 3171 1266 3226 diximus
1320 3171 1582 3227 adversus
1639 3173 1834 3241 Deum,

231 3260 387 3334 quod
418 3262 766 3318 suscitaverit
795 3261 1099 3327 Christum,
1129 3277 1290 3333 quem
1322 3277 1435 3316 non
1461 3261 1770 3317 suscitavnt.
1804 3287 1822 3309 ι

229 3347 344 3416 Qui
376 3349 570 3405 asserit
607 3349 755 3423 quod
783 3348 1066 3406 Christum
1098 3351 1243 3405 Deus
1271 3368 1302 3406 a
1332 3351 1568 3407 mortuis
1596 3352 1838 3408 suscita-

230 3437 341 3505 vit,
369 3437 544 3494 falsus
599 3446 682 3496 est
733 3437 906 3504 testis,
939 3437 984 3492 si
1017 3454 1128 3494 non
1159 3447 1240 3495 est
1265 3439 1472 3496 factum
1503 3459 1516 3508 ;
1571 3439 1834 3495 virtutem

234 3535 421 3584 tamen
447 3529 547 3584 Dei
581 3529 863 3601 praedicat,
897 3547 1010 3586 non
1064 3530 1254 3602 utique
1309 3537 1370 3584 ut
1415 3528 1697 3595 inimicus,
1740 3529 1833 3602 qui

235 3626 347 3674 tam
379 3616 703 3675 admirabile
742 3619 951 3676 factum
992 3619 1189 3674 virtuti
1228 3617 1348 3687 ejus
1393 3617 1640 3674 ascribit.
1675 3617 1831 3684 Quod

235 3707 281 3763 si
322 3725 515 3763 verum
557 3715 658 3776 est,
691 3708 821 3781 quia
859 3709 1128 3766 excitavit
1168 3708 1451 3765 Christum
1491 3723 1522 3762 a
1573 3708 1828 3778 mortuis,

232 3799 369 3873 quid
400 3799 531 3857 huic
559 3799 854 3857 dicendum
885 3809 965 3857 est
996 3799 1136 3872 (43),
1168 3799 1262 3872 qui
1317 3807 1371 3854 et
1427 3799 1581 3855 testis
1638 3807 1830 3856 contra

231 3890 410 3946 Deum
440 3888 611 3945 falsus
640 3898 744 3955 est,
780 3897 834 3946 et
859 3906 996 3962 opus
1023 3887 1142 3960 ejus
1169 3887 1465 3944 stultitiam
1492 3888 1686 3943 asserit
1709 3888 1737 3943 ?

307 3977 491 4049 (Vers.
535 3979 620 4048 16,
681 3980 795 4050 17.)
841 4005 859 4026 ε
886 3979 1021 4035 Nam
1054 3979 1099 4034 si
1129 3977 1333 4034 mortui
1365 3995 1476 4033 non
1513 3985 1826 4050 resurgunt,

231 4085 412 4143 neque
441 4069 693 4126 Christus
733 4071 1054 4127 resurrexit.
1104 4070 1260 4136 Quod
1315 4069 1360 4126 si
1411 4069 1664 4128 Christus
1717 4084 1826 4124 non

229 4159 556 4226 resurrexit,
593 4175 735 4214 vana
763 4167 846 4215 est
875 4159 1011 4216 ﬁdes
1039 4167 1259 4225 vestra;
1308 4158 1490 4214 adhuc
1518 4157 1666 4213 enim
1697 4157 1829 4214 estis

228 4247 286 4302 in
315 4247 555 4319 peccatis
584 4247 804 4303 vestris.
835 4248 978 4318 Ergo
1009 4255 1064 4302 et
1091 4247 1187 4317 qui
1217 4246 1562 4302 dormierunt
1588 4245 1648 4300 in
1674 4245 1828 4302 Chri-

227 4345 332 4405 sto,
401 4335 707 4406 perierunt.
767 4355 793 4386 η
824 4336 1013 4391 Terret
1069 4335 1216 4400 illos,
1265 4343 1326 4390 ut
1375 4334 1504 4406 quia
1531 4349 1694 4390 nemo
1724 4331 1829 4390 sibi

1951 3176 2179 3223 mortem
2213 3169 2368 3242 (quia
2391 3170 2486 3241 qui
2512 3185 2624 3224 non
2653 3177 2860 3240 peccat,
2909 3169 3085 3225 vincit
3123 3178 3376 3237 mortem;
3409 3172 3539 3244 quia

1950 3274 2097 3313 mors
2149 3275 2217 3313 ex
2265 3260 2533 3330 peccato),
2563 3258 2821 3314 omnibus
2861 3258 2957 3331 qui
3004 3267 3134 3313 sunt
3167 3275 3233 3314 ex
3265 3258 3384 3330 ejus
3421 3277 3535 3315 cor-

1951 3363 2099 3418 pore,
2130 3347 2426 3419 acquisivit
2452 3347 2645 3415 vitam,
2670 3346 2726 3403 id
2747 3355 2829 3403 est
2848 3349 3322 3405 resurrectionem.
3340 3351 3539 3418 Quam-

1951 3435 2036 3491 vis
2090 3453 2218 3508 ergo
2271 3439 2576 3508 generalem
2625 3437 2883 3494 tribuerit
2943 3437 3420 3508 resurrectionem,
3478 3447 3540 3496 ut

1947 3526 2090 3582 sicut
2125 3527 2184 3582 in
2215 3527 2388 3583 Adam
2418 3544 2607 3583 omnes
2631 3528 2746 3583 sive
2769 3527 2905 3599 justi
2938 3529 3054 3584 sive
3084 3527 3537 3600 injustimoriun-

1945 3623 2056 3683 tur,
2089 3616 2164 3671 ita
2207 3625 2259 3673 et
2315 3617 2371 3672 in
2417 3617 2636 3674 Christo
2660 3634 2868 3684 omnes,
2902 3625 3010 3673 tam
3047 3619 3332 3676 credentes
3368 3636 3530 3693 quam

1943 3703 2271 3774 difﬁdentes,
2305 3715 2608 3778 resurgant,
2652 3707 2782 3764 licet
2828 3707 2896 3763 ad
2945 3725 3159 3780 poenam
3209 3709 3481 3767 increduli
3516 3727 3530 3774 ;

1941 3800 2124 3849 tamen
2151 3794 2422 3851 viviﬁcari
2453 3795 2746 3864 videntur;
2797 3796 2928 3868 quia
2978 3813 3210 3869 corpora
3253 3814 3352 3852 sua
3383 3798 3535 3852 reci~

1941 3884 2111 3956 pient,
2142 3883 2257 3956 jam
2289 3902 2400 3941 non
2431 3887 2706 3954 morituri,
2740 3885 2835 3941 sed
2874 3886 3085 3957 passuri
3123 3901 3340 3957 poenam
3370 3884 3428 3938 in
3456 3885 3536 3940 eis

1940 3973 2057 4029 sine
2084 3974 2194 4030 ﬁne
2225 3991 2236 4029 :
2272 3976 2420 4047 quod
2450 3974 2670 4030 credere
2699 3975 3018 4030 noluerunt.

2015 4073 2197 4143 (Vers.
2231 4073 2347 4143 23.)
2381 4096 2400 4118 ε
2421 4073 2806 4146 Unusquisque
2836 4080 3016 4129 autem
3048 4072 3106 4129 in
3135 4089 3234 4130 suo
3264 4071 3477 4130 ordine.
3501 4098 3520 4121 ι

1940 4163 2098 4218 Nunc
2124 4163 2373 4218 ordinem
2407 4163 2826 4219 resurrectionis
2846 4166 2968 4222 vult
2997 4181 3290 4238 exponere,
3310 4182 3379 4221 ne
3410 4164 3533 4222 ideo

1940 4258 2196 4324 putarent
2253 4251 2560 4310 fabulosum
2619 4270 2754 4320 esse,
2809 4254 2938 4326 quia
2995 4255 3196 4312 factum
3266 4271 3377 4311 non
3451 4262 3534 4311 est

1942 4339 2124 4396 adhuc
2153 4340 2210 4395 in
2237 4343 2448 4397 caeteris
2483 4358 2494 4395 :
2529 4341 2748 4398 ordines
2778 4342 2892 4400 illis
2921 4343 3152 4418 exponit
3179 4351 3234 4400 et
3258 4351 3529 4416 tempora,

229 4427 373 4482 male
427 4424 571 4492 vult,
605 4423 787 4480 doleat
817 4423 930 4480 illis
970 4423 1076 4479 hoc
1119 4423 1346 4496 coepisse
1393 4423 1636 4493 credere,
1681 4424 1829 4498 quod
1863 4440 1912 4499 ι)
1943 4429 2161 4502 quando
2190 4430 2395 4487 factum
2436 4431 2526 4500 sit,
2560 4439 2614 4487 et
2642 4433 2862 4506 quando
2906 4434 3157 4491 futurum
3203 4443 3305 4502 est,
3353 4440 3416 4488 ut
3452 4449 3532 4488 re-

227 4525 424 4573 contra
453 4515 604 4586 ipsos
631 4523 737 4572 est.
767 4515 902 4583 Quis
957 4514 1104 4570 enim
1166 4523 1386 4586 peccata
1439 4513 1544 4570 sibi
1603 4514 1830 4571 remissa

228 4605 372 4661 nolit
401 4603 593 4660 audire
616 4603 644 4659 ?

304 4693 490 4762 (Vers.
525 4692 638 4764 18.)
687 4717 704 4739 ε
735 4693 879 4764 Ergo
905 4699 959 4746 et
987 4693 1081 4764 qui
1112 4691 1462 4749 dormierunt
1494 4692 1552 4748 in
1581 4691 1823 4760 Christo,

230 4783 534 4854 perierunt.
561 4808 580 4829 ι
613 4781 786 4838 Addit
815 4782 883 4837 ad
913 4789 1198 4846 terrorem,
1227 4784 1356 4855 quia
1381 4783 1676 4838 charorum
1703 4799 1827 4837 suo-

232 4893 353 4930 rum
405 4891 688 4932 excessum
739 4876 938 4930 nolunt
974 4876 1244 4931 aestimare
1282 4875 1649 4946 perditionem
1683 4874 1824 4946 (44).

230 4967 337 5033 Qui
367 4965 515 5021 enim
555 4967 656 5022 sub
713 4965 815 5023 hac
869 4983 962 5038 spe
1017 4966 1085 5021 de
1141 4967 1342 5023 sazculo
1401 4966 1678 5031 exierunt,
1711 4964 1828 5020 sive

231 5055 411 5111 occidi
468 5072 579 5111 non
635 5055 981 5124 timuerunt;
1055 5058 1187 5130 quia
1242 5073 1521 5128 resurgere
1572 5056 1828 5126 exemplo

230 5142 441 5199 Christi
468 5142 840 5212 crediderunt,
872 5152 926 5200 et
963 5161 1075 5200 non
1120 5152 1204 5199 est
1249 5160 1464 5210 verum,
1519 5141 1824 5214 perierunt.

303 5320 418 5391 (43)
451 5321 579 5377 Mss.
613 5321 802 5389 C0rb.,
832 5321 963 5391 quid
987 5321 1068 5375 hic
1093 5321 1343 5375 dicendus
1369 5325 1460 5374 est.

303 5390 423 5463 (44)
462 5391 609 5448 Idem
627 5393 751 5448 cod.
769 5390 960 5458 Co’rb.,
983 5393 1174 5463 petunt
1201 5391 1464 5463 aestimare
1486 5390 1825 5463 perditionis.

232 5461 358 5519 MOx
403 5461 557 5529 vero,
588 5463 682 5520 ubi
714 5479 906 5518 omnes
935 5461 1068 5516 edit.
1100 5479 1162 5516 ac
1193 5477 1322 5516 mss.
1373 5461 1535 5533 longe
1575 5462 1824 5532 plurimi,

234 5535 337 5601 Qui
364 5535 502 5588 enim
532 5551 639 5588 non
669 5534 976 5598 timuerunt,
1005 5533 1100 5585 sub
1120 5533 1216 5587 hac
1240 5549 1346 5603 spe,
1378 5539 1508 5600 etc.,
1544 5549 1645 5587 ms.
1681 5533 1828 5602 V_all.

231 5606 416 5679 aptius
445 5605 597 5678 legit,
639 5614 700 5661 ut
729 5622 829 5661 nos
860 5604 918 5660 in
953 5609 1128 5659 textu.

1938 4528 2163 4593 surgant
2192 4521 2420 4578 mortui.
2469 4548 2485 4568 -
2514 4522 2742 4579 Initium
2776 4523 3048 4580 Christus.
3081 4550 3100 4572 ι
3144 4524 3298 4580 Sicut
3330 4523 3388 4578 in
3413 4524 3534 4579 Ac-

1937 4610 2084 4666 tibus
2111 4613 2499 4683 Apostolorum
2530 4620 2764 4669 testatur
2794 4614 3060 4684 scriptum
3089 4629 3204 4668 esse
3232 4612 3292 4666 in
3321 4611 3527 4681 Moyse.

1951 4723 1970 4745 ι
1999 4699 2055 4753 Si
2109 4700 2389 4770 passibilis
2433 4701 2708 4766 Christus,
2759 4700 2803 4754 si
2846 4701 2998 4770 prior
3033 4715 3260 4768 surgens
3286 4712 3356 4750 ex
3387 4713 3529 4751 mor-

1936 4787 2050 4841 tuis
2083 4787 2220 4856 (Αοι.
2269 4804 2430 4851 xxvn,
2463 4789 2580 4856 23),
2611 4795 2717 4841 etc.
2758 4810 2776 4831 ›
2819 4787 2978 4841 Prior
3021 4802 3150 4856 ergo
3206 4783 3528 4852 resurrexit,

1885 4860 1906 4883 ⁸
1937 4881 1997 4927 ut
2028 4874 2204 4928 forma
2233 4875 2386 4929 ﬁeret
2415 4873 2766 4929 credentibus
2799 4873 2906 4928 sibi
2949 4872 3093 4943 (47).
3148 4896 3166 4919 ι
3195 4870 3404 4928 Deinde
3433 4874 3529 4946 qui

1937 4969 2067 5016 sunt
2095 4959 2321 5028 Christi,
2351 4960 2445 5032 qui
2494 4960 2550 5013 in
2593 4959 2894 5013 adventum
2936 4959 3054 5031 ejus
3087 4957 3461 5017 crediderunt.
3497 4988 3515 5009 ι

1938 5051 2052 5106 Hoc
2077 5049 2286 5122 duplici
2318 5048 2480 5104 modo
2509 5048 2932 5121 intelligendum
2963 5058 3063 5120 est,
3096 5050 3226 5124 quia
3251 5058 3305 5108 et
3334 5053 3391 5109 in
3437 5054 3528 5110 ad-

1936 5149 2105 5198 ventu
2146 5140 2264 5212 ejus
2304 5140 2549 5198 secundo
2593 5139 2769 5196 sancti
2809 5151 3116 5215 resurgent,
3156 5142 3320 5214 juxta
3363 5144 3526 5203 ﬁdem

2033 5321 2126 5394 45)
2159 5323 2344 5380 Codex
2376 5321 2548 5394 Yall.,
2570 5319 2660 5374 sed
2688 5319 2912 5394 detuli:
2938 5321 3186 5394 gloriam.

2035 5390 2126 5469 46)
2159 5394 2317 5450 Rom.
2349 5392 2506 5458 edit.,
2537 5397 2586 5445 et
2613 5390 2795 5460 tenuit,
2819 5399 2876 5447 ut
2903 5390 3077 5448 omnes
3102 5411 3167 5448 ex
3190 5392 3303 5462 ejus
3327 5396 3533 5469 origine

1937 5461 2317 5517 dissolvantur.

2011 5529 2126 5600 (47)
2151 5531 2314 5603 Corb.
2343 5531 2490 5598 cod.,
2524 5536 2581 5582 ut
2608 5531 2767 5601 ﬁrma
2797 5533 2938 5603 ﬁeret
2961 5534 3286 5592 credentibus
3315 5537 3417 5596 sibi
3451 5559 3532 5598 re.

1937 5601 2212 5657 surrectio.
