3952 6202
431 336 536 394 279

1458 336 1557 391 AD
1597 333 1833 394 OPERA
1869 334 1924 392 S.
1966 335 2300 395 AMBROSII
2336 337 2719 397 APPENDIX.

3664 344 3774 402 280

438 460 803 536 Apocalypsis
836 458 1065 518 Joannis
1084 458 1273 533 (Apoc.
1302 476 1398 530 xx,
1432 459 1547 532 12),
1578 460 1796 518 sicntet
1823 461 1881 516 in
1902 466 2043 526 163
2071 461 2124 523 Α
2147 464 2220 531 ei,
2264 463 2405 521 sicut
2435 463 2613 520 Filius
2656 463 2804 521 Patri
2834 480 2890 521 se
2928 464 3200 539 subjecit;
3245 466 3638 542 incongruum
3688 483 3769 532 est

436 563 617 635 primo
648 563 889 619 adventu
920 578 1047 619 cum
1078 562 1405 628 resurrexit,
1436 562 1611 616 multa
1639 577 1867 632 corpora
1909 576 2026 616 san-

435 662 649 713 ctorum
705 660 1125 710 resnrrexerunt
1158 652 1371 722 (Matth.
1422 667 1602 719 xxvn,
1651 650 1767 722 52),
1805 649 1874 706 ad
1904 665 2029 722 pro-

436 755 779 803 testationem
812 744 972 801 victae
1005 742 1200 797 mortis
1227 759 1289 797 ac
1318 742 1583 813 spoliatae.
1619 742 1730 798 Sub
1761 758 1873 797 una
1901 758 2028 813 ergo

432 835 835 910 signiﬁcatione
865 833 1141 905 duplicem
1168 831 1467 888 adventum
1499 831 1723 889 Domini
1776 848 2027 904 compre-

432 925 647 984 hendit.

505 1016 686 1087 (Vers.
720 1013 807 1081 24,
841 1012 929 1080 25,
957 1011 1073 1084 26.)
1120 1034 1138 1057 ι
1168 1011 1380 1068 Deinde
1402 1010 1548 1079 ﬁnis,
1579 1028 1705 1068 cum
1736 1011 2027 1069 tradiderit

428 1121 654 1178 regnum
689 1106 801 1159 Deo
841 1111 895 1158 et
931 1102 1100 1171 Patri,
1130 1118 1256 1157 cum
1287 1101 1600 1158 destituerit
1629 1120 1848 1158 omnem
1879 1104 2025 1175 prin-

427 1197 668 1269 cipatum
701 1199 755 1248 et
783 1208 1002 1248 omnem
1034 1198 1381 1263 potestatem,
1403 1200 1457 1248 et
1488 1208 1707 1248 omnem
1738 1193 2023 1262 virtutem,

427 1294 480 1342 et
508 1299 727 1340 omnem
761 1281 1219 1339 dominationem.
1254 1281 1481 1352 Oportet
1523 1281 1672 1337 enim
1718 1281 1878 1339 illum
1932 1299 2029 1338 re-

427 1391 613 1448 gnare,
646 1372 823 1429 donec
873 1380 1042 1445 ponat
1089 1387 1282 1426 omnes
1329 1369 1587 1427 inimicos
1644 1370 1744 1427 sub
1794 1370 2028 1443 pedibus

426 1465 543 1537 ejus
567 1482 580 1532 ;
614 1462 800 1518 omnia
828 1461 978 1516 enim
1017 1459 1256 1530 subjecit
1284 1458 1387 1515 sub
1414 1460 1647 1533 pedibus
1677 1458 1813 1533 ejus.
1838 1460 2030 1516 Novis-

426 1555 562 1612 sime
591 1559 771 1609 autem
808 1550 1039 1607 inimica
1091 1549 1408 1605 destruetur
1465 1566 1633 1606 mors.
1665 1573 1684 1598 ι
1726 1550 1840 1606 Hoc
1869 1548 2023 1620 dicit,

426 1644 557 1717 quia
587 1642 793 1700 trodito
820 1656 988 1713 regno
1019 1638 1150 1695 ﬁnis
1179 1638 1290 1694 erit
1331 1637 1549 1707 mundi,
1580 1639 1809 1712 impleta
1837 1655 2029 1695 resur-

425 1733 690 1791 rectione.
739 1729 898 1798 Quod
926 1727 1150 1801 quidam
1195 1727 1375 1784 territi
1415 1728 1705 1799 asperitate
1736 1727 2025 1798 sermonis,

2139 555 2287 610 enim
2320 563 2381 610 ut
2403 555 2562 612 Pater
2586 553 2910 628 subjiciatur
2936 556 3099 613 Filio.
3125 557 3334 615 Omnia
3351 575 3486 633 ergo
3510 561 3766 635 subjecit

2139 644 2298 701 Pater
2327 645 2493 713 Filio,
2519 653 2580 701 ut
2611 645 2867 702 similiter
2897 646 3320 718 honoriﬁcetnr,
3363 649 3513 707 sicut
3561 651 3764 712 hono-

2137 734 2387 791 riﬁcatur
2407 742 2460 790 et
2489 736 2666 791 Pater.
2698 735 2835 793 Cum
2878 752 3004 808 ergo
3036 737 3222 792 omnia
3251 738 3505 796 confessa
3538 740 3762 800 fuerint

2139 824 2421 881 Christum
2472 826 2667 894 Deum,
2711 824 2984 882 substrata
3034 826 3268 899 pedibus
3314 826 3454 900 ejus,
3502 837 3649 889 tunc
3703 843 3755 891 et

2138 912 2252 986 ipse
2288 912 2538 971 Christus
2567 914 2838 971 Dominus
2868 913 3192 987 snbjicietnr
3231 917 3344 973 Deo
3382 917 3537 975 Patri
3570 938 3581 976 :
3636 948 3655 969 ι
3688 923 3755 979 Ut

2137 1007 2209 1063 sit
2237 1010 2381 1064 Deus
2412 1008 2598 1064 omnia
2624 1008 2681 1064 in
2720 1007 2997 1063 omnibus.
3034 1031 3051 1054 ι
3098 1008 3215 1064 Hoc
3240 1008 3405 1078 dicit,
3438 1010 3575 1083 quia
3622 1030 3751 1071 cum

2136 1095 2384 1151 omnium
2416 1095 2749 1169 principium
2783 1104 2836 1151 et
2862 1103 3191 1168 potestatum
3216 1103 3268 1150 et
3290 1094 3745 1157 dominationum

2135 1184 2305 1241 fuerit
2361 1201 2543 1258 pressa
2590 1185 2866 1257 superbia,
2927 1190 2980 1240 et
3034 1184 3387 1241 adoraverint
3454 1187 3744 1247 Christum

2137 1273 2291 1346 quasi
2318 1274 2514 1343 Denm,
2548 1282 2681 1330 tunc
2719 1281 2773 1330 et
2821 1272 3076 1331 Christus
3117 1281 3338 1348 propter
3370 1277 3597 1334 unicam
3636 1297 3744 1335 au-

2136 1364 2446 1421 ctoritatem
2477 1364 2656 1419 Patris
2688 1362 2830 1434 (50),
2862 1365 3040 1419 Deum
3088 1364 3311 1438 quidem
3362 1381 3419 1421 se
3465 1369 3739 1438 ostendet,

2136 1454 2231 1510 sed
2251 1452 2317 1509 de
2332 1456 2462 1521 Deo;
2499 1461 2561 1510 ut
2579 1453 2745 1508 unius
2776 1452 3037 1526 principii
3066 1454 3324 1510 sublimis
3354 1462 3409 1511 et
3442 1458 3740 1516 ineﬂ'abilis

2137 1542 2434 1599 auctoritas
2464 1549 2698 1598 maneat.
2717 1543 2833 1598 Hoc
2859 1549 2943 1598 est
2968 1541 3238 1616 subjicere
3259 1561 3315 1600 se
3335 1546 3546 1604 Filium
3567 1550 3732 1620 Patri,

2138 1633 2245 1691 hoc
2273 1642 2374 1705 est,
2419 1635 2595 1691 Deum
2642 1650 2758 1689 esse
2801 1633 2988 1690 omnia
3031 1632 3089 1688 in
3130 1634 3410 1705 omnibus,
3451 1638 3583 1712 quia
3610 1657 3733 1697 cum

2137 1726 2301 1784 discit
2356 1727 2538 1784 omnis
2593 1735 2841 1783 creatura
2884 1735 3048 1798 caput
3094 1743 3255 1784 suum
3284 1744 3400 1785 esse
3428 1728 3731 1801 Christum,

424 1826 557 1881 dum
586 1821 742 1895 quasi
772 1820 860 1893 pie
899 1819 1097 1875 volunt
1127 1817 1355 1888 sentire,
1384 1835 1416 1873 a
1461 1817 1793 1891 proprietate
1842 1834 2033 1876 sensus
2058 1818 2105 1881 B
2138 1816 2343 1873 Christi
2373 1825 2555 1872 autem
2606 1823 2769 1889 caput
2819 1817 2995 1873 Deum
3026 1816 3265 1888 Patrem,
3299 1819 3488 1874 omnia
3516 1820 3575 1877 in
3604 1839 3733 1878 om-

424 1912 725 1970 declinant.
760 1910 999 1965 Horrent
1034 1906 1183 1964 enim
1238 1923 1435 1964 sonum
1485 1907 1639 1963 verbi
1686 1907 1970 1965 audientes
2003 1926 2013 1962 :

439 2027 456 2049 ι
491 2002 629 2060 Cum
662 1996 953 2056 tradiderit
992 2013 1219 2070 regnum
1249 1998 1363 2053 Deo
1393 2005 1446 2053 et
1475 1996 1656 2064 Patri;
1706 2021 1725 2046 ι
1767 2004 2020 2070 putantes

422 2089 722 2147 traditione
755 2087 859 2146 hac
889 2088 1063 2159 regni,
1096 2086 1139 2142 si
1166 2085 1330 2159 juxta
1358 2102 1555 2142 sonum
1602 2084 1757 2142 verbi
1799 2086 2018 2141 intelli-

421 2188 600 2253 gatur,
632 2194 869 2237 vacuum
899 2192 1179 2233 remanere
1203 2174 1355 2248 (118);
1390 2183 1452 2231 ut
1479 2175 1525 2232 si
1548 2175 1738 2241 tradit,
1763 2174 1878 2247 jam
1904 2175 2019 2247 ipse

425 2290 538 2329 non
577 2271 775 2329 habeat
810 2286 821 2325 :
855 2269 1012 2343 quasi
1041 2270 1201 2325 Pater
1233 2266 1453 2324 tradens
1489 2267 1678 2324 omnia
1703 2267 1872 2336 Filio,
1898 2284 2018 2323 eva-

419 2360 672 2420 cuaverit
717 2376 793 2418 se.
834 2361 968 2417 Nam
1011 2364 1065 2415 et
1103 2357 1219 2430 ipse
1266 2357 1540 2414 Dominus
1584 2356 1709 2415 ait:
1757 2382 1776 2406 ι
1822 2356 2021 2413 Omnia

421 2450 560 2507 mihi
588 2449 789 2506 tradita
817 2456 945 2506 sunt
974 2465 1006 2505 a
1033 2448 1191 2504 Patre
1236 2463 1358 2503 meo
1405 2448 1618 2521 (Matth.
1673 2464 1753 2515 χι,
1803 2448 1936 2518 27);
1987 2471 2004 2494 ι

421 2547 475 2595 et
503 2547 688 2612 postea
721 2557 732 2595 :
780 2562 798 2584 ι
828 2538 954 2595 limo
984 2544 1064 2594 est
1093 2546 1275 2595 autem
1308 2536 1425 2593 vita
1462 2546 1684 2607 aeterna,
1723 2545 1784 2594 ut
1823 2554 2017 2610 cogno-

420 2639 574 2686 scant
602 2638 655 2687 te
684 2629 862 2685 solum
889 2644 1083 2684 verum
1114 2630 1381 2698 Deum,et
1410 2644 1569 2701 quem
1602 2626 1801 2684 misisti
1833 2627 2015 2682 Jesum

422 2719 704 2778 Christum
755 2718 936 2788 (Joan.
980 2734 1121 2787 xvu,
1176 2719 1256 2791 3).
1301 2742 1319 2766 ι
1363 2720 1505 2776 Ecce
1554 2724 1812 2789 regnante
1851 2714 2015 2783 Filio,

424 2816 615 2880 regnat
664 2816 718 2863 et
754 2808 932 2863 Pater.
984 2806 1271 2873 Quomodo
1302 2816 1487 2863 autem
1517 2807 1738 2861 tradens
1788 2820 2013 2875 regnum

416 2897 595 2953 Filius
622 2909 888 2950 evacuare
926 2909 982 2949 se
1012 2894 1325 2949 crederetur
1356 2895 1495 2964 (49),
1529 2910 1655 2951 cum
1682 2892 1828 2950 dicat
1856 2909 2014 2965 ange-

417 2984 503 3039 lus
536 2984 604 3038 ad
634 2982 862 3037 Mariam
898 2998 909 3036 :
956 3004 973 3027 ι
1003 2981 1075 3035 Et
1102 2981 1256 3036 dabit
1305 2981 1389 3035 illi
1434 2982 1703 3037 Dominus
1749 2984 1895 3039 Deus
1924 3000 2018 3039 se-

420 3072 544 3129 dem
578 3070 758 3130 David
781 3070 952 3144 patris
983 3069 1090 3138 sui,
1122 3078 1176 3126 et
1215 3071 1463 3142 regnabit
1486 3071 1544 3127 in
1575 3072 1739 3129 domo
1763 3073 1926 3130 Jacob
1958 3073 2015 3129 in

2132 1908 2295 1965 nibus
2323 1915 2404 1964 est
2432 1909 2578 1965 Dens
2630 1908 2809 1978 Pater,
2859 1908 2966 1964 hoc
3003 1916 3103 1977 est,
3149 1918 3210 1966 ut
3258 1910 3435 1967 omnis
3484 1921 3730 1970 creatura

2132 2015 2304 2054 unum
2335 1997 2556 2066 sentiat,
2596 2005 2657 2054 nt
2686 2014 2797 2054 una
2836 2013 2969 2055 voce
2999 1999 3180 2054 omnis
3210 1998 3390 2071 lingua
3417 2002 3729 2059 cmlestium

2132 2095 2185 2144 et
2211 2088 2550 2144 terrestrium
2582 2093 2636 2142 et
2670 2087 3016 2144 infernornm
3049 2088 3375 2144 conﬁteatur
3402 2105 3579 2146 unum
3617 2106 3731 2147 esse

2131 2178 2305 2233 Deum
2341 2176 2603 2248 (Philipp.
2635 2193 2694 2244 ιι,
2731 2175 2820 2244 10,
2855 2176 2967 2248 11),
3001 2192 3069 2232 ex
3104 2193 3212 2251 quo
3261 2186 3389 2233 sunt
3433 2179 3637 2235 omnia.
3667 2180 3726 2237 Si

2131 2277 2313 2323 autem
2341 2266 2575 2322 dixisset
2609 2282 2619 2320 :
2672 2288 2690 2311 ι
2729 2265 2800 2321 Ut
2828 2265 2901 2321 sit
2930 2267 3075 2322 Deus
3106 2265 3163 2321 in
3194 2266 3475 2337 omnibus,
3508 2294 3525 2317 ι
3569 2268 3724 2325 intel-

2133 2358 2392 2429 ligeretur
2425 2356 2482 2413 in
2504 2354 2763 2413 omnibus
2781 2354 3005 2429 quidem
3035 2371 3170 2424 esse,
3200 2355 3294 2412 sed
3323 2372 3422 2429 per
3448 2358 3720 2426 affectum,

2131 2454 2225 2504 aut
2253 2462 2603 2505 communem
2643 2462 2889 2514 sensum,
2918 2462 3031 2502 non
3059 2453 3245 2503 tamen
3276 2462 3338 2503 ea
3366 2448 3485 2519 ipsa
3512 2466 3583 2505 ex
3609 2448 3721 2521 ipso

2131 2556 2264 2597 esse.
2297 2540 2401 2596 Sed
2430 2556 2555 2597 cum
2586 2538 2732 2595 dixit
2765 2557 2776 2595 :
2825 2561 2843 2587 ι
2893 2539 3094 2595 Omnia
3121 2538 3180 2595 in
3212 2538 3472 2595 omnibus
3506 2556 3518 2595 :
3561 2564 3579 2587 ι
3623 2539 3723 2597 hoc

2130 2628 2480 2703 signiﬁcavit,
2514 2627 2643 2702 quia
2672 2635 2725 2684 et
2754 2644 2824 2683 ex
2852 2627 2971 2701 ipso
3001 2634 3149 2697 sunt,
3182 2637 3235 2684 et
3265 2628 3323 2684 in
3356 2628 3491 2701 ipsis
3521 2638 3633 2685 est:
3657 2646 3721 2687 ex

2078 2726 2081 2727 ⁷
2130 2719 2268 2793 ipso,
2295 2719 2424 2792 quia
2450 2719 2517 2776 ab
2548 2719 2668 2793 ipso
2695 2726 2877 2775 creata
2904 2726 3070 2774 sunt:
3109 2719 3166 2774 in
3198 2718 3333 2792 ipsis
3360 2726 3569 2788 autem,
3600 2720 3722 2793 quia

2130 2810 2186 2865 in
2217 2810 2467 2867 omnium
2502 2809 2847 2868 confessione
2884 2826 3028 2867 unus
3073 2818 3154 2867 est
3192 2812 3357 2867 Deus.
3389 2810 3515 2866 Non
3544 2816 3719 2865 tamen

2128 2900 2207 2957 sic
2237 2900 2530 2973 subjicitur
2557 2900 2734 2958 Filius
2768 2900 2934 2970 Patri,
2965 2900 3107 2957 sicut
3137 2899 3281 2957 Filio
3310 2907 3580 2957 creatura.

2203 2990 2384 3061 (Vers.
2404 2989 2520 3061 29.)
2540 3015 2558 3036 ‹
2579 2989 2842 3064 Alioquin
2865 2989 2999 3063 quid
3019 2990 3240 3059 facient,
3264 2990 3359 3062 qui
3375 2989 3723 3063 baptizamnr

2128 3096 2226 3153 pro
2256 3082 2510 3149 mortuis,
2540 3081 2586 3136 si
2625 3080 2855 3136 omnino
2886 3080 3089 3136 mortui
3120 3097 3234 3136 non
3263 3081 3608 3153 resurgunt?
3655 3081 3720 3138 Ut

414 3167 702 3229 aeternum,
734 3167 787 3215 et
825 3157 979 3231 regni
1011 3154 1129 3228 ejus
1175 3173 1287 3214 non
1329 3158 1434 3214 erit
1483 3158 1611 3216 ﬁnis
1657 3161 1808 3232 (Luc.
1849 3178 1890 3227 ι,
1925 3160 2014 3228 32,
2045 3181 2090 3243 ο
2128 3169 2262 3242 quid
2290 3178 2344 3227 et
2372 3169 2720 3243 baptizamnr
2748 3185 2847 3242 pro
2873 3165 3036 3226 illis?
3062 3194 3082 3219 ι
3125 3170 3187 3226 In
3216 3177 3434 3226 tantum
3466 3178 3643 3226 ratam
3669 3178 3721 3225 et

413 3250 506 3323 33)
532 3251 560 3307 τ
581 3276 598 3298 ι
618 3251 689 3306 Et
712 3249 911 3307 Daniel
943 3250 1010 3307 de
1036 3248 1225 3306 eodem
1258 3266 1425 3324 regno
1454 3249 1592 3307 dicit
1621 3250 1766 3307 inter
1794 3259 2005 3309 caetera:

425 3367 445 3392 ι
475 3346 621 3401 Dens
648 3343 772 3418 caeli
803 3342 1070 3401 excitabit
1098 3342 1249 3400 aliud
1280 3358 1529 3416 regnum,
1554 3343 1701 3417 quod
1728 3360 2008 3417 nunquam

412 3446 814 3509 corrumpetur,
838 3445 893 3491 et
920 3435 1026 3492 hoc
1057 3452 1286 3507 regnum
1317 3436 1422 3491 erit
1447 3444 1713 3493 aeternum
1745 3440 1911 3512 (Dan.
1946 3457 2006 3505 ιι,

411 3526 528 3596 (ili).
562 3551 582 3574 ι
623 3528 797 3583 Nemo
845 3542 983 3597 ergo
1018 3524 1235 3581 dubitet
1264 3525 1465 3583 Filium
1499 3545 1712 3601 semper
1741 3539 2009 3603 regnatu-

413 3631 536 3670 rum
572 3631 698 3671 cum
729 3616 908 3670 Patre.
940 3616 1186 3671 Traditio
1231 3625 1412 3674 autem
1461 3621 1577 3677 haec
1627 3624 1781 3694 regni
1811 3633 1912 3692 est,
1948 3632 2004 3678 ut

413 3718 542 3757 cum
574 3701 761 3757 omnia
791 3700 937 3757 Filio
990 3702 1197 3760 fuerint
1241 3703 1506 3774 subjecta,
1558 3714 1612 3762 et
1659 3708 2007 3767 adoraverint

415 3789 575 3847 illum
610 3797 675 3847 ut
700 3792 897 3859 Deum,
929 3790 1207 3848 destructa
1238 3800 1435 3862 morte,
1467 3802 1599 3851 tunc
1624 3796 1800 3853 Filius
1829 3809 2006 3856 osten-

411 3880 502 3939 det
528 3881 640 3940 illis
669 3899 793 3940 non:
810 3899 867 3941 se
896 3898 1031 3954 esse,
1062 3899 1132 3939 ex
1161 3899 1294 3964 quo_
1313 3893 1444 3942 sunt
1488 3886 1696 3956 omnia,
1748 3889 1842 3945 sed
1889 3907 2006 3964 per-

411 3988 573 4046 qnem
630 3983 763 4031 sunt
789 3974 977 4031 omnia
1008 3991 1020 4030 :
1052 3982 1105 4031 et
1134 3974 1241 4034 hoc
1265 3954 1369 4033 erit
1394 3977 1607 4034 tradere
1637 3994 1861 4052 regnum
1896 3986 2006 4039 Deo

410 4069 464 4118 et
488 4062 657 4132 Patri,
692 4064 977 4123 ostendere
1007 4066 1189 4140 ipsum
1220 4084 1355 4138 esse,
1385 4085 1453 4125 ex
1483 4085 1591 4142 quo
1621 4071 1803 4128 omnis
1831 4080 2004 4145 pater-

411 4150 555 4206 nitas
585 4151 645 4207 in
672 4154 826 4209 caelis
846 4155 977 4209 etin
1007 4163 1153 4211 terra
1176 4157 1496 4214 nominatur
1515 4159 1730 4231 (Ephes.
1764 4179 1845 4232 ιιι,
1875 4164 1999 4237 15);

417 4242 471 4290 et
500 4242 634 4293 tunc
660 4239 766 4293 erit
794 4239 939 4294 ﬁnis.
963 4242 1278 4299 Destructio
1299 4252 1485 4302 tamen
1512 4248 1708 4305 mortis
1738 4257 1821 4306 est
1849 4267 2004 4307 resnr

410 4323 579 4379 rectio
609 4333 975 4383 mortuorum.

481 4412 669 4483 (Vers.
697 4412 785 4482 27,
818 4414 935 4485 28.)
984 4441 1001 4464 ε
1033 4417 1170 4475 Cum
1198 4429 1379 4477 autem
1411 4421 1559 4481 dicat
1591 4441 1602 4480 :
1633 4427 1830 4484 Omnia
1861 4430 2002 4487 sub-

2119 3260 2373 3317 stabilem
2401 3260 2522 3315 vult
2552 3258 2837 3315 ostendere
2863 3260 3321 3316 resurrectionem
3348 3268 3719 3333 mortuorum,

2118 3358 2181 3407 ut
2210 3351 2523 3424 exemplum
2554 3349 2645 3405 det
2674 3365 2885 3418 eorum,
2918 3350 3013 3424 qui
3059 3357 3172 3408 tam
3217 3351 3397 3407 securi
3446 3360 3608 3408 erant
3656 3351 3721 3410 de

2117 3441 2305 3497 futura
2331 3440 2733 3498 resurrectione
2759 3458 2773 3508 ;
2807 3448 2869 3497 ut
2893 3440 3060 3497 etiam
3092 3458 3191 3514 pro
3220 3441 3456 3498 mortuis
3480 3436 3721 3516 baptiza-

2117 3538 2329 3600 rentnr,
2358 3529 2405 3585 si
2437 3547 2599 3605 quem
2628 3530 2770 3586 forte
2809 3547 2957 3587 mors
3003 3530 3359 3604 praevenisset
3400 3549 3411 3587 :
3459 3532 3717 3590 timentes

2116 3635 2185 3675 ne
2213 3628 2307 3677 aut
2336 3620 2499 3687 male,
2530 3627 2624 3676 aut
2655 3636 2766 3676 non
2797 3628 3101 3694 resurgeret
3123 3620 3261 3693 (5i),
3286 3620 3380 3694 qui
3408 3619 3719 3694 baptizatus

2115 3734 2228 3773 non
2270 3715 2471 3784 fuerat,
2502 3716 2669 3772 vivus
2698 3716 2923 3773 nomine
2952 3717 3159 3773 mortui
3189 3717 3531 3790 tingebatur.
3564 3719 3719 3777 Unde

2115 3806 2346 3879 subjecit
2368 3823 2379 3862 :
2400 3829 2419 3854 ι
2448 3806 2520 3863 Ut
2542 3805 2673 3881 quid
2690 3816 2743 3864 et
2767 3807 3115 3881 baptizantur
3135 3826 3233 3882 pro
3264 3808 3377 3866 illis
3393 3810 3421 3867 ‘i
3458 3836 3478 3861 ι
3512 3811 3713 3868 Exem-

2115 3898 2207 3970 plo
2238 3895 2343 3954 hoc
2371 3913 2483 3953 non
2512 3896 2718 3954 factum
2749 3896 2973 3953 illorum
3003 3898 3218 3971 probat,
3236 3899 3331 3957 sed
3350 3899 3522 3956 ﬁxam
3541 3900 3709 3960 ﬁdem

2115 3986 2174 4042 in
2202 3986 2657 4044 resurrectionem
2681 3988 2941 4045 ostendit.
3749 4031 3753 4035 ι

2200 4081 2342 4138 164
2374 4077 2555 4147 (Vers.
2589 4077 2678 4146 30,
2726 4079 2843 4152 31.)
2888 4104 2906 4128 ι
2935 4081 3003 4139 Ut
3050 4082 3188 4157 quid
3213 4086 3266 4139 et
3295 4099 3395 4140 nos
3432 4083 3713 4156 periclita-

2113 4193 2239 4234 mur
2266 4176 2418 4233 omni
2447 4176 2626 4235 hora?
2654 4179 2912 4247 Quotidie
2941 4183 3148 4241 morior
3173 4200 3270 4257 pro
3301 4184 3471 4257 gloria
3505 4194 3710 4257 vestra,

2112 4282 2274 4337 quam
2309 4265 2484 4323 habeo
2510 4267 2568 4323 in
2606 4269 2866 4326 Domino.
2898 4295 2916 4319 ι
2962 4273 3210 4330 Dicendo
3243 4291 3255 4329 :
3300 4297 3319 4320 ι
3356 4274 3427 4331 Ut
3473 4275 3611 4348 quid
3657 4288 3713 4335 et

2111 4370 2212 4411 nos
2250 4355 2671 4427 periclitamur?
2723 4382 2741 4406 ι
2787 4358 3051 4418 discrevit
3090 4378 3368 4434 personas,
3409 4365 3709 4423 ostendens

2109 4457 2221 4498 non
2251 4442 2552 4501 catholicos
2571 4462 2719 4515 esse,
2749 4448 2844 4521 qui
2874 4466 2973 4521 pro
2994 4452 3226 4508 mortuis
3253 4452 3705 4525 baptizabantur.

400 4500 548 4573 jecta
571 4509 704 4557 sunt
747 4502 818 4571 ei,
851 4502 1114 4561 nimirum
1155 4515 1352 4579 praeter
1381 4527 1528 4581 eum,
1558 4514 1652 4586 qui
1682 4515 1914 4588 subjecit
1948 4521 1995 4576 ei

407 4589 587 4617 ,ιη-κζ..
631 4590 765 4617 1"“...
803 4600 979 4617 -.-a...M
1006 4593 1240 4617 ---'L.'--.-
1279 4596 1358 4617 3n:
1396 4599 1427 4617 Α
1466 4616 1473 4617 ,
1520 4600 1530 4610 -
1581 4610 1593 4617 .
1765 4604 1776 4615 ο
1871 4615 1878 4617 Α

2128 4531 2359 4605 )cniqne
2388 4550 2555 4606 supra
2589 4500 2783 4592 dixit]:
2821 4561 2839 4585 ι
2866 4500 2935 4594 Ut
2964 4539 3098 4613 quid
3127 4550 3181 4599 et
3219 4500 3572 4615 bapltizantur
3606 4562 3707 4617 pro

404 4589 610 4649 omnia.
630 4590 769 4650 Cum
800 4600 982 4649 autem
1004 4593 1249 4667 subjecta
1279 4596 1363 4653 illi
1393 4599 1599 4657 fuerint
1627 4604 1831 4674 omnia,
1864 4615 1997 4665 tunc

2108 4620 2219 4677 illis
2240 4622 2267 4678 ἵ)
2320 4622 2601 4696 Numquid
2632 4632 2685 4680 et
2712 4624 3056 4699 baptizamnr
3081 4647 3179 4702 pro
3219 4631 3380 4689 illis?
3410 4658 3428 4681 ι
3468 4635 3605 4691 Nam
3650 4644 3705 4692 et

402 4686 457 4781 εξ
492 4679 609 4797 ξξεθ
635 4680 821 4782 Filius.
842 4681 1167 4797 δᾨδὶίοίθῐξίι·
1196 4685 1430 4797 ﬁliifilii
1459 4691 1694 4765 subiecit
1723 4697 1996 4767 omniaﬂn
2102 4714 2315 4787 Iephte,
2350 4679 2603 4789 quamvis
2625 4718 2685 4775 iu
2714 4679 2801 4787 re:
2820 4737 2941 4793 quze
2972 4679 3191 4795 accepta
3218 4722 3335 4779 ﬁeri
3377 4741 3491 4781 non
3520 4735 3704 4797 posset

398 4770 471 4827 sit
497 4773 645 4829 Dens
671 4772 859 4830 omnia
877 4773 933 4830 in
957 4775 1231 4834 omnibus.
1258 4804 1276 4829 ι
1305 4780 1454 4837 Idem
1492 4799 1681 4841 sensus
1712 4795 1812 4857 est,
1832 4805 1992 4862 quem

398 4876 547 4918 nunc
575 4862 770 4935 aperit,
805 4872 866 4920 ut
917 4864 1228 4924 manifestet
1268 4870 1402 4944 quid
1433 4873 1504 4928 sit
1543 4873 1749 4931 Filium
1780 4878 1990 4935 tradere

397 4968 624 5026 regnum
655 4957 769 5013 Deo
798 4966 851 5013 et
881 4957 1029 5016 Patri
1063 4977 1074 5017 :
1109 4959 1213 5017 hoc
1236 4970 1418 5020 autem
1458 4964 1613 5021 addit
1640 4966 1707 5022 ad
1744 4985 1986 5039 sensum,

2103 4803 2245 4876 (52),
2278 4804 2459 4863 ﬁdelis
2485 4807 2749 4866 inventus
2778 4818 2879 4879 est,
2918 4811 3151 4869 oﬁ‘erens
3181 4812 3354 4870 ﬁliam
3403 4832 3560 4872 suam
3605 4832 3702 4872 se-

2098 4893 2341 4953 cundum
2371 4906 2562 4955 votum
2614 4915 2779 4956 suum
2822 4899 3021 4974 (Judic.
3067 4920 3150 4973 χι,
3178 4902 3296 4975 39),
3336 4906 3487 4979 quod
3532 4907 3702 4963 stulte

2096 4992 2323 5049 voverat
2354 4985 2515 5057 (Ibid.
2547 4986 2634 5055 30,
2665 4988 2780 5061 31),
2830 5006 2941 5046 non
2985 5008 3111 5064 ergo
3152 4992 3359 5049 factum
3408 4995 3696 5067 probatur,

394 5043 525 5115 quia
546 5046 767 5104 tradens
794 5049 952 5106 Pater
983 5049 1125 5107 Filio
1152 5068 1403 5126 regnum,
1440 5070 1552 5111 non
1591 5072 1649 5112 se
1691 5057 1987 5131 subjecerit

2225 5043 2235 5049 -
2358 5043 2370 5057 ι
2621 5043 2634 5055 ι
2679 5043 2780 5061 ⁷⁷11
2831 5043 2940 5046 ίηνκ
2990 5043 3104 5064 --ο-
3152 5043 3359 5049 ’νη-νυ·-
3408 5043 3693 5067 ιη’-νυ·ηκη

2128 5072 2186 5128 ed
2242 5075 2649 5146 perseverantia
2705 5076 2833 5150 ﬁdei
2891 5078 2949 5133 in
3005 5082 3322 5155 exemplum
3380 5086 3693 5157 praefertur.

464 5240 826 5335 (ligu‘Oninles
880 5243 1011 5300 edit.
1046 5252 1099 5326 et
1133 5262 1287 5315 mss.,
1317 5264 1428 5304 uno
1461 5259 1710 5323 excepto,
1738 5260 1982 5335 putaates
2088 5268 2137 5317 et
2164 5263 2464 5335 ine/['abilis,
2495 5273 2619 5322 etc.-

389 5311 721 5396 traiitlionem
753 5315 887 5396 lianc
913 5315 1150 5387 regni....
1188 5311 1404 5373 vacuam
1432 5311 1709 5379 remanere
1721 5311 1755 5390 ί
1774 5325 1981 5396 optime

390 5397 520 5435 vero
545 5383 706 5440 Corb.
733 5392 794 5440 ut
822 5385 881 5440 in
908 5383 1191 5444 contextu.

461 5451 574 5540 (et?)
607 5455 764 5540 Bo_m.
802 5457 972 5540 edit.,_
994 5459 1252 5540 Sgd‘gaia
1274 5460 1382 5530 ipse
1400 5462 1659 5519 Dominus
1683 5466 1850 5523 ait...
1883 5486 1975 5540 ap-

378 5529 544 5599 paret
556 5526 721 5599 Aqu_od,
753 5535 1001 5598 regnante
1017 5526 1177 5599 Filio,
1209 5526 1313 5588 etc:

457 5594 580 5682 (52)
601 5594 995 5682 Eadem'edit.,
1026 5594 1243 5682 propter
1271 5603 1548 5682 anieocapt
1582 5611 1969 5682 auctoritatem,

381 5669 488 5725 etc.
519 5664 772 5723 Secundo
800 5664 990 5724 autem
1012 5664 1174 5728 versu
1206 5674 1335 5747 legit
1358 5690 1458 5731 ms.
1482 5676 1624 5734 Corb
1652 5664 1971 5748 ,subiiiiiitai

2160 5336 2277 5420 (51)
2309 5335 2494 5393 Codex
2525 5336 2710 5408 Corb.,
2745 5337 2976 5396 timentes
3004 5359 3068 5398 ne
3096 5351 3191 5400 aut
3228 5347 3377 5402 mala.
3422 5351 3688 5420 suﬂ'erret,

2082 5412 2196 5474 aut,
2222 5414 2327 5464 etc.

2156 5477 2272 5549 (52)
2304 5479 2433 5564 Mss.
2469 5479 2665 5564 haud,
2695 5483 2937 5564 quamvis
2964 5485 3021 5564 in
3068 5488 3267 5564 regiae
3288 5498 3499 5562 accepto
3546 5493 3692 5564 ferri

2080 5563 2186 5602 non
2210 5549 2413 5673 possitt;
2466 5549 2668 5620 Corb.,
2702 5549 2955 5627 quamvis
2984 5557 3042 5612 in
3070 5549 3292 5630 reiiquis
3320 5549 3691 5638 accepta,

2080 5634 2184 5672 non
2207 5635 2345 5673 voss:
2377 5661 2390 5673 .

2078 5634 2184 5672 non
2201 5634 2390 5690 possit.
