3952 6202
160 325 265 385 281

1244 320 1609 381 COMMENT.
1651 321 1721 378 IN
1760 321 1977 379 EPIST.
2022 323 2044 378 l
2085 323 2180 379 AD
2220 323 2375 380 (ΞΟΠ.

3358 326 3463 385 282

160 450 585 510 Praedioantium
616 432 865 524 peiicula
898 455 952 505 et
980 447 1194 506 labores
1223 455 1489 503 memorat
1517 447 1706 505 dicens
1740 466 1752 506 :
1790 453 1839 512 A
1870 448 1997 519 quia
2029 449 2124 524 qui
2172 452 2443 507 ccelestem
2470 450 2737 523 justitiam
2785 462 2993 524 servat,
3043 451 3162 511 sine
3201 453 3375 512 dubio
3404 454 3465 512 in

174 565 195 590 ι
225 540 369 610 Quid
408 548 462 597 et
490 557 590 596 nos
618 537 1043 613 periclitamur?
1073 563 1092 587 ι
1136 545 1190 593 et
1214 536 1544 593 subauditur
1586 554 1597 592 :
1653 537 1762 594 nisi

161 630 290 705 quia
320 646 602 703 speramus
632 629 877 684 futuram
910 627 1389 695 resurrectionem,
1422 625 1564 684 sicut
1601 643 1764 698 supra

162 727 449 788 memorat,
471 718 661 775 Securi
693 716 841 773 enim
875 716 1005 790 quia
1034 725 1156 789 post
1184 716 1343 771 istam
1373 725 1603 772 mortem
1634 733 1765 772 vera

160 808 274 865 vita
304 816 585 884 sequetur,
618 808 864 882 pericula
896 822 1010 862 non
1050 806 1246 861 timent
1277 805 1428 861 illata
1457 805 1525 861 ab
1554 805 1763 861 inﬁde—

162 898 325 967 libus,
361 907 586 972 propter
614 899 796 953 zelum
826 896 1073 963 illorum,
1098 912 1232 967 quos
1262 894 1387 967 quia
1408 894 1764 951 crediderunt

157 1004 214 1043 se
272 988 599 1062 perdidisse,
659 987 868 1043 dolent.
927 983 1371 1041 Sollicitudinem
1419 1001 1548 1057 ergo
1604 1001 1761 1041 suam

156 1076 426 1145 ostendit,
458 1094 618 1153 quam
649 1076 881 1133 habebat
911 1090 1037 1147 erga
1066 1075 1301 1130 salutem
1332 1073 1582 1145 illorum,
1622 1090 1762 1147 pro-

158 1176 282 1240 pter
311 1168 536 1243 gloriam
583 1169 903 1242 promissam
943 1186 974 1225 a
1012 1168 1275 1236 Domino,
1305 1168 1448 1225 sicut
1478 1176 1532 1224 et
1558 1168 1616 1223 in
1643 1168 1761 1240 lege

154 1255 367 1313 dictum
392 1265 473 1313 est
505 1275 517 1313 :
566 1281 584 1305 α
608 1257 808 1312 Exalta
838 1258 983 1314 sicut
1011 1256 1144 1313 tuba
1174 1274 1366 1313 vocem
1404 1265 1553 1313 tuam
1582 1274 1595 1323 ;
1631 1257 1675 1311 si
1706 1265 1759 1331 te

154 1345 454 1414 audierint,
479 1346 778 1403 lucraberis
806 1345 1018 1403 animas
1047 1346 1272 1403 illorum
1307 1347 1525 1419 (Ezech.
1548 1362 1755 1413 χχχιιι,

155 1435 238 1505 5).
272 1460 291 1483 ›
324 1435 409 1490 Ad
438 1434 543 1491 hoc
568 1434 867 1491 festinabat
898 1435 1199 1507 Apostolus
1226 1451 1442 1507 semper
1461 1433 1756 1502 sollicitus,

155 1531 219 1579 ut
249 1523 421 1596 gloria
456 1524 543 1580 illi
588 1531 855 1582 cresceret
903 1524 1049 1597 apud
1095 1526 1270 1583 Deum
1300 1523 1758 1598 acquisitae'salu-

154 1612 229 1669 tis
261 1614 587 1670 multorum.

230 1703 416 1773 (Vers.
458 1703 575 1773 32.)
622 1726 640 1750 ι
678 1701 735 1757 Si
783 1701 1086 1759 secundum
1130 1702 1415 1759 hominem
1461 1702 1529 1760 ad
1557 1701 1761 1759 bestias

153 1792 399 1866 pugnavi
439 1791 665 1887 Ephesi,
698 1791 832 1865 quid
866 1791 1003 1887 mihi
1031 1791 1274 1887 prodest,
1300 1792 1362 1887 ἐἰ
1410 1792 1614 1849 mortui
1643 1808 1757 1847 non
1791 1827 1836 1887 Β

152 1889 451 1954 resurgunt
475 1882 504 1937 ?
531 1904 550 1929 ›
598 1881 712 1937 Hoc
740 1888 840 1949 est,
890 1881 937 1937 si
965 1881 1267 1938 secundum
1300 1880 1607 1938 humanum
1637 1896 1758 1937 sen-

152 1987 277 2028 sum
313 1969 431 2043 (qui
463 1969 655 2028 videns
682 1970 789 2028 hoc
818 1972 877 2027 in
906 1987 1090 2028 rerum
1120 1979 1374 2028 naturam
1396 1988 1510 2028 non
1539 1971 1752 2040 cadere,

152 2069 219 2119 ut
249 2078 376 2119 caro
421 2061 534 2134 jam
578 2065 761 2119 soluta
804 2062 1135 2119 reformetur
1181 2064 1249 2120 ad
1300 2063 1493 2132 vitam,
1529 2063 1758 2119 minime

152 2151 332 2208 credit
378 2152 623 2207 futuram
678 2154 1132 2209 resurrectionem
1166 2154 1535 2225 mortuorum)
1565 2152 1759 2209 bestiis

151 2241 366 2308 oﬂ‘erri,
400 2240 541 2296 mori
576 2257 688 2296 non
719 2240 884 2296 timui
918 2242 1058 2313 (53),
1091 2240 1235 2296 nihil
1260 2242 1489 2313 profeci.
1521 2242 1628 2298 Sed
1646 2258 1759 2297 non

149 2334 263 2391 hoc
320 2341 421 2401 est,
452 2334 581 2406 quia
632 2340 816 2389 certus
861 2333 930 2389 de
967 2333 1236 2406 promissa
1273 2334 1410 2401 vita,
1443 2350 1555 2389 non
1582 2333 1761 2388 solum

152 2439 269 2478 non
296 2422 505 2491 timuit,
541 2421 635 2478 sed
664 2430 719 2477 et
750 2419 988 2479 libenter
1017 2421 1212 2478 bestiis
1266 2422 1450 2478 offerri
1490 2439 1546 2477 se
1574 2437 1764 2494 passus

152 2521 260 2583 est,
294 2513 436 2570 sicut
480 2513 625 2569 inter
651 2521 847 2569 caetera
873 2514 953 2569 ait
982 2512 1042 2569 in
1072 2513 1307 2571 Actibus
1336 2514 1712 2586 apostolorum
1748 2525 1759 2563 :

168 2634 187 2655 ι
223 2609 339 2680 Ego
369 2608 514 2665 enim
567 2625 679 2665 non
718 2610 899 2666 solum
942 2610 1121 2683 ligari,
1155 2610 1249 2666 sed
1278 2617 1331 2665 et
1361 2607 1504 2664 mori
1544 2614 1765 2680 paratus

151 2711 280 2751 sum
302 2695 360 2750 in
387 2694 770 2768 Hierosolyma
793 2712 891 2770 pro
912 2697 1138 2754 nomine
1158 2695 1383 2753 Domini
1406 2696 1534 2752 Jesu
1551 2693 1763 2753 Christi

155 2786 302 2856 (Act.
336 2801 457 2852 χχι,
491 2785 605 2857 13).
639 2803 658 2834 -'

245 2908 264 2932 ι
301 2884 694 2941 Manducemus
750 2894 805 2942 et
856 2884 1155 2954 bibamus;
1199 2901 1318 2942 cras
1365 2885 1514 2941 enim
1563 2884 1760 2941 morie-

153 2989 303 3029 mur.
339 2999 357 3022 ›
405 2974 521 3029 Hoc
549 2973 618 3029 ab
651 2973 789 3031 Isaia
817 2975 1083 3047 propheta
1130 2975 1340 3032 dictum
1404 2983 1485 3031 est
1537 2983 1761 3047 propter

153 3062 392 3137 hosqui,
412 3065 566 3138 quasi
599 3064 742 3121 nihil
777 3066 1027 3121 futurum
1056 3073 1197 3121 esset
1226 3074 1347 3137 post
1369 3074 1759 3133 mortem,ven-

152 3156 224 3213 tri
258 3164 475 3211 tantum
530 3155 826 3212 studebant
882 3156 1158 3229 quomodo
1210 3171 1407 3227 pecora
1444 3156 1578 3225 (Isa.
1614 3171 1759 3223 χχιι,
1792 3189 1835 3249 C

152 3245 296 3315 (13)ι
333 3244 478 3300 sicut
502 3254 555 3300 et
584 3244 624 3298 ii
653 3244 748 3316 qui
779 3243 1100 3300 Corinthios
1129 3242 1522 3313 depravabant.

224 3340 419 3410 (Vers.
451 3337 567 3409 33.)
622 3360 640 3383 ι
694 3337 876 3392 Nolite
920 3335 1128 3403 seduci,
1180 3343 1545 3407 corrumpunt
1584 3352 1762 3392 mores

148 3428 333 3483 bonos
381 3424 660 3499 colloquia
713 3425 877 3481 mala.
919 3449 937 3472 ›
988 3423 1275 3497 Signiﬁcat
1314 3424 1760 3481 confabulatione

148 3516 430 3571 malorum
488 3512 781 3568 hominum
834 3513 1008 3568 everti
1062 3529 1221 3586 posse
1277 3513 1485 3569 bonum
1516 3513 1759 3586 proposi-

147 3612 271 3661 tum
307 3592 491 3677 (51’s);
522 3603 813 3660 assiduitas
866 3604 1014 3659 enim
1067 3604 1225 3677 pravi
1283 3604 1549 3677 colloquii
1596 3604 1758 3661 vitiat

150 3700 421 3761 mentem,
456 3696 529 3750 ac
574 3709 669 3765 per
698 3693 803 3750 hoc
845 3693 913 3749 ab
943 3693 1032 3749 his
1060 3692 1390 3751 cavendum.
1429 3693 1755 3767 Quicunque

151 3781 305 3839 enim
336 3791 610 3854 acceptam
648 3781 813 3839 ﬁdem
840 3784 1122 3855 custodire
1152 3783 1294 3849 vult,
1339 3783 1581 3840 maxime
1609 3784 1755 3841 inter

152 3872 273 3945 ipsa
302 3872 466 3928 initia
518 3874 892 3945 obstrepentes
947 3873 1111 3931 debet
1150 3874 1346 3943 vitare,
1386 3880 1449 3930 ut
1503 3873 1750 3946 impleat,

150 3962 304 4037 quod
343 3962 479 4017 utile
502 3960 794 4034 judicavit.

226 4059 415 4131 (Vers.
448 4058 562 4129 34.)
607 4085 627 4107 ι
656 4060 916 4134 Vigilate,
941 4060 1078 4133 justi
1110 4067 1305 4130 estote,
1346 4068 1400 4117 et
1428 4060 1601 4117 nolite
1631 4077 1750 4134 pec-

150 4165 295 4207 care.
318 4173 336 4195 -
372 4150 732 4221 Vigilandum
762 4159 969 4219 monet,
1006 4168 1074 4206 ne
1096 4150 1571 4207 circumventione
1594 4150 1751 4224 pravi

152 4255 346 4296 sensus
401 4241 567 4311 capti,
618 4249 673 4296 et
705 4257 736 4295 a
791 4240 898 4297 ﬁde
936 4240 1161 4297 abducti
1188 4240 1577 4312 depraventur,
1612 4257 1753 4296 mor-

153 4338 377 4388 tuorum
426 4332 884 4387 resurrectionem
942 4348 1054 4387 non
1093 4331 1390 4388 credendo.
1423 4332 1605 4386 Justos
1637 4347 1753 4387 esse

154 4421 434 4493 praecepit,
498 4428 562 4477 ut
608 4436 721 4476 non
778 4422 955 4477 solum
993 4419 1563 4491 terrenamjustitiarn
1589 4437 1748 4477 exco-

155 4509 291 4578 lant,
322 4510 418 4566 sed
448 4519 502 4566 et
526 4510 835 4577 caelestem;
866 4509 993 4583 quia
1018 4516 1234 4565 terrena
1243 4508 1461 4581 justitia
1489 4510 1744 4566 meritum

154 4617 265 4655 non
295 4599 451 4668 facit,
481 4601 624 4657 sicut
661 4608 716 4656 et
742 4617 853 4656 non
882 4598 1013 4656 facit
1040 4616 1240 4656 resum.
1274 4598 1417 4668 Quid
1443 4599 1589 4656 enim
1621 4617 1746 4657 ma-

155 4707 323 4761 gnum
354 4698 435 4746 est
464 4690 642 4747 aliena
672 4706 779 4745 non
812 4690 1025 4758 tollere,
1066 4690 1266 4763 quippe
1291 4706 1416 4746 cum
1447 4690 1552 4748 hoc
1590 4689 1747 4747 timo-

154 4779 229 4835 ris
258 4780 333 4835 sit
367 4780 484 4850 (55)
509 4781 538 4836 ?
562 4781 816 4853 Magnum
849 4788 930 4836 est
958 4788 1140 4836 autem
1173 4779 1240 4836 de
1268 4779 1491 4851 proprio
1522 4796 1634 4835 non
1656 4779 1749 4835 ha-

156 4868 307 4926 benti
350 4869 557 4941 largiri,
605 4869 720 4927 huic
751 4877 832 4926 est
861 4886 991 4927 vera
1013 4859 1253 4942 j'ustitia.
1298 4870 1368 4925 Et
1394 4876 1454 4925 ut
1486 4885 1597 4925 non
1628 4886 1747 4941 pec-

155 4967 300 5028 cent,
344 4958 615 5031 subjecit;
663 4961 809 5017 unde
840 4961 1077 5033 intelligi
1124 4960 1304 5017 voluit
1335 4976 1446 5016 non
1472 4959 1746 5031 justitiam

156 5052 512 5126 temporalem
565 5052 887 5110 servandam
932 5053 1238 5121 mandasse,
1304 5050 1401 5107 sed
1454 5050 1744 5115 divinam;

224 5190 344 5262 (53)
385 5189 650 5244 Nonnulli
682 5206 834 5257 mss.,
881 5206 985 5243 non
1023 5188 1210 5313 o/{erri
1253 5185 1452 5264 timui;
1498 5192 1553 5239 at
1581 5183 1744 5264 βοῇ).

224 5281 267 5313 m
312 5262 465 5313 hunc
514 5261 695 5313 locum
751 5262 825 5313 ita
872 5260 1171 5313 contraxit.
1205 5259 1390 5313 olferrt
1418 5272 1520 5308 non
1552 5261 1744 5313 timuit,

159 5259 267 5316 tum
312 5262 465 5316 hunc
514 5261 695 5316 locum
751 5262 825 5315 ita
872 5259 1171 5326 contrahit,
1205 5259 1390 5326 offerri
1418 5272 1520 5308 non
1552 5259 1745 5319 timuit,

155 5334 236 5387 sed
266 5340 311 5387 et
345 5333 564 5387 libenter
593 5332 764 5404 bestiis
792 5348 844 5385 se
870 5348 1059 5401 passus
1089 5336 1182 5404 est,
1216 5337 1320 5383 etc.
1604 5396 1613 5404 _

224 5404 342 5471 (55')
385 5405 545 5459 Rom.
578 5401 733 5469 edit.,
766 5400 925 5458 everti
947 5418 1097 5470 posse
1122 5400 1379 5453 bonorum
1394 5400 1743 5471 propositum.

224 5468 342 5541 (
386 5473 551 5532 (ἴοι-1).
585 5473 781 5540 codex,
810 5468 1003 5542 quippe
1030 5488 1145 5524 cum
1174 5485 1279 5523 non
1310 5474 1491 5542 temere
1517 5468 1595 5542 ﬁt.

225 5537 341 5611 (56)
383 5547 512 5601 Mss.
551 5544 718 5599 Laud.
753 5537 1006 5609 {at-Van”
1038 5542 1090 5595 in
1120 5542 1217 5596 hac
1234 5537 1482 5611 pi'wsenti
1512 5538 1639 5592 vita.

224 5609 341 5686 (57)
387 5619 548 5674 Rom.
580 5614 739 5686 edit”
777 5614 870 5684 qui
902 5614 1036 5667 inter
1064 5630 1146 5667 eos
1176 5609 1640 5686 conversabantui'.

224 5679 339 5761 (58)
381 5686 574 5745 COdex
626 5679 1115 5767 δοέδιέθρνορνίιιῖη
1176 5697 1369 5755 corpus
1420 5679 1747 5744 seminatur;

1872 538 1975 595 hac
2002 540 2257 611 przesenti
2286 540 2404 612 (56)
2437 542 2704 612 perfectus
2733 552 2834 599 est.

1958 653 1976 674 ι
2013 629 2382 701 Ignorantiam
2415 631 2562 685 enim
2588 631 2687 686 Dei
2719 631 2942 704 quidam
2972 631 3196 701 habent,
3218 633 3285 689 ad
3314 648 3464 689 vere-

1871 716 2132 773 cundiam
2163 718 2322 773 vobis
2360 720 2574 792 loquor.
2625 743 2643 765 ›
2701 720 3051 792 Propositum
3080 723 3181 779 Dei
3211 723 3463 795 ignoran-

1872 818 1952 865 tes
1992 810 2053 877 ii,
2097 810 2190 882 qui
2242 809 2385 866 inter
2427 825 2518 864 eos
2549 809 3007 866 convertebantur
3040 813 3180 883 (57),
3222 821 3465 870 mortuos

1871 902 2274 951 resurrecturos
2319 893 2550 949 stultum
2599 910 2714 950 esse
2761 894 3017 950 dicebant
3072 896 3309 952 credere.
3338 897 3465 953 Ideo

1870 984 2134 1057 pudorem
2181 985 2296 1040 illis
2344 983 2546 1039 incutit
2578 985 2733 1056 quasi
2763 984 3242 1057 imprudentibus;
3273 988 3469 1044 crede—

1868 1074 2003 1130 bant
2034 1076 2180 1130 enim
2210 1077 2290 1134 eis
2319 1074 2434 1148 qui,
2490 1075 2856 1146 ignorantiam
2885 1076 2984 1132 Dei
3015 1074 3298 1144 habentes,
3328 1090 3471 1132 con-

1869 1170 1953 1218 tra
1980 1163 2081 1220 Dei
2111 1171 2311 1219 statuta
2339 1163 2630 1219 docebant.

1943 1254 2122 1325 (Vers.
2154 1253 2268 1322 35.)
2315 1277 2333 1300 ι
2372 1253 2476 1309 Sed
2506 1253 2653 1310 dicet
2694 1254 2895 1326 aliquis
2934 1270 2945 1308 :
2994 1251 3468 1320 Quemadmodum

1868 1352 2151 1414 resurgeut
2210 1344 2459 1399 mortui?
2515 1343 2709 1411 Quove
2739 1358 2965 1416 corpore
2997 1341 3270 1399 venient?
3299 1367 3317 1389 ι
3363 1344 3471 1399 Hos

1868 1433 2014 1489 dixit
2043 1434 2408 1507 ignorantiam
2452 1434 2553 1491 Dei
2611 1434 2833 1503 habere,
2894 1451 3131 1508 quorum
3163 1435 3469 1508 depravatae

1867 1525 2153 1579 sententiae
2182 1524 2347 1580 verba
2376 1525 2635 1597 protulit,
2666 1524 2855 1581 dicens
2888 1543 2899 1580 :
2948 1548 2965 1571 ι
2996 1524 3468 1592 Quemadmodum

1868 1625 2153 1688 resurgent
2201 1617 2451 1673 mortui?
2499 1635 2678 1691 quove
2708 1634 2934 1690 corpore
2963 1617 3237 1673 venient?
3276 1640 3294 1664 ι
3366 1615 3469 1675 Cui

1866 1723 2106 1779 congrue
2138 1706 2439 1779 respondit,
2469 1708 2659 1763 dicens
2686 1724 2697 1762 :

1941 1798 2122 1868 (Vers.
2154 1797 2269 1869 36.)
2306 1822 2323 1844 ι
2352 1797 2548 1866 Stulte,
2582 1806 2646 1853 tu
2678 1797 2824 1870 quod
2854 1795 3112 1864 seminas,
3143 1812 3255 1851 non
3285 1795 3466 1852 viviﬁ-

1866 1894 2039 1956 catur,
2067 1886 2176 1943 nisi
2217 1887 2370 1959 prius
2400 1886 2669 1943 moriatur
2695 1887 2723 1942 ?
2753 1912 2771 1935 ι
2812 1887 2952 1943 Cum
2981 1884 3209 1941 animali
3243 1883 3467 1941 homine

1867 1993 1977 2033 non
2007 1978 2199 2051 utique
2243 1978 2378 2051 legis
2431 1979 2763 2035 auctoritate
2796 1977 2927 2051 agit,
2957 1986 3021 2035 ut
3050 1977 3319 2050 exemplis
3346 1992 3467 2032 sua-

1867 2066 2012 2136 deat,
2041 2084 2162 2140 quas
2198 2067 2243 2122 si
2274 2068 2559 2140 reciperet,
2589 2084 2702 2123 non
2736 2074 2939 2124 erraret
2966 2085 2977 2123 :
3012 2066 3106 2123 sed
3136 2065 3366 2138 physica
3388 2080 3467 2120 ra-

1868 2157 2039 2225 tione,
2060 2157 2126 2213 de
2156 2175 2261 2230 qua
2288 2158 2394 2213 sibi
2418 2157 2722 2226 blanditur,
2751 2165 2814 2213 ut
2838 2174 2948 2213 non
2970 2156 3157 2214 credat
3187 2170 3467 2228 resurgere

1870 2244 2049 2301 soluta
2105 2255 2158 2302 et
2212 2254 2427 2303 mortua
2474 2263 2722 2319 corpora.
2782 2246 3037 2302 Ostendit
3072 2244 3218 2301 enim
3251 2251 3468 2301 mortua

1871 2350 2087 2389 rursum
2122 2336 2361 2408 reparari
2392 2335 2459 2391 ad
2483 2337 2654 2392 vitam
2695 2343 2748 2391 et
2773 2335 3139 2408 multiplicata
3165 2352 3179 2403 ;
3235 2341 3298 2391 ut
3327 2349 3454 2390 con-

1873 2423 2137 2478 fundatur
2163 2440 2314 2480 error
2348 2425 2646 2481 humanus.

1947 2516 2129 2584 (Vers.
2164 2515 2253 2581 37,
2302 2516 2416 2585 38.)
2482 2542 2500 2562 ι
2537 2518 2609 2571 Et
2638 2516 2772 2588 quid
2799 2516 3038 2571 seminas
3059 2515 3087 2570 ?
3116 2516 3236 2571 Non
3266 2530 3467 2586 corpus

1873 2604 2020 2676 quod
2051 2603 2300 2659 futurum
2353 2611 2454 2671 est,
2499 2604 2737 2659 seminas
2770 2620 2781 2657 :
2838 2603 2933 2659 sed
2963 2597 3175 2658 nuduin
3214 2618 3468 2674 granum,

1872 2700 1932 2748 ut
1963 2701 2092 2765 puta
2110 2692 2304 2760 tritici,
2334 2701 2428 2748 aut
2456 2692 2694 2764 alicujus
2719 2699 3044 2747 caaterorum
3070 2708 3081 2745 :
3118 2692 3267 2746 Deus
3287 2697 3469 2745 autem

1768 2818 1777 2825 ο
1872 2791 2015 2850 265
2052 2793 2136 2851 illi
2167 2794 2259 2850 dat
2288 2809 2506 2864 corpus,
2552 2799 2712 2863 prout
2742 2792 2862 2846 vult
2909 2808 2923 2846 :
2972 2798 3025 2846 et
3067 2788 3365 2861 unicuique
3392 2803 3468 2843 se-

1871 2886 2084 2942 minum
2115 2883 2397 2957 proprium
2430 2899 2647 2954 corpus.
2683 2907 2701 2929 ι
2745 2881 2799 2936 Si
2832 2896 2959 2951 ergo
2989 2879 3199 2935 nudum
3232 2892 3463 2949 granum

1870 2976 2174 3030 seminatur
2196 2974 2338 3045 (58),
2369 2980 2422 3028 et
2452 2973 2549 3029 Dei
2578 2980 2717 3028 nutu
2742 2968 3147 3044 quodammodo
3168 2967 3462 3023 elemento-

1871 3083 1993 3121 rum
2026 3064 2333 3121 ministerio
2376 3064 2638 3119 vestitum
2666 3062 2921 3135 resurgit,
2952 3069 3106 3117 muta
3149 3075 3332 3115 secum
3365 3056 3461 3114 ha-

1870 3158 2004 3213 bens
2032 3158 2372 3212 incrementa
2398 3153 2658 3209 utilitatis
2685 3152 2938 3206 humanae
2965 3167 2978 3216 ;
3015 3166 3114 3205 cur
3140 3165 3253 3204 non
3282 3147 3463 3205 credi-

1869 3249 1981 3304 bile
2000 3249 2071 3304 sit
2101 3247 2199 3302 Dei
2232 3246 2440 3301 virtute
2469 3250 2751 3298 mortuum
2780 3256 2937 3312 posse
2954 3255 3254 3310 resurgere,
3278 3238 3462 3293 melio-

1870 3348 1983 3394 rata
2009 3346 2226 3395 tantum
2252 3334 2578 3401 substantia,
2606 3350 2717 3388 non
2740 3347 2971 3387 numero
2994 3329 3465 3402 multiplicatum?

1869 3427 2013 3496 Quid
2039 3444 2167 3499 ergo
2192 3426 2494 3499 requiritur
2521 3423 2588 3479 ab
2617 3422 2850 3489 inﬁdeli,
2885 3438 2993 3494 quo
3021 3435 3247 3491 corpore
3269 3435 3461 3475 resur-

1869 3526 1995 3589 gant
2029 3516 2254 3584 mortui,
2276 3531 2399 3571 cum
2432 3514 2682 3585 exempla
2703 3511 3015 3585 praecedant
3046 3510 3163 3581 (59)
3196 3509 3263 3565 ad
3293 3508 3457 3564 ﬁdem

1866 3607 2007 3664 hanc
2036 3607 2332 3662 meliorataa
2358 3602 2791 3671 resurrectionis,
2822 3619 2935 3658 non
2964 3601 3176 3658 amissae
3208 3600 3457 3657 substan-

1866 3698 1998 3753 tiae?
2028 3696 2167 3764 Quia
2194 3697 2475 3768 proprium
2513 3709 2709 3765 corpus
2738 3692 2983 3764 recipiet,
3021 3691 3079 3746 in
3110 3707 3219 3764 quo
3244 3698 3458 3747 creatus

1864 3795 1945 3843 est
1974 3788 2170 3857 Adam,
2196 3786 2359 3859 juxto
2394 3786 2644 3858 exempla
2674 3801 2835 3857 supra
2858 3784 3026 3839 dicta.

1937 3878 2119 3950 (Vers.
2169 3876 2285 3947 39.)
2342 3900 2359 3923 ι
2396 3877 2515 3931 Non
2544 3873 2725 3930 omnis
2752 3889 2898 3940 caro,
2931 3869 3121 3925 eadem
3150 3883 3276 3923 caro
3309 3886 3320 3923 :
3364 3865 3458 3922 sed

1862 3966 1970 4022 alia
2004 3965 2225 4038 quidem
2272 3964 2539 4031 hominis,
2590 3963 2699 4017 alia
2739 3976 2870 4015 vero
2917 3956 3164 4031 pecoris:
3194 3956 3303 4011 alia
3330 3972 3458 4012 caro

1864 4058 2197 4123 volatilium,
2218 4055 2327 4110 alia
2346 4070 2472 4109 caro
2502 4051 2757 4124 piscium.
2784 4076 2801 4099 ι
2819 4050 2957 4106 Cum
2979 4064 3048 4104 ex
3065 4046 3254 4103 eadem
3281 4061 3459 4101 massa

1862 4148 2043 4201 omnis
2070 4162 2196 4202 caro
2225 4145 2318 4212 sit,
2348 4143 2494 4199 unde
2523 4150 2576 4198 et
2606 4141 2879 4215 quomodo
2910 4141 2969 4195 in
2992 4138 3079 4195 his
3101 4145 3251 4194 tanta
3276 4136 3455 4194 diver-

1862 4236 1992 4292 sitas
2021 4242 2122 4303 est,
2163 4241 2225 4289 ut
2263 4250 2372 4289 una
2410 4233 2657 4306 impensa
2710 4232 2911 4287 faceret
2959 4245 3155 4303 genera
3183 4227 3402 4284 diversa
3430 4226 3458 4282 ?

1860 4326 2058 4382 Dieant
2087 4340 2235 4380 nunc
2264 4322 2521 4397 sophista:
2554 4321 2818 4379 mundiet
2838 4326 3170 4377 scrutatores
3188 4317 3455 4383 siderum,

1860 4416 1906 4471 si
1944 4417 2129 4472 valent
2177 4413 2640 4489 comprehendere
2692 4428 2813 4484 quae
2871 4417 3028 4466 extra
3060 4423 3117 4464 se
3145 4414 3296 4475 sunt,
3329 4421 3455 4462 cum

1859 4505 1992 4580 quid
2013 4506 2168 4562 intra
2196 4521 2250 4561 se
2272 4505 2363 4574 sit,
2394 4504 2659 4562 nesciant.
2696 4499 2945 4571 Denique
2970 4512 3161 4555 omnes
3190 4492 3456 4552 mundani

1860 4594 2197 4668 philosophi,
2220 4594 2314 4668 qui
2344 4603 2583 4651 mentem
2615 4606 2771 4647 suam
2803 4588 2909 4658 legi
2938 4590 3038 4643 Dei
3073 4586 3459 4650 humiliare,ut

1858 4684 2021 4742 ﬁdem
2070 4685 2187 4757 ejus
2237 4686 2597 4756 susciperent,
2644 4678 2964 4743 noluerunt,
2995 4674 3215 4730 diversa
3242 4685 3458 4742 semper

1859 4782 1913 4829 et
1940 4774 2213 4830 contraria
2240 4780 2559 4837 asserentes,
2615 4763 2842 4821 inanissi
2855 4764 2956 4818 mis
2985 4758 3457 4831 disputationibus

1857 4862 2096 4918 invicem
2118 4877 2174 4916 se
2202 4860 2606 4921 confuderunt;
2643 4851 2772 4924 quia
2803 4852 2860 4905 in
2890 4850 3045 4904 nullo
3075 4848 3273 4903 horum
3304 4846 3453 4905 testi-

1858 4954 2029 5008 ﬁcata:
2060 4949 2309 5004 veritatis
2341 4949 2558 5019 signum
2591 4942 2708 5010 (60)
2746 4939 2994 5010 agnitum
3021 4945 3124 5005 est,
3164 4938 3313 5011 quod
3345 4955 3455 4995 an-

1856 5041 2153 5113 tepositum
2184 5036 2368 5092 verbis
2405 5029 2817 5091 commendaret
2846 5028 3177 5098 doctrinam,
3224 5029 3368 5087 sicut
3397 5038 3451 5087 et

1855 5180 2041 5237 statim
2075 5193 2206 5233 vero
2226 5183 2368 5247 post,
2398 5172 2594 5247 Laud.,
2609 5188 2709 5247 pro
2736 5172 3103 5227 elementorum
3132 5172 3445 5242 ministerio,

1856 5252 2081 5307 exhibet
2109 5245 2386 5303 electorum
2424 5245 2739 5302 ministerio.

1931 5324 2047 5393 (59)
2090 5321 2212 5376 Vet.
2240 5319 2379 5393 (edit.
2413 5326 2467 5375 et
2501 5334 2628 5393 mss.
2672 5316 2762 5373 hic
2792 5333 2856 5373 eo
2884 5315 3173 5393 dissident,
3206 5319 3355 5391 quod
3386 5318 3445 5375 hi

1851 5390 2174 5465 prtecedant,
2235 5391 2343 5446 illa:
2391 5390 2686 5465 prredicant
2717 5406 2826 5461 pra;
2856 5405 2912 5465 se
2943 5390 3162 5465 ferunt;
3187 5390 3257 5465 at
3284 5393 3445 5450 Rom.

1856 5461 1936 5521 sic
1965 5465 2147 5538 habet,
2196 5479 2311 5538 curn
2356 5461 2597 5532 exempla
2624 5461 3024 5538 resurrectionis
3050 5461 3344 5538 praedicant
3372 5468 3449 5538 ﬁ-

1857 5538 1971 5591 dem
2008 5537 2140 5591 hanc
2170 5534 2457 5589 melioraue
2486 5549 2592 5587 non
2618 5532 2825 5587 amissa:
2853 5532 3175 5587 substantia.

1932 5607 2046 5678 (60)
2090 5604 2222 5662 Cod.
2243 5604 2437 5671 Laud.,
2470 5603 2599 5674 quia
2619 5603 2674 5656 in
2704 5604 2853 5659 nulla
2874 5604 3062 5659 horum
3093 5602 3451 5672 testiﬁcatione

1862 5679 2094 5735 veritatis
2124 5678 2350 5748 signum,
2371 5684 2477 5732 etc.
