3952 6202
486 337 592 396 283

1505 330 1602 386 AD
1642 327 1877 384 OPERA
1915 327 1968 382 S.
2013 324 2348 382 AMBROSII
2395 319 2776 380 APPENDIX.

3737 319 3846 376 284

484 464 632 520 Deus
660 460 904 518 decrevit
959 457 1265 532 disciplinae
1308 462 1527 522 nostrze,
1569 471 1687 526 quae
1736 469 1846 508 non
1896 451 2079 507 verbis
2107 454 2158 513 A
2190 457 2532 507 mortuorum
2564 446 2807 502 futuram
2833 462 2846 512 ;
2869 453 2951 510 ut,
2989 448 3211 516 accepta
3236 442 3478 511 ratione,
3515 459 3700 500 nemo
3727 460 3843 501 am-

486 551 767 625 probatur,
825 548 917 604 sed
966 547 1194 614 virtute,
1225 545 1313 602 cui
1347 561 1455 600 non
1488 549 1716 615 possunt
1751 541 1917 596 verba
1949 540 2079 596 resi-

487 648 647 697 stere.
678 636 1150 706 Quemadmodum
1183 653 1310 706 ergo
1340 651 1409 688 ex
1448 648 1558 687 una
1589 630 1835 702 impensa
1863 629 2082 685 diversa

486 727 855 788 animantium
885 742 1010 783 caro
1040 733 1142 793 est,
1195 725 1271 779 ita
1322 731 1374 778 et
1408 721 1572 776 unius
1593 719 1775 776 carnis
1805 719 2079 787 homines,

485 817 690 875 diversi
747 821 907 871 erunt
961 812 1227 885 dignitate
1259 811 1315 866 in
1367 809 1804 878 resurrectione;
1863 817 1925 863 ut
1956 807 2083 863 talis

485 907 862 980 unusquisque
895 909 1169 976 appareat,
1200 899 1379 974 qualis
1407 898 1573 954 fuerit
1603 897 1784 952 meriti
1827 915 1838 954 :
1883 898 2084 970 quippe

483 1013 610 1054 cum
645 995 810 1051 etiam
841 992 932 1050 hic
951 990 1326 1048 diversitatem
1349 1005 1640 1061 corporum
1664 987 1972 1043 videamus.

560 1087 742 1159 (Vers.
773 1084 890 1155 40.)
961 1109 978 1129 ε
1034 1084 1105 1138 Et
1159 1096 1388 1153 corpora
1441 1080 1702 1147 coelestia,
1763 1085 1816 1135 et
1857 1094 2085 1150 corpora

484 1176 786 1243 terrestria,
848 1172 942 1230 sed
971 1173 1078 1228 alia
1131 1172 1353 1246 quidem
1407 1170 1717 1228 cmlestium
1749 1169 1943 1242 gloria,
1978 1169 2085 1228 alia

487 1274 668 1324 autem
699 1263 1061 1320 terrestrium.
1114 1289 1130 1309 ι
1192 1262 1444 1321 Caelestis
1473 1277 1705 1334 corpora
1733 1267 1861 1316 sunt
1891 1275 2086 1315 resur-

487 1355 752 1430 gentium,
787 1353 1068 1410 terrestria
1096 1360 1276 1408 autem
1307 1361 1599 1423 antequam
1631 1349 1960 1414 moriantur,
1993 1355 2087 1402 aut

488 1453 772 1518 resurgant
805 1462 816 1499 :
852 1452 914 1500 ut
943 1443 1073 1518 quia
1100 1443 1353 1502 Christus
1372 1441 1610 1498 caelestis
1629 1450 1729 1509 est,
1763 1457 1830 1496 ex
1861 1457 1925 1496 eo
1955 1455 2087 1496 cor-

488 1553 620 1610 pora
648 1535 890 1594 coelestia
917 1535 1172 1592 dicantur
1207 1551 1219 1590 :
1261 1549 1330 1589 ex
1361 1532 1536 1589 Adam
1597 1548 1748 1599 vero,
1808 1530 1937 1603 quia
1967 1537 2087 1585 ter-

486 1629 676 1687 restris
703 1636 806 1698 est,
838 1627 1117 1686 terrestria
1156 1641 1406 1698 corpora.

560 1721 743 1791 (Vers.
784 1719 900 1789 41.)
972 1743 990 1766 ι
1055 1717 1178 1772 Alia
1232 1717 1454 1772 claritas
1496 1715 1647 1785 solis,
1709 1715 1817 1771 alia
1869 1713 2089 1771 claritas

2190 541 2360 613 bigat.
2396 563 2413 586 ε
2451 538 2764 594 Seminatur
2804 535 2861 590 in
2881 533 3218 608 corruptela,
3247 542 3440 606 surget
3473 533 3537 589 in
3571 533 3841 590 incorru-

2191 629 2678 704 ptela.-Seminare
2709 632 2788 682 est.
2808 624 3062 697 sepelire,
3093 630 3156 679 ut
3190 631 3620 695 corrumpatur:
3650 637 3835 680 resur'

2193 738 2314 794 gere
2349 729 2529 776 autem
2563 720 2620 774 in
2651 717 3044 788 incorruptela,
3101 715 3227 787 jam
3261 716 3682 773 exsuscitatum
3718 734 3834 773 non

2193 829 2348 884 posse
2369 808 2770 882 corrumpi,sed
2793 807 2994 863 habere
3017 805 3326 861 claritatem
3347 806 3826 862 immortalitatis.

2269 902 2451 973 (Vers.
2485 900 2600 970 43.)
2659 924 2674 945 ε
2724 896 3039 953 Seminatur
3069 894 3126 949 in
3157 895 3486 966 ignominia,
3532 905 3733 968 surget
3768 896 3822 951 in

2194 991 2386 1063 gloria.
2421 1016 2436 1035 -
2486 991 2546 1044 In
2579 987 2885 1061 ignominia
2909 985 3249 1050 seminatur;
3293 983 3426 1056 quia
3452 984 3595 1041 dum
3629 986 3690 1042 in
3729 995 3824 1043 te-

2195 1080 2334 1137 trico
2363 1079 2607 1152 ponitur,
2647 1077 2708 1132 fit
2737 1075 2997 1144 fetidum,
3048 1082 3102 1130 et
3131 1080 3300 1130 scatet
3328 1073 3626 1130 vermibus
3655 1093 3667 1131 :
3701 1092 3821 1130 sur-

2196 1179 2283 1244 get
2310 1180 2490 1226 autem
2530 1169 2586 1224 in
2617 1167 2825 1241 gloria;
2883 1166 3013 1239 quia
3042 1165 3343 1221 excitatum
3369 1173 3426 1221 et
3475 1167 3673 1223 lumen
3705 1167 3810 1222 erit

2196 1271 2248 1318 et
2274 1261 2482 1316 nullam
2514 1258 2783 1332 squaloris
2813 1255 3075 1328 injuriam
3109 1254 3366 1328 patietur.
3430 1280 3449 1304 ι
3489 1256 3814 1313 Seminatur

2198 1354 2253 1409 in
2291 1350 2632 1417 infirmitate,
2681 1356 2865 1419 surget
2913 1347 2970 1402 in
3022 1346 3248 1402 virtute.
3291 1371 3310 1394 ι
3381 1347 3445 1402 In
3475 1345 3808 1403 inﬁrmitate

2196 1443 2519 1509 seminatur,
2550 1438 2679 1513 quia
2707 1436 2994 1494 immobile
3025 1445 3128 1504 est,
3157 1443 3212 1491 et
3244 1435 3530 1508 irregibile
3563 1455 3575 1492 :
3629 1445 3808 1510 surget

2197 1549 2380 1598 autem
2424 1539 2482 1595 in
2531 1538 2759 1607 virtute,
2798 1533 2939 1591 166
2969 1533 3100 1607 quia
3126 1531 3242 1606 jam
3278 1540 3460 1588 totum
3497 1548 3678 1588 unum
3705 1533 3807 1588 erit

2196 1649 2260 1688 ac
2289 1639 2562 1704 vegetum.

2273 1721 2456 1789 (Vers.
2487 1719 2604 1790 44.)
2663 1742 2682 1772 σ
2732 1717 3047 1774 Seminatur
3087 1731 3292 1788 corpus
3321 1715 3585 1784 animale,
3628 1722 3805 1788 surget

487 1810 654 1877 lunai,
713 1815 767 1864 et
815 1808 922 1862 alia
971 1805 1191 1862 claritas
1233 1807 1564 1872 stellarum;
1627 1807 1786 1861 stella
1841 1804 1989 1860 enim
2019 1803 2080 1859 ab

2200 1828 2397 1884 corpus
2414 1809 2744 1884 spiritale.Si
2761 1815 2841 1864 est
2860 1824 3058 1879 corpus
3073 1804 3416 1873 animale,est
3433 1813 3487 1860 et
3498 1805 3788 1879 spiritale.-

487 1901 648 1958 stella
675 1897 858 1955 differt
888 1897 945 1952 in
977 1896 1228 1954 ctaritate
1252 1896 1392 1966 (6i).
1425 1921 1442 1942 ι
1488 1895 1663 1952 Unius
1698 1903 1905 1952 natura:
1926 1913 2088 1952 com-

486 1988 770 2063 paratione
801 1987 976 2043 utitur
1005 1985 1073 2042 ad
1122 1987 1434 2043 indiscretis
1468 1985 1787 2042 substantia:
1843 1986 2086 2041 redden-

488 2080 613 2138 dam
651 2078 940 2146 rationem,
972 2077 1101 2152 quia
1130 2077 1271 2134 sicut
1317 2078 1396 2134 sol
1435 2085 1488 2132 et
1520 2078 1650 2133 luna
1677 2086 1730 2132 et
1758 2077 1930 2132 stellae
1958 2094 2084 2132 cum

488 2169 600 2226 sint
622 2168 786 2225 unius
811 2167 1035 2242 quidem
1067 2177 1296 2236 naturae,
1329 2166 1562 2224 diversa:
1593 2174 1779 2223 tamen
1821 2165 2086 2222 claritatis

489 2267 618 2317 sunt
653 2277 664 2315 :
716 2258 793 2314 ita
830 2265 883 2314 et
916 2257 1170 2314 homines
1199 2275 1324 2314 cum
1357 2259 1468 2314 sint
1497 2258 1664 2313 unius
1695 2258 1928 2329 generis,
1962 2273 2088 2312 me-

488 2349 596 2407 rito
643 2357 825 2405 tamen
879 2348 1177 2405 dissimiles
1207 2357 1367 2405 erunt
1415 2350 1473 2404 in
1505 2349 1715 2421 gloria;
1752 2357 1813 2405 ut
1845 2349 2084 2404 claritati

488 2440 620 2498 solis
672 2439 895 2496 illorum
945 2439 1185 2512 dignitas
1230 2447 1566 2512 exaequetur,
1598 2440 1692 2513 qui
1724 2440 2084 2497 centesimum

489 2546 783 2587 numerum
806 2528 1032 2598 habent,
1051 2530 1143 2603 qui
1166 2538 1226 2586 ut
1248 2532 1473 2602 perfecti
1495 2530 1865 2604 essent,primi
1888 2530 2087 2603 gradus

485 2622 673 2679 amuli
693 2623 936 2692 fuerunt,
968 2623 1035 2678 de
1065 2623 1264 2696 quibus
1294 2623 1504 2679 dictum
1533 2631 1612 2678 est
1645 2640 1657 2678 :
1707 2645 1726 2670 ι
1769 2623 1923 2679 Tunc
1947 2621 2085 2694 justi

486 2713 774 2787 fulgebunt
801 2714 943 2772 sicut
981 2714 1060 2770 sol
1092 2713 1149 2770 in
1181 2731 1346 2787 regno
1374 2713 1550 2770 Patris
1579 2713 1663 2769 sui
1715 2714 1927 2783 (Matth.
1963 2730 2085 2786 xm,

487 2800 600 2873 43).
635 2829 652 2852 ι
698 2805 902 2862 Lunari
933 2804 1155 2876 quidem
1188 2803 1424 2860 claritati
1458 2803 1516 2857 hi
1546 2801 1901 2874 comparandi
1932 2809 2083 2870 sunt,

488 2891 583 2963 qui
627 2891 1025 2963 sexagesimum
1059 2907 1348 2945 numerum
1380 2890 1540 2945 bonis
1567 2889 1826 2960 operibus
1857 2891 2083 2947 mercati

487 2985 637 3046 sunt,
670 2987 731 3033 ut
759 2979 984 3034 secundi
1018 2979 1215 3048 gradus
1253 2978 1511 3032 meritum
1560 2978 1844 3036 haberent.
1901 2983 2085 3040 Steliis

485 3073 669 3122 autem
729 3065 1057 3122 clarioribus
1083 3082 1270 3122 eorum
1305 3067 1498 3122 merita
1527 3071 1893 3140 comparanda
1931 3080 2082 3140 sunt,

2199 1901 2455 1958 Animale
2483 1917 2680 1972 corpus
2711 1897 2950 1966 est,dum
2981 1895 3121 1954 cibis
3157 1903 3605 1962 sustentatur,ut
3636 1897 3796 1951 vivat:

2195 1990 2440 2062 spiritale
2469 1997 2818 2057 autem,cum
2849 1987 3049 2044 horum
3082 1985 3229 2041 nihil
3262 1984 3550 2056 indigebit,
3575 2002 3797 2042 conver-

2195 2080 2406 2139 sumin
2437 2080 2628 2134 vitam.
2678 2077 2876 2134 Omnia
2918 2075 3233 2148 supradicta
3288 2073 3389 2130 hoc
3426 2089 3600 2130 sensu
3641 2077 3795 2131 clau-

2195 2170 2404 2226 duntur
2440 2169 2594 2241 (63);
2627 2183 2738 2223 non
2768 2166 2913 2222 enim
2946 2164 3098 2220 aliud
3128 2165 3443 2222 continetur
3473 2165 3529 2220 in
3555 2165 3796 2237 superio-

2196 2259 2370 2326 ribus,
2403 2258 2506 2314 nisi
2531 2256 2677 2330 quod
2698 2255 2936 2312 animale
2964 2271 3163 2327 corpus
3191 2253 3448 2322 moritur,
3483 2262 3537 2309 et
3558 2261 3796 2326 resurget

2195 2349 2462 2422 spiritale,
2496 2348 2641 2422 quod
2664 2364 2840 2420 neque
2869 2346 2986 2418 jam
3017 2343 3331 2412 manducet,
3364 2360 3467 2400 nec
3505 2343 3680 2412 bibat,
3701 2359 3794 2400 nec

2196 2441 2526 2508 infirmetur,
2562 2456 2662 2498 nec
2689 2439 2762 2496 sit
2791 2437 3047 2505 fetidum,
3081 2452 3182 2493 nec
3214 2444 3415 2492 tetrum
3448 2444 3668 2492 natura.

2272 2531 2453 2601 (Vers.
2474 2530 2590 2600 45.)
2610 2531 2831 2586 «Factus
2860 2535 2942 2583 est
2973 2527 3184 2599 primus
3215 2525 3384 2582 homo
3406 2525 3585 2581 Adam
3617 2525 3673 2581 in
3686 2524 3789 2582 ani-

2196 2621 2646 2676 mamviventem.
2680 2645 2698 2669 ›
2747 2620 2861 2674 Hoc
2889 2618 2945 2673 in
2976 2616 3172 2673 Genesi
3203 2615 3416 2672 dictum
3445 2624 3529 2672 est
3552 2617 3705 2686 (Gen.
3726 2631 3782 2682 ιι,

2201 2710 2280 2781 7),
2313 2710 2461 2782 quia,
2495 2718 2718 2781 accepto
2761 2707 2960 2781 spiritu
2991 2707 3152 2762 ﬂatus
3178 2705 3276 2761 Dei
3308 2705 3486 2761 factus
3515 2713 3598 2761 est
3631 2704 3784 2761 homo

2197 2802 2253 2857 in
2288 2801 2528 2856 animam
2579 2801 2896 2864 viventem;
2949 2796 3190 2853 oﬂicium
3231 2795 3381 2850 enim
3410 2794 3643 2867 spiritus
3669 2795 3786 2850 ani-

2198 2911 2343 2951 mare
2373 2903 2455 2951 est
2479 2911 2697 2967 corpus,
2734 2893 2812 2950 ita
2842 2901 3025 2948 tamen
3056 2899 3116 2946 ut
3136 2889 3457 2947 continuam
3493 2889 3663 2946 vitam
3687 2902 3786 2944 non

2196 2983 2413 3049 habeat,
2445 2983 2549 3038 nisi
2582 2982 2720 3040 cibis
2750 2989 2802 3036 et
2831 2987 2990 3052 potus
3019 2978 3230 3034 auxilio
3264 2985 3476 3034 utatur.
3522 3001 3542 3024 ι
3591 2976 3790 3035 Novis-

2195 3073 2368 3130 simus
2397 3080 2578 3128 autem
2603 3071 2777 3128 Adam
2796 3071 2853 3126 in
2869 3069 3126 3141 spiritum
3143 3066 3545 3134 viviﬁcantem;
3565 3093 3584 3116 ι
3602 3067 3790 3124 hocest

486 3155 581 3231 qui
621 3155 959 3214 tricesimum
995 3173 1306 3227 numerum,
1345 3158 1496 3214 tertii
1534 3159 1731 3230 gradus
1760 3159 2081 3232 dignitatem
2117 3174 2158 3233 ο
2197 3173 2253 3220 ut
2273 3161 2385 3234 jam
2417 3163 2510 3236 qui
2542 3169 2666 3216 ante
2696 3160 2874 3215 fuerat
2918 3159 3094 3214 factus
3124 3157 3182 3212 in
3211 3157 3476 3224 animam,
3509 3157 3688 3214 factus
3716 3163 3791 3212 est

477 3246 644 3320 justis
677 3247 962 3306 laboribus
993 3247 1346 3321 quaesierunt.
1407 3249 1774 3322 Sequentibus
1805 3265 1936 3306 vero
1966 3251 2090 3308 stel-

483 3337 573 3407 lis,
605 3354 726 3412 qua:
780 3340 926 3397 inter
977 3340 1154 3398 claras
1201 3350 1255 3398 et
1310 3340 1661 3398 obscuriores
1689 3341 1887 3397 mediae
1937 3349 2086 3410 sunt,

482 3437 798 3500 peccatores
854 3429 1110 3484 homines
1164 3430 1457 3502 coaptandi
1499 3438 1651 3496 sunt,
1683 3431 1778 3504 qui
1809 3431 1878 3487 de
1911 3431 2089 3486 tribus

483 3515 691 3570 nullius
722 3515 919 3587 gradus
947 3517 1179 3587 adipisci
1207 3518 1476 3573 honorem
1503 3521 1822 3575 voluerunt.
1856 3519 2087 3576 Tetricis

483 3609 665 3658 autem
720 3602 914 3668 stellis,
967 3611 1020 3658 et
1076 3605 1324 3658 omnium
1375 3606 1714 3675 novissimis,
1745 3607 2081 3679 perfidorum

486 3690 814 3747 resurrectio
844 3690 1042 3747 similis
1071 3698 1188 3758 est;
1250 3693 1380 3763 quia
1410 3708 1652 3749 errorem
1683 3696 1880 3762 secuti,
1909 3697 2083 3752 stellis

483 3779 543 3838 in
578 3796 816 3836 errorem
855 3779 1186 3837 ducentibus
1214 3781 1566 3853 comparandi
1593 3791 1744 3851 sunt,
1776 3783 1918 3839 sicut
1947 3785 2079 3842 dicit

482 3870 540 3928 in
571 3871 820 3944 Epistola
845 3887 944 3928 sua
971 3869 1139 3927 Iudas
1177 3871 1458 3942 apostolus
1487 3871 1662 3942 (Iuda:
1699 3872 1809 3944 13).
1843 3873 2081 3929 Inﬁdeli-

481 3969 564 4018 tas
595 3961 742 4018 enim
775 3979 886 4018 non
912 3969 1088 4035 potest
1117 3963 1318 4020 claram
1349 3961 1805 4018 resurrectionem
1838 3963 2035 4019 habere
2065 3984 2076 4032 ;

481 4053 610 4127 quia
637 4055 782 4111 sicut
807 4054 972 4112 carbo
999 4054 1183 4111 cinere
1213 4071 1311 4110 suo
1333 4063 1622 4126 coopertus
1648 4053 1978 4124 obcaecatur,
2007 4055 2082 4110 ita

483 4151 538 4198 et
565 4144 624 4198 hi
657 4144 885 4215 perﬁdia
913 4161 1012 4200 sua
1047 4147 1249 4202 erroris
1281 4147 1398 4217 (62)
1453 4145 1694 4202 tenebris
1725 4145 2053 4202 circumdati
2065 4190 2077 4208 ,

487 4231 609 4286 luce
635 4231 918 4286 carebunt.

560 4328 742 4399 (Vers.
776 4327 891 4399 42.)
939 4351 957 4375 α
985 4329 1066 4383 Ita
1095 4329 1199 4386 erit
1229 4337 1282 4385 et
1311 4333 1640 4389 resurrectio
1671 4342 2067 4390 mortuorum.-

488 4416 756 4487 Exempla
810 4416 923 4486 dat,
982 4425 1043 4472 ut
1099 4434 1210 4474 non
1252 4419 1324 4474 sit
1358 4417 1590 4474 dubium
1624 4424 2082 4479 resurrectionem

561 4613 896 4690 (61)_C9dex
952 4613 1138 4690 Corb.,
1197 4614 1329 4671 Atia
1373 4613 1546 4686 gloria
1589 4616 1735 4684 solis,
1767 4619 1880 4673 alia
1909 4621 2083 4690 gloria

490 4687 647 4755 (ante,
677 4687 856 4758 differt
882 4690 935 4742 in
963 4687 1161 4758 gloria.

558 4760 676 4831 (62)
717 4760 817 4816 Ms.
875 4759 1066 4824 Corb.,
1115 4760 1354 4832 perﬁdia:
1405 4777 1515 4814 sum
1559 4777 1760 4815 errore.
1815 4762 1886 4818 Et
1913 4761 2077 4818 infra.

482 4831 746 4904 Exempla
774 4832 994 4897 dantur,
1034 4837 1090 4886 ut
1133 4831 1236 4887 non
1282 4833 1496 4887 dubiant
1524 4832 1954 4888 resurrectionem
1982 4834 2082 4904 fu—

485 4907 661 4976 turam
691 4911 1022 4976 mortuorum
1051 4905 1169 4974 quis
1196 4905 1445 4976 ambigat.

558 4975 672 5048 (63)
716 4977 838 5032 Vet.
871 4975 1004 5032 edit.
1037 4993 1100 5032 ac
1129 4977 1312 5048 plures
1343 4975 1497 5044 mss,
1555 4993 1659 5030 non
1705 4977 1843 5032 enim
1887 4995 2080 5048 corpus

482 5046 712 5100 animale
737 5064 939 5116 semper
965 5048 1046 5102 hic
1075 5046 1260 5103 habere
1279 5055 1463 5119 potest.
1501 5048 1761 5119 Spiritum
1791 5046 2026 5104 sanctum
2061 5069 2076 5104 :

485 5122 604 5170 tunc
634 5133 776 5191 uero,
808 5119 865 5173 id
894 5125 984 5185 est,
1018 5119 1072 5172 in
1102 5122 1502 5187 resurrectione,
1543 5137 1744 5191 semper
1767 5123 1995 5175 manebit
2024 5122 2079 5175 in

481 5188 693 5262 sanctis.
728 5191 914 5260 Surget
940 5207 1130 5262 corpus
1159 5192 1566 5262 spiritale,quod
1579 5188 1748 5262 possit
1775 5193 1854 5247 ire
1872 5193 2079 5247 obviam

486 5261 724 5336 Christo.
759 5263 890 5328 Qum
935 5260 1155 5333 quidem
1183 5260 1353 5336 verba
1382 5260 1493 5317 non
1529 5260 1668 5336 aegre
1686 5263 2080 5336 deprehendas

480 5332 862 5389 consarcinata
909 5331 1023 5387 esse
1076 5348 1145 5387 ex
1209 5331 1617 5390 Commentario
1684 5331 2079 5391 Pseudo—Hie-

482 5403 700 5474 ronymi
731 5404 792 5477 in
825 5403 973 5477 hune
1009 5404 1212 5477 locum.
1242 5402 1347 5477 ﬁed
1377 5419 1496 5475 quas
1525 5403 1708 5477 abhis
1737 5407 1868 5477 ipsis
1897 5406 2078 5462 verbis

479 5473 673 5558 usque.
699 5474 768 5530 ad
821 5474 927 5558 illa
957 5475 1150 5558 capitis
1183 5475 1208 5530 1
1243 5473 1639 5555 Commentarii
1672 5477 1728 5532 in
1757 5473 2074 5558 sequentem

482 5491 650 5552 usque
699 5491 768 5530 au
821 5491 920 5530 tua
957 5491 1017 5555 ca
1060 5491 1150 5530 ms
1183 5491 1208 5530 1
1243 5491 1639 5555 Commentarn
1672 5493 1728 5532 ιιι
1757 5491 2074 5558 sequentem

482 5545 813 5628 epistolam:
864 5491 1204 5628 Mani/gestum
1250 5562 1521 5628 quia'pro
1565 5564 1666 5628 g‘uo
1725 5555 1984 5628 patimur,
2019 5549 2076 5603 in

484 5616 758 5692 plerisque
787 5632 917 5671 mss.
945 5625 999 5672 et
1027 5616 1286 5692 omnibus
1315 5616 1448 5672 edit.
1482 5616 1763 5692 ambrosii
1796 5621 2072 5692 leguntur,

482 5684 628 5742 unde
667 5684 846 5742 “etiam
890 5687 1144 5744 nonnihil
1200 5687 1256 5745 in
1309 5704 1465 5746 suam
1495 5684 2076 5766 Paulinarum'episto-

2111 4531 2160 4588 D

2203 3252 2256 3307 in
2289 3252 2544 3325 spiritum
2576 3268 2670 3324 per
2700 3248 3175 3317 resurrectionem,
3198 3255 3259 3303 ut
3287 3249 3427 3303 mori
3461 3263 3577 3304 non
3603 3247 3790 3320 possit,

2199 3343 2329 3415 quia
2357 3343 2449 3399 ﬁet
2478 3350 2622 3398 totus
2653 3342 2866 3397 vivens.

2273 3432 2454 3500 (Vers.
2486 3431 2602 3502 46.)
2649 3456 2666 3477 ι
2697 3429 2801 3486 Sed
2823 3445 2933 3484 non
2965 3427 3117 3500 prius
3144 3426 3290 3500 quod
3321 3425 3576 3498 spiritale
3605 3435 3687 3483 est
3717 3444 3731 3495 ;
3763 3451 3778 3473 ι

2196 3538 2302 3594 qua
2323 3521 2559 3576 animale
2586 3537 2657 3578 ex
2698 3519 2895 3588 Adam,
2937 3517 3182 3591 spiritale
3212 3531 3344 3573 vero
3382 3532 3480 3588 per
3515 3517 3794 3574 Christum

2193 3618 2244 3665 et
2275 3611 2728 3677 resurrectionem
2760 3618 3124 3666 mortuorum.
3219 3657 3222 3662 .

2266 3699 2447 3769 (Vers.
2483 3699 2573 3764 47,
2605 3698 2758 3770 48.)‹
2800 3698 3016 3753 Primus
3047 3696 3212 3753 homo
3239 3696 3306 3752 de
3340 3703 3496 3752 terra
3527 3705 3793 3764 terrenus,

2191 3787 2462 3843 secundus
2480 3787 2646 3842 homo
2675 3788 2742 3843 de
2769 3788 2907 3845 cmlo
2929 3786 3165 3842 caelestis
3192 3803 3203 3840 :
3235 3785 3415 3858 qualis
3445 3794 3794 3853 terrenus,ta'

2195 3884 2268 3937 les
2285 3891 2338 3938 et
2361 3883 2581 3939 terreni:
2606 3891 2659 3940 et
2677 3883 2856 3956 qualis
2871 3881 3210 3948 caelestis,tal
3220 3897 3277 3936 es
3297 3889 3354 3936 et
3371 3881 3670 3937 caelestes.-
3690 3881 3796 3936 Pri-

2194 3989 2314 4027 mus
2334 3972 2502 4028 homo
2524 3973 2698 4029 Adam
2719 3981 2801 4028 est
2827 3971 2894 4028 de
2919 3979 3062 4028 terra
3095 3969 3535 4041 temporalis,cui
3557 3969 3798 4025 succedit

2195 4078 2338 4116 lll‘3l‘S
2357 4079 2367 4115 :
2388 4061 2660 4118 secundus
2684 4062 2852 4118 homo
2870 4060 3123 4120 Christus
3143 4067 3224 4115 est
3253 4059 3319 4114 de
3345 4059 3609 4131 cmlo,qui
3627 4075 3798 4114 resur-

2192 4166 2320 4220 gens
2352 4149 2491 4204 mori
2520 4151 2728 4206 nescit:
2764 4149 2989 4218 «Qualis
3023 4155 3104 4204 est
3127 4147 3223 4217 ille
3254 4146 3552 4215 terrestris,
3582 4147 3721 4202 tales
3752 4154 3801 4202 et

2191 4248 2505 4310 terrestres;
2539 4267 2556 4288 ι
2609 4242 2714 4298 hoc
2742 4251 2844 4310 est,
2903 4241 3033 4314 quia
3085 4248 3338 4296 terrenus
3393 4239 3649 4294 mortalis
3695 4248 3796 4305 est,

2193 4335 2449 4391 mortales
2503 4343 2631 4391 sunt
2687 4343 2740 4392 et
2797 4335 3000 4390 terreni
3063 4351 3074 4388 :
3141 4349 3377 4406 peccans
3405 4343 3591 4389 autem
3623 4331 3800 4389 Adam

2193 4430 2422 4478 mortem
2457 4423 2691 4492 invenit,
2724 4431 2785 4479 ut
2811 4439 3004 4479 omnes
3027 4438 3096 4479 ex
3118 4437 3184 4478 eo
3215 4420 3473 4477 mortales
3496 4420 3636 4477 sint.
3659 4438 3700 4468 ·‹
3730 4421 3800 4476 Et

2197 4623 2791 4695 larumExpositionem
2813 4623 3056 4680 doctoris
3070 4621 3241 4678 nostri
3261 4621 3488 4695 nomine
3510 4621 3798 4695 transtulit

2192 4695 2445 4751 Rabanus
2469 4693 2695 4751 Maurus
2729 4713 2739 4749 :
2792 4695 3001 4762 eadem,
3034 4695 3152 4750 solo
3184 4694 3698 4765 prologoexcepto,
3743 4693 3798 4747 in

2189 4766 2514 4822 adulterinis
2563 4767 2675 4822 illis
2705 4765 3028 4838 Hieronymi
3061 4763 3595 4838 Commentariisad
3614 4765 3801 4838 apices

2189 4839 2576 4919 reperiuntur._
2613 4838 2753 4918 Hinc
2807 4838 2865 4892 in
2896 4835 3154 4919 promptu
3185 4835 3352 4916 fuerit
3376 4835 3638 4919 colligere
3672 4835 3794 4919 folii

2189 4905 2422 4980 alicujus
2476 4909 2672 4980 factam
2731 4908 2789 4963 in
2844 4905 3015 4980 veteri
3058 4905 3330 4979 'qquiam
3390 4905 3576 4980 hujus
3615 4905 3796 4980 nostri

2189 4977 2578 5035 Commentarii
2638 4980 2825 5035 codice
2872 4977 3145 5050 jacturain
3183 4977 3794 5050 veltranspositionem

2188 5051 2498 5106 librariose
2531 5047 3104 5106 Pseudo-llieronvmo
3161 5049 3362 5105 sarcire
3418 5047 3683 5104 valuisse.
3739 5047 3796 5103 ld

2187 5123 2314 5178 inde
2353 5121 2732 5194 conﬁrmatur,
2765 5122 2911 5194 quod
2941 5118 3048 5176 alia
3079 5121 3265 5194 omnia
3295 5118 3558 5194 exhibeat
3589 5136 3795 5194 exem—

2187 5194 2305 5264 plar
2361 5193 2705 5265 Corbeiense,
2761 5190 2854 5248 sed
2883 5209 3002 5265 quae
3035 5190 3582 5265 multo‘conyeniant
3610 5191 3797 5265 aptius

2185 5260 2308 5342 cum
2349 5263 2759 5342 ambrosiastri,
2794 5271 2854 5318 ut
2880 5260 3097 5342 vocantz
3130 5262 3442 5342 styloLHuc
3469 5260 3612 5342 adde
3643 5260 3793 5342 quod

2188 5335 2243 5389 in
2290 5335 2468 5390 tribus
2518 5335 2644 5389 aliis
2701 5351 2827 5389 mss.
2889 5333 2954 5389 ad
3017 5332 3224 5388 calcem
3281 5332 3687 5389 Commentarii
3741 5333 3797 5387 in

2185 5405 2360 5478 Epist.
2411 5405 2478 5478 ad
2521 5404 3206 5478 (Romanosfragmentum
3237 5401 3624 5478 Expositionis
3655 5403 3799 5478 ulti-

2184 5473 2399 5532 morum
2439 5475 2604 5548 hujus
2627 5476 2903 5548 epistolae
2927 5473 3514 5548 versuum_Ambrosio
3557 5474 3794 5548 attgibu-

2184 5556 2304 5618 tum
2335 5543 2734 5618 exstat’iisde'm
2753 5543 3471 5618 verbis,quibus_legitur_in
3490 5544 3794 5618 codiCorb.

2186 5617 2361 5691 Hujus
2381 5619 2563 5690 itaque
2583 5617 2872 5672 lectionem
2893 5613 3287 5674 admittendam
3310 5613 3791 5672 existimavimus.
