3952 6202
193 259 297 317 285

191 384 368 459 qualis
399 383 496 441 ille
520 381 779 452 caalestis,
808 381 945 438 tales
990 387 1045 437 et
1081 380 1325 438 caelestes
1365 377 1500 445 sint,
1528 403 1546 426 ι

193 475 319 549 quia
381 474 633 534 Christus
697 489 810 528 non
877 471 1151 544 peccavit,
1226 471 1454 527 vincens
1529 479 1784 542 mortem,

191 567 425 623 caalestis
453 574 534 622 est
561 583 572 621 :
604 565 682 620 ita
731 562 843 619 sint
872 569 926 617 et
972 561 1260 618 credentes
1289 560 1372 615 illi
1407 578 1417 616 :
1453 561 1708 633 quamvis
1735 569 1790 617 et

194 673 300 712 non
329 656 614 713 credentes
643 652 919 726 spiritales
942 650 1118 706 futuri
1151 659 1301 718 sunt,
1328 649 1423 706 sed
1450 650 1594 706 sicut
1630 649 1790 723 spiri-

194 747 321 802 talia
351 745 640 819 nequitiae,
673 751 736 799 ut
785 742 896 797 sint
936 739 1234 796 tenebrosi.
1276 743 1355 797 De
1403 740 1608 796 sanctis
1639 739 1788 796 enim

193 853 338 891 nunc
399 833 672 908 loquitur,
728 830 822 904 qui
876 837 1164 903 resurgent
1209 829 1278 885 ad
1320 830 1591 902 gloriam;
1647 829 1791 885 sicut

189 927 338 981 enim
369 924 465 998 qui
514 939 628 979 non
656 921 911 990 credunt,
952 920 1068 992 jam
1112 919 1350 991 judicati
1401 928 1553 988 sunt,
1603 927 1658 975 et
1693 919 1788 993 qui

190 1015 446 1083 credunt,
469 1013 585 1086 jam
617 1012 863 1069 ccelestes
901 1009 1164 1066 dicuntur
1197 1009 1379 1080 (Joan.
1409 1025 1493 1077 ur,
1530 1007 1642 1080 18).

266 1104 449 1176 (Vers.
483 1102 602 1173 49.)
639 1123 658 1148 α
691 1099 863 1172 Igitur
911 1097 1058 1154 sicut
1105 1096 1449 1169 portavimus
1490 1095 1786 1168 imaginem

190 1194 346 1250 illius
393 1189 618 1259 terreni,
650 1196 932 1262 portemus
960 1194 1015 1243 et
1042 1185 1340 1259 imaginem
1389 1185 1556 1259 hujus
1585 1187 1789 1242 coales-

191 1283 290 1349 tis;
325 1307 342 1328 -
386 1281 492 1337 hoc
523 1287 624 1347 est,
658 1279 803 1335 sicut
833 1277 1070 1333 formam
1099 1275 1400 1333 habuimus
1428 1275 1788 1332 mortalitatis

190 1389 282 1444 per
327 1377 613 1444 peccatum
651 1367 808 1435 Adae,
859 1367 1005 1423 servi
1032 1367 1240 1439 peccati
1274 1365 1444 1422 facti:
1491 1365 1569 1421 ita
1598 1373 1652 1421 et
1681 1365 1786 1420 for-

191 1477 331 1516 mam
356 1459 662 1515 habeamus
709 1457 841 1512 vitae
865 1472 963 1528 per
986 1454 1264 1527 justitiam
1305 1455 1628 1523 Salvatoris,
1657 1455 1788 1512 facti

188 1548 332 1605 servi
355 1547 616 1621 justitiae,
643 1562 756 1602 non
785 1545 1002 1614 mundi,
1025 1544 1120 1601 sed
1146 1545 1245 1602 Dei
1265 1562 1278 1613 ;
1298 1544 1432 1602 dum
1463 1561 1525 1601 ea
1553 1545 1787 1618 agimus,

188 1653 308 1709 quae
337 1633 758 1692 immortalitate
790 1633 955 1707 digna
980 1641 1130 1689 sunt.

263 1726 448 1798 (Vers.
477 1726 595 1794 50.)
643 1749 660 1772 ι
691 1725 805 1780 Ηοο
851 1732 1031 1780 autem
1073 1723 1220 1792 dico,
1257 1723 1476 1788 fratres,
1507 1721 1635 1796 quia
1660 1737 1788 1780 caro

186 1826 242 1875 et
290 1817 514 1890 sanguis
562 1831 789 1888 regnum
833 1815 933 1872 Dei
987 1814 1266 1888 possidere
1315 1830 1426 1870 non
1468 1821 1770 1886 possunt.»

187 1907 420 1966 Carnem
458 1905 627 1980 perfid
641 1905 746 1961 iam
777 1905 903 1960 vult
932 1904 1188 1976 intelligi,
1212 1903 1535 1975 sanguinem
1567 1911 1784 1977 turpem

187 2007 244 2055 et
277 1996 624 2054 luxuriosam
674 1995 869 2063 vitam,
906 1993 1037 2067 quia
1064 1993 1340 2066 cupiditas
1369 1992 1487 2049 haec
1515 2008 1546 2047 a
1569 1992 1786 2049 fervore

185 2091 476 2165 sanguinis
494 2097 784 2162 generatur
810 2106 821 2143 :
846 2096 909 2144 ut
936 2087 1244 2144 ostenderet
1270 2103 1383 2143 non
1410 2087 1588 2142 solum
1613 2087 1787 2142 incre-

183 2182 384 2239 dulum
429 2179 653 2252 dignam
697 2177 1152 2233 resurrectionem
1197 2193 1309 2232 non
1337 2176 1558 2244 habere,
1591 2191 1784 2231 verum

182 2273 358 2331 etiam
391 2271 548 2328 illum
580 2269 676 2342 qui
706 2267 996 2324 desideriis
1024 2274 1076 2322 et
1105 2266 1260 2321 vitiis
1287 2267 1469 2322 carnis
1497 2266 1788 2338 obtempe-

183 2371 292 2420 rat.
329 2363 657 2420 Commonet
685 2375 815 2431 ergo
836 2366 891 2414 et
920 2356 1170 2426 instruit,
1193 2372 1301 2429 qua
1330 2355 1541 2412 ratione
1561 2371 1789 2428 regnum

183 2453 450 2510 caelorum
479 2449 742 2523 consequi
779 2464 1106 2504 mereamur.

275 2569 293 2591 ι
314 2541 500 2615 Neque
519 2539 802 2612 corruptio
826 2538 1257 2611 incorruptelam
1279 2535 1600 2610 possidebit.
1625 2561 1642 2582 ι
1675 2537 1791 2593 Hoc

183 2632 350 2700 dicit,
403 2631 533 2703 quia
589 2629 902 2701 corruptela
966 2635 1019 2683 et
1084 2625 1314 2683 lascivia
1377 2625 1505 2682 vitaa
1571 2642 1788 2699 poenam

184 2736 410 2778 necesse
441 2728 522 2776 est
550 2720 808 2792 patiatur.
841 2718 1156 2775 Passionem
1188 2716 1336 2773 enim
1375 2716 1787 2789 corruptionem

185 2812 408 2886 posuit;
429 2827 555 2866 nam
582 2816 796 2866 constat
824 2809 1014 2881 utique
1043 2823 1236 2864 omnes
1264 2805 1519 2862 homines
1548 2807 1789 2862 immor-

185 2905 324 2963 tales
353 2916 654 2973 resurgere.

262 2993 447 3065 (Vers.
479 2991 598 3063 51.)
645 3015 662 3038 ι
687 2991 830 3048 Ecce
860 2989 1188 3064 mysterium
1230 2987 1390 3046 vobis
1418 2987 1565 3056 dico,
1597 3002 1790 3043 omnes

182 3081 418 3156 quidem
466 3095 850 3151 resurgemus;
884 3103 902 3126 ι
948 3077 1004 3133 id
1043 3086 1145 3146 est,
1175 3087 1286 3133 tam
1317 3077 1599 3134 credentes
1627 3093 1790 3148 quam

188 3188 308 3228 non
359 3169 667 3226 credentes.
715 3192 732 3214 ι
765 3167 871 3224 Sed
918 3183 1030 3222 non
1060 3183 1251 3222 omnes
1281 3165 1721 3221 immutabimur.
1765 3189 1784 3213 ι

189 3262 363 3319 Nunc
402 3256 838 3329 uniuscujusque
877 3255 1137 3311 meritum
1184 3257 1244 3311 in
1286 3253 1685 3310 resurrectione
1718 3253 1804 3310 si-

189 3349 448 3424 gniﬁcat,
483 3346 665 3419 qualis
695 3345 754 3401 in
784 3344 1021 3416 singulis
1051 3343 1240 3400 futura
1270 3344 1362 3400 sit.

272 3447 460 3518 (Vers.
494 3445 614 3517 52.)
663 3468 681 3491 ‹
707 3445 769 3500 In
801 3451 1100 3510 momento,
1135 3443 1192 3498 in
1224 3443 1338 3498 ictu
1365 3441 1534 3510 oculi,
1566 3466 1585 3490 ι
1620 3441 1676 3497 id
1702 3449 1802 3512 est,

194 3536 333 3604 cito,
385 3535 504 3590 sine
560 3531 744 3606 aliqua
803 3549 976 3589 mora.
1027 3556 1045 3578 ι
1084 3533 1147 3588 In
1213 3531 1518 3588 novissima
1574 3531 1730 3602 tuba,
1775 3559 1793 3581 »

199 3626 328 3683 ideo
356 3623 660 3691 novissima,
691 3621 822 3696 quia
850 3630 1190 3695 postremum
1221 3620 1429 3677 bellum
1462 3622 1669 3693 geritur
1698 3621 1808 3678 ad-

199 3731 425 3772 versum
477 3713 778 3780 daemones,
833 3729 898 3769 ac
950 3711 1248 3785 principes,
1300 3720 1353 3767 et
1388 3719 1702 3784 potestates,
1752 3719 1808 3768 et

202 3804 389 3876 ipsum
437 3801 740 3859 diabolum.
789 3801 905 3857 Hoc
952 3799 1102 3856 enim
1144 3799 1238 3855 fiet
1269 3806 1394 3872 post
1435 3815 1607 3856 annos
1629 3800 1804 3870 mille,

204 3895 413 3968 quibus
443 3893 533 3949 hic
561 3891 813 3966 regnabit
839 3891 1109 3960 Salvator,
1133 3889 1411 3946 exstincto
1437 3890 1804 3961 Antichristo,

201 4000 336 4042 cum
367 3982 592 4038 Satanas
621 3981 938 4038 dimittetur
968 3979 1036 4036 de
1061 3995 1278 4036 carcere
1307 3995 1406 4035 suo
1435 3979 1502 4035 ad
1531 3979 1808 4038 seducen-

203 4073 306 4130 das
356 4081 542 4145 gentes
593 4072 710 4143 Gog
761 4079 816 4128 et
843 4072 1057 4142 Magog,
1101 4070 1195 4142 qui
1241 4077 1372 4126 sunt
1399 4069 1694 4140 daemones,
1747 4079 1810 4127 ut

205 4172 459 4238 pugnent
517 4163 783 4220 adversus
837 4170 1014 4219 castra
1073 4169 1427 4228 sanctorum;
1495 4178 1597 4218 nec
1659 4163 1809 4219 enim

206 4253 543 4327 temporales
593 4250 852 4306 homines
908 4257 1168 4321 poterunt
1223 4249 1518 4306 adversum
1579 4259 1814 4307 aeternos

207 4342 500 4398 dimicare.
548 4339 685 4394 Nam
742 4344 796 4392 et
857 4337 1094 4392 Joannes
1136 4337 1418 4408 apostolus
1455 4338 1570 4394 ait:
1618 4362 1635 4384 ι
1684 4337 1814 4395 Vidi

210 4430 443 4489 Michael
476 4436 532 4484 et
559 4426 782 4499 angelos
806 4423 925 4497 ejus
955 4425 1012 4480 in
1057 4426 1196 4481 coelo
1225 4435 1528 4498 pugnantes
1555 4429 1818 4486 adversus

1265 253 1630 312 COMMENT.
1679 253 1756 311 IN
1799 253 2018 312 EPIST.
2058 255 2080 312 Ι
2117 254 2213 312 ΑΙ)
2251 255 2407 314 COB.

3391 261 3498 318 286

1588 379 1645 436 id
1674 387 1776 451 est,
1809 381 1858 441 A
1887 380 2058 452 rupti,
2115 388 2168 437 et
2222 397 2320 437 nos
2369 383 2802 440 immutabimur.
2849 409 2869 434 ι
2926 385 3287 458 Surgentibus
3339 386 3492 444 enim

1897 470 2274 545 peccatoribus
2336 479 2389 528 et
2443 473 2647 546 impiis,
2705 475 2882 532 sancti
2931 475 3378 533 immutabuntur
3434 476 3492 533 in

1896 558 2165 626 claritate,
2211 565 2273 613 ut
2316 575 2442 614 caro
2491 560 2581 616 ﬁat
2631 561 2897 634 spiritalis
2937 581 3061 620 cum
3089 565 3284 638 gloria,
3333 564 3488 638 quasi

1898 649 2211 722 plumbum,
2255 647 2301 703 si
2347 649 2442 704 fiat
2469 665 2685 705 aurum.
2735 651 2921 709 Sancti
2949 653 3094 710 enim
3143 654 3203 709 in
3246 654 3490 711 adventu

1897 737 2125 794 Domini
2151 744 2373 810 surgent
2405 737 2549 794 sicut
2578 739 2828 810 superius
2859 741 3025 809 (vers.
3059 743 3151 811 23)
3184 742 3262 798 ait
3289 761 3300 798 :
3340 767 3358 790 ι
3383 743 3491 800 Ini-

1900 829 2040 886 tium
2071 829 2324 886 Christus
2348 846 2360 884 :
2386 827 2584 884 deinde
2610 828 2670 884 hi
2690 829 2786 902 qui
2806 837 2935 885 sunt
2954 830 3158 888 Christi
3176 833 3234 888 in
3249 833 3494 890 adventu

1901 920 2040 992 ejus,
2073 947 2090 968 ι
2135 921 2279 977 sicut
2310 920 2364 975 in
2402 920 2737 994 Apocalypsi
2780 922 3095 978 continetur
3123 923 3310 994 (Apoc.
3339 941 3380 991 ι,
3409 925 3492 995 5),

1897 1020 2211 1085 peccatores
2259 1012 2407 1068 enim
2459 1029 2570 1070 non
2627 1020 2756 1070 sunt
2797 1013 3030 1081 Christi,
3059 1012 3153 1085 qui
3191 1011 3425 1071 audiunt
3466 1031 3495 1070 a

1897 1101 2172 1158 Domino:
2219 1128 2234 1149 -
2262 1103 2382 1159 Non
2407 1103 2540 1158 novi
2571 1119 2669 1158 vos
2703 1103 2914 1173 (Matth.
2945 1119 3045 1170 vri,
3077 1101 3192 1172 23).
3216 1125 3234 1149 ι
3277 1101 3416 1170 Quia
3444 1110 3499 1158 et

1899 1191 1956 1247 in
1985 1193 2197 1264 psalmo
2238 1192 2417 1264 primo
2447 1192 2712 1264 scriptum
2746 1199 2863 1248 est:
2912 1215 2930 1237 ι
2962 1191 3090 1248 Ideo
3147 1207 3260 1248 non
3319 1207 3496 1248 resur-

1899 1291 2025 1354 gent
2052 1281 2212 1354 impii
2244 1281 2301 1336 in
2325 1281 2562 1353 judicio,
2595 1297 2772 1354 neque
2803 1289 3114 1354 peccatores
3150 1281 3208 1337 in
3259 1281 3498 1339 concilio

1893 1369 2170 1442 justorum
2196 1372 2372 1441 (Psal.
2397 1389 2436 1440 ι,
2459 1371 2539 1441 5).
2564 1396 2582 1418 ι
2617 1370 2704 1427 Ab
2726 1370 2912 1443 impiis
2935 1371 3084 1426 enim
3115 1387 3226 1427 non
3251 1378 3333 1427 est
3352 1369 3501 1443 quod

1899 1460 2247 1532 requiratur:
2281 1459 2376 1516 sed
2408 1459 2474 1515 ad
2518 1459 2625 1515 hoc
2652 1467 2898 1531 surgent,
2930 1465 2990 1514 ut
3018 1464 3262 1532 pereant,
3293 1457 3501 1515 viden-

1898 1557 1981 1605 tes
2032 1565 2226 1604 verum
2284 1565 2421 1618 esse,
2472 1548 2618 1621 quod
2675 1547 2894 1604 credere
2938 1549 3270 1604 noluerunt:
3322 1545 3500 1620 perire

1898 1646 2080 1694 autem
2138 1649 2219 1696 est
2265 1655 2296 1693 a
2332 1640 2445 1694 Deo
2490 1654 2605 1694 esse
2643 1639 2908 1705 alienum,
2953 1637 3098 1694 sicut
3147 1637 3226 1692 ait
3262 1636 3333 1692 ad
3382 1637 3504 1693 Ito-

1901 1745 2119 1784 manos:
2155 1753 2171 1774 -
2193 1728 2521 1800 Quicunque
2539 1729 2686 1783 enim
2717 1736 2875 1783 extra
2906 1727 3076 1798 legem
3107 1732 3495 1797 peccaverunt,

1899 1817 2017 1874 sine
2048 1818 2165 1890 lege
2208 1817 2468 1888 peribunt
2493 1835 2506 1884 ;
2539 1824 2594 1873 et
2623 1817 2717 1890 qui
2749 1816 2808 1871 in
2841 1817 2955 1888 lege
2979 1823 3368 1887 peccaverunt,
3400 1831 3499 1888 per

1901 1909 2074 1981 legem
2096 1907 2500 1980 judicabuntur
2524 1909 2699 1980 (Rom.
2726 1925 2788 1976 ιι,
2823 1907 2912 1979 12)
2939 1925 2952 1973 ;
2983 1932 3001 1955 ι
3041 1923 3105 1962 ac
3128 1922 3225 1978 per
3248 1904 3355 1962 hoc
3377 1922 3496 1978 pec-

1899 2006 2109 2055 catores
2153 1997 2515 2070 judicabunt;
2567 1996 2784 2070 indigni
2815 1996 3018 2053 etenim
3049 2003 3182 2053 sunt
3217 2013 3498 2070 resurgere

1899 2104 2024 2144 cum
2055 2086 2277 2156 sanctis,
2309 2087 2453 2145 sicut
2497 2087 2573 2143 ait
2598 2105 2610 2144 :
2658 2113 2676 2135 ι
2708 2088 2894 2160 Neque
2922 2095 3238 2160 peccatores
3267 2086 3324 2141 in
3355 2102 3500 2143 con-

1899 2176 2029 2232 cilio
2053 2176 2350 2248 justorum.
2383 2203 2401 2225 ι

1975 2274 2154 2346 (Vers.
2173 2276 2242 2332 53
2268 2277 2287 2347 )
2316 2301 2333 2322 ε
2352 2276 2578 2349 Oportet
2593 2276 2742 2332 enim
2763 2274 3123 2348 corruptibile
3141 2273 3247 2332 hoc
3267 2273 3506 2331 induere

1901 2363 2395 2437 incorruptionem,
2426 2375 2480 2422 et
2507 2367 2736 2422 mortale
2760 2364 2867 2422 hoc
2894 2365 3122 2422 induere
3152 2363 3498 2421 immortali-

1899 2463 2116 2511 tatem.-
2133 2456 2308 2527 Supra
2325 2455 2491 2523 dixit,
2510 2464 2587 2511 «et
2609 2455 2810 2511 mortui
2832 2465 3118 2528 resurgent
3134 2453 3463 2525 incorrupti,
3489 2497 3503 2520 ,

1903 2545 1959 2601 id
1988 2553 2090 2614 est,
2122 2545 2457 2601 immortales
2487 2554 2667 2613 erunt,
2693 2562 2805 2601 non
2825 2553 3011 2600 tamen
3033 2544 3418 2616 impassibiles;
3444 2544 3502 2601 hi

1901 2637 2072 2705 enim,
2107 2653 2246 2708 quos
2275 2635 2432 2705 dicit,
2465 2651 2650 2709 poenas
2697 2635 2975 2707 patientur
3016 2650 3114 2705 pro
3145 2632 3504 2706 qualitatibus

1901 2726 2230 2784 delictorum
2259 2743 2509 2795 suorum,
2529 2727 2605 2782 ita
2624 2733 2685 2781 ut
2705 2732 2904 2781 exeant
2924 2724 3053 2780 inde
3082 2723 3264 2780 soluto
3280 2720 3497 2778 debito:

1902 2815 2062 2889 impii
2081 2823 2263 2872 autem
2281 2827 2483 2874 aeterna
2501 2832 2658 2888 paena
2675 2822 3003 2888 torquentur
3027 2832 3039 2869 :
3055 2813 3133 2869 ait
3152 2812 3301 2868 enim
3324 2829 3335 2866 :
3357 2835 3373 2856 ι
3393 2810 3498 2878 Qui

1901 2923 2013 2962 non
2043 2907 2236 2976 credit,
2261 2907 2375 2978 jam
2401 2905 2682 2979 judicatus
2708 2911 2790 2960 est
2818 2904 2999 2976 (Joan.
3036 2920 3118 2970 tu,
3147 2902 3258 2975 17).
3288 2927 3305 2949 ι
3350 2899 3502 2957 Unde

1902 3005 1955 3053 et
2007 2997 2171 3053 Isaias
2198 2995 2464 3069 propheta
2499 2995 2575 3052 ait
2605 3013 2615 3051 :
2663 3020 2680 3041 ι
2712 2994 2860 3068 Ignis
2890 3011 3083 3052 eorum
3130 3009 3242 3051 non
3273 2992 3498 3049 exstin-

1834 3132 1878 3192 C
1907 3097 2122 3162 guetur,
2166 3097 2220 3145 et
2260 3089 2467 3145 vermis
2499 3103 2692 3144 eorum
2722 3104 2835 3143 non
2869 3087 3137 3142 morietur
3164 3087 3305 3156 (Isa.
3348 3101 3502 3152 LXVI,

1911 3178 2026 3249 24).
2060 3201 2077 3223 ν
2121 3179 2181 3233 In
2217 3177 2458 3232 adventu
2499 3184 2683 3231 tamen
2716 3175 2942 3231 Domini
2987 3181 3042 3229 et
3087 3172 3262 3229 sancti
3312 3188 3506 3229 resur-

1914 3278 2061 3340 gent,
2091 3277 2145 3324 et
2173 3269 2270 3343 qui
2300 3269 2417 3325 vivi
2449 3267 2657 3323 fuerint
2687 3265 2923 3333 inventi,
2955 3263 3176 3320 obviam
3223 3262 3510 3336 rapientur

1915 3360 2153 3417 Domino
2178 3361 2235 3416 in
2263 3377 2405 3428 aera,
2445 3365 2678 3414 mortem
2710 3356 2863 3430 quasi
2893 3372 3144 3428 soporem
3168 3354 3379 3428 passuri
3405 3371 3418 3421 ;
3451 3353 3508 3408 in

1916 3453 2036 3523 ipso
2078 3452 2222 3508 enim
2266 3460 2426 3524 raptu
2472 3458 2526 3507 et
2574 3458 2803 3506 mortem
2845 3457 2898 3505 et
2927 3446 3382 3504 resurrectionem
3415 3444 3508 3500 ha-

1915 3539 2147 3607 bebunt,
2195 3541 2338 3598 sicut
2381 3540 2449 3598 ad
2493 3538 3006 3596 Thessalonicenses
3035 3537 3180 3593 idem
3213 3535 3510 3608 Apostolus

1916 3630 2109 3687 scribit
2141 3630 2199 3701 (Ι
2231 3631 2407 3686 Thess.
2440 3647 2518 3698 IV,
2553 3629 2664 3701 16).
2699 3629 2965 3702 Tempore
2997 3627 3145 3683 enim
3177 3624 3510 3683 Antichristi

1915 3730 2010 3777 aut
2038 3727 2296 3794 apostataa
2325 3727 2508 3788 erunt,
2539 3727 2632 3775 aut
2659 3719 2758 3787 rei,
2791 3727 2890 3774 aut
2942 3718 2998 3772 in
3030 3716 3297 3784 latibulis,
3327 3723 3422 3771 aut
3451 3715 3511 3771 in

1917 3826 2076 3883 pinna
2121 3809 2286 3882 positi
2343 3806 2525 3865 caeteri
2573 3807 2825 3880 gentiles,
2855 3823 2992 3878 quos
3039 3804 3308 3860 Dominus
3337 3804 3514 3874 :Jesus

1915 3916 2041 3956 cum
2089 3897 2226 3954 duce
2259 3898 2502 3970 ipsorum
2535 3894 2881 3950 Antichristo
2910 3893 2969 3947 in
3000 3891 3242 3947 adventu
3289 3907 3389 3948 suo
3432 3891 3512 3946 in-

1918 3987 2150 4044 terliciet
2210 4011 2227 4032 ε
2270 3984 2471 4056 spiritu
2513 3983 2626 4038 oris
2681 3981 2766 4037 sui
2817 3981 2908 4052 (II
2963 3980 3138 4037 Thess.
3189 3997 3250 4048 ιι,
3282 3980 3361 4051 8),
3395 4004 3413 4026 ι
3458 3978 3513 4035 id

1919 4086 2020 4146 est,
2046 4077 2206 4149 jussu
2251 4073 2368 4146 ejus
2405 4073 2518 4146 igni
2562 4079 2866 4129 exurentur
2892 4087 2988 4144 per
3016 4071 3238 4144 angelos
3286 4069 3513 4128 virtutis

1919 4169 2058 4241 ejus.
2745 4153 2766 4175 ’

1997 4266 2179 4338 (Vers.
2212 4264 2300 4334 54,
2319 4264 2436 4336 55.)
2473 4290 2490 4312 ι
2511 4263 2649 4324 Cum
2667 4271 2861 4321 autem
2893 4263 3124 4320 mortale
3145 4262 3251 4322 hoc
3270 4263 3516 4322 induerit

1925 4355 2419 4423 immortalitatem,
2451 4363 2583 4414 tunc
2632 4355 2727 4414 ﬁet
2758 4373 2958 4425 sermo,
2987 4355 3083 4430 qui
3124 4356 3362 4429 scriptus
3391 4365 3473 4413 est
3499 4372 3510 4410 :

1925 4445 2197 4518 Absorpta
2234 4451 2315 4501 est
2361 4463 2509 4502 mors
2555 4446 2612 4502 in
2643 4445 2895 4504 victoria.
2926 4443 3032 4501 Ubi
3061 4451 3164 4513 est,
3217 4460 3386 4512 mors,
3435 4444 3514 4499 vi-

216 4521 516 4578 draconem
557 4524 611 4573 et
634 4490 864 4589 angelos
899 4513 1016 4586 ejus
1049 4490 1242 4587 (Apoc:
1271 4490 1370 4586 xii,
1407 4519 1484 4590 7),
1518 4544 1536 4567 ›
1569 4551 1640 4561 -
1673 4544 1690 4568 ‹
1721 4537 1792 4594 qu

1925 4490 2197 4518 -..ωυρμ
2235 4490 2315 4501 ν...
2362 4490 2509 4502 ...νη
2654 4490 2895 4504 mw..."
2932 4490 3032 4501 ν..-
3063 4490 3164 4513 -...,
3217 4490 3386 4512 -..ν-..,
3447 4490 3491 4499 .,

1926 4535 2099 4590 ctoria
2141 4535 2285 4592 tua?
2327 4535 2422 4591 ubi
2456 4543 2558 4604 est,
2610 4553 2777 4604 mors,
2833 4535 3092 4592 stimulus
3121 4533 3296 4589 tuus?
3327 4558 3344 4578 ι
3390 4533 3516 4588 Post

211 4619 294 4666 est
349 4607 607 4665 diabolus
662 4613 716 4661 et
769 4604 994 4661 Satanas
1026 4605 1213 4677 (Apoc.
1264 4623 1362 4676 xx,
1401 4608 1478 4679 2).
1512 4634 1530 4656 ι
1576 4610 1812 4684 Ideoque

215 4698 305 4755 hic
337 4696 624 4752 novissima
654 4694 778 4749 tuba
808 4693 904 4762 ait,
934 4694 1065 4766 quia
1092 4710 1202 4750 non
1231 4697 1397 4752 semel
1431 4715 1555 4754 cum
1588 4699 1686 4755 illo
1717 4717 1812 4772 pu-

215 4793 440 4858 gnatum
470 4792 551 4840 est
573 4801 585 4838 :
611 4783 740 4856 quia
768 4790 822 4839 et
851 4783 906 4838 in
926 4783 1272 4840 Antichristo
1303 4785 1813 4859 pseudoprophetae,

215 4877 309 4948 qui
363 4873 642 4930 faciebant
688 4888 872 4930 coram
905 4871 1006 4926 illo
1045 4872 1200 4944 signa
1226 4884 1278 4930 et
1306 4877 1575 4949 prodigia,
1608 4887 1661 4932 et
1701 4877 1815 4948 ipse

220 4965 424 5030 victor,
441 4970 495 5018 et
524 4963 628 5018 hoc
656 4963 778 5019 loco
807 4960 1112 5017 novissime
1132 4963 1395 5021 adversus
1422 4964 1580 5021 illum
1612 4981 1815 5037 pugna-

216 5054 390 5122 bitur,
420 5063 483 5110 ut
506 5052 619 5125 jam
661 5053 912 5110 mittatur
956 5058 1096 5115 167
1134 5055 1191 5108 in
1223 5055 1546 5126 gehennam.
1577 5058 1647 5112 Et
1690 5057 1818 5111 Sal-

219 5159 375 5207 vator
396 5151 540 5206 inter
565 5158 757 5206 caetera
786 5150 894 5206 ait:
926 5175 944 5197 ι
969 5153 1129 5207 Nunc
1151 5151 1405 5224 princeps
1432 5152 1597 5224 hujus
1625 5155 1816 5209 mundi

221 5241 470 5297 mittetur
502 5239 756 5295 deorsum
790 5241 973 5310 (Joan,
1018 5256 1123 5306 xu,
1174 5239 1288 5307 3t).
1331 5264 1348 5286 ι
1392 5240 1462 5295 Ει
1509 5248 1642 5296 tunc
1693 5257 1820 5312 ergo

218 5347 274 5394 et
301 5340 620 5412 frequenter
651 5337 832 5393 victus
859 5343 965 5402 est,
980 5333 1125 5390 sicut
1154 5333 1321 5388 Isaias
1350 5331 1617 5404 propheta
1645 5333 1781 5388 dicit
1807 5351 1818 5388 :

236 5454 254 5475 -
291 5427 582 5497 Quomodo
611 5426 811 5483 cecidit
838 5425 906 5480 de
927 5423 1068 5480 coelo
1099 5421 1339 5490 Lucifer,
1371 5421 1465 5495 qui
1500 5438 1656 5477 mane
1687 5422 1822 5479 orie-

221 5516 383 5573 batur
412 5518 552 5589 (Isa.
593 5532 712 5583 xw,
748 5515 836 5584 12)
862 5514 890 5570 ?
920 5539 936 5559 ι

308 5635 327 5660 ι
357 5612 531 5670 Canet
573 5609 720 5667 enim
765 5608 921 5676 tuba,
968 5613 1023 5666 et
1079 5606 1282 5664 mortui
1322 5615 1606 5681 resurgent
1632 5606 1824 5666 incor-

1922 4629 2379 4686 resurrectionem
2419 4630 2566 4684 enim
2613 4628 2907 4698 impiorum
2953 4634 3006 4680 et
3048 4631 3392 4695 peccatorum
3426 4624 3516 4678 ab-

1923 4716 2234 4771 sorbebitur
2278 4740 2296 4762 ς
2335 4731 2482 4771 mors
2531 4715 2589 4769 in
2618 4712 2851 4768 victoria
2879 4736 2897 4757 ι
2920 4752 2933 4765 .
2962 4707 3285 4766 Insultantis
3313 4708 3517 4764 etenim

1924 4803 2092 4858 verba
2125 4810 2274 4870 sunt,
2307 4803 2543 4858 dicentis
2568 4819 2579 4856 :
2609 4825 2625 4847 ε
2648 4801 2750 4856 Ubi
2783 4807 2884 4867 est,
2918 4814 3086 4864 mors,
3116 4795 3351 4852 victoria
3377 4805 3472 4853 tua
3492 4797 3520 4854 ‘P

1923 4891 2021 4946 ubi
2065 4900 2166 4959 est,
2220 4907 2386 4958 mors,
2419 4891 2642 4945 aculeus
2677 4895 2807 4944 tuus
2832 4889 2859 4943 ἵ)
2888 4913 2904 4932 ι
2949 4885 3194 4942 Victoria
3223 4886 3371 4944 enim
3428 4887 3517 4945 de-

1926 4980 2088 5036 victae
2144 4979 2340 5036 mortis
2395 4975 2728 5034 resurrectio
2786 4985 3130 5033 mortuorum
3185 4983 3303 5034 est:
3372 4995 3520 5036 mors

1927 5077 2106 5125 autem
2139 5069 2396 5125 diabolus
2436 5076 2540 5136 est,
2576 5066 2667 5125 cui
2693 5067 3028 5134 insultatur;
3061 5076 3116 5124 et
3144 5069 3521 5127 contentiosus

1927 5159 2154 5227 dicitur,
2213 5159 2343 5232 quia
2389 5175 2485 5231 per
2531 5159 2866 5231 superbiam,
2914 5175 3040 5216 cum
3087 5157 3265 5232 impar
3307 5158 3521 5217 viribus

1929 5257 2088 5317 esset,
2135 5248 2444 5306 resistebat.
2477 5249 2614 5307 Cum
2644 5266 2774 5324 ergo
2815 5257 3108 5324 superatus
3135 5249 3428 5322 perimitur
3467 5259 3524 5308 et

1930 5339 2106 5410 spolia
2141 5339 2224 5395 illi
2255 5338 2638 5408 detrahuntur,
2679 5348 3033 5399 succensetur
3071 5339 3178 5408 illi,
3205 5339 3302 5414 qui
3331 5349 3527 5400 contra

1931 5443 1988 5483 se
2017 5428 2307 5501 pugnavit.

2005 5526 2187 5598 (Vers.
2239 5525 2358 5596 56.)
2405 5549 2422 5571 ι
2463 5526 2700 5585 Aculeus
2747 5535 2930 5584 autem
2990 5529 3184 5585 mortis
3244 5537 3527 5597 peccatum

1932 5620 2034 5672 est.
2065 5637 2083 5662 ι
2132 5613 2403 5673 Aculeum
2456 5617 2836 5674 auctoritatem
2880 5614 3174 5688 signiﬁcat,
3206 5612 3337 5684 quia
3379 5630 3534 5676 mors
