3952 6202
456 340 560 397 287

1470 337 1565 392 AD
1607 334 1843 392 OPERA
1881 335 1935 390 S.
1976 333 2310 393 AMBROSII
2349 333 2734 390 APPENDIX.

457 484 553 543 per
579 468 863 542 peccatum
891 464 1274 523 auctoritatem
1318 463 1546 536 accepit,
1584 462 1740 536 quasi
1771 468 2054 534 peccatum
2085 464 2136 526 Α
2165 468 2298 517 natu
2339 460 2576 534 proﬁcit,
2622 468 2677 516 et
2723 459 2925 533 egenis.
2973 458 3076 515 Per
3103 458 3391 532 epistolam
3440 457 3676 517 mittere
3722 477 3781 517 se

457 575 566 616 non
598 564 759 624 esset,
788 554 1044 611 diabolus
1070 554 1458 628 obtorpuisset,
1492 562 1546 609 et
1585 570 1732 608 mors
1758 569 1868 608 non
1896 560 2054 609 esset.

472 676 489 697 ι
519 650 712 707 Virtus
736 656 917 703 autem
948 647 1155 719 peccati
1185 647 1295 701 lex.
1321 673 1336 692 -
1382 645 1508 701 Ideo
1539 645 1717 700 virtus
1739 643 1947 717 peccati
1967 645 2059 700 lex

464 749 565 810 est,
583 740 714 815 quia
729 747 1013 812 peccatum
1034 754 1147 794 non
1177 739 1565 809 imputaretur,
1586 735 1633 792 si
1654 737 1743 792 lex
1760 752 1871 792 non
1895 744 2053 794 esset.

532 829 716 900 (Vers.
784 826 901 896 57.)
974 850 992 874 ι
1050 828 1165 882 Deo
1226 834 1408 882 autem
1475 826 1699 898 gratias,
1757 825 1850 898 qui
1904 825 2057 882 dedit

458 919 618 977 nobis
685 919 972 975 victoriam
1034 933 1131 989 per
1196 916 1498 974 Dominum
1566 923 1819 972 nostrum
1871 917 2057 974 Jesum

458 1009 761 1067 Christum.
794 1030 813 1057 ι
859 1007 1225 1080 Triumphum
1277 1008 1580 1064 Salvatoris
1630 1008 1687 1064 in
1733 1007 1893 1064 nobis
1923 1008 2060 1065 dicit

458 1099 776 1174 profuisse;
835 1114 955 1172 quae
1019 1099 1170 1155 enim
1236 1098 1401 1171 gessit
1452 1100 1723 1169 Salvator,
1780 1114 1892 1154 non
1951 1098 2059 1155 sibi

458 1190 650 1263 utique
696 1189 883 1261 gessit,
911 1187 1007 1245 sed
1046 1188 1227 1245 nobis.
1261 1188 1627 1257 Quamobrem
1658 1197 1845 1246 nostra
1879 1188 2058 1245 victo-

459 1282 543 1337 ria
606 1286 731 1347 est;
792 1279 916 1336 ideo
982 1281 1133 1336 enim
1190 1280 1357 1338 homo
1423 1280 1604 1339 factus
1672 1288 1773 1347 est,
1835 1295 2061 1335 manens

457 1372 624 1438 Deus,
670 1377 732 1427 ut
784 1370 1013 1427 vincens
1069 1369 1375 1439 diabolum,
1420 1370 1554 1427 dum
1611 1376 1894 1444 peccatum
1948 1385 2059 1425 non

460 1459 611 1528 fecit,
644 1458 804 1516 nobis
846 1459 1137 1517 victoriam
1167 1461 1498 1533 acquireret,
1533 1461 1628 1535 qui
1659 1459 1870 1533 peccati
1899 1475 2061 1516 causa

460 1548 844 1607 detinebamur
892 1550 950 1606 in
977 1559 1196 1619 morte;
1246 1561 1309 1609 ut
1340 1552 1524 1609 vietus
1570 1551 1845 1620 diabolus,
1879 1550 2061 1609 occiso

460 1638 700 1709 Christo,
746 1639 842 1713 qui
896 1649 1178 1713 peccatum
1232 1658 1343 1698 non
1403 1643 1625 1713 fecerat,
1683 1658 1875 1700 omnes
1924 1658 2062 1716 quos

461 1728 669 1801 peccati
724 1746 887 1786 causa
943 1731 1246 1800 detinebat,
1309 1733 1609 1791 amitteret.
1667 1736 1811 1790 Dum
1877 1740 2058 1789 autem

2166 550 2286 620 hos,
2342 567 2479 624 quos
2535 549 2764 607 idoneos
2823 548 2891 606 ad
2951 547 3415 622 dispensationem
3479 548 3777 620 elegerint,

2166 640 2303 696 dicit
2327 658 2337 696 :
2371 657 2493 716 quae
2522 639 2765 711 epistolas
2794 637 3171 694 testimonium
3200 635 3448 709 praebent
3477 635 3693 707 missis,
3714 644 3782 694 ut

2166 749 2290 788 cum
2323 730 2496 803 gratia
2522 729 2890 802 excipiantur.

2243 822 2425 893 (Vers.
2461 820 2542 892 4.)
2588 844 2605 867 ι
2634 818 2791 887 Quod
2839 818 2885 875 si
2916 817 3145 890 dignum
3182 816 3371 884 fuerit,
3405 825 3472 873 ut
3506 832 3613 888 ego
3641 834 3776 892 quo-

2167 927 2273 986 que
2301 927 2443 979 eam,
2473 926 2688 967 mecum
2718 908 2898 965 ibunt.
2923 935 2941 957 ι
2975 905 3263 975 Hocdicit,
3287 906 3334 964 si
3356 907 3531 964 fuerit
3548 908 3777 981 copiosa

2166 1001 2442 1069 collectio,
2473 1016 2628 1073 posse
2654 999 2819 1055 etiam
2870 998 3068 1065 seire;
3102 996 3335 1069 dignum
3368 997 3519 1054 enim
3571 1003 3677 1065 est,
3721 1008 3775 1056 et

2168 1093 2248 1150 sic
2287 1110 2445 1166 opus,
2495 1101 2557 1149 ut
2607 1092 2654 1148 si
2701 1092 2815 1165 ipse
2851 1098 2959 1159 eat,
3006 1091 3243 1147 multum
3291 1106 3480 1149 secum
3532 1092 3773 1166 perferat

2168 1185 2236 1242 ad
2281 1183 2628 1256 refrigerium
2656 1192 2992 1241 sanctorum.
3036 1182 3152 1239 Hoc
3179 1190 3283 1251 est,
3313 1181 3465 1256 quod
3494 1182 3771 1256 signiﬁcat

2169 1274 2237 1331 ad
2265 1276 2540 1333 Romanos
2570 1275 2791 1331 dicens:
2854 1298 2873 1321 ι
2923 1272 2982 1330 Si
3013 1272 3159 1329 enim
3205 1271 3548 1346 spiritalium
3578 1290 3769 1331 eorum

2169 1364 2721 1423 communicaverunt
2768 1372 2977 1437 gentes,
3023 1363 3227 1420 debent
3256 1362 3318 1420 hi
3362 1362 3422 1419 in
3458 1363 3771 1420 carnalibus

2170 1457 2484 1513 ministrare
2541 1455 2621 1511 eis
2666 1456 2844 1528 (Rom.
2893 1471 2993 1523 xv,
3026 1454 3160 1526 27);
3193 1478 3212 1501 ι
3254 1468 3326 1510 ex
3372 1452 3582 1511 Iudaeis
3627 1456 3770 1510 enim

2169 1556 2347 1617 erant,
2401 1546 2469 1602 de
2515 1544 2715 1619 quibus
2761 1543 2899 1601 dicit
2928 1543 3219 1611 Dominus,
3252 1543 3383 1616 quia
3406 1544 3558 1600 salus
3588 1560 3662 1601 ex
3686 1543 3771 1599 Ju-

2169 1638 2302 1695 daeis
2330 1646 2433 1707 est,
2461 1636 2557 1710 qui
2587 1633 2987 1707 Hierosolymis
3034 1634 3092 1690 in
3135 1650 3330 1707 magna
3359 1633 3582 1690 invidia
3623 1643 3773 1691 erant

2169 1731 2313 1802 apud
2344 1730 2560 1786 Iudaeos
2588 1744 2699 1785 non
2730 1727 3033 1785 credentes.

461 1816 692 1907 insultat
737 1818 972 1907 homini,
1028 1839 1152 1879 reus
1207 1823 1386 1881 factus
1439 1833 1543 1893 est,
1600 1832 1653 1882 et
1691 1824 1770 1880 sic
1814 1822 2057 1880 deletum
2089 1846 2136 1907 Β
2243 1820 2425 1891 (Vers.
2458 1820 2511 1887 5,
2558 1819 2640 1890 6.)
2695 1841 2714 1866 ι
2746 1819 2979 1877 Veniam
3031 1827 3212 1875 autem
3258 1817 3327 1875 ad
3357 1835 3479 1889 vos,
3508 1836 3640 1877 cum
3670 1821 3771 1878 Ma-

469 1904 917 1980 cbirographum,
952 1908 1008 1965 id
1038 1919 1137 1979 est,
1170 1911 1349 1969 deleta
1378 1913 1675 1979 sententia,
1706 1928 1816 1986 qua
1839 1911 2062 1969 teneba-

462 1998 560 2052 tur
602 2012 771 2069 genus
818 1998 1123 2057 humanum
1167 2001 1224 2058 in
1256 2010 1511 2073 mortem,
1542 2003 1696 2060 ﬁeret
1726 2011 1963 2074 ereptus,
2011 2010 2066 2058 et

470 2084 762 2144 animabus
790 2089 849 2146 in
877 2091 1075 2148 coelum
1102 2091 1347 2149 inductis
1371 2111 1384 2161 ;
1415 2101 1477 2150 ut
1505 2108 1616 2149 non
1646 2108 1742 2164 per
1762 2091 2064 2164 potentiam

471 2174 557 2233 illi
588 2177 935 2250 tollerentur,
971 2181 1066 2238 sed
1095 2198 1191 2255 per
1212 2181 1490 2255 justitiam
1520 2199 1551 2239 a
1593 2184 1707 2240 Deo
1737 2198 1833 2255 per
1877 2181 2063 2240 Domi.

460 2286 598 2327 num
633 2279 884 2329 nostrum
905 2274 1090 2330 Jesum
1118 2274 1423 2331 Christum.

536 2362 720 2432 (Vers.
750 2363 868 2433 58.)
914 2388 931 2409 ι
965 2364 1171 2437 Itaque,
1204 2363 1400 2419 fratres
1430 2362 1538 2418 mei
1584 2361 1799 2431 dilecti,
1841 2360 2065 2418 stabiles

460 2459 633 2509 estote
678 2462 734 2509 et
781 2453 1116 2525 immobiles,
1148 2454 1495 2513 abundantes
1544 2454 1603 2511 in
1634 2470 1796 2526 opere
1826 2467 2060 2525 semper,

463 2541 697 2600 scientes
743 2545 891 2617 quod
938 2546 1091 2603 labor
1123 2556 1304 2605 vester
1348 2563 1461 2602 non
1507 2555 1591 2603 est
1626 2545 1808 2604 inanis
1839 2542 1897 2599 in
1943 2545 2065 2600 Do-

465 2633 636 2690 mino.
671 2662 689 2683 ι
730 2635 1003 2694 Omnibus
1032 2654 1151 2710 quae
1182 2638 1249 2694 ad
1280 2638 1590 2695 doctrinam
1633 2635 2062 2696 ecclesiasticam

464 2723 826 2783 ordinandam
866 2728 1171 2784 necessaria
1210 2734 1341 2783 sunt
1369 2726 1659 2800 expositis,
1706 2734 1761 2783 et
1788 2733 1883 2781 aut
1929 2722 2063 2796 quid

464 2815 773 2885 vitandum,
792 2816 996 2889 quidve
1022 2819 1362 2889 sequendum
1383 2818 1456 2875 sit
1484 2814 1896 2881 demonstratis,
1920 2812 2064 2868 ﬁxos

457 2901 573 2972 jam
605 2904 733 2959 illos
764 2919 880 2959 esse
908 2904 1161 2960 hortatur
1200 2907 1257 2960 in
1287 2906 1453 2973 bono,
1487 2915 1541 2963 et
1566 2905 1624 2961 in
1654 2902 1914 2977 operibus
1943 2918 2063 2975 qua:

463 2991 706 3048 fructum
753 2991 964 3048 faciunt
998 2994 1143 3063 apud
1185 2996 1507 3063 Dominum,
1537 3011 1751 3067 semper
1778 3002 2063 3067 promptos

462 3088 518 3136 et
568 3073 1012 3155 copiososz'quia
1061 3097 1159 3153 per
1210 3082 1327 3139 haec
1357 3099 1476 3155 quae
1503 3100 1571 3141 ex
1604 3085 1781 3159 posita
1809 3095 1959 3154 sunt,
1991 3083 2058 3140 de

460 3180 658 3229 canere
713 3175 1039 3241 accepturos
1099 3187 1156 3226 se
1226 3171 1359 3229 boni
1424 3174 1604 3245 operis
1669 3176 1973 3234 mercedem
2031 3194 2063 3233 a
2097 3215 2139 3275 Ο

460 3261 718 3332 Domino,
750 3277 821 3321 ne
848 3261 1035 3337 pravis
1072 3264 1366 3341 colloquiis
1394 3276 1616 3340 possent
1643 3267 1839 3326 everti.

963 3363 1104 3423 168
1148 3360 1377 3419 CAPUT
1417 3360 1567 3419 XVI.

530 3456 711 3524 (Vers.
747 3457 799 3523 l,
832 3455 914 3527 2.)
960 3480 979 3504 ι
1006 3458 1086 3512 De
1132 3458 1380 3514 collectis
1423 3466 1628 3527 autem,
1679 3475 1801 3532 quas
1831 3458 1973 3515 ﬁunt
2001 3457 2060 3513 in

457 3553 694 3612 sanctos,
725 3544 870 3601 sicut
896 3544 1153 3600 ordinavi
1182 3545 1445 3602 Ecclesia:
1483 3547 1734 3616 Galatiaa,
1768 3548 1845 3605 ita
1873 3557 1928 3604 et
1961 3558 2060 3604 ves

458 3631 641 3686 facite.
672 3631 775 3686 Per
794 3647 960 3687 unam
990 3631 1213 3688 Sabbati
1237 3634 1621 3706 unusquisque
1643 3645 1889 3692 vestrum
1914 3635 2061 3708 apud

456 3735 514 3775 se
568 3727 757 3791 ponat,
810 3715 1188 3777 thesaurizans
1245 3720 1614 3795 quodcunque
1670 3724 1949 3781 voluerit:
1999 3734 2058 3781 ut

456 3824 569 3865 non
627 3826 753 3866 cum
798 3823 1019 3879 venero,
1064 3817 1200 3868 tunc
1228 3810 1474 3868 collectae
1506 3811 1662 3869 ﬁant.
1702 3836 1721 3860 ι
1765 3812 2059 3870 Dominico

454 3897 545 3957 die
572 3900 861 3959 collectam
879 3898 1000 3956 ﬁeri
1032 3900 1300 3974 praecipit,
1325 3900 1469 3958 sicut
1485 3908 1539 3957 et
1563 3900 1776 3958 czeteris
1794 3901 2057 3959 Ecclesiis

453 3990 840 4064 disposuerat;
891 4000 953 4047 ut
998 4007 1062 4047 eo
1107 3990 1219 4060 die,
1254 4008 1364 4065 quo
1417 3991 1721 4048 resurrexit
1764 3991 2055 4063 Dominus,

454 4080 605 4155 plebs
658 4080 778 4154 ejus
824 4080 1116 4153 colligatur
1148 4081 1227 4137 'ad
1288 4078 1507 4138 laudem
1556 4089 1610 4138 et
1661 4082 1889 4156 gloriam
1934 4083 2056 4147 Dei,

453 4172 673 4229 devicta
728 4180 943 4228 morte:
1002 4180 1135 4230 tunc
1200 4184 1454 4247 sumptus
1520 4175 1932 4248 congregandos
1988 4175 2057 4231 ad

455 4260 826 4315 ministerium
857 4270 1196 4331 sanctorum,
1231 4264 1326 4336 qui
1358 4274 1579 4337 propter
1609 4282 1811 4322 nomen
1832 4265 2054 4323 Domini

454 4364 760 4423 pressuram
778 4349 1129 4420 patiebantur
1142 4352 1261 4408 zelo
1283 4352 1570 4423 gentilium
1585 4355 1702 4410 sive
1717 4355 2027 4411 Judasorum
2038 4398 2052 4422 ,

454 4438 550 4512 qui
600 4454 713 4493 non
762 4438 1017 4493 sinebant
1061 4455 1154 4495 eos
1202 4441 1499 4512 praedicare
1529 4443 1758 4514 gratiam
1801 4442 1896 4498 Dei
1952 4443 2054 4499 sub

453 4535 679 4593 nomine
725 4532 968 4601 Christi;
1026 4544 1086 4591 ut
1135 4535 1398 4594 haberent
1452 4538 1797 4609 refrigerium
1844 4541 1911 4597 ab
1961 4541 2048 4611 iis,

451 4631 675 4699 propter
715 4640 855 4697 quos
884 4622 1242 4681 tribulantur.
1294 4624 1459 4681 Omni
1489 4642 1619 4699 ergo
1647 4625 1737 4683 die
1775 4627 2053 4688 dominico

444 4715 604 4791 jubet
659 4716 845 4789 colligi
900 4716 1136 4790 plebem,
1194 4725 1249 4775 et
1312 4718 1635 4792 congregari
1690 4718 1839 4786 illos,
1894 4716 2055 4793 prout

448 4808 751 4877 voluerint,
783 4807 839 4863 in
880 4806 1025 4864 dona
1054 4808 1175 4877 Dei,
1204 4816 1261 4866 et
1297 4808 1403 4866 hoc
1427 4808 1573 4882 apud
1596 4824 1656 4865 se
1688 4794 2053 4884 unumquem-

448 4921 553 4977 que
596 4922 859 4978 reponere
890 4904 1046 4979 quasi
1076 4904 1131 4960 in
1172 4904 1433 4961 thesauro
1459 4922 1470 4962 :
1501 4912 1562 4961 ut
1594 4904 1852 4962 veniente
1880 4905 2050 4979 Apos-

448 4992 581 5060 tolo,
630 4994 948 5050 inveniatur
993 4993 1062 5050 ad
1107 5011 1238 5051 usus
1271 4994 1606 5052 necessarios
1645 5002 2045 5068 praeparatum;

447 5081 577 5154 quia
617 5082 765 5154 quod
813 5084 1075 5155 paulatim
1122 5084 1424 5157 colligitur,
1485 5103 1588 5143 nec
1633 5101 1797 5158 grave
1843 5091 1943 5153 est,
1996 5094 2048 5141 et

446 5174 731 5231 invenitur
760 5176 1019 5233 multum.

517 5264 701 5335 (Vers.
735 5265 817 5335 3.)
863 5289 881 5313 ι
913 5266 1052 5324 Cum
1096 5253 1280 5322 autem
1323 5284 1549 5337 venero,
1580 5284 1719 5341 quos
1765 5265 2044 5341 probave-

444 5353 566 5409 ritis
609 5369 707 5427 per
733 5353 1013 5425 epistolas,
1048 5353 1151 5411 hos
1179 5352 1397 5410 mittam
1426 5356 1666 5428 perferre
1694 5356 1924 5428 gratiam
1955 5372 2043 5411 ve-

442 5449 609 5498 stram
641 5443 700 5499 in
722 5444 1076 5500 Jerusalem»
1114 5442 1428 5501 Consolatio
1460 5444 1576 5504 haec
1604 5446 1815 5521 duplici
1844 5464 2041 5520 genere

444 5536 748 5608 profectum
793 5538 1046 5607 habebat,
1095 5539 1240 5598 sicut
1267 5548 1321 5595 et
1366 5555 1514 5598 nunc
1541 5542 1706 5599 habet
1744 5560 1755 5597 :
1791 5544 1868 5600 ita
1895 5552 2037 5599 utet

441 5625 647 5682 sanctis
674 5626 962 5697 proﬁceret
990 5646 1154 5702 supra
1178 5630 1513 5699 memoratis,
1537 5639 1591 5688 et
1618 5633 1948 5707 pauperibus
1974 5632 2033 5689 in

2174 1909 2463 1966 cedoniam
2494 1909 2764 1981 transiero
2789 1928 2801 1966 :
2835 1909 2979 1983 apud
3000 1925 3101 1966 vos
3119 1918 3302 1967 autem
3333 1909 3567 1967 forsitan
3588 1927 3771 1968 rema-

2173 2000 2335 2069 nebo,
2367 2008 2462 2057 aut
2488 1999 2655 2057 etiam
2685 1999 2961 2071 hiemabo,
2992 2006 3055 2056 ut
3093 2016 3179 2057 me
3206 2000 3486 2058 deducatis
3518 2017 3768 2075 quocun-

2174 2106 2279 2163 que
2321 2089 2456 2146 iero.
2488 2114 2507 2137 ›
2551 2089 2680 2147 Post
2726 2106 2946 2147 omnem
3003 2090 3446 2157 instructionem,
3508 2099 3575 2148 ut
3624 2091 3772 2149 laetos

2175 2179 2300 2235 illos
2328 2178 2550 2248 faceret,
2581 2178 2883 2236 adventum
2913 2195 3075 2237 suum
3108 2179 3223 2236 illis
3252 2178 3527 2253 promisit,
3546 2194 3649 2253 pro
3669 2196 3769 2254 quo

2174 2276 2228 2325 et
2273 2283 2464 2325 omnes
2505 2267 2917 2325 admonitiones
2955 2284 3102 2337 suas,
3134 2268 3337 2343 quibus
3365 2269 3494 2326 illos
3521 2269 3764 2342 corrigit,

2175 2359 2347 2432 magis
2390 2359 2592 2418 ﬁrmat.
2624 2359 2731 2428 Qui
2774 2359 2931 2416 audit
2973 2366 3270 2416 venturum
3314 2376 3465 2429 eum,
3498 2376 3532 2417 a
3563 2377 3674 2434 quo
3702 2361 3763 2415 le-

2175 2465 2295 2521 gem
2338 2451 2568 2524 accepit,
2626 2450 2921 2508 sollicitior
2977 2448 3103 2521 erit,
3158 2465 3227 2506 ne
3280 2448 3614 2508 adveniente
3670 2451 3759 2507 illo

2174 2539 2477 2596 erubescat.

2246 2638 2429 2709 (Vers.
2465 2639 2545 2710 7.)
2588 2662 2607 2687 ε
2634 2639 2772 2696 Nolo
2823 2637 2973 2695 enim
3016 2654 3117 2696 vos
3144 2638 3310 2696 modo
3338 2638 3397 2695 in
3428 2639 3669 2697 transitu
3694 2639 3763 2695 vi-

2173 2726 2319 2783 dere.
2356 2752 2375 2776 ι
2414 2727 2603 2785 Sciens
2651 2730 2826 2785 multa
2871 2745 2927 2785 se
2976 2728 3197 2798 habere,
3247 2744 3368 2803 quas
3404 2730 3609 2802 ageret
3649 2746 3763 2789 cum

2174 2817 2305 2885 illis,
2339 2834 2451 2873 non
2511 2818 2633 2876 vult
2677 2818 2802 2876 illos
2857 2835 2955 2892 per
3003 2818 3299 2877 transitum
3355 2818 3567 2889 videre,
3608 2828 3665 2877 et
3704 2835 3766 2877 ne

2174 2907 2655 2977 contristarentur,
2703 2908 2942 2965 multum
2990 2918 3210 2983 tempus
3237 2926 3295 2966 se
3320 2910 3603 2984 promittit
3630 2926 3767 2969 com-

2177 3005 2518 3052 moraturum
2565 2998 2709 3071 apud
2760 3015 2886 3066 eos;
2922 2999 3052 3073 quia
3094 3016 3216 3073 quae
3264 3001 3397 3073 agit,
3439 3017 3568 3059 cum
3594 3003 3767 3076 provi-

2177 3086 2368 3143 dentia
2394 3087 2525 3161 agit.
2557 3114 2574 3136 ι
2598 3088 2767 3161 Spero
2782 3089 2930 3146 enim
2960 3105 3047 3145 me
3077 3090 3485 3164 aliquantulum
3516 3093 3770 3168 temporis

2175 3193 2394 3233 manere
2437 3178 2580 3250 apud
2638 3195 2757 3247 vos,
2819 3178 2867 3235 si
2929 3180 3201 3237 Dominus
3255 3182 3591 3255 permiserit.
3638 3207 3658 3231 ι
3717 3184 3773 3241 Si

2172 3268 2450 3338 Dominus,
2484 3277 2618 3326 tunc
2649 3269 2797 3326 enim
2826 3271 3098 3328 Dominus
3127 3272 3422 3345 permittit,
3451 3281 3515 3330 ut
3532 3290 3773 3332 commo-

2171 3365 2321 3414 retur
2343 3358 2487 3432 apud
2517 3375 2608 3416 eos
2631 3377 2645 3427 ;
2665 3360 2741 3417 ait
2764 3360 3087 3433 permiserit,
3117 3361 3163 3418 si
3194 3362 3388 3434 dignos
3415 3379 3473 3419 se
3504 3364 3765 3437 praebent,

2170 3448 2524 3505 emendantes
2542 3449 2681 3505 vitia
2710 3466 2830 3523 quae
2851 3450 2911 3505 in
2940 3452 3021 3509 eis
3048 3453 3245 3525 arguit.

2242 3547 2423 3619 (Vers.
2456 3548 2510 3616 8,
2558 3548 2641 3620 9.)
2688 3547 3069 3607 «Permanebo
3117 3561 3298 3608 autem
3352 3551 3561 3625 Ephesi
3598 3568 3770 3627 usque

2167 3635 2233 3691 ad
2280 3637 2673 3707 Pentecosten;
2704 3638 2909 3695 ostium
2939 3640 3088 3696 enim
3139 3640 3277 3696 mihi
3312 3657 3573 3712 magnum
3620 3658 3771 3714 aper-

2170 3734 2285 3784 tum
2332 3739 2414 3787 est
2462 3740 2517 3787 et
2565 3747 2876 3803 operosum,
2904 3740 2981 3788 .et
3017 3731 3319 3789 adversarii
3351 3732 3535 3788 multi.
3572 3758 3589 3781 ι
3654 3734 3772 3802 Qua

2166 3834 2327 3874 causa
2371 3819 2724 3877 remansisset
2751 3821 2954 3894 Ephesi
2986 3821 3264 3888 ostendit;
3303 3822 3594 3879 invenerat
3620 3824 3769 3878 enim

2169 3907 2284 3965 illic
2333 3908 2578 3966 sitientia
2607 3919 2827 3983 pectora
2864 3911 2962 3968 Dei
2993 3912 3245 3983 gratiam,
3277 3911 3480 3985 quibus
3509 3912 3771 3970 infunde-

2168 4005 2249 4054 ret
2279 4001 2608 4074 mysterium
2640 4001 2870 4059 Christi.
2904 4001 3010 4058 Sed
3056 4002 3185 4075 quia
3206 4002 3458 4060 diabolus
3487 4003 3775 4078 inquietus

2166 4098 2246 4145 est
2300 4108 2533 4165 semper,
2582 4101 2636 4148 et
2683 4091 2770 4147 his
2799 4091 2891 4165 qui
2925 4093 3101 4147 Deum
3150 4091 3482 4162 desiderant,
3518 4094 3770 4153 invidus.

2168 4179 2386 4251 Adjecit
2410 4197 2421 4236 :
2461 4206 2479 4227 ι
2506 4183 2577 4237 Et
2606 4180 2909 4238 adversarii
2937 4181 3154 4249 multi;-
3172 4190 3380 4255 quanto
3406 4182 3558 4238 enim
3584 4182 3772 4241 idonei

2165 4268 2595 4326 inveniebantur
2647 4270 2717 4326 ad
2770 4268 2956 4339 ﬁdem,
2990 4278 3144 4327 tanto
3174 4270 3349 4343 magis
3374 4286 3485 4326 nou
3519 4270 3773 4341 deerant,

2164 4360 2259 4432 qui
2314 4360 2640 4431 zelarentur,
2677 4361 3117 4419 contradicentes
3170 4368 3224 4418 et
3260 4371 3632 4435 repugnantes
3660 4363 3773 4420 do—

2163 4450 2354 4507 ctrina;
2383 4450 2630 4507 Domini.

2239 4551 2423 4621 (Vers.
2485 4552 2693 4625 10-12.)
2743 4578 2760 4601 ι
2800 4554 2856 4611 Si
2903 4563 3085 4611 autem
3139 4552 3355 4609 venerit
3416 4550 3771 4608 Timotheusi

2165 4639 2353 4696 videte
2386 4650 2446 4698 ut
2475 4642 2594 4698 sine
2624 4644 2823 4699 timore
2854 4643 2924 4699 sit
2952 4642 3098 4716 apud
3123 4658 3221 4698 vos
3246 4660 3260 4709 ;
3294 4657 3432 4714 opus
3461 4641 3615 4697 enim
3646 4643 3771 4699 Do-

2164 4732 2324 4802 mini,
2369 4733 2513 4791 sicut
2559 4741 2612 4790 et
2658 4752 2777 4806 ego,
2827 4742 3105 4807 operatur.
3150 4733 3298 4805 Ergo
3346 4748 3416 4788 ne
3445 4731 3572 4804 quis
3601 4732 3765 4788 illum

2162 4834 2398 4897 spernat.
2433 4853 2450 4873 ι
2495 4827 2760 4895 Quamvis
2779 4827 2929 4885 enim
2962 4844 3025 4883 ea
3062 4825 3385 4899 praedicaret
3414 4823 3767 4891 Timotheus,

2160 4930 2279 4986 quae
2309 4916 2376 4972 ab
2405 4917 2670 4989 Apostolo
2718 4924 3019 4989 acceperat,
3051 4923 3105 4978 et
3133 4923 3275 4971 esset
3321 4914 3557 4971 idoneus
3586 4931 3770 4971 evan-

2160 5006 2370 5077 gelista,
2412 5017 2596 5064 tamen
2625 5007 2753 5081 quia
2785 5023 2897 5063 non
2945 5014 3062 5061 erat
3106 5003 3454 5061 auctoritatis
3487 5004 3763 5077 ejusdem,

2157 5100 2505 5156 commendat
2532 5098 2727 5167 illum;
2752 5115 2820 5155 ne
2836 5098 2903 5155 ab
2935 5098 3022 5155 his
3052 5098 3216 5164 forte,
3240 5097 3335 5171 qui
3357 5096 3766 5154 dissentiebant

2155 5188 2213 5243 in
2255 5189 2432 5261 plebe,
2481 5205 2614 5257 non,
2670 5196 2734 5243 ut
2778 5195 2894 5244 erat
2939 5186 3163 5259 dignus,
3197 5186 3570 5259 reciperetur:
3597 5195 3655 5244 et
3685 5187 3765 5242 ni-

2155 5276 2235 5332 hil
2266 5274 2554 5349 proﬁceret
2591 5274 2860 5330 adventus
2899 5272 3019 5344 ejus
3044 5273 3211 5330 saluti
3241 5272 3494 5330 illorum.
3530 5273 3765 5330 Possent

2152 5366 2299 5421 enim
2347 5374 2401 5422 et
2447 5367 2677 5436 gentiles
2704 5363 2937 5420 excitari
2967 5363 3035 5418 ad
3088 5362 3418 5420 seditionem
3448 5369 3505 5418 et
3533 5363 3763 5421 discor-

2149 5454 2297 5510 diam
2346 5453 2539 5527 plebis,
2590 5459 2811 5526 accepta
2851 5452 3139 5508 occasione
3179 5450 3431 5508 irruendi
3464 5452 3525 5507 in
3558 5451 3763 5509 Timo-

2148 5544 2337 5600 theum
2364 5562 2377 5611 ;
2411 5544 2533 5600 ideo
2561 5561 2630 5601 ne
2658 5545 2780 5616 quis
2811 5543 2969 5600 illum
2998 5552 3240 5617 spernat,
3271 5542 3403 5615 quia
3446 5568 3465 5592 α
3493 5558 3639 5617 opus
3652 5546 3760 5603 Do-

2145 5633 2284 5690 mini
2327 5641 2603 5707 Operatur,
2654 5634 2855 5707 inquit,
2909 5634 3052 5691 sicut
3089 5640 3143 5689 et
3182 5650 3303 5706 ego,
3342 5657 3361 5681 ι
3406 5633 3513 5691 hoc
3559 5644 3666 5704 est,
3700 5647 3762 5693 ut

439 5713 687 5775 Ecclesia
715 5714 1053 5786 constitutis,
1069 5734 1188 5795 quas
1217 5728 1271 5774 et
1290 5718 1454 5778 modo
1475 5728 1530 5779 et
1547 5722 1738 5780 usibus
1757 5722 2027 5798 majorum
2118 5732 2262 5782 'tnea
2299 5722 2624 5781 auctoritate
2674 5725 3069 5799 susciperetur,
3119 5739 3224 5797 qua
3274 5732 3391 5782 erat
3424 5728 3751 5798 apostolus:
