3952 6202
246 228 354 290 289

1338 235 1715 293 COMMENT.
1759 237 1828 292 lN
1865 236 2083 295 EPIST.
2127 240 2150 295 Ι
2189 241 2286 296 AD
2322 240 2479 299 COR.

3456 249 3561 309 290

241 367 357 413 erat
376 357 523 414 enim
553 357 669 430 ipse
697 359 1004 431 episcopus.
1050 381 1069 405 ι
1098 359 1362 416 Deducite
1410 360 1569 416 illum
1596 360 1655 416 in
1684 379 1835 434 pace,
1866 364 1916 423 Α
1947 370 2001 417 et
2032 379 2212 418 meum
2243 365 2495 436 spiritum
2525 375 2578 423 et
2606 379 2866 427 vestrum.
2905 370 3235 442 Cognoscite
3286 387 3416 443 ergo
3463 390 3558 431 eos

242 456 305 504 ut
331 447 519 505 veniat
570 448 639 506 ad
702 466 832 517 me;
881 457 1144 522 exspecto
1183 450 1330 506 enim
1364 451 1525 508 illum
1557 468 1681 509 cum
1740 453 1845 508 fra-

241 535 482 593 tribus»
527 536 767 594 Tantum
807 538 1068 594 meritum
1116 538 1393 595 Timothei
1440 549 1737 606 memorat;
1786 550 1849 598 ut

241 640 355 681 non
384 627 564 682 solum
597 627 742 683 inter
780 643 873 683 eos
910 626 1297 684 honorandum
1349 629 1507 684 illum
1548 630 1845 703 praecipiat,

241 714 337 772 sed
364 724 426 773 ut
449 718 765 789 apostolum
784 716 1012 773 Domini
1032 735 1158 774 cum
1182 717 1445 792 obsequio
1465 718 1847 777 deducendum

239 820 368 862 eum
397 807 643 865 ostendit
671 826 684 876 ;
715 816 778 864 ut
805 807 973 865 etiam
1006 809 1121 882 ipse
1150 809 1308 865 illum
1343 819 1685 882 exspectaret
1721 828 1846 868 cum

240 895 512 953 fratribus
542 906 766 972 propter
791 898 1155 971 Evangelium
1188 897 1418 957 Christi.

329 1035 348 1058 ε
376 1013 458 1068 De
504 1014 703 1086 Apollo
749 1022 929 1070 autem
973 1013 1141 1070 fratre
1170 1014 1421 1087 signiﬁco
1478 1015 1660 1085 vobis,
1719 1016 1849 1090 quia

240 1101 485 1157 multum
518 1100 679 1159 illum
708 1103 915 1176 rogavi,
946 1112 1008 1161 ut
1038 1103 1251 1160 veniret
1279 1104 1348 1160 ad
1379 1123 1477 1163 vos
1507 1123 1631 1163 cum
1665 1106 1846 1163 fratri-

238 1197 381 1264 bus;
416 1206 468 1254 et
498 1200 688 1272 utique
718 1216 827 1256 non
856 1200 965 1259 fuit
999 1197 1139 1256 169
1168 1204 1426 1260 voluntas
1446 1202 1584 1275 ejus,
1618 1213 1678 1261 ut
1698 1221 1849 1263 nunc

236 1288 472 1344 veniret.
525 1289 724 1346 Veniet
764 1299 948 1348 autem
988 1292 1115 1350 cum
1162 1302 1535 1368 opportunum
1575 1295 1761 1353 fuerit.
1812 1321 1830 1344 ιι

236 1380 355 1437 Hoc
381 1380 589 1450 dicens,
630 1389 685 1438 et
714 1384 992 1441 voluntati
1024 1386 1246 1443 illorum
1278 1387 1363 1443 vel
1403 1387 1660 1460 petitioni
1690 1388 1844 1445 satis-

236 1467 431 1525 fecisse
467 1470 731 1541 ostendit,
764 1489 890 1529 cum
919 1483 1116 1531 votum
1165 1491 1325 1532 suum
1368 1477 1447 1533 eis
1483 1476 1761 1547 exhibuit,
1793 1486 1847 1535 et

236 1557 439 1631 Apollo
468 1560 759 1618 excusavit
783 1579 794 1616 :
828 1562 1050 1635 quando
1075 1581 1175 1621 cur
1202 1581 1313 1621 non
1344 1565 1447 1623 iret
1468 1567 1537 1622 ad
1561 1567 1707 1636 illos,
1733 1583 1844 1623 non

235 1646 631 1719 declaraverit;
669 1650 744 1706 ita
776 1660 958 1709 tamen
988 1662 1049 1710 ut
1073 1654 1302 1711 omnino
1332 1672 1443 1712 non
1474 1657 1839 1727 excusaverit,

1955 454 2050 525 qui
2079 452 2349 526 ejusmodi
2378 465 2524 514 sunt.
2563 482 2580 505 ιι
2628 459 2796 516 Aliud
2821 461 2971 518 enim
3012 478 3127 519 esse
3171 464 3550 522 collationem.

1958 562 2123 618 quam
2154 545 2312 614 dicit,
2345 546 2461 603 ﬁeri
2496 548 2552 603 in
2578 559 2811 622 sanctos,
2841 562 2895 609 et
2914 555 3065 611 aliud
3084 556 3356 613 ministris
3373 557 3553 614 Evan-

1957 645 2086 717 gelii
2118 645 2343 701 reddere
2376 644 2517 700 170
2545 647 2743 717 vicem,
2771 650 2913 707 sicut
2939 652 3077 708 dicit
3096 653 3399 712 Dominus:
3422 680 3440 702 ι
3460 654 3552 713 Di-

1958 750 2097 806 gnus
2125 735 2274 791 enim
2297 743 2377 791 est
2406 736 2687 808 operarius
2719 741 2965 796 mercede
2993 758 3090 798 sua
3118 742 3267 814 (Luc.
3304 760 3364 812 χ,
3403 743 3481 817 7).
3517 770 3536 792 ι

1954 826 2193 881 Domum
2222 825 2371 880 enim
2401 825 2688 899 Stephanee
2724 827 2784 883 in
2814 836 3046 901 utroque
3078 831 3351 902 signiﬁcat
3389 832 3552 889 devo-

1954 923 2091 985 tam,
2134 925 2189 972 et
2229 916 2287 973 in
2330 916 2641 974 ministerio
2688 927 3028 988 sanctorum,
3060 928 3113 975 et
3143 921 3199 975 in
3228 920 3317 975 his
3347 922 3439 993 qui
3468 922 3555 978 de-

1957 1007 2272 1064 serviehant
2309 1008 2624 1066 Ecclesiis:
2677 1008 2755 1066 ita
2801 1018 2864 1065 ut
2913 1010 3178 1082 Apostolo
3233 1010 3561 1083 proﬁcerent

1956 1112 2081 1151 cum
2121 1098 2425 1154 Fortunato
2455 1105 2509 1154 et
2537 1098 2780 1155 Achaico
2819 1098 3102 1167 fratribus,
3135 1106 3197 1155 ut
3224 1107 3277 1156 et
3307 1099 3367 1156 hi
3400 1101 3558 1173 proﬁ-

1954 1195 2163 1255 cerent,
2195 1187 2289 1259 qui
2323 1195 2477 1244 erant
2503 1204 2573 1244 ex
2615 1188 2722 1244 his.
2768 1188 2923 1245 Unde
2953 1188 3092 1245 dicit
3124 1208 3136 1245 :
3184 1215 3202 1236 ι
3234 1190 3561 1248 Refecerunt

1955 1277 2102 1332 enim
2133 1283 2189 1332 et
2219 1292 2403 1334 meum
2434 1277 2692 1351 spiritum
2730 1286 2784 1335 et
2810 1285 3076 1335 vestrum.
3101 1304 3119 1327 ιι
3163 1279 3235 1334 Ει
3263 1296 3391 1337 cum
3420 1282 3561 1354 Apo-

1954 1368 2127 1425 stolus
2186 1375 2347 1439 negat
2392 1384 2448 1424 se
2495 1367 2562 1424 ab
2610 1367 2701 1423 his
2746 1378 3125 1441 accepturum,
3175 1368 3315 1425 dicit
3360 1369 3507 1425 enim
3544 1388 3557 1426 :

1970 1482 1988 1506 ι
2015 1457 2137 1513 Non
2166 1456 2500 1530 infringetur
2528 1457 2585 1513 in
2621 1473 2708 1514 me
2731 1457 2984 1531 gloriatio
3006 1457 3124 1516 haec
3153 1457 3210 1513 in
3243 1457 3562 1530 regionibus

1954 1548 2211 1616 Achaiae;
2244 1573 2261 1595 ιι
2301 1547 2577 1620 quomodo
2622 1572 2639 1594 ε
2670 1549 2981 1606 refecerunt
3010 1557 3063 1605 et
3089 1565 3271 1605 meum
3303 1548 3559 1622 spiritum

1953 1645 2008 1694 et
2033 1640 2324 1696 vestrum?
2369 1664 2388 1685 ι
2447 1638 2552 1695 Sed
2590 1639 2774 1707 credo,
2810 1638 3047 1695 refectus
3073 1647 3155 1695 est
3187 1638 3415 1711 spiritus
3444 1640 3561 1711 ejus

236 1737 335 1794 sed
364 1736 659 1797 distulerit.
706 1740 887 1798 Potest
923 1751 977 1800 et
1004 1743 1085 1802 sic
1120 1744 1381 1819 intelligi,
1419 1755 1479 1803 ut
1508 1762 1605 1819 per
1641 1746 1840 1819 Apollo

1959 1729 2010 1784 in
2051 1728 2158 1797 his,
2191 1728 2394 1802 quibus
2422 1729 2796 1801 profecerant;
2853 1727 2960 1784 sibi
3003 1727 3150 1783 enim
3179 1728 3316 1785 dicit
3343 1728 3555 1799 datum,

235 1833 428 1899 tangat
475 1827 621 1899 illos,
675 1829 991 1903 signiﬁcans
1032 1832 1157 1890 ideo
1205 1835 1448 1891 noluisse
1487 1835 1568 1891 ire
1607 1834 1675 1892 ad
1713 1835 1842 1892 illos

236 1917 458 1991 Apollo,
489 1919 618 1993 quia
654 1920 996 1980 dissidebant
1029 1942 1041 1981 :
1076 1933 1138 1982 ut
1163 1925 1354 1983 audito
1383 1925 1510 1993 hoc,
1560 1925 1681 2000 paci
1728 1934 1841 1983 stu-

235 2006 469 2075 derent;
511 2016 565 2064 et
610 2008 734 2067 ideo
773 2011 842 2068 de
878 2012 1168 2072 Timotheo
1202 2015 1408 2073 dixerit
1437 2035 1454 2072 :
1499 2040 1518 2064 ι
1551 2016 1749 2075 Videte
1780 2024 1843 2073 ut

234 2096 358 2154 sine
390 2097 590 2154 timore
617 2099 690 2154 sit
718 2100 864 2172 apud
889 2118 1007 2173 vos,
1051 2128 1070 2152 ι
1120 2105 1251 2178 quia
1292 2105 1467 2179 aliqui
1524 2105 1680 2163 missi
1730 2123 1841 2162 non

231 2186 381 2243 bene
398 2186 623 2244 fuerunt
643 2188 881 2262 suscepti
910 2207 921 2245 :
949 2206 1011 2248 ac
1040 2208 1134 2264 per
1159 2193 1269 2252 hoc
1291 2204 1586 2252 venturum
1616 2196 1838 2268 Apollo,

235 2293 369 2333 cum
396 2276 695 2334 concordes
723 2277 951 2336 fuerint.

313 2392 496 2467 (Vers.
537 2394 625 2464 13,
658 2392 774 2468 14.)
823 2421 842 2444 ι
866 2396 1127 2470 Vigilate,
1168 2405 1308 2457 state
1337 2400 1395 2455 in
1433 2399 1563 2470 ﬁde,
1607 2400 1844 2459 viriliter

235 2482 403 2556 agite,
443 2483 928 2543 corroboramini:
987 2487 1177 2544 omnia
1232 2495 1415 2545 vestra
1469 2488 1529 2544 in
1581 2488 1845 2548 charitate

235 2572 394 2628 ﬁant.
425 2597 444 2621 ι
495 2573 736 2645 Vigilate,
782 2574 880 2645 ait,
927 2592 996 2632 ne
1042 2575 1552 2636 circumveniantur
1603 2579 1660 2636 in
1713 2580 1842 2637 ﬁde.

245 2662 486 2722 Viriliter
511 2664 668 2737 agite,
697 2663 805 2723 hoc
823 2673 906 2722 est
934 2683 1178 2738 monere,
1221 2677 1282 2726 ut
1324 2669 1492 2728 fortes
1538 2671 1651 2729 sint
1700 2672 1844 2729 circa

237 2768 303 2809 ea
331 2768 450 2826 quae
484 2753 590 2810 sibi
623 2755 824 2813 tradita
852 2765 1008 2814 erant
1038 2776 1050 2814 :
1084 2775 1197 2815 non
1226 2766 1290 2816 ut
1328 2761 1506 2834 pueri,
1557 2761 1654 2835 qui
1696 2762 1842 2835 quod

235 2852 558 2917 sequantur,
580 2845 855 2921 ignorant.
876 2848 1288 2921 Con/ortamini,
1306 2858 1369 2906 ut
1388 2859 1499 2907 tam
1522 2868 1656 2909 voce
1677 2868 1836 2926 quam

236 2952 402 3008 opere
431 2936 643 2994 robusti
672 2937 813 3005 sint;
846 2938 975 3011 quia
1004 2939 1269 3011 professio
1298 2949 1352 2998 et
1380 2940 1513 2997 boni
1542 2948 1698 2998 actus
1722 2958 1841 3014 per-

236 3025 412 3082 fectos
441 3025 671 3083 faciunt.
696 3027 767 3083 Ut
796 3034 980 3084 autem
1009 3027 1068 3083 in
1096 3028 1362 3086 charitate
1392 3029 1509 3087 haec
1538 3031 1655 3103 ipsa
1683 3031 1837 3099 ﬁant,

233 3122 449 3183 monet;
485 3115 613 3188 quia
641 3132 763 3189 quae
793 3133 920 3173 cum
961 3115 1231 3174 charitate
1275 3117 1437 3187 ﬁunt,
1485 3092 1585 3175 Dei
1635 3092 1841 3177 habent
1871 3092 1915 3152 Ο

231 3205 496 3263 timorem
524 3211 579 3260 et
605 3205 822 3273 zelum;
855 3205 1128 3279 quidquid
1175 3207 1323 3263 enim
1369 3197 1495 3263 cum
1541 3207 1841 3266 offensione

232 3293 430 3350 fratris
459 3293 544 3362 ﬁt,
576 3292 820 3350 fructum
846 3311 959 3351 non
983 3294 1164 3353 habet.
1188 3296 1671 3355 Provocandisunt
1692 3300 1839 3356 enim

229 3384 406 3458 aliqui
436 3383 507 3440 ad
542 3383 773 3452 bonum,
806 3401 918 3441 non
946 3385 1335 3456 contristandi,
1362 3394 1425 3443 ut
1455 3397 1585 3461 puta
1613 3389 1658 3445 si
1684 3390 1843 3447 mise-

232 3473 532 3532 ricordiam
560 3490 672 3529 non
693 3473 861 3531 facias
883 3473 1269 3532 dehortatione
1295 3478 1542 3547 alterius,
1567 3486 1660 3535 aut
1681 3479 1842 3535 inhu-

232 3580 429 3621 manus
459 3563 554 3632 sls,
588 3572 684 3620 aut
713 3565 913 3620 alteros
941 3572 1122 3634 notes,
1171 3572 1266 3622 aut
1306 3566 1518 3639 aliquid
1565 3567 1838 3638 comedas,

232 3652 507 3710 insultans
540 3652 612 3721 ei,
646 3652 741 3726 qui
770 3653 838 3710 ab
868 3652 974 3712 hoc
1004 3653 1262 3724 abstinet,
1295 3663 1355 3711 ut
1385 3654 1552 3712 facias
1577 3655 1661 3711 illi
1693 3674 1839 3714 scru-

234 3743 447 3816 pulum.
476 3741 677 3799 Omnia
704 3742 782 3800 ita
808 3744 1015 3815 agenda
1060 3751 1210 3813 sunt,
1262 3751 1323 3800 ut
1369 3744 1613 3802 hortatio
1651 3746 1724 3802 sit
1770 3745 1839 3803 ad

233 3830 480 3901 meliora,
519 3848 631 3888 non
663 3833 969 3903 insultatio,
1001 3843 1056 3892 et
1085 3844 1220 3892 tunc
1249 3843 1331 3892 est
1358 3852 1485 3909 pax.
1505 3835 1673 3895 .Unde
1702 3835 1840 3894 dicit

158 3980 163 3984 ,
231 3920 523 3990 Dominus,
554 3938 623 3978 ex
653 3921 759 3980 hoc
783 3924 1155 3996 cognoscitur,
1187 3924 1234 3981 si
1264 3925 1524 3998 discipuli
1556 3925 1662 3983 mei
1683 3926 1835 3996 estis,

231 4013 278 4069 si
308 4028 415 4069 vos
441 4012 687 4085 diligatis
720 4014 960 4072 invicem
995 4017 1183 4088 (Joan.
1201 4033 1326 4087 xm,
1358 4018 1450 4089 35)
1479 4037 1491 4075 :
1523 4018 1623 4076 ubi
1654 4027 1837 4078 autem

229 4102 516 4161 contentio
545 4110 627 4159 est
655 4111 710 4159 et
741 4102 1032 4173 dissensio,
1063 4121 1218 4160 amor
1247 4120 1360 4161 non
1393 4114 1494 4163 est.

236 4252 241 4263 ι
306 4221 495 4293 (Vers.
530 4221 618 4288 15,
643 4221 756 4294 16.)
799 4247 817 4269 ι
846 4222 1085 4279 Obsecro
1114 4231 1295 4278 autem
1322 4239 1442 4291 vos,
1475 4222 1690 4292 fratres,
1716 4240 1840 4281 nos-

228 4311 303 4368 tis
348 4309 583 4365 domum
614 4308 901 4381 Stephanus
946 4319 1001 4367 et
1041 4310 1355 4379 Fortunati,
1402 4312 1663 4385 quoniam
1713 4322 1841 4370 sunt

234 4398 463 4459 initium
488 4396 738 4467 Achaiae,
767 4405 822 4455 et
851 4399 909 4455 in
948 4399 1321 4456 ministerium
1348 4409 1661 4458 sanctorum
1692 4402 1835 4459 ordi-

234 4496 511 4544 naverunt
541 4504 598 4544 se
628 4487 796 4561 ipsos,
830 4496 893 4545 ut
933 4496 987 4545 et
1028 4505 1127 4546 vos
1155 4489 1362 4547 subditi
1391 4491 1513 4549 sitis
1539 4492 1833 4565 ejusmodi,

233 4585 286 4634 et
321 4578 476 4634 omni
511 4578 828 4652 cooperanti
857 4586 913 4635 et
942 4578 1234 4638 laboranti.
1270 4580 1535 4639 nAchaici
1560 4582 1837 4640 Corinthii

234 4674 383 4736 sunt,
416 4666 651 4741 ideoque
678 4668 747 4725 de
776 4668 866 4725 his
893 4668 963 4725 ad
999 4686 1091 4728 eos
1121 4670 1385 4745 loquitur,
1418 4689 1514 4745 per
1550 4689 1687 4745 quos
1715 4689 1837 4746 pro-

235 4763 398 4813 vocat
426 4757 553 4814 illos
583 4759 651 4815 ad
682 4758 1003 4832 hujusmodi
1035 4778 1214 4835 opus:
1249 4769 1379 4820 sunt
1425 4763 1573 4821 enim
1612 4779 1682 4819 ex
1726 4763 1835 4821 his.

237 4840 354 4902 Hoc
390 4846 539 4902 enim
564 4847 624 4904 in
652 4847 983 4908 Christianis
1008 4868 1267 4923 magnum
1316 4859 1417 4921 est,
1460 4852 1589 4925 quia
1630 4854 1838 4910 calcata

237 4934 496 5004 avaritia,
525 4935 592 4992 de
630 4937 912 4998 laboribus
940 4940 1056 4997 suis
1086 4957 1199 4997 non
1229 4941 1566 4998 habentibus
1597 4941 1837 5012 largiun-

238 5030 348 5093 tur,
385 5025 691 5083 imitatores
718 5028 848 5085 facti
879 5030 1056 5086 Patris
1086 5031 1206 5101 Dei,
1236 5031 1330 5104 qui
1356 5031 1414 5086 in
1462 5030 1841 5089 misericordia

238 5112 395 5170 dives
430 5121 532 5172 est.
568 5115 704 5173 Cum
734 5127 918 5175 autem
953 5119 1092 5177 dicit
1126 5138 1138 5176 :
1188 5106 1206 5167 ἆ
1235 5119 1305 5173 Ut
1330 5116 1539 5174 subditi
1569 5118 1690 5176 sitis
1718 5121 1839 5177 tali-

238 5201 359 5272 bus,
393 5227 412 5251 ι
458 5204 629 5277 magis
658 5206 784 5264 illos
821 5207 1095 5278 hortatur,
1143 5215 1205 5264 ut
1251 5207 1440 5265 aemuli
1488 5207 1619 5264 facti
1661 5211 1841 5281 Operis

242 5291 431 5365 hujus,
462 5293 604 5350 alios
640 5294 877 5352 habeant
908 5297 1013 5369 ipsi
1043 5297 1314 5353 subditos.

310 5410 497 5484 (Vers.
534 5412 619 5480 17,
650 5413 764 5485 18.)
809 5438 828 5462 ε
858 5412 1081 5468 Gaudeo
1116 5420 1298 5469 autem
1328 5413 1388 5469 in
1414 5414 1699 5485 praesentia
1727 5413 1839 5472 Ste-

240 5499 457 5572 phants,
491 5507 548 5556 et
570 5502 880 5572 Fortunati,
912 5509 967 5558 et
994 5500 1261 5571 Achaici;
1295 5502 1555 5577 quoniam
1598 5503 1655 5560 id
1693 5505 1841 5577 quod

241 5591 399 5651 vobis
426 5591 637 5662 deerat,
694 5592 800 5667 ipsi
851 5595 1265 5668 suppleverunt.
1308 5593 1636 5652 Refecerunt
1690 5594 1837 5653 enim

1950 1820 2098 1897 quod
2130 1820 2349 1893 proﬁcit
2389 1820 2476 1877 his
2505 1820 2709 1893 quibus
2738 1819 2937 1876 voluit.
3001 1843 3019 1869 ι
3072 1819 3397 1891 Cognoscite
3430 1835 3559 1895 ergo

1949 1927 2063 1981 eos,
2095 1910 2190 1983 qui
2221 1908 2542 1983 hujusmodi
2572 1919 2723 1978 sunt,
2744 1934 2763 1957 ιι
2802 1908 2908 1965 hoc
2923 1916 3025 1978 est,
3056 1908 3377 1966 imitamini.

2023 2020 2204 2093 (Vers.
2241 2021 2354 2093 19.)
2401 2045 2419 2069 ε
2457 2020 2707 2078 Salutant
2737 2036 2836 2075 vos
2874 2018 3135 2076 Ecclesiae
3165 2018 3331 2076 Asiae.
3382 2044 3402 2069 ι
3450 2018 3556 2076 Ho-

1949 2128 2069 2167 rum
2115 2110 2442 2167 salutatione
2492 2117 2807 2167 commonet
2852 2109 2979 2165 illos
3022 2116 3084 2166 ut
3131 2108 3440 2167 efﬁciantur
3485 2109 3554 2166 si-

1949 2202 2109 2257 miles
2138 2202 2383 2269 illorum,
2415 2202 2511 2275 qui
2539 2201 2707 2257 unius
2737 2207 2865 2257 sunt
2889 2200 3208 2273 provinciae.
3255 2226 3273 2250 ι
3303 2200 3558 2257 Salutant

1951 2308 2049 2347 vos
2078 2290 2136 2346 in
2162 2291 2401 2347 Domino
2442 2291 2643 2363 Aquila
2690 2298 2745 2345 et
2791 2290 3042 2346 Priscilla
3085 2309 3210 2347 cum
3256 2288 3558 2361 domestica

1951 2398 2049 2437 sua
2077 2371 2401 2439 Ecclesia.»
2435 2380 2582 2435 Duas
2622 2379 2897 2436 Ecclesias
2944 2389 3233 2449 memorat,
3276 2381 3554 2455 publicam

1952 2479 2006 2526 et
2034 2469 2393 2526 domesticam
2428 2485 2440 2523 :
2478 2468 2756 2541 publicam
2788 2470 2944 2539 dicit,
2981 2488 3090 2544 quo
3121 2488 3313 2527 omnes
3358 2486 3556 2527 conve-

1952 2560 2117 2616 niunt
2142 2577 2153 2615 ε
2187 2558 2565 2626 domesticam,
2598 2559 2656 2613 in
2678 2575 2785 2632 qua
2805 2575 2901 2630 per
2925 2559 3225 2616 amicitiam
3250 2560 3551 2631 colligitur.

1952 2649 2299 2723 Ubicumque
2328 2647 2634 2722 presbyteri
2669 2647 2935 2705 solemnia
2976 2648 3274 2716 celebrant,
3310 2647 3553 2703 Ecclesia

1951 2738 2176 2797 dicitur.

2025 2847 2207 2921 (Vers.
2242 2844 2359 2918 20.)
2407 2870 2425 2893 ι
2456 2844 2706 2903 Salutant
2732 2862 2831 2903 vos
2860 2844 3057 2904 fratres
3085 2861 3295 2904 omnes.
3341 2869 3357 2892 ιι
3401 2842 3552 2902 Rele-

1950 2946 2043 2995 vat
2070 2938 2285 2995 animos
2315 2937 2566 3006 illorum,
2624 2935 2842 3008 quando
2887 2952 3080 2994 omnes
3127 2935 3229 2994 hos
3284 2951 3552 2994 memores

1948 3028 2148 3084 horum
2179 3027 2423 3101 ipsorum
2454 3026 2716 3084 ostendit.
2765 3052 2781 3074 ι
2824 3026 3069 3083 Salutate
3094 3025 3332 3084 invicem
3365 3025 3423 3081 in
3453 3042 3551 3083 os-

1948 3119 2074 3175 culo
2112 3125 2321 3175 sancto.
2354 3142 2372 3164 ι
2417 3116 2681 3173 Osculum
2712 3124 2962 3173 sanctum
3002 3116 3219 3188 signum
3264 3114 3412 3187 pacis
3445 3122 3549 3181 est,

1949 3207 2007 3262 in
2029 3222 2158 3278 quo,
2188 3213 2251 3261 ut
2278 3205 2347 3260 ad
2376 3204 2616 3261 invicem
2646 3204 2753 3260 sibi
2781 3204 3096 3261 adhaereant
3115 3203 3328 3260 sublata
3346 3203 3550 3260 discor-

1950 3300 2062 3377 dia,
2096 3300 2274 3358 docet.

2024 3373 2206 3484 (Vers.
2241 3410 2357 3484 21.)
2403 3434 2421 3457 ε
2449 3409 2715 3466 Salutatio
2737 3424 2859 3465 mea
2884 3424 3049 3465 manu
3080 3407 3256 3464 Pauli.
3309 3430 3329 3457 ι
3378 3407 3446 3465 Se
3490 3373 3571 3462 in.

1950 3502 2181 3575 epistola
2218 3500 2323 3557 ista
2363 3497 2747 3569 subscripsisse
2798 3496 3058 3565 ostendit,
3108 3503 3163 3553 et
3213 3512 3336 3569 quae
3382 3494 3550 3552 verba

1950 3597 2062 3653 sint
2093 3592 2533 3667 subscriptionis,
2566 3590 2797 3663 subjecit
2824 3590 3049 3649 dicens:

2024 3707 2202 3779 (Vers.
2238 3703 2355 3776 22.)
2408 3726 2427 3751 ι
2477 3702 2534 3759 Si
2570 3702 2693 3776 quis
2719 3718 2832 3759 non
2859 3711 3007 3759 amat
3034 3702 3336 3761 Dominum
3364 3702 3545 3759 Iesum

1948 3796 2254 3864 Christum,
2282 3794 2355 3851 sit
2374 3793 2665 3850 anathema
2693 3792 3033 3861 maranatha,
3055 3817 3074 3839 ι
3108 3791 3257 3864 quod
3286 3792 3550 3861 interpre-

1948 3895 2140 3944 tatur:
2174 3885 2233 3941 Si
2280 3882 2406 3957 quis
2458 3881 2759 3940 Dominum
2807 3880 3013 3947 Iesum,
3064 3878 3159 3951 qui
3211 3878 3387 3945 venit,
3438 3894 3549 3934 non

1947 3984 2112 4045 amat,
2149 3974 2482 4032 abscidatur.
2515 3973 2842 4029 Maranatha
2871 3971 3041 4038 enim,
3074 3968 3346 4025 Dominus
3374 3968 3547 4036 venit,

1949 4066 2241 4138 signiﬁcat.
2275 4064 2390 4120 Hoc
2416 4070 2637 4135 propter
2657 4059 2874 4116 Iudaeos
2902 4060 2999 4135 qui
3028 4059 3211 4116 Iesum
3229 4075 3339 4115 non
3373 4057 3551 4114 venis-

1950 4172 2006 4214 se
2037 4153 2315 4221 dicebant,
2348 4150 2407 4208 hi
2436 4167 2564 4225 ergo
2596 4150 2889 4207 anathema
2916 4157 3047 4208 sunt
3089 4166 3121 4206 a
3162 4148 3422 4220 Domino,
3454 4148 3549 4222 qui

1950 4244 2122 4302 venit.

2024 4327 2210 4413 (Vers.
2254 4339 2342 4411 23,
2406 4340 2521 4414 24.)
2596 4365 2613 4389 ‹
2669 4339 2858 4397 Gratia
2909 4339 3135 4398 Domini
3195 4338 3368 4395 nostri
3425 4335 3551 4394 Iesu

1864 4454 1913 4513 ι)
1950 4430 2153 4490 Christi
2180 4428 2488 4487 vobiscum.
2522 4429 2773 4488 Charitas
2794 4446 2915 4486 mea
2933 4447 3061 4487 cum
3087 4428 3347 4484 omnibus
3367 4425 3548 4491 vobis,

1946 4524 2006 4581 in
2037 4521 2258 4580 Christo
2286 4521 2430 4578 Jesu.
2464 4545 2483 4569 ι
2525 4520 2652 4578 Ideo
2680 4520 2847 4577 talem
2875 4519 3338 4591 subscriptionem
3369 4516 3552 4588 posuit

1945 4620 2168 4688 propter
2198 4612 2322 4681 hos,
2356 4612 2450 4686 qui
2480 4610 2612 4667 dum
2642 4609 2973 4666 dissensioni
3002 4607 3316 4674 studebant,
3349 4605 3553 4660 Domi-

1945 4720 2080 4759 num
2114 4704 2298 4758 Jesum
2328 4718 2442 4756 non
2471 4698 2812 4770 diligebant;
2867 4696 3069 4767 quippe
3098 4709 3221 4748 cum
3253 4691 3499 4747 dicerent
3534 4708 3546 4746 :

1960 4792 2120 4861 «(Ego
2149 4806 2271 4845 sum
2300 4788 2478 4855 Pauli,
2526 4804 2624 4858 ego
2659 4784 2879 4855 Apollo,
2929 4798 3028 4852 ego
3074 4794 3206 4833 vero
3254 4777 3452 4849 Cephea
3491 4778 3556 4849 (Ι

1952 4878 2077 4934 Cor.
2116 4894 2157 4944 ι,
2191 4875 2304 4946 13).
2338 4900 2356 4923 ι
2399 4875 2506 4941 Qui
2540 4873 2690 4928 enim
2720 4869 3000 4927 Christum
3043 4867 3248 4938 diligit,
3296 4882 3409 4923 non
3460 4864 3553 4923 dat

1948 4964 2270 5023 hominibus
2300 4963 2551 5036 gloriam,
2584 4959 2714 5035 quia
2742 4959 2898 5015 nulla
2926 4967 3007 5016 est
3035 4972 3157 5033 spes
3195 4957 3255 5014 in
3298 4956 3552 5014 homini-

1947 5055 2071 5113 bus.
2106 5081 2124 5103 ι
2148 5055 2337 5112 Gratia
2363 5051 2590 5111 Domini
2610 5049 2786 5107 nostri
2805 5049 2932 5108 Jesu
2949 5046 3157 5108 Christi
3172 5049 3460 5109 vobiscum
3480 5069 3494 5122 ;
3518 5076 3536 5099 ι

1947 5155 2003 5204 et
2058 5145 2410 5214 subauditur,
2457 5143 2555 5219 qui
2602 5141 2837 5215 diligitis
2881 5141 3182 5199 Dominum
3232 5140 3438 5199 Jesum.
3481 5143 3553 5203 Et

1948 5236 2210 5307 quoniam
2241 5252 2352 5292 non
2384 5250 2439 5291 se
2468 5232 2708 5290 invicem
2736 5230 3062 5304 diligebant,
3095 5230 3220 5287 ideo
3246 5229 3353 5288 hoc
3379 5229 3550 5297 dicit:

1964 5354 1981 5377 ι
2020 5327 2271 5385 Charitas
2333 5343 2452 5383 mea
2517 5341 2644 5382 cum
2701 5320 2959 5379 omnibus
3011 5322 3169 5380 vobis
3223 5319 3282 5376 in
3331 5319 3560 5394 Christo

1949 5416 2097 5483 Jesu,
2125 5439 2144 5463 ι
2187 5423 2249 5471 ιιι
2277 5433 2458 5471 amare
2492 5431 2549 5472 se
2579 5412 2855 5501 discerent
2880 5412 3165 5501 eaﬁgratia,
3211 5426 3319 5501 qua
3345 5414 3569 5501 dilige,

1948 5502 2151 5560 bantur
2173 5502 2241 5559 ab
2261 5504 2546 5576 Apostolo,
2566 5514 2681 5557 non
2695 5496 2879 5555 carnis
2897 5499 3115 5569 aﬁ‘ectu,
3138 5497 3234 5555 sed
3252 5497 3312 5560 in
3333 5496 3581 5587 Christo

1948 5595 2095 5653 Jesu.
