3952 6202
441 262 540 322 291

1446 257 1542 313 AD
1580 256 1815 313 OPERA
1853 255 1907 311 S.
1951 254 2284 313 AMBROSII
2321 251 2698 311 APPENDIX.

3689 251 3806 310 292

541 545 659 630 IN
728 541 1364 629 EPISTOLAM
1434 542 1534 628 B.
1613 539 1938 624 PAULI
2031 540 2189 624 AD
2265 477 2952 627 CORINTHIOS
3023 535 3698 625 SECUNDAM.

899 843 1040 901 169
1070 846 1434 905 PROLOGUS
1463 847 1601 920 (64).

516 938 820 995 Secundam
849 938 1136 1010 epistolam
1168 939 1466 1012 Apostolus
1492 939 1685 996 scribit
1710 938 2041 1001 Corinthiis.

443 1027 602 1100 cujus
631 1027 749 1085 haec
777 1028 1102 1101 principalis
1129 1040 1211 1088 est
1239 1049 1401 1088 causa
1433 1050 1444 1088 :
1484 1033 1745 1105 quoniam
1777 1033 1835 1088 in
1864 1033 2041 1104 prima

443 1133 544 1189 pro
575 1117 940 1190 quorumdam
971 1118 1208 1190 peccatis
1242 1119 1493 1177 doctores
1537 1137 1726 1176 eorum
1773 1120 2045 1193 praecipue

441 1207 801 1280 corripuerat,
855 1215 910 1264 et
967 1209 1205 1264 multum
1250 1209 1468 1266 fuerant
1516 1211 1849 1279 contristati,
1899 1227 2049 1266 nunc

444 1311 538 1350 eos
587 1297 922 1366 consolatur,
951 1314 1110 1353 suum
1143 1298 1222 1354 eis
1249 1315 1559 1372 proponens
1605 1301 1943 1373 exemplum,
1994 1306 2048 1354 et

445 1382 648 1441 docens
674 1402 785 1442 non
834 1386 1030 1442 debere
1074 1403 1213 1459 aegre
1260 1387 1424 1456 ferre,
1475 1388 1620 1461 quod
1665 1405 1763 1461 pro
1810 1389 2047 1444 aliorum

446 1481 574 1530 sunt
601 1476 776 1531 salute
805 1476 1044 1549 correpti
1069 1496 1082 1544 ;
1115 1494 1239 1532 cum
1274 1477 1390 1549 ipse
1421 1495 1518 1550 pro
1546 1478 1729 1536 aliena
1757 1479 1932 1535 salute
1967 1494 2051 1551 pe-

446 1565 639 1624 riculis
663 1567 910 1640 quotidie
937 1574 990 1623 et
1012 1568 1178 1623 morti
1207 1567 1506 1640 subjaceat.

971 1709 1200 1767 CAPUT
1235 1709 1526 1768 PRIMUM.

520 1832 702 1905 (Vers.
732 1835 808 1907 1.)
851 1859 868 1880 ι
903 1835 1105 1891 Paulus
1134 1837 1414 1908 apostolus
1443 1837 1569 1893 Jesu
1594 1833 1823 1892 Christi.
1867 1859 1884 1881 ι
1929 1834 2049 1916 lam

448 1940 674 1981 securus
727 1922 794 1979 de
848 1923 936 1980 his
979 1925 1320 1983 conﬁdenter
1366 1945 1421 1984 se
1470 1925 1781 1999 apostolum
1826 1922 2053 1978 Dominl

448 2015 728 2089 praedicat.
758 2016 819 2071 In
847 2016 1025 2089 prima
1054 2018 1202 2074 enim
1234 2019 1466 2091 epistola
1510 2023 1764 2074 vocatum
1812 2030 1868 2070 se
1915 2029 2056 2086 apo-

449 2103 650 2158 stolum
681 2102 838 2173 dicit,
870 2105 948 2159 eis
977 2111 1161 2162 tamen
1204 2123 1316 2162 non
1359 2104 1672 2178 probatum,
1732 2103 1828 2176 qui
1872 2119 1904 2158 a
1950 2109 2053 2157 tra-

449 2192 662 2250 ditione
690 2193 808 2266 ejus
836 2193 1060 2252 abducti
1091 2203 1267 2251 erant.
1313 2220 1331 2242 ι
1367 2195 1468 2250 Per
1497 2195 1837 2250 voluntatem
1869 2191 1989 2248 Dei.
2021 2214 2040 2238 ι
2086 2204 2132 2264 Β

453 2285 520 2342 Ut
547 2294 727 2342 ratum
759 2285 952 2359 probet
979 2286 1345 2359 apostolatum
1375 2303 1557 2354 suum,
1598 2285 1823 2342 Domini
1857 2283 2050 2339 volun-

451 2384 560 2456 ta_te
591 2376 795 2434 Christi
840 2377 1044 2432 factum
1091 2394 1148 2433 se
1192 2377 1502 2449 apostolum
1548 2374 1724 2431 dicit:
1777 2374 1853 2430 ita
1901 2373 2048 2430 enim

450 2465 720 2522 Dominus
753 2467 830 2520 ait
859 2464 1082 2535 Judmis,
1117 2465 1376 2540 quoniam
1442 2492 1460 2513 ι
1506 2482 1626 2539 qua:
1673 2464 1875 2538 placita
1925 2471 2053 2519 sunt

451 2552 524 2624 ei,
556 2582 573 2601 ι
620 2554 675 2611 id
706 2564 789 2612 est
821 2556 935 2612 Deo
961 2555 1132 2626 Patri,
1177 2581 1195 2604 ε
1239 2555 1384 2613 facio
1427 2573 1642 2630 semper
1697 2555 1879 2628 (Joan.
1927 2570 2052 2622 vm,

451 2644 602 2718 29).-
633 2645 822 2702 —Et:
867 2670 885 2693 ι
914 2644 1237 2705 Timotheus
1258 2646 1444 2704 frater.
1478 2672 1497 2694 ι
1535 2647 1674 2705 Cum
1701 2645 1809 2703 hoc
1832 2644 2049 2711 scribit,

452 2746 550 2807 per
578 2748 739 2808 quem
784 2735 1073 2810 epistolam
1105 2737 1259 2793 misit
1291 2739 1526 2810 primam
1563 2736 1632 2792 ad
1683 2752 1795 2803 eos,
1847 2734 1903 2789 id
1949 2744 2052 2804 est,

451 2840 577 2879 cum
612 2825 922 2892 Timotheo,
955 2832 1016 2879 ut
1062 2825 1314 2881 ostendat
1355 2827 1434 2880 eis
1475 2825 1544 2878 ab
1583 2824 1689 2880 hoc
1735 2840 1791 2879 se
1838 2823 2054 2881 audisse

452 2909 521 2966 de
585 2911 728 2966 bona
788 2913 1072 2966 voluntate
1125 2929 1339 2980 eorum,
1401 2929 1510 2985 qua
1564 2911 1942 2984 corripiendos
1997 2929 2054 2969 se

453 2996 840 3053 subdiderunt.
889 3022 906 3044 ι
931 2997 1190 3053 Ecclesiae
1219 3015 1338 3070 quae
1371 3008 1454 3055 est
1482 2998 1735 3056 Corinthi
1765 3018 1892 3057 cum
1924 3018 2054 3057 om-

455 3085 621 3142 nibus
649 3086 852 3144 sanctis
901 3085 997 3160 qui
1037 3095 1165 3144 sunt
1212 3087 1271 3144 in
1322 3089 1552 3146 Achaia.
1598 3114 1617 3138 ι
1671 3090 1830 3148 Nunc
1882 3092 2054 3149 sociat

453 3175 587 3234 istos
615 3177 818 3236 sanctis
855 3186 1176 3239 casterarum
1227 3179 1623 3253 Ecclesiarum,
1665 3189 1728 3239 ut
1775 3183 1952 3240 sciant
1998 3198 2055 3239 se

450 3268 764 3342 profecisse.

533 3366 672 3423 170
705 3369 887 3440 (Vers.
921 3369 1001 3442 2.)
1040 3396 1056 3418 ι
1077 3369 1266 3427 Gratia
1293 3370 1455 3428 vobis
1483 3377 1535 3426 et
1566 3387 1674 3444 pax
1701 3387 1733 3426 a
1759 3372 1874 3428 Deo
1894 3372 2052 3428 Patre

449 3464 658 3528 nostro,
699 3465 753 3515 et
795 3463 1034 3516 Domino
1062 3462 1189 3516 Jesu
1218 3462 1457 3519 Christo.
1498 3488 1516 3510 ι
1576 3463 1847 3530 Quoniam
1878 3480 2052 3520 unum

449 3545 657 3600 donum
701 3554 784 3600 est
811 3547 912 3600 Dei
951 3555 1004 3602 et
1043 3547 1271 3616 Christi,
1326 3551 1533 3607 idcirco
1578 3551 1876 3624 participes
1926 3552 2050 3608 illos

451 3645 600 3709 optat
629 3653 745 3692 esse
774 3640 959 3710 gratiae
987 3639 1087 3695 Dei
1116 3656 1237 3712 quae
1266 3651 1348 3698 est
1377 3650 1431 3697 et
1464 3643 1692 3701 Christi.

524 3727 706 3799 (Vers.
755 3727 836 3801 3.)
902 3754 920 3777 ι
965 3729 1295 3786 Benedictus
1336 3732 1481 3787 Deus
1526 3742 1580 3789 et
1628 3734 1787 3790 Pater
1828 3734 2052 3792 Domini

450 3817 624 3875 nostri
677 3818 804 3875 Jesu
842 3817 1072 3877 Christi.
1124 3843 1143 3868 ι
1213 3820 1440 3894 Semper
1496 3823 1557 3878 in
1611 3824 1764 3879 omni
1822 3824 2051 3897 epistola

451 3911 700 3984 mysterii
731 3911 982 3969 ordinem
1032 3911 1200 3968 tradit
1252 3912 1320 3969 de
1377 3911 1491 3970 Deo
1537 3913 1697 3969 Patre
1743 3913 2048 3988 locuturus,

449 4008 502 4056 et
530 4001 597 4058 de
631 4000 777 4058 dono
807 4001 943 4074 ejus.
1002 4027 1020 4050 ι
1067 4003 1226 4059 Pater
1253 4002 1761 4060 misericordiarum
1809 4011 1863 4059 et
1905 4005 2050 4060 Deus

449 4093 620 4148 totius
645 4094 1057 4151 consolationis.
1099 4119 1118 4143 ι
1170 4095 1258 4152 Ab
1289 4095 1408 4169 ipsa
1437 4095 1604 4169 coepit
1631 4096 1866 4165 ratione,
1892 4097 2049 4151 mul-

449 4190 566 4236 tum
597 4183 744 4236 enim
776 4183 1049 4253 refrigerii
1080 4183 1174 4240 dat
1202 4185 1302 4253 eis,
1347 4186 1441 4257 qui
1485 4187 1847 4259 correptionis
1885 4201 2048 4243 causa

448 4268 668 4323 fuerant
696 4270 1036 4338 contristati;
1087 4273 1373 4328 audientes
1410 4275 1558 4329 enim
1604 4277 1904 4331 Dominum
1934 4291 2046 4330 non

449 4356 625 4412 solum
655 4356 828 4413 totius
874 4357 1106 4429 originis
1149 4368 1381 4431 patrem,
1420 4361 1515 4416 sed
1548 4371 1602 4418 et
1631 4364 2047 4420 misericordia-

449 4461 594 4515 rum,
628 4445 854 4502 relevati
899 4454 1028 4502 sunt
1075 4464 1188 4520 spe,
1237 4465 1300 4506 ac
1355 4450 1489 4506 certi
1537 4452 1666 4508 facti
1715 4453 1781 4509 ad
1830 4453 1935 4510 hoc
1989 4471 2045 4510 se

447 4545 747 4612 correptos,
796 4547 859 4595 ut
903 4539 1154 4596 conversi
1201 4540 1302 4596 Dei
1345 4541 1777 4598 misericordiam
1831 4545 2044 4601 inveni-

447 4635 587 4684 rent.
620 4627 800 4696 Quare
847 4635 1030 4685 autem
1071 4627 1577 4687 misericordiarum
1619 4641 1827 4703 patrem
1874 4634 2038 4706 dixit,

446 4717 554 4775 nisi
609 4727 670 4775 ut
734 4727 1121 4792 agnosceretur
1168 4736 1264 4792 per
1321 4719 1757 4779 misericordiam
1821 4740 2039 4783 rursum

445 4823 762 4881 regenerare
809 4815 865 4864 et
919 4807 1217 4865 reformare
1271 4809 1617 4883 pcenitentes,
1669 4820 1731 4868 ut
1775 4830 1888 4871 non
1925 4817 2040 4873 sola

445 4897 518 4954 sit
545 4899 726 4968 venia,
758 4897 853 4954 sed
891 4906 1066 4957 status
1114 4899 1336 4974 pristini
1386 4903 1756 4961 restauratio?
1796 4904 1868 4961 Et
1914 4905 2038 4963 ideo
2068 4941 2117 5000 D
2147 4925 2488 4982 speraremus
2545 4926 2645 4966 nos
2709 4910 2880 4966 etiam
2933 4910 3141 4967 vivere.
3199 4935 3218 4958 ι

519 5046 636 5119 (64)
665 5046 786 5124 Non
815 5047 1051 5124 habetur
1079 5049 1173 5106 ille
1211 5051 1470 5124 prologus
1495 5049 1552 5105 in
1582 5049 1746 5108 Corb.
1780 5050 1926 5119 cod.,
1956 5053 2039 5124 uti

441 5117 554 5190 jam
586 5117 621 5173 a'
647 5118 806 5174 nobis
845 5119 1192 5177 observatum
1211 5117 1312 5178 ’θεῖ
1346 5117 1598 5177 z'verum
1643 5138 1770 5178 cum
1811 5124 1869 5177 in
1911 5117 2040 5179 aliis

445 5190 808 5264 omnibus,iet
836 5193 1057 5264 cunctis,
1085 5192 1216 5248 edit.
1251 5194 1572 5264 reperiatur,
1620 5209 1720 5249 nec
1767 5201 1945 5250 exstet
1980 5196 2037 5250 in

446 5262 1006 5390 Pseudohllieronymi
1035 5262 1462 5332 Commentario,
1490 5280 1615 5320 eum
1636 5264 1900 5321 duximus
1923 5283 2038 5323 esse

446 5343 656 5390 retinen
704 5351 817 5390 um.

446 5343 817 5390 retinendum.

518 5405 634 5478 (65)
668 5407 797 5462 Mss.
839 5406 1072 5479 aliquot,
1120 5406 1393 5461 consulens
1429 5405 1578 5460 nobis
1621 5423 1722 5477 per
1771 5409 2036 5464 liberatio-

442 5491 557 5529 nem
566 5519 578 5530 .

2078 842 2129 901 Α
2158 839 2659 896 misericordiarum
2685 840 2761 896 ait
2791 847 3013 913 propter
3041 839 3258 896 diversa
3287 849 3536 912 peccata,
3561 850 3636 898 ut
3657 859 3795 898 con-

2154 928 2420 984 solaretur
2464 929 2816 985 contristatos
2858 946 3021 985 causa
3075 929 3408 986 delictorum
3444 947 3456 984 :
3511 929 3632 988 hoc
3678 942 3786 1001 est,

2153 1034 2303 1090 spem
2334 1035 2445 1073 non
2476 1035 2672 1090 negare
2699 1018 3005 1075 conversis.

2229 1109 2410 1181 (Vers.
2445 1109 2526 1178 4.)
2573 1134 2590 1156 ι
2622 1109 2727 1176 Qui
2758 1111 3073 1166 consolatur
3107 1126 3206 1166 nos
3237 1109 3294 1165 in
3323 1112 3482 1168 omni
3514 1129 3783 1185 pressura

2156 1209 2361 1256 nostra.
2396 1225 2413 1248 ι
2458 1199 2572 1255 Hoc
2601 1207 2702 1268 est,
2735 1199 2882 1271 quod
2916 1198 3062 1255 dixit
3094 1217 3104 1254 :
3153 1224 3171 1246 ι
3208 1201 3356 1256 Deus
3399 1202 3590 1257 omnis
3650 1219 3780 1258 con-

2157 1289 2460 1358 solationis,
2493 1288 2587 1361 qui
2622 1287 2773 1344 adest
2801 1287 2860 1342 in
2892 1287 3045 1342 omni
3073 1303 3325 1359 pressura
3353 1307 3365 1345 :
3397 1298 3460 1345 ut
3491 1291 3780 1362 possimus

2158 1388 2211 1435 et
2257 1395 2358 1434 nos
2403 1377 2676 1435 consolari
2718 1393 2830 1445 eos,
2873 1376 2966 1449 qui
3017 1383 3145 1431 sunt
3192 1377 3250 1432 in
3294 1379 3449 1434 omni
3492 1396 3776 1451 pressura,

2159 1484 2254 1540 per
2300 1467 2766 1535 exhortationem,
2801 1482 2908 1538 qua
2937 1465 3298 1522 exhortamur
3341 1483 3373 1522 a
3415 1469 3552 1524 Deo.
3585 1494 3602 1514 ι
3655 1471 3777 1525 Duo

2162 1573 2357 1630 genera
2384 1557 2824 1614 consolationum
2849 1555 3103 1612 induxit:
3137 1571 3311 1611 unum
3342 1573 3452 1629 quo
3483 1559 3776 1614 consolan-

2161 1654 2272 1715 tur,
2318 1645 2412 1720 qui
2461 1646 2663 1718 injuste
2710 1662 3016 1718 pressuram
3068 1645 3355 1718 patiuntur
3401 1657 3627 1720 propter
3683 1664 3778 1704 no-

2163 1751 2288 1791 men
2334 1735 2564 1804 Christi,
2614 1744 2677 1792 ut
2725 1735 3071 1817 liberentur]:
3131 1735 3366 1792 alterum
3422 1753 3612 1793 eorum
3678 1735 3773 1810 qui

2163 1841 2510 1905 peccatorum
2567 1849 2731 1889 causa
2775 1830 3089 1890 contristati
3140 1832 3572 1890 consolationem
3628 1833 3768 1890 171

2163 1921 2462 1994 accipiunt,
2495 1921 2627 1977 dum
2650 1919 2764 1976 illis
2794 1919 3140 1993 promittitur
3177 1938 3299 1994 spes
3339 1923 3770 1980 emendantibus

2164 2015 2231 2072 ab
2269 2014 2359 2070 his
2388 2013 2506 2086 qui,
2537 2013 2806 2070 consolati
2839 2029 2871 2068 a
2898 2014 3156 2082 Domino,
3181 2013 3354 2086 erepti
3379 2022 3512 2070 sunt
3539 2014 3606 2072 de
3626 2031 3774 2089 pres-

2164 2117 2308 2159 sura.

2239 2189 2421 2262 (Vers.
2456 2190 2538 2263 5.)
2581 2216 2599 2238 ι
2643 2189 2918 2259 Quoniam
2968 2190 3112 2248 sicut
3157 2190 3440 2249 abundant
3493 2192 3772 2266 passiones

2167 2277 2374 2337 Christi
2412 2279 2470 2334 in
2510 2278 2690 2348 nobis,
2726 2279 2807 2336 sic
2847 2295 2944 2351 per
2988 2277 3269 2336 Christum
3318 2279 3565 2336 abundat
3605 2282 3766 2337 etiam

2166 2369 2472 2427 consolatio
2511 2377 2717 2426 nostra.
2764 2393 2783 2417 ι
2846 2369 3198 2426 Manifestum
3243 2377 3327 2426 est
3373 2370 3504 2443 quia
3534 2388 3630 2444 pro
3659 2385 3767 2444 quo

2163 2461 2426 2532 patimur,
2461 2461 2576 2532 ipse
2606 2459 2767 2517 nobis
2795 2459 2969 2530 adest,
3013 2462 3304 2517 consolans
3347 2477 3448 2518 nos
3491 2478 3590 2534 per
3636 2461 3768 2517 libe-

2162 2551 2433 2607 rationem
2469 2551 2610 2623 (65),
2663 2550 2901 2623 eripiens
2943 2567 3046 2607 nos
3073 2551 3141 2607 de
3174 2567 3425 2624 pressura
3453 2552 3767 2608 interventu

2166 2640 2468 2713 majestatis
2495 2659 2626 2699 suas.

2237 2743 2417 2816 (Vers.
2469 2745 2522 2814 6,
2564 2745 2643 2816 7.)
2688 2767 2707 2791 ι
2765 2743 2894 2800 Sive
2949 2749 3130 2799 autem
3172 2759 3483 2815 pressuram
3535 2743 3767 2816 patimur

2162 2850 2262 2906 pro
2287 2843 2472 2890 vestra
2499 2832 2887 2889 exhortatione
2915 2841 2969 2889 et
2997 2833 3171 2888 salute
3213 2831 3330 2903 (66)
3360 2849 3372 2888 :
3424 2832 3546 2888 sive
3573 2831 3765 2887 exhor-

2163 2923 2430 2980 tationem
2461 2923 2853 2996 consequimur
2880 2939 2978 2995 pro
3007 2929 3188 2978 vestra
3215 2920 3624 2990 exhortatione,
3648 2937 3761 2994 qua:

2162 3021 2420 3086 operatur
2449 3030 2545 3085 per
2573 3013 2892 3084 patientiam
2921 3011 3236 3068 earumdem
3269 3010 3612 3083 passionum,
3635 3024 3765 3082 quas

2162 3111 2216 3159 et
2265 3119 2364 3158 nos
2392 3103 2497 3175 ipsi
2531 3102 2792 3174 patimur,
2841 3110 2903 3157 ut
2949 3117 3070 3174 spes
3116 3109 3303 3157 nostra
3347 3109 3496 3179 certa
3554 3101 3628 3156 sit
3670 3114 3766 3171 pro

2162 3193 2350 3261 vobis;
2399 3193 2529 3266 quia
2569 3192 2685 3264 (67)
2727 3191 2930 3248 scimus
2958 3189 3104 3264 quod
3133 3191 3275 3249 sicut
3305 3190 3440 3246 socii
3470 3191 3606 3247 estis
3636 3204 3767 3261 pas-

2163 3283 2406 3352 sionum,
2439 3283 2518 3339 sic
2546 3291 2599 3339 et
2627 3280 3018 3339 consolationis
3047 3280 3221 3336 eritis.
3252 3305 3270 3329 ι
3315 3279 3659 3336 Generaliter
3689 3280 3760 3335 lo-

2162 3373 2372 3444 quitur,
2385 3380 2446 3428 ut
2463 3373 2591 3446 quia
2619 3389 2782 3429 causa
2805 3369 3145 3428 credentium
3168 3369 3575 3442 persecutiones
3597 3369 3761 3440 patie-

2161 3461 2363 3518 bantur
2387 3479 2418 3517 a
2448 3461 2692 3534 perﬁdis,
2722 3459 2958 3532 subjecti
2998 3459 3218 3532 injuriis
3267 3467 3320 3515 et
3373 3457 3642 3527 caedibus,
3691 3458 3764 3513 sic

2161 3549 2359 3606 iterum
2388 3551 2600 3606 auxilio
2655 3551 2755 3606 Dei
2799 3550 3164 3605 liberarentur
3209 3547 3277 3604 ad
3323 3547 3759 3604 consolationem

2160 3641 2526 3710 credentium,
2555 3657 2623 3696 ne
2652 3639 2970 3697 scandalum
3018 3640 3162 3712 passi
3192 3656 3224 3695 a
3253 3638 3359 3694 ﬁde
3393 3638 3721 3694 exciderent
3749 3655 3761 3703 ;

2160 3731 2291 3804 quia
2328 3731 2546 3804 injuriae
2574 3731 2950 3804 apostolorum
2980 3730 3311 3788 tentationes
3338 3737 3495 3785 erant
3537 3729 3760 3787 creden-

2158 3823 2321 3892 tium,
2379 3824 2524 3880 sicut
2577 3821 2843 3895 scriptum
2891 3828 2973 3878 est
3023 3821 3080 3877 in
3139 3821 3402 3893 propheta
3450 3819 3760 3877 Zacharia:

2171 3934 2190 3958 ι
2218 3911 2528 3969 Percutiam
2585 3919 2881 3984 pastorem,
2912 3917 2965 3966 et
2995 3910 3376 3982 dispergentur
3421 3924 3556 3965 oves
3587 3907 3761 3981 gregis

2160 4000 2416 4071 (Zachar.
2444 4019 2569 4072 xm,
2605 4003 2682 4075 7).
2725 4027 2742 4049 ι
2785 4000 3049 4068 Quamvis
3075 3999 3260 4056 futura
3289 3997 3514 4055 credant
3552 3997 3763 4064 ﬁdeles,

2155 4107 2339 4164 tamen
2371 4091 2514 4148 inter
2543 4092 2660 4164 ipsa
2679 4091 2983 4164 primordia
3006 4107 3267 4163 pressurae
3289 4089 3527 4145 novellis
3550 4088 3764 4144 faciunt

2155 4179 2472 4237 scandalum
2509 4197 2520 4236 :
2578 4187 2771 4252 putant
2813 4180 2961 4237 enim
3005 4179 3224 4235 inanem
3274 4194 3389 4234 esse
3432 4178 3764 4249 promissio-

2154 4286 2304 4338 nem,
2335 4269 2382 4326 si
2413 4270 2468 4325 vi
2499 4285 2815 4342 oppressum
2849 4269 3093 4325 viderint
3120 4266 3532 4340 praedicantem.
3567 4266 3676 4322 Sed
3715 4266 3759 4322 si

2149 4359 2262 4431 jam
2294 4360 2487 4415 ﬁrmus
2515 4367 2597 4416 est
2635 4359 2882 4429 credens,
2915 4358 3248 4431 compatitur
3275 4373 3402 4412 cum
3433 4373 3534 4412 suo
3565 4355 3761 4428 magis-

2152 4457 2259 4520 tro,
2291 4450 2466 4507 ﬁdens
2493 4450 2560 4508 de
2593 4467 2687 4522 spe
2715 4451 2902 4507 futura
2930 4469 2942 4507 :
2977 4457 3039 4507 ut
3068 4449 3235 4506 simul
3263 4448 3600 4518 consoletur,
3632 4463 3761 4505 cum

2152 4555 2261 4612 quo
2289 4548 2342 4596 et
2367 4541 2701 4613 compatitur
2733 4541 2874 4613 (68).

2225 4638 2406 4708 (Vers.
2439 4640 2519 4712 8.)
2562 4664 2579 4686 ‹
2611 4640 2731 4696 Νοη
2759 4639 2903 4695 enim
2937 4639 3195 4696 volumus
3223 4656 3324 4695 vos
3352 4639 3628 4711 ignorare,
3655 4638 3759 4695 fra-

2151 4737 2279 4798 tres,
2312 4729 2378 4785 de
2409 4745 2661 4802 pressura
2708 4745 2828 4801 quae
2873 4728 3034 4784 nobis
3060 4730 3202 4785 facta
3230 4738 3311 4786 est
3342 4728 3399 4783 in
3426 4728 3560 4784 Asia
3585 4747 3596 4784 :
3629 4729 3760 4801 quia

2147 4835 2312 4891 supra
2340 4819 2563 4875 modum
2597 4819 2805 4890 gravati
2832 4818 3043 4874 fuimus
3071 4835 3235 4891 supra
3266 4817 3434 4885 vires,
3468 4818 3544 4873 ita
3579 4825 3643 4873 ut
3667 4817 3758 4873 de-

3288 4907 3417 4964 Ideo
3477 4908 3758 4980 passiones

2147 5056 2311 5112 toties
2338 5056 2495 5112 Rom.
2527 5055 2659 5112 edit.
2691 5055 2933 5128 reposuit
2963 5055 3316 5113 consolatione
3342 5059 3397 5110 et
3424 5053 3755 5110 consolatio-

2147 5145 2338 5268 ’Ἵῃόη
2377 5199 2486 5255 Pro
2513 5198 2687 5270 vobis,
2710 5197 2994 5270 subjungit
3031 5197 3190 5255 Rom.
3231 5197 3389 5265 edit.,
3420 5199 3528 5254 sive
3557 5215 3754 5254 conso—

2149 5270 2416 5351 lationein,
2447 5269 2819 5340 consequimur
2835 5269 2939 5341 pro
2970 5270 3132 5324 vestri
3166 5270 3524 5326 consolatione
3569 5278 3616 5326 et
3653 5287 3754 5325 sa-

2149 5344 2271 5409 lute,
2304 5344 2450 5414 quia,
2481 5350 2585 5396 elc.

2220 5414 2336 5483 (68)
2373 5411 2534 5468 Corb.
2586 5412 2780 5479 codex,
2811 5417 2869 5484 ret
2903 5411 3240 5484 compatitur.
3279 5412 3457 5484 Causa
3487 5413 3615 5483 ﬁdei
3640 5429 3752 5484 pa—

2147 5479 2431 5551 tiebantur,
2461 5491 2637 5538 utnon
2667 5483 2884 5554 gravius
2912 5479 3133 5552 ferient,
3166 5483 3212 5536 si
3241 5479 3749 5553 corriperentuFer-

518 5546 635 5622 (66)
662 5545 899 5622 In‘hisce
927 5548 1083 5622 Pauli
1113 5547 1399 5622 versiculis
1438 5549 1652 5622 quoties
1695 5550 1753 5606 in
1801 5569 1930 5609 mss.
1983 5560 2039 5608 et
2144 5572 2292 5611 rores
2320 5545 2557 5612 illorum.
2592 5545 2707 5612 Non
2737 5554 2876 5610 enim
2901 5545 3164 5622 uolumus,
3205 5562 3308 5609 etc.

443 5617 616 5691 autiq.
661 5617 795 5673 edit.
849 5619 1046 5690 legitur
1095 5617 1470 5678 exhortatione
1502 5629 1556 5678 et
1599 5622 2035 5694 exhortationem,
