3952 6202
212 228 317 285 293

1279 224 1642 283 COMMENT.
1687 223 1758 280 IN
1793 223 2022 280 EPIST.
2078 225 2128 280 II
2165 225 2261 280 AD
2292 225 2447 283 COR.

3416 227 3521 287 294

212 369 584 427 pressurarum
616 350 827 410 indicat
859 366 1026 426 prope
1057 366 1232 425 usque
1279 351 1347 407 ad
1397 358 1630 406 mortem
1669 350 1804 406 illa—
1827 352 1878 410 A
1913 349 2084 406 lucris
2126 350 2436 406 carnalibus
2465 349 2762 408 studentes.
2817 351 2973 408 Unde
3021 354 3326 426 Apostolus
3357 371 3519 412 nun-

214 452 313 514 tas,
363 453 425 500 ut
472 442 726 502 ostendat
775 459 895 516 qua;
949 443 1093 498 mala
1139 441 1335 498 salutis
1373 441 1601 498 illorum
1649 458 1812 499 causa

211 532 596 606 patiebantur;
629 541 692 590 ut
731 549 843 588 non
875 532 1097 604 gravius
1123 531 1350 599 ferrent,
1385 529 1431 586 si
1460 530 1812 603 corriperen-

211 631 302 678 tur
351 639 565 681 errores
622 623 852 679 illorum
902 621 970 678 ab
1024 622 1094 678 iis
1140 621 1236 693 qui
1294 621 1411 676 haec
1461 627 1569 677 tam
1625 635 1814 692 aspera

209 714 518 770 tolerabant
569 731 670 788 pro
720 715 834 770 illis
889 712 1030 785 (69).
1087 712 1223 780 Quis
1270 710 1420 767 enim
1471 710 1811 767 medicorum

207 820 321 860 non
357 812 550 876 arguat
598 810 912 875 susceptum
965 820 1125 859 suum
1170 801 1540 876 negligentius
1591 817 1647 857 se
1693 809 1814 856 tra-

207 902 484 962 ctantem;
521 911 589 952 ne
618 910 752 950 cura
781 893 1070 951 medicinae
1099 892 1219 965 ejus
1247 893 1366 948 sine
1395 892 1594 949 eﬁectu
1622 905 1811 946 rema-

209 991 340 1039 neat
371 982 400 1038 ‘i

286 1071 468 1143 (Vers.
502 1072 582 1144 9.)
639 1097 656 1120 ι
705 1070 849 1140 Quin
895 1079 950 1128 et
1005 1069 1110 1143 ipsi
1163 1068 1220 1125 in
1269 1068 1431 1126 nobis
1479 1084 1806 1141 responsum

207 1159 406 1215 mortis
433 1160 766 1232 accepimus;
800 1168 860 1216 ut
908 1176 1020 1216 non
1069 1175 1313 1216 essemus
1343 1158 1576 1214 ﬁdentes
1607 1158 1664 1213 in
1695 1173 1807 1212 no-

203 1246 312 1316 bis,
356 1249 450 1304 sed
497 1248 554 1303 in
587 1250 722 1317 Deo,
773 1249 869 1321 qui
919 1248 1147 1305 suscitat
1195 1255 1462 1304 mortuos.
1504 1272 1523 1294 ι
1575 1247 1805 1302 Tantam

205 1335 554 1392 insolentiam
580 1336 895 1409 iniquitatis
924 1335 1198 1409 signiﬁcat
1228 1335 1592 1392 insurrexisse
1613 1341 1807 1391 contra

203 1423 333 1480 ﬁdei
385 1425 808 1498 praedicatores,
858 1435 921 1483 ut
974 1433 1208 1481 mortem
1239 1434 1364 1482 ante
1407 1425 1600 1481 oculos
1641 1424 1805 1480 habe-

204 1520 362 1582 rent;
407 1513 647 1588 denique
677 1514 853 1587 erepti
885 1513 952 1570 de
994 1515 1110 1586 ipsa
1139 1531 1411 1586 pressura,
1453 1513 1805 1570 resuscitatos

205 1618 260 1657 se
289 1601 506 1658 dicunt.
530 1603 621 1659 Sic
651 1603 838 1659 denim
869 1602 1059 1660 aﬂlicti
1091 1604 1327 1672 fuerant,
1362 1611 1423 1658 ut
1453 1603 1805 1676 desperarent

1921 455 2084 512 quam
2116 455 2146 494 a
2173 438 2477 496 Corinthiis
2505 447 2754 512 sumptus
2784 442 2967 499 voluit
3001 443 3284 518 accipere;
3328 460 3400 501 ne
3428 444 3517 501 his

1922 529 2265 585 occasionem
2297 527 2469 597 daret,
2502 546 2564 586 eo
2596 529 2741 603 quod
2775 531 2975 589 similis
3004 533 3083 591 eis
3127 541 3270 592 esset
3315 535 3373 591 in
3413 534 3514 592 hac

1922 634 2000 673 re.
2050 619 2194 674 Hinc
2240 627 2321 675 est
2371 619 2515 690 quod
2545 619 2682 675 dicit
2714 638 2726 676 ε
2773 645 2792 668 ι
2822 622 3214 681 Abundantius
3241 624 3387 698 apud
3416 641 3514 683 vos

1922 715 2254 787 simpliciter
2292 717 2624 784 conversati,
2665 744 2682 765 ι
2745 716 2884 773 1'72
2927 722 3055 794 quia
3099 739 3226 779 cum
3274 722 3341 778 ab
3387 721 3512 780 aliis

1920 804 2212 877 acceperit,
2245 805 2313 861 ab
2343 805 2430 862 his
2461 807 2664 877 noluit,
2699 823 2768 864 ne
2797 810 3058 880 arguendi
3087 827 3180 867 eos
3207 811 3512 868 auctorita-

1919 899 2031 949 tem
2061 894 2340 951 amitteret
2373 895 2514 966 (73).

1994 983 2179 1055 (Vers.
2216 983 2329 1055 13.)
2382 1009 2398 1031 ι
2455 985 2578 1041 Non
2631 986 2780 1042 enim
2834 986 2944 1042 alia
2995 985 3290 1044 scribimus
3335 988 3513 1058 vobis,

1918 1087 2082 1144 quam
2115 1089 2234 1146 quae
2265 1073 2475 1146 legistis
2502 1081 2557 1131 et
2585 1076 2936 1148 cognoscitis.
2973 1100 2990 1124 ι
3028 1074 3108 1130 Ea
3137 1091 3192 1131 se
3223 1074 3358 1132 dicit
3387 1076 3515 1132 scri-

1915 1159 2084 1228 bere,
2137 1179 2258 1236 quze
2297 1180 2408 1220 non
2457 1166 2638 1222 solum
2697 1167 2900 1224 litteris
2951 1173 3276 1231 cernerent,
3329 1164 3421 1221 sed
3463 1174 3517 1223 et

1915 1251 2176 1324 operibus
2214 1252 2334 1325 ejus
2379 1254 2669 1311 manifesta
2707 1255 2972 1312 haberent
3006 1271 3017 1309 :
3060 1263 3122 1310 ut
3150 1252 3405 1326 probaret
3433 1270 3514 1324 ea,

1915 1355 2034 1412 quae
2066 1341 2334 1413 loquitur,
2371 1344 2537 1415 gestis
2567 1360 2622 1400 se
2654 1344 2904 1416 implere,
2937 1342 3138 1416 quibus
3168 1340 3519 1414 uniuscujus-

1915 1446 2020 1502 que
2052 1446 2208 1488 mens
2232 1439 2286 1488 et
2317 1433 2661 1504 propositum
2691 1432 2948 1490 discitur.

1989 1521 2172 1593 (Vers.
2210 1523 2324 1595 14.)
2373 1549 2391 1572 ‹
2437 1525 2605 1597 Spero
2635 1534 2814 1582 autem
2862 1523 3010 1597 quod
3047 1538 3220 1597 usque
3253 1522 3320 1579 ad
3349 1522 3548 1580 ﬁnem'

1913 1613 2275 1683 cognoscetis,
2309 1614 2453 1671 sicut
2480 1623 2533 1671 et
2565 1615 2904 1687 cognovistis
2941 1630 3051 1670 non
3082 1629 3149 1669 ex
3181 1620 3352 1685 parte,
3388 1612 3518 1686 quia

203 1691 273 1747 de
303 1693 561 1763 praesenti
592 1693 725 1749 vita.
775 1692 880 1748 Sed
919 1693 1048 1765 quia
1075 1695 1222 1749 Deus
1250 1692 1505 1765 praesidia
1551 1709 1648 1748 sua
1692 1708 1801 1748 non
1830 1719 1877 1780 Β
1911 1701 2085 1772 gloria
2134 1711 2318 1760 vestra
2362 1721 2571 1773 sumus,
2623 1705 2766 1761 sicut
2809 1713 2864 1761 et
2911 1719 3012 1759 vos
3059 1708 3266 1769 nostra,
3319 1699 3376 1755 in
3425 1700 3516 1758 die

204 1789 367 1853 negat
415 1781 472 1836 in
516 1781 838 1838 necessitate
875 1781 1088 1853 positis,
1138 1782 1379 1837 maxime
1413 1782 1546 1850 suis,
1597 1781 1801 1853 eripuit

202 1869 334 1925 illos
361 1870 708 1942 desperantes
747 1868 814 1926 de
861 1871 1192 1944 semetipsis,
1249 1871 1482 1928 ﬁdentes
1520 1879 1698 1928 autem
1731 1871 1800 1928 de

202 1959 338 2015 Deo.
369 1959 551 2014 Nimia
569 1960 719 2016 enim
749 1975 1003 2032 pressura
1023 1960 1258 2019 deﬁcere
1290 1977 1345 2016 se
1376 1960 1798 2034 proﬁtebantur,

204 2050 315 2106 nisi
344 2051 558 2107 adesset
589 2053 754 2108 Deus.

277 2139 461 2211 (Vers.
497 2139 584 2208 10,
623 2139 736 2210 11.)
792 2165 810 2188 ι
849 2141 954 2207 Qui
984 2141 1052 2197 de
1081 2142 1251 2198 tantis
1281 2142 1552 2198 mortibus
1591 2141 1801 2197 libera-

199 2229 290 2284 vit
322 2245 444 2296 nos,
494 2236 548 2284 et
594 2227 827 2296 liberat;
881 2229 938 2283 in
970 2245 1132 2302 quem
1181 2231 1543 2301 speravimus,
1591 2231 1720 2302 quia
1749 2238 1802 2287 et

201 2316 482 2384 liberabit,
515 2317 797 2374 accidente
827 2334 926 2390 pro
949 2317 1116 2374 nobis
1137 2318 1301 2373 etiam
1324 2326 1505 2374 vestra
1523 2319 1800 2388 oratione;

200 2415 265 2463 ut
296 2406 444 2480 quod
476 2407 786 2463 multorum
808 2406 1054 2464 faciebus
1083 2406 1292 2463 donum
1323 2407 1380 2462 in
1413 2424 1512 2462 nos
1540 2409 1800 2463 collatum

201 2503 309 2565 est,
341 2512 437 2568 per
463 2496 668 2552 multos
699 2495 758 2552 in
787 2498 1088 2568 gratiarum
1119 2497 1338 2552 actione
1364 2494 1674 2552 celebretur
1706 2512 1803 2567 pro

203 2584 387 2642 nobis.
419 2609 437 2633 ι
481 2585 597 2642 Hoc
629 2584 786 2654 dicit,
821 2585 951 2658 quia
978 2585 1152 2658 gratia
1180 2586 1278 2642 Dei
1311 2586 1613 2641 multorum
1641 2601 1804 2641 causa

201 2675 485 2733 consolata
514 2683 594 2732 est
640 2677 917 2748 apostolos
949 2676 1090 2749 (70),
1142 2677 1200 2733 id
1238 2684 1341 2745 est,
1391 2676 1644 2732 omnium
1674 2690 1802 2732 cre-

201 2763 480 2833 dentium,
513 2782 749 2838 quorum
780 2783 943 2823 causa
971 2775 1026 2824 et
1060 2784 1326 2840 pressurae
1355 2767 1434 2823 eis
1467 2765 1802 2838 ingereban-

196 2863 337 2911 tur:
397 2870 459 2910 ac
491 2871 583 2926 per
613 2855 739 2924 hoc,
793 2857 921 2928 quia
967 2857 1215 2913 omnium
1265 2873 1429 2914 causa
1457 2865 1558 2926 est,
1610 2855 1798 2913 cuncti

201 2945 320 3000 Deo
361 2943 561 3016 gratias
599 2943 858 3012 referant,
891 2961 1017 3002 cum
1049 2954 1221 3002 cessat
1250 2946 1517 3003 tentatio:
1553 2954 1646 3002 aut
1670 2962 1797 3004 cum

198 3033 403 3102 oritur,
445 3033 610 3090 simul
639 3033 1014 3092 obsecrentur.

277 3134 462 3206 (Vers.
510 3134 622 3206 i2.)
671 3160 688 3181 ι
737 3134 926 3191 Gloria
963 3135 1111 3191 enim
1152 3143 1340 3192 nostra
1368 3137 1487 3194 haec
1524 3145 1605 3193 est
1636 3137 1802 3194 testi-

193 3227 455 3282 monium
510 3226 858 3282 conscientiae
891 3236 1109 3284 nostrae.
1157 3253 1175 3277 ι
1220 3229 1336 3283 Hoc
1373 3227 1530 3295 dicit,
1580 3229 1708 3300 quia
1735 3228 1801 3286 de

189 3314 545 3372 conscientia
592 3331 690 3370 sua
734 3315 1160 3386 przesumebant,
1219 3333 1339 3389 quae
1390 3333 1526 3389 pura
1575 3326 1690 3374 erat
1735 3319 1801 3374 ab

192 3403 354 3460 omni
385 3403 774 3473 simulatione;
818 3405 1173 3477 quamobrem
1195 3406 1263 3462 de
1293 3407 1391 3461 Dei
1423 3406 1651 3462 auxiliis
1682 3407 1798 3480 (71)

194 3511 312 3550 non
342 3493 683 3551 difﬁdebant.
731 3520 750 3544 ε
796 3497 939 3565 Quia
986 3498 1044 3553 in
1083 3499 1439 3571 simplicitate
1477 3507 1531 3555 et
1568 3499 1798 3554 sinceri-

196 3592 330 3650 tate,
380 3599 491 3639 non
537 3584 595 3640 in
643 3585 917 3658 sapientia
945 3588 1172 3656 carnali,
1222 3589 1316 3644 sed
1366 3589 1423 3643 in
1471 3589 1645 3660 gratia
1677 3589 1796 3658 Dei,

196 3669 509 3725 conservati
543 3687 734 3726 sumus
776 3672 834 3727 in
867 3671 972 3728 hoc
1001 3673 1210 3728 mundo
1245 3691 1256 3728 :
1299 3672 1675 3729 abundantius
1705 3689 1797 3730 au-

197 3768 310 3815 tem
337 3759 480 3830 apud
521 3777 636 3816 vos.
679 3786 696 3808 ι
743 3761 870 3819 Hzec
910 3771 991 3817 est
1021 3763 1194 3834 gloria
1222 3762 1598 3833 conscientiae,
1632 3780 1796 3837 quam

195 3845 369 3915 dixit,
401 3847 726 3920 simplicitas
755 3858 808 3906 et
837 3850 1144 3908 sinceritas.
1190 3853 1262 3908 Et
1292 3851 1422 3926 quia
1452 3852 1569 3909 haec
1597 3853 1666 3910 de
1696 3853 1795 3909 Dei

195 3933 456 3992 doctrina
491 3946 641 4006 sunt,
672 3938 912 4010 adjecit:
956 3965 974 3989 ι
1011 3941 1133 3998 Non
1174 3942 1232 3997 in
1271 3941 1538 4014 sapientia
1565 3942 1793 4011 carnali,

194 4025 292 4080 sed
341 4024 401 4081 in
447 4027 617 4098 gratia
661 4029 794 4098 Dei,
850 4055 868 4078 ι
910 4039 974 4086 ut
1013 4031 1325 4087 ostenderet
1375 4048 1487 4088 non
1538 4030 1794 4087 humanae

193 4114 502 4186 sapientiae,
551 4116 646 4172 sed
685 4120 1016 4191 evangelicae
1050 4120 1428 4192 praedicationi
1476 4120 1708 4178 liberam
1739 4137 1796 4177 se

193 4205 595 4262 conscientiam
645 4207 984 4267 exhibuisse.
1040 4211 1325 4268 Praeterita
1367 4211 1590 4267 refricat
1642 4209 1792 4282 (72);

194 4295 301 4354 hoc
332 4295 486 4352 enim
527 4296 836 4368 signiﬁcat,
876 4300 1024 4372 quod
1064 4300 1122 4355 in
1152 4301 1330 4372 prima
1359 4299 1590 4372 epistola
1618 4300 1798 4371 arguit

197 4387 442 4444 fucatam
497 4385 943 4458 praedicationem
995 4387 1158 4460 juxta
1214 4388 1517 4444 humanum
1575 4404 1795 4444 sensum

1829 3087 1880 3150 C

1910 1791 2135 1848 Domini
2183 1793 2360 1849 nostri
2407 1793 2533 1850 Iesu
2563 1792 2792 1852 Christi.
2842 1815 2862 1840 ι
2908 1791 3178 1848 Proﬁcere
3223 1789 3352 1845 illos
3395 1803 3514 1861 spe.

1911 1889 2021 1950 rat,
2081 1899 2150 1938 ex
2207 1900 2271 1940 eo
2326 1883 2474 1957 quod
2522 1883 2637 1956 jam
2697 1888 2975 1955 cceperant
3032 1879 3287 1937 meliores
3332 1878 3511 1950 eﬂici,

1913 1972 2133 2044 cognito
2165 1971 2364 2028 aﬁ‘ectu
2393 1971 2540 2029 circa
2570 1989 2628 2028 se
2655 1971 2930 2044 Apostoli,
2963 1978 3018 2026 et
3047 1968 3424 2042 gloriabantur
3452 1969 3510 2025 in

1911 2075 1974 2114 eo
2016 2061 2170 2116 velut
2227 2060 2328 2116 ﬁlii
2380 2061 2436 2116 in
2477 2068 2630 2134 patre
2683 2060 3011 2118 charissimo
3062 2058 3201 2132 (74).
3257 2057 3411 2114 Unde
3457 2067 3511 2116 et

1911 2151 2208 2220 Apostolus
2261 2151 2490 2222 gloriam
2546 2167 2698 2206 suam
2747 2150 2926 2208 videri
2975 2157 3209 2206 testatur
3259 2149 3317 2205 in
3365 2148 3511 2206 filios

1912 2238 2302 2305 obaudientes;
2341 2247 2395 2295 et
2422 2249 2557 2296 tunc
2578 2240 2774 2297 debere
2794 2241 2995 2309 videri,
3019 2238 3237 2313 quando
3266 2238 3508 2312 prodest,

1912 2326 1970 2382 id
1998 2336 2099 2396 est,
2136 2328 2191 2383 in
2229 2328 2319 2384 die
2360 2327 2560 2400 judicii
2609 2330 2730 2385 Dei.
2765 2330 2878 2387 Hoc
2909 2328 3121 2398 dicens,
3163 2343 3508 2402 perseveran-

1913 2416 2045 2472 dum
2081 2423 2285 2473 monet.

1989 2509 2171 2580 (Vers.
2210 2510 2300 2578 i5,
2343 2512 2457 2582 16.)
2503 2535 2521 2558 ι
2559 2511 2631 2566 Et
2669 2511 2771 2568 hac
2810 2509 3012 2567 ﬁducia
3044 2513 3327 2567 volueram
3357 2510 3510 2584 prius

1913 2598 2106 2653 venire
2146 2598 2215 2654 ad
2246 2615 2364 2667 vos,
2401 2606 2463 2654 ut
2501 2600 2797 2655 secundam
2829 2601 3057 2670 gratiam
3097 2599 3372 2656 haberetis
3403 2620 3413 2656 :
3457 2609 3511 2658 et

1913 2701 2012 2758 per
2040 2702 2140 2741 vos
2170 2685 2459 2742 transirem
2492 2687 2609 2758 (75)
2643 2685 2702 2740 in
2729 2687 3130 2752 Macedoniam,
3164 2694 3218 2741 et
3252 2687 3450 2742 iterum
3481 2705 3512 2744 a

1912 2775 2235 2832 Macedonia
2271 2776 2522 2832 venirem
2571 2775 2639 2832 ad
2668 2793 2787 2845 vos,
2832 2783 2886 2831 et
2937 2791 2968 2830 a
3003 2774 3163 2831 vobis
3206 2773 3402 2833 deduci
3452 2775 3509 2833 in
3585 2829 3594 2839 ,

1915 2864 2182 2922 Ιηάωειω.
2242 2892 2259 2915 ι
2323 2866 2450 2923 Haec
2477 2865 2681 2922 ﬁducia
2709 2882 2778 2922 ex
2809 2865 3098 2922 emendata
3128 2874 3208 2922 est
3245 2866 3359 2938 (76)
3396 2867 3509 2924 vita

1909 2955 2168 3023 illorum;
2203 2954 2317 3028 jam
2351 2956 2499 3012 enim
2529 2963 2582 3011 et
2619 2955 2928 3012 desiderare
2958 2955 3086 3012 illos
3115 2971 3171 3012 se
3207 2955 3506 3027 signiﬁcat,

1909 3063 2046 3119 quos
2089 3056 2214 3103 ante
2244 3045 2534 3118 indignum
2567 3053 2682 3102 erat
2712 3047 2918 3104 videre.
2961 3047 3185 3103 Plenam
3215 3063 3342 3119 ergo
3376 3065 3507 3120 gra-

1911 3137 2044 3191 tiam
2095 3135 2415 3192 habuissent
2456 3137 2524 3191 de
2558 3136 2798 3191 adventu
2848 3135 3003 3206 ejus;
3036 3136 3166 3207 quia
3217 3136 3396 3206 imago
3426 3146 3508 3193 est

1913 3224 2162 3295 epistola,
2209 3223 2500 3295 praesentia
2528 3231 2712 3278 autem
2739 3223 2961 3278 veritas.
3019 3224 3140 3279 Non
3185 3230 3268 3278 est
3321 3223 3506 3296 itaque

1913 3313 2152 3368 otiosum
2183 3311 2314 3384 quia
2343 3313 2592 3368 voluerat
2616 3312 2714 3380 ire,
2739 3318 2791 3368 et
2823 3328 2934 3368 non
2964 3311 3055 3380 iit;
3089 3313 3324 3386 intelligi
3359 3315 3505 3372 enim

1913 3402 2036 3458 vult
2065 3417 2180 3457 esse
2219 3403 2434 3475 aliquos
2470 3402 2613 3458 inter
2653 3419 2765 3471 eos,
2796 3419 3030 3476 quorum
3060 3419 3222 3460 causa
3251 3405 3503 3461 volunta-

1912 3497 2022 3545 tem
2053 3507 2206 3546 suam
2238 3507 2349 3546 non
2382 3490 2652 3562 implevit,
2682 3498 2743 3547 ut
2771 3491 3019 3548 adhibita
3046 3508 3212 3565 opera
3244 3493 3499 3566 puriﬁca-

1911 3587 2122 3635 rentur.

1983 3667 2164 3739 (Vers.
2202 3668 2316 3740 17.)
2365 3694 2381 3717 ε
2432 3668 2547 3725 Hoc
2575 3683 2704 3741 ergo
2733 3668 2998 3742 cogitans,
3051 3671 3326 3745 numquid
3355 3671 3503 3729 levi-

1907 3763 2018 3811 tate
2044 3773 2175 3812 usus
2201 3773 2323 3811 sum
2346 3756 2374 3812 ?
2400 3765 2496 3813 aut
2523 3755 2795 3828 numquid
2817 3773 2938 3829 quae
2967 3759 3171 3829 cogito,
3200 3761 3502 3816 secundum

1907 3863 2124 3903 carnem
2142 3847 2357 3918 cogito:
2392 3857 2453 3904 ut
2481 3848 2554 3904 sit
2584 3845 2728 3918 apud
2750 3863 2855 3913 me,
2881 3847 2999 3914 Est,
3018 3856 3117 3914 est,
3141 3864 3274 3923 non,
3297 3863 3407 3902 non
3423 3849 3452 3904 ?
3475 3874 3492 3897 ι

1907 3934 2176 4001 Quoniam
2208 3934 2382 3990 dixit:
2422 3960 2439 3980 ‹
2465 3934 2764 3991 Volueram
2794 3933 2982 3988 venire
3012 3933 3080 3989 ad
3105 3949 3224 4002 vos,
3258 3960 3276 3984 ι
3308 3942 3362 3991 et
3392 3952 3502 3992 non

1908 4022 1974 4078 iit
2003 4025 2144 4095 (77);
2189 4023 2400 4079 idcirco
2446 4023 2705 4092 numquid
2747 4022 2950 4078 levitate
2972 4039 3100 4078 usus
3128 4040 3265 4094 sum,
3300 4025 3501 4098 inquit,

1907 4112 2036 4184 quia
2067 4111 2307 4180 videtur,
2345 4110 2440 4184 qui
2470 4110 2608 4168 dicit
2637 4110 2868 4184 aliquid,
2888 4121 2944 4169 et
2962 4129 3075 4170 non
3096 4113 3248 4184 facit,
3279 4115 3518 4174 levitate‘

1908 4200 1991 4256 uti
2019 4201 2046 4256 ?
2077 4201 2204 4256 Ideo
2236 4217 2304 4257 ne
2338 4201 2481 4258 forte
2510 4201 2659 4258 istud
2686 4199 2753 4258 de
2783 4204 3050 4276 Apostolo
3079 4204 3502 4277 arbitrarentur,

1907 4291 2012 4348 hoc
2041 4297 2255 4364 purgat,
2287 4291 2415 4363 quia
2445 4307 2556 4347 non
2588 4291 2737 4347 istud
2769 4291 2984 4363 leviter,
3031 4294 3124 4351 sed
3153 4312 3280 4353 cum
3310 4296 3504 4353 consi-

1911 4381 1985 4436 lio
2016 4381 2166 4450 fecit,
2201 4387 2263 4436 ut
2296 4397 2407 4437 non
2446 4382 2700 4455 impleret
2743 4383 2888 4456 quod
2933 4384 3295 4456 disposuerat.
3341 4409 3359 4432 ι
3390 4386 3502 4441 Aut

195 4482 437 4548 aptatam
478 4451 546 4545 I
573 4474 696 4531 Cor.
734 4493 793 4544 ιι,
834 4476 914 4548 4),
966 4451 1125 4549 cujus
1174 4479 1558 4551 praedicatores
1587 4477 1797 4550 duplici
1829 4451 1878 4510 D
1910 4469 2180 4543 numquid
2211 4487 2331 4542 quae
2365 4451 2566 4544 cogito,
2600 4451 2805 4546 inquit,
2835 4451 3138 4530 secundum
3164 4491 3384 4532 carnem
3413 4491 3502 4530 co-

197 4580 392 4636 genere
423 4563 480 4620 in
510 4565 780 4637 sapientia
817 4568 1024 4624 carnali
1055 4575 1314 4637 accusat;
1362 4569 1490 4642 quia
1534 4575 1586 4624 et
1630 4567 1793 4639 juxta

197 4653 392 4710 mundi
431 4670 650 4710 sensum
700 4655 1109 4728 praedicabant,
1154 4675 1221 4714 ne
1259 4658 1420 4716 facile
1451 4657 1792 4714 offenderent

195 4742 451 4799 homines
479 4752 531 4800 et
579 4753 821 4818 quaestus
869 4763 1030 4805 causa
1083 4747 1188 4804 hoc
1243 4747 1497 4821 agebant,
1555 4745 1792 4820 propriis

268 4931 386 5004 (69)
426 4931 591 5006 βφπθ.
643 4931 789 5002 cod.,
845 4935 1096 5006 quoniam
1146 4937 1293 4992 mala
1330 4933 1523 4990 salutis
1568 4933 1792 4988 illorum

193 5021 356 5085 causa
383 5003 449 5059 ab
476 5004 677 5085 qui
722 5008 826 5061 hac
850 5003 962 5063 tam
987 5025 1182 5080 aspera
1225 5007 1551 5078 ingerebant,
1585 5006 1793 5060 tolera-

195 5076 323 5131 bant
354 5092 457 5146 pro
486 5076 618 5132 illis.
1053 5076 1067 5080 ’
1289 5076 1300 5078 ⁷

267 5147 386 5219 (7U)
430 5145 579 5203 Idem
629 5148 802 5205 codex
830 5194 844 5218 ,
895 5153 1091 5208 collata
1136 5156 1210 5206 est
1265 5148 1569 5219 apostolis;
1615 5147 1790 5216 Vall.,

194 5221 495 5274 consolatus
523 5225 595 5272 est
631 5220 932 5278 Apostolus.

265 5291 390 5366 (71)
427 5290 528 5366 Ms.
562 5290 749 5366 Gorb.,
792 5294 1147 5362 simulatione,
1173 5294 1328 5366 ﬁdem
1351 5291 1608 5366 intcgr_an_t
1634 5290 1794 5366 exhi-

345 5360 454 5417 DeO
485 5360 542 5414 in
575 5364 950 5431 praedicatione
967 5383 986 5429 ;
1025 5360 1372 5434 quamobrem
1405 5360 1472 5416 de
1494 5362 1593 5416 Dei
1620 5361 1795 5416 auxi-

197 5434 655 5581 ltti7g)c§ill._in
704 5523 874 5580 marg.
917 5514 971 5581 et
1001 5506 1323 5581 Rom._edit.
1375 5505 1434 5563 in
1464 5521 1614 5581 corp.
1667 5525 1794 5569 cum

197 5592 324 5634 ruas.
357 5576 713 5650 quibusdam,
740 5576 1015 5651 praeterita
1043 5578 1284 5652 replicat.

1907 4559 2072 4631 gito?
2109 4583 2128 4606 ι
2173 4560 2277 4627 Qui
2323 4561 2471 4616 enim
2505 4563 2809 4619 secundum
2841 4579 3061 4619 carnem
3092 4565 3318 4634 cogitat,
3371 4572 3501 4619 tunc

1901 4665 2011 4704 non
2052 4649 2243 4722 implet
2272 4666 2392 4722 quae
2424 4650 2690 4722 disponit,
2735 4651 2956 4721 quando
2985 4659 3080 4706 aut
3111 4651 3360 4720 personis
3389 4665 3500 4704 am-

1900 4735 2170 4808 plioribus
2205 4737 2403 4804 defert,
2460 4745 2553 4792 aut
2591 4745 2738 4792 certe
2779 4736 2950 4793 lucris
2995 4742 3094 4790 aut
3147 4734 3501 4806 apparatibus

1976 4930 2093 5013 (73)
2135 4927 2270 5013 God.
2315 4927 2506 4998 Corb.,
2546 4942 2609 4983 ne
2663 4924 2937 4998 arguentis
2994 4941 3080 4983 eos
3133 4926 3499 4987 auctoritatem

1903 5008 2213 5058 omitterent.

1977 5073 2094 5146 (74)
2153 5075 2276 5130 Duo
2329 5088 2491 5141 mss.,
2547 5072 2606 5130 in
2666 5078 2822 5146 patre
2883 5071 3204 5131 clarissimo.
3271 5073 3501 5134 Minime

1905 5147 2092 5289 mil/95')
2124 5218 2282 5274 Rom.
2316 5215 2484 5289 edit.,
2524 5223 2585 5272 ut
2626 5217 2844 5289 ριεηαπι
2883 5217 3117 5285 θναίίατη
3167 5217 3422 5274 habmus
3458 5231 3508 5281 ⁸³

1898 5287 1997 5360 per
2021 5287 2112 5343 vos
2153 5287 2402 5356 transire,
2430 5297 2535 5344 etc.

2005 5362 2094 5431 76)
2127 5355 2392 5416 Nonnulli
2424 5376 2576 5428 mss.,
2601 5361 2722 5414 ch
2751 5355 2962 5433 ﬁducia
2991 5361 3260 5417 emendata
3288 5367 3380 5428 cst,
3401 5376 3515 5432 etc.

1977 5361 2097 5503 (77)
2131 5433 2290 5488 Rom.
2317 5431 2480 5503 redit.,
2511 5436 2560 5484 et
2597 5447 2703 5503 non
2732 5439 2904 5503 vem_;
2941 5435 3215 5503 vet._cum
3239 5445 3368 5486 mss.
3401 5440 3515 5495 ali-

2006 5432 2097 5503 77)
2131 5433 2290 5488 Rom.
2317 5431 2480 5503 redit.,
2511 5436 2560 5484 et
2597 5447 2703 5503 non
2732 5431 2904 5503 veni;
2941 5435 3215 5503 vetacum
3239 5445 3368 5486 mss.
3401 5431 3531 5495 ali;

1904 5498 2057 5577 quot,
2077 5498 2137 5560 ἐι
2164 5519 2271 5559 non
2304 5502 2345 5558 ii
2364 5523 2381 5572 ;
2425 5498 2612 5561 caeteri
2641 5514 2804 5564 mss.,
2837 5498 2890 5548 ει
2923 5509 3042 5550 non
3067 5500 3152 5557 iit.

2917 5651 2964 5663 υ
