3952 6202
188 251 291 309 297

1246 256 1604 316 COMMENT.
1645 260 1716 317 IN
1751 260 1965 318 EPIST.
2007 264 2055 320 II
2091 264 2186 321 AD
2225 265 2379 325 COR.

3356 276 3462 337 298

188 383 248 430 ut
285 376 378 448 qui
406 378 754 449 corripiendo
782 378 1199 437 contristaverat
1222 442 1231 451 ,
1258 397 1369 452 eos,
1402 385 1771 443 testificaretur
1799 391 1850 448 A
1877 388 2077 459 quibus
2106 399 2359 460 gravatus
2399 394 2743 453 absorbeatur
2770 414 2801 453 a
2824 399 3067 456 secunda
3098 410 3291 458 morte.
3325 405 3458 462 Haec

185 479 253 519 ex
282 465 390 532 his,
420 466 552 521 dum
584 467 956 540 corriguntur.
1442 542 1445 543 ν

178 633 183 636 i
256 553 436 624 (Vers.
469 555 552 627 3.)
598 580 615 602 ι
647 556 774 612 Ideo
803 565 857 613 et
896 559 1090 633 scripsi
1138 560 1243 617 hoc
1274 561 1475 634 ipsum,
1515 580 1619 621 nec
1643 582 1769 622 cum

180 642 477 713 venissem,
510 646 795 701 tristitiam
848 645 1130 717 haberem,
1158 667 1188 704 a
1218 651 1421 724 quibus
1457 662 1772 725 oportuerat

181 749 271 789 me
304 734 573 806 gaudere:
626 744 835 792 certum
873 735 1100 807 habens,
1134 739 1261 811 quia
1301 758 1481 798 meum
1513 744 1770 815 gaudium

181 822 433 878 omnium
480 832 722 880 vestrum
775 834 873 880 est.
906 851 924 872 ι
969 825 1177 882 Idcirco
1224 828 1359 885 dicit
1388 829 1505 886 haec
1540 848 1598 887 se
1626 832 1774 888 scri-

180 913 356 984 psisse
376 922 439 969 ut
462 924 646 985 postea
663 916 907 983 veniens,
931 932 1041 972 non
1071 927 1208 974 esset
1235 918 1382 975 unde
1409 921 1772 978 contristare-

180 1013 295 1074 tur,
337 1007 565 1064 sublatis
596 1009 748 1065 vitiis
773 1028 785 1064 :
810 1010 901 1066 sed
924 1012 1180 1083 gauderet
1196 1030 1321 1069 cum
1343 1013 1441 1082 eis,
1470 1016 1622 1086 quasi
1643 1031 1770 1072 cum

178 1094 520 1154 charissimis
550 1098 713 1163 ﬁliis;
748 1108 807 1155 ut
837 1101 966 1172 quia
990 1102 1059 1157 ab
1098 1102 1419 1159 infidelibus
1446 1105 1772 1161 tribulatio—

177 1184 346 1238 nibus
374 1185 727 1254 aﬂiciebatur,
758 1187 825 1242 ab
856 1187 944 1243 his
984 1189 1174 1261 utique
1206 1192 1483 1263 gauderet.
1519 1192 1612 1264 qui
1643 1210 1772 1249 cre-

178 1270 449 1330 diderant.
508 1275 782 1330 Gaudium
826 1276 971 1331 enim
1018 1278 1267 1349 Apostoli
1328 1279 1640 1351 purificatio
1690 1290 1772 1338 est

178 1362 404 1432 populi:
440 1362 561 1419 ideo
590 1364 739 1419 enim
773 1364 994 1436 gaudet,
1026 1368 1155 1437 quia
1187 1366 1521 1439 vituperatio
1549 1384 1663 1424 non
1691 1376 1774 1426 est

176 1446 238 1504 in
267 1450 365 1518 eis,
396 1468 531 1525 quos
559 1452 725 1507 simul
755 1460 970 1524 oportet
1002 1453 1254 1524 gaudere.

253 1538 433 1609 (Vers.
466 1539 545 1611 4.)
598 1564 618 1587 ι
646 1541 784 1597 Nam
823 1557 894 1595 ex
928 1542 1101 1597 multa
1135 1559 1387 1614 pressura
1425 1553 1479 1600 et
1524 1544 1775 1618 angustia

175 1626 360 1683 cordis
390 1628 582 1699 scripsi
618 1627 779 1684 vobis
820 1644 916 1700 per
964 1630 1164 1686 multas
1214 1632 1502 1704 lacrymas,
1561 1650 1674 1688 non
1712 1640 1775 1689 ut

1877 475 2022 529 enim
2080 492 2209 531 vera
2256 480 2572 549 poenitentia
2612 494 2692 540 est
2736 484 2846 557 jam
2884 504 3094 544 cessare
3132 506 3163 544 a
3191 500 3451 562 peccato:

1878 565 1959 621 sic
1994 564 2139 620 enim
2163 566 2354 637 probat
2385 567 2565 624 dolere
2593 588 2649 626 se
2685 574 2813 641 sibi,
2834 577 2881 631 si
2909 575 2977 632 de
3004 585 3199 635 catero
3217 579 3451 639 desinat.

1954 656 2135 728 (Vers.
2167 659 2223 723 8,
2246 658 2327 728 9.)
2374 681 2392 704 ι
2420 658 2643 731 PrOpter
2671 665 2816 735 quod
2844 668 3068 726 obsecro
3100 687 3221 739 vos,
3247 682 3310 729 ut
3328 689 3456 730 con-

1880 744 2111 801 ﬁrmetis
2137 745 2196 800 in
2223 746 2382 802 illum
2412 747 2731 804 charitatem
2760 770 2771 806 :
2795 767 2919 808 nam
2943 757 3010 810 ad
3028 757 3135 815 hoc
3160 762 3372 832 scripsi,
3395 770 3459 819 ut

1880 835 2165 906 probarem
2212 851 2280 891 an
2311 836 2367 891 in
2407 836 2666 893 omnibus
2688 838 3000 897 obedientes
3038 844 3177 900 sitis.
3206 872 3225 893 ι
3266 848 3460 913 Quan-

1879 930 1999 979 tum
2029 924 2190 980 datur
2218 924 2473 997 intelligi,
2497 926 2814 985 obedientes
2844 929 2944 985 hos
2964 930 3137 987 factos
3156 933 3214 987 in
3231 936 3460 1006 caeteris,

1881 1013 2112 1084 probat;
2145 1013 2568 1070 emendaverant
2597 1016 2743 1071 enim
2765 1032 2885 1088 quae
2916 1017 2979 1072 ad
3004 1017 3250 1073 ordinem
3281 1021 3465 1076 eccle-

1882 1100 2161 1156 siasticum
2210 1102 2503 1172 pertinent.
2547 1103 2700 1160 Unde
2745 1106 2909 1160 etiam
2942 1105 2999 1160 in
3032 1105 3138 1163 hoc
3171 1109 3292 1162 vult
3342 1109 3465 1165 illos

1881 1203 1995 1243 esse
2024 1188 2361 1258 obedientes,
2392 1200 2455 1247 ut
2480 1190 2807 1248 confirment
2835 1193 3059 1248 fratrem
3081 1193 3141 1249 in
3177 1193 3463 1264 charitate,

1881 1276 2237 1346 suscipientes
2265 1294 2388 1333 eum
2419 1278 2477 1333 in
2506 1281 2974 1337 communionem.

1954 1364 2133 1436 (Vers.
2171 1366 2283 1437 10.)
2319 1391 2337 1413 ι
2368 1366 2423 1423 Si
2448 1367 2537 1423 cui
2569 1375 2749 1424 autem
2781 1369 2915 1442 quid
2936 1370 3198 1438 donastis,
3221 1379 3276 1427 et
3293 1388 3408 1446 ego.
3432 1398 3452 1423 ι

1880 1451 2229 1510 Manifestum
2278 1462 2360 1510 est
2399 1455 2530 1528 quia
2575 1456 2722 1528 quod
2764 1456 2921 1528 jubet
2974 1458 3112 1528 fieri,
3156 1460 3268 1531 ipse
3296 1460 3462 1517 facit:

1882 1555 1984 1597 nec
2024 1550 2201 1613 potest
2246 1542 2352 1599 hoc
2395 1544 2652 1612 abnuere,
2702 1546 2848 1619 quod
2896 1547 3059 1602 etiam
3090 1547 3379 1606 obsecrans
3405 1556 3469 1606 ut

1882 1629 1999 1696 fiat,
2037 1630 2247 1698 scribit,
2290 1647 2413 1686 cum
2470 1631 2694 1689 haberet
2731 1641 3049 1705 potestatem
3076 1634 3329 1706 jubendi.
3360 1635 3467 1692 Sed

175 1717 607 1784 contristemini,
642 1717 735 1774 sed
778 1726 841 1773 ut
884 1721 1224 1791 cognoscatis
1253 1737 1412 1793 quam
1445 1721 1769 1778 charitatem
1797 1737 1844 1798 Β
1880 1714 1939 1771 in
1968 1717 2144 1787 prima
2164 1718 2391 1788 epistola
2421 1735 2582 1790 grave
2603 1719 2720 1790 ejus
2747 1719 2946 1777 detulit
2972 1721 3201 1791 crimen,
3233 1733 3295 1779 ut
3326 1722 3465 1778 hor-

172 1804 410 1861 habeam
468 1806 835 1863 abundantius
889 1807 948 1862 in
1004 1808 1184 1866 vobis.
1215 1834 1235 1858 ι
1288 1810 1635 1866 Manifestum
1687 1817 1770 1867 est

182 1896 585 1969 quia,~quando
621 1896 724 1953 hoc
758 1896 955 1953 affectu
1003 1899 1126 1970 quis
1153 1900 1390 1972 aliquem
1420 1898 1666 1971 corripit,
1705 1904 1768 1953 ut

169 1985 302 2056 plus
338 1984 434 2039 illo
463 1984 644 2042 doleat
680 1987 921 2058 peccatis
951 1987 1068 2059 ejus
1092 2006 1104 2044 :
1160 2005 1271 2045 non
1300 1989 1489 2062 utique
1517 1998 1579 2045 ut
1605 1988 1766 2044 illum

171 2073 488 2140 contristet,
518 2074 767 2144 corripit,
811 2075 905 2129 sed
933 2082 997 2130 ut
1026 2076 1273 2132 ostendat
1304 2077 1412 2144 illi,
1450 2092 1561 2148 quo
1583 2091 1768 2131 amore

172 2160 375 2233 diligat
402 2177 529 2216 eum
556 2161 695 2231 (83).
727 2160 834 2227 Qui
849 2162 995 2216 enim
1031 2180 1143 2219 non
1175 2163 1279 2220 hoc
1292 2164 1489 2220 affectu
1518 2164 1765 2235 corripit,

169 2250 407 2304 fratrem
435 2248 756 2315 contristat;
805 2248 1035 2305 insultat
1058 2252 1228 2319 enim,
1258 2251 1354 2324 qui
1378 2267 1491 2307 non
1515 2251 1771 2310 condolet

169 2338 356 2395 fratri.

261 2433 404 2488 174
433 2436 613 2507 (Vers.
643 2436 727 2507 5.)
773 2460 792 2484 ι
822 2437 879 2493 Si
909 2436 1033 2510 quis
1076 2445 1259 2493 autem
1290 2437 1642 2494 contristavit
1661 2454 1769 2509 me,

170 2540 290 2579 non
325 2539 410 2580 me
440 2525 809 2593 contristavit,
841 2524 935 2581 sed
973 2542 1044 2581 ex
1072 2532 1259 2596 parte;
1307 2534 1369 2581 ut
1406 2542 1517 2581 non
1548 2542 1769 2583 onerem

172 2629 279 2668 vos
321 2628 527 2668 omnes.
561 2637 581 2662 ι
635 2612 839 2668 Omnes
894 2611 994 2667 hos
1040 2628 1176 2685 quos
1215 2611 1305 2668 hic
1334 2612 1472 2668 dicit
1500 2630 1566 2667 ea:
1592 2620 1766 2684 parte,

171 2700 352 2757 sancti
379 2709 542 2767 sunt;
575 2699 696 2756 dua;
729 2699 875 2755 enim
906 2707 1086 2771 partes
1126 2700 1185 2755 in
1214 2701 1418 2773 populo
1447 2710 1596 2769 sunt,
1627 2701 1769 2757 sicut

172 2790 235 2846 in
270 2788 448 2861 prima
480 2789 713 2860 epistola
740 2789 1062 2845 memoravi.
1096 2788 1165 2844 Hi
1197 2806 1324 2861 ergo
1353 2806 1422 2844 ex
1452 2796 1603 2861 parte
1632 2806 1770 2846 san-

168 2887 398 2936 ctorum
458 2884 608 2945 sunt,
664 2893 799 2949 quos
853 2877 1204 2934 contristatos
1257 2877 1315 2933 in
1363 2894 1546 2934 errore
1585 2878 1768 2934 fratris

168 2964 475 3038 signiﬁcat,
506 2964 650 3020 sicut
677 2972 731 3021 et
759 2966 1129 3037 semetipsum.
1181 2966 1297 3022 Hoc
1337 2974 1518 3022 autem
1558 2966 1766 3032 dicens,

171 3058 428 3114 oneravit
459 3066 793 3129 peccantem,
835 3059 923 3114 vel
949 3074 1074 3114 eum
1105 3058 1200 3131 qui
1225 3067 1586 3148 peccaverat.
1641 3061 1770 3115 Plus
1805 3088 1849 3148 ο

169 3147 324 3203 enim
355 3146 415 3202 fit
444 3163 588 3215 reus,
622 3148 681 3203 in
705 3145 864 3218 cujus
891 3146 1095 3204 delicto
1124 3147 1287 3202 multi
1312 3147 1647 3204 tribulantur
1670 3165 1682 3203 :
1705 3161 1770 3204 ac

166 3251 272 3309 per
299 3234 407 3290 hoc
439 3234 623 3305 inquit
655 3251 668 3288 :

248 3324 434 3395 (Vers.
467 3323 522 3391 6,
550 3320 630 3392 7.)
676 3344 696 3368 ‹
725 3321 868 3377 Satis
894 3329 978 3377 est
1006 3321 1057 3377 ei
1078 3320 1174 3395 qui
1194 3321 1320 3377 talis
1339 3329 1438 3389 est,
1463 3321 1768 3393 objurgatio

166 3413 314 3480 haec,
351 3428 471 3482 quae
501 3410 565 3466 ﬁt
592 3426 624 3465 a
652 3410 927 3481 pluribus.
961 3434 981 3457 ι
1017 3410 1274 3482 Magnum
1304 3410 1547 3466 dolorem
1578 3411 1767 3483 utique

164 3500 432 3574 patietur,
451 3499 546 3572 qui
577 3499 838 3555 delictum
869 3515 1029 3554 suum
1062 3498 1216 3554 videt
1243 3497 1497 3569 pluribus
1521 3497 1761 3555 horrere.

181 3614 205 3639 ι
242 3590 325 3645 Ita
373 3597 436 3644 ut
476 3604 506 3643 e
551 3594 744 3644 contra
789 3586 962 3659 magis
1008 3585 1245 3654 donetis,
1291 3594 1346 3643 et
1378 3585 1761 3655 consolemini,

165 3694 246 3735 ne
269 3676 541 3750 quomodo
572 3674 959 3733 abundantiori
1008 3674 1237 3730 tristitia
1264 3674 1635 3741 absorbeatur,
1666 3673 1763 3748 qui

166 3768 442 3842 ejusmodi
475 3775 575 3825 est.
604 3793 624 3817 ι
666 3767 886 3823 Aﬂlicto
916 3765 1132 3822 homini
1161 3767 1366 3839 peccati
1395 3766 1601 3838 proprii
1621 3780 1763 3822 cau-

164 3875 231 3916 sa
266 3857 385 3929 (84)
420 3857 709 3913 subvenire
757 3856 1026 3928 praecipit,
1067 3856 1198 3929 quia
1224 3856 1566 3929 poenitentia,
1604 3856 1649 3911 si
1692 3853 1761 3911 de

160 3965 304 4004 vero
331 3946 516 4002 animo
545 3956 647 4014 est,
680 3945 784 4002 hoc
810 3954 911 4013 est,
941 3945 988 4000 si
1016 3953 1298 4016 correptus
1326 3945 1512 4000 statim
1542 3943 1600 3998 in
1628 3942 1761 3999 ani-

160 4055 262 4093 mo
326 4035 531 4102 doleat,
590 4034 841 4106 protinus
890 4032 1057 4090 habet
1102 4032 1363 4090 fructum.
1411 4032 1658 4104 Denique
1698 4031 1759 4089 in

159 4126 482 4196 Regnorum
508 4121 650 4175 libro
679 4120 931 4188 habetur,
956 4119 1084 4192 quia
1107 4118 1317 4186 Achab,
1339 4134 1465 4175 cum
1496 4117 1762 4189 arguisset

160 4233 290 4271 eum
328 4211 616 4284 propheta,
657 4216 966 4266 commotus
995 4208 1180 4263 animo
1210 4209 1395 4264 statim
1426 4207 1630 4261 meruit
1655 4220 1763 4260 ve-

160 4304 318 4358 niam
359 4299 481 4370 (III
533 4300 655 4368 Reg.
718 4313 837 4364 xxr,
886 4295 1114 4367 27-29).
1165 4296 1238 4350 Et
1270 4293 1448 4350 David
1492 4293 1551 4348 in
1603 4308 1764 4349 causa

161 4391 311 4447 Uriae
355 4384 573 4442 Hethaai
623 4390 905 4453 correptus
949 4383 1080 4453 quia
1122 4381 1380 4452 cognovit
1408 4396 1465 4437 se
1493 4396 1761 4453 peccasse,

162 4478 437 4535 delictum
480 4471 601 4545 ejus
646 4471 887 4527 deletum
931 4477 1012 4526 est
1040 4470 1128 4542 (II
1150 4472 1274 4542 Reg.
1320 4486 1421 4538 xu,
1456 4468 1567 4541 13).
1598 4471 1681 4527 Ita
1707 4479 1762 4528 et

159 4565 467 4639 Apostolus
497 4563 677 4629 illum,
710 4560 804 4633 qui
836 4560 1106 4616 incestum
1154 4558 1520 4629 commiserat,
1552 4559 1760 4617 habens

161 4671 399 4711 uxorem
450 4651 638 4724 patris,
688 4648 1034 4721 objurgatum
1074 4657 1127 4705 et
1155 4648 1451 4721 abjectum,
1482 4647 1757 4705 dolentem

162 4741 415 4798 revocari
465 4739 667 4812 jubet;
728 4754 796 4793 ne
854 4737 953 4793 diu
1008 4736 1202 4794 videns
1258 4755 1314 4795 se
1369 4737 1756 4796 contristatum

158 4833 373 4905 sperni,
405 4830 695 4902 desperans
719 4827 786 4884 de
815 4844 890 4896 se,
925 4827 1078 4883 daret
1107 4828 1356 4884 animum
1385 4827 1455 4884 ad
1484 4827 1758 4884 mundum

157 4919 488 4987 fruendum,
532 4917 686 4991 quasi
735 4916 830 4989 qui
859 4915 1040 4973 locum
1087 4915 1231 4988 apud
1276 4918 1450 4972 Deum
1491 4915 1607 4988 jam
1647 4931 1759 4973 non

159 5010 410 5065 haberet.
470 5008 586 5063 Hoc
639 5014 722 5063 est
764 5005 911 5062 enim
964 5004 1159 5077 majori
1189 5003 1417 5060 tristitia
1455 5002 1758 5073 absorberi,

156 5096 546 5171 desperantem
584 5094 653 5151 de
689 5110 746 5151 se
773 5093 1022 5151 converti
1049 5091 1120 5149 ad
1146 5090 1487 5148 admittenda
1516 5096 1758 5163 peccata,

233 5286 357 5359 (83)
393 5284 527 5343 Cod.
562 5252 1029 5359 Corh.,_corripit,
1064 5279 1286 5335 ostendit
1328 5278 1415 5334 illi
1451 5293 1554 5347 quo
1582 5290 1763 5331 amore

154 5354 355 5429 diligat
384 5374 517 5430 eum.
556 5356 657 5430 Qui
685 5354 841 5422 enim,
873 5361 986 5430 etc.
1025 5427 1033 5430 _
1245 5420 1258 5430 .
1489 5418 1521 5430 η
1727 5417 1762 5430 ι,

231 5420 356 5501 (84)
414 5429 545 5484 Mss.
574 5420 834 5497 aliquot,
876 5422 1067 5497 afﬂicto
1114 5420 1258 5475 omni
1307 5420 1522 5493 proprii
1561 5420 1762 5490 peccati

388 5566 579 5625 Codex
604 5565 802 5632 Laud.,
831 5571 891 5622 ut
915 5564 1194 5620 horrerent
1209 5560 1365 5620 illud.

418 5664 663 5720 ΡΑτιιοι..
701 5662 858 5721 XVII

1878 1812 2059 1860 rerent
2104 1805 2262 1860 illum
2307 1823 2497 1862 omnes
2528 1807 2677 1879 (85):
2725 1824 2873 1866 nunc
2916 1826 3041 1866 cum
3094 1810 3263 1882 recipi
3303 1811 3463 1867 illum

1878 1893 2018 1960 vult,
2034 1901 2151 1949 orat
2173 1911 2242 1950 ne
2259 1895 2440 1952 adhuc
2460 1898 2774 1954 exulcerato
2794 1899 2980 1955 animo
3003 1898 3265 1955 adversus
3281 1899 3459 1967 illum,

1878 1978 2075 2037 durum
2131 1981 2245 2038 illis
2301 1992 2441 2040 esset
2489 1983 2687 2041 habere
2729 2001 2853 2041 cum
2886 1986 2984 2042 illo
3013 1986 3463 2043 communionem

1878 2069 2152 2127 Ecclesiae.
2204 2072 2387 2145 Neque
2435 2072 2581 2129 enim
2628 2081 2782 2130 tanta
2816 2074 2873 2130 in
2904 2076 2983 2131 eis
3010 2084 3145 2144 erat,
3171 2084 3373 2149 quanta
3402 2076 3462 2132 in

1877 2161 2141 2230 Apostolo
2170 2161 2551 2232 providentia;
2594 2171 2656 2219 ut
2683 2164 2864 2221 statim
2898 2165 3269 2238 intelligerent
3316 2165 3463 2223 faci-

1879 2248 2079 2303 endum
2111 2265 2244 2317 esse,
2278 2250 2424 2322 quod
2454 2250 2669 2306 dicebat
2695 2254 2988 2324 Apostolus
3016 2254 3075 2309 in
3104 2271 3266 2311 causa
3297 2255 3461 2327 hujus

1880 2333 2177 2392 duntaxat:
2229 2337 2353 2393 ideo
2399 2338 2646 2396 obsecrat
2694 2346 2756 2394 ut
2785 2340 3068 2397 dimittant
3095 2342 3200 2410 illi,
3239 2343 3463 2415 signiti-

1880 2441 2011 2481 cans
2037 2428 2211 2482 Deum
2244 2429 2325 2483 illi
2349 2429 2659 2500 ignovisse;
2683 2431 2811 2502 quia
2829 2431 3105 2488 nihilsine
3130 2433 3227 2489 Dei
3243 2434 3465 2513 Spiritu

1881 2512 2072 2583 agebat
2117 2515 2433 2585 Apostolus.
2481 2540 2500 2564 ι
2527 2516 2748 2572 Etenim
2795 2534 2893 2589 ego
2950 2519 3096 2591 quod
3149 2520 3370 2588 donavi,
3414 2523 3465 2579 si

1880 2599 2013 2672 quid
2051 2600 2279 2670 donavi,
2321 2611 2541 2676 propter
2569 2620 2667 2659 vos
2696 2603 2896 2659 donavi
2950 2605 3008 2660 in
3040 2622 3269 2677 persona
3294 2608 3466 2664 Chri-

1879 2688 1970 2743 sti.
2004 2714 2022 2737 ›
2064 2689 2180 2745 Hoc
2221 2689 2372 2745 dicto
2418 2699 2607 2762 gravat
2639 2691 2789 2759 illos;
2824 2692 2955 2764 quia
2999 2691 3044 2747 si
3076 2693 3335 2765 magister
3363 2712 3467 2767 pe-

1876 2777 2122 2834 tentibus
2137 2778 2426 2850 discipulis
2442 2780 2692 2849 donavit,
2709 2781 2797 2836 cui
2829 2782 3145 2851 voluerunt,
3161 2793 3462 2855 peccatum,

1878 2876 2083 2941 quanto
2108 2869 2280 2941 magis
2309 2869 2572 2926 obaudire
2619 2869 2821 2927 debent
2866 2870 3125 2944 discipuli
3155 2872 3414 2945 magistro
3433 2874 3465 2930 ?

1876 2956 1948 3014 Et
1977 2967 2039 3014 ut
2072 2966 2248 3014 ratum
2278 2960 2349 3028 ei,
2379 2960 2465 3017 cui
2489 2960 2737 3029 donavit,
2765 2961 3075 3018 ostenderet
3101 2961 3246 3034 apud
3262 2964 3461 3032 Deum,

1876 3046 1953 3101 ait
1994 3045 2051 3101 in
2098 3063 2327 3118 persona
2373 3048 2579 3105 Christi
2617 3064 2674 3105 se
2723 3048 2972 3118 donasse,
3017 3050 3164 3121 quod
3193 3049 3456 3107 donavit:

1878 3131 1985 3189 hoc
2027 3142 2127 3200 est,
2178 3140 2396 3205 accepto
2443 3135 2635 3191 tulisse
2672 3134 2976 3203 Christum,
3007 3135 3165 3206 cujus
3194 3137 3463 3207 legatione

1880 3221 2242 3294 fungebatur;
2272 3231 2334 3278 ut
2362 3224 2565 3279 factum
2597 3224 2869 3295 Apostoli,
2906 3224 3108 3279 factum
3136 3224 3208 3280 sit
3228 3224 3460 3294 Christi,

1880 3309 2023 3364 sicut
2066 3309 2249 3366 dixit:
2297 3333 2316 3358 ι
2342 3310 2692 3384 Quaecunque
2739 3310 3018 3367 solveritis
3047 3328 3209 3383 super
3238 3320 3460 3383 terram,

1880 3406 2042 3453 erunt
2071 3400 2249 3455 soluta
2270 3407 2325 3456 et
2352 3400 2409 3454 in
2430 3401 2568 3456 coelo
2601 3401 2812 3470 (Matth.
2844 3416 3007 3467 xvm,
3049 3400 3161 3471 18).
3190 3426 3210 3451 ›
3248 3400 3305 3457 Si
3333 3416 3460 3473 ergo

1879 3486 2011 3543 huic
2060 3504 2158 3559 pro
2213 3505 2321 3560 quo
2373 3488 2646 3561 petierunt
2682 3503 2778 3560 per
2831 3488 3157 3560 Apostolum
3208 3488 3460 3547 Christus

1877 3574 2109 3647 ignovit,
2145 3586 2348 3648 quanto
2402 3577 2574 3648 magis
2604 3575 2734 3632 huic
2757 3573 2871 3647 jam
2926 3576 3171 3648 ignotum
3200 3584 3335 3645 erat,
3365 3577 3458 3635 cui

1874 3667 1937 3717 ut
1963 3662 2170 3719 donent
2196 3665 2312 3736 (86)
2347 3664 2460 3737 ipse
2479 3664 2642 3721 etiam
2672 3663 2924 3720 hortatur
2943 3664 2972 3720 ?

1947 3752 2126 3822 (Vers.
2163 3753 2275 3823 11.)
2320 3777 2339 3800 ι
2360 3755 2438 3809 Ne
2454 3753 2831 3826 possideamur
2858 3769 2890 3807 a
2913 3751 3138 3818 Satana;
3165 3767 3277 3808 non
3307 3753 3457 3808 enim

1873 3838 2186 3911 ignoramus
2243 3842 2471 3898 astutias
2526 3841 2663 3914 ejus.
2693 3865 2713 3889 ι
2757 3840 2872 3895 Hoc
2919 3839 3055 3894 dicit
3096 3838 3241 3911 quod
3294 3854 3459 3910 supra

1873 3928 2197 3997 memoravi,
2240 3931 2370 4001 quia
2419 3927 2721 3986 consolatio
2759 3926 2920 3981 debet
2946 3925 3203 3998 subsequi
3234 3925 3455 3984 fratrem

1873 4016 2135 4073 delictum
2175 4017 2429 4084 ﬂentem;
2464 4033 2533 4073 ne
2564 4017 2663 4073 diu
2711 4016 3087 4085 contristatus,
3119 4024 3172 4073 et
3200 4023 3456 4073 contem-

1872 4112 2000 4178 ptus
2031 4122 2062 4161 a
2087 4105 2351 4161 charitate
2393 4105 2672 4175 Ecclesiae,
2706 4105 2934 4179 incipiat
2960 4105 3243 4179 desperare
3278 4106 3345 4162 de
3374 4122 3454 4175 se,

1873 4194 2135 4261 etvidens
2151 4195 2244 4268 qui
2272 4210 2483 4269 semper
2500 4196 2558 4251 in
2585 4194 2804 4252 insidiis
2830 4202 2911 4252 est
2939 4195 3159 4252 subtilis
3178 4194 3452 4265 diabolus,

1873 4291 2111 4340 mentem
2137 4283 2253 4356 ejus
2284 4284 2398 4357 (87)
2432 4284 2597 4340 vilem
2624 4284 2893 4353 effectam,
2925 4283 3145 4341 accedat
3173 4290 3225 4340 et
3251 4300 3456 4356 sugge-

1872 4382 1957 4432 rat
1984 4375 2064 4443 ei;
2098 4383 2160 4431 ut
2190 4376 2275 4431 vel
2308 4376 2666 4447 praesentibus
2695 4376 2928 4445 fruatur,
2946 4374 3041 4448 qui
3070 4374 3137 4431 de
3166 4390 3259 4447 spe
3281 4374 3452 4430 futuri

1870 4463 2079 4536 praemii
2135 4462 2377 4534 dejectus
2431 4473 2531 4533 est,
2563 4473 2617 4521 et
2663 4472 2845 4538 pereat
2892 4463 3057 4519 frater
3104 4477 3379 4534 possessus
3422 4475 3455 4516 a

1868 4551 2109 4617 diabolo,
2138 4551 2226 4608 cui
2246 4551 2315 4607 ad
2345 4552 2450 4609 hoc
2474 4552 2798 4624 paenitentia
2822 4550 2948 4606 data
2971 4557 3107 4617 erat,
3131 4559 3192 4604 ut
3213 4564 3453 4603 conver-

1867 4655 1960 4697 sus
2007 4640 2328 4696 reformaret
2375 4657 2453 4704 se,
2488 4640 2631 4695 sicut
2674 4639 2813 4694 dicit
2841 4635 3096 4692 Ezechiel
3146 4632 3446 4705 propheta:

1881 4749 1901 4774 ι
1926 4727 2067 4783 Nolo
2095 4735 2324 4782 mortem
2351 4724 2658 4793 morientis,
2688 4729 2951 4797 quantum
2982 4728 3043 4775 ut
3071 4724 3375 4775 revertatur
3398 4724 3453 4773 et

1867 4817 2021 4874 vivat
2055 4818 2270 4890 (Ezech.
2304 4833 2465 4882 xvnr,
2498 4816 2614 4883 23).
2646 4839 2665 4862 ι
2707 4814 2779 4868 Et
2810 4812 3044 4867 iterum:
3090 4829 3110 4854 ι
3143 4806 3455 4866 Converta-

1867 4916 1979 4976 tur,
2019 4906 2222 4981 inquit,
2253 4913 2307 4961 et
2334 4902 2651 4976 replautabo
2680 4901 2808 4956 illos
2840 4897 3002 4970 (Ibid.
3036 4896 3151 4968 27).
3181 4920 3201 4945 ι

1940 4995 2122 5067 (Vers.
2172 4994 2256 5061 l2,
2292 4993 2404 5065 13.)
2457 4990 2595 5049 Cum
2643 4994 2824 5045 autem
2880 4983 3148 5043 venissem
3186 4983 3451 5044 Troadem

1867 5091 2088 5156 propter
2128 5081 2495 5156 Evangelium
2548 5076 2776 5147 Christi,
2803 5083 2859 5135 et
2884 5076 3089 5134 ostium
3118 5074 3256 5133 mihi
3284 5090 3451 5147 aper-

1941 5269 2059 5341 (86)
2084 5270 2222 5341 Mss.
2265 5269 2463 5341 Corb.,
2492 5274 2689 5340 quanto
2724 5267 2892 5338 magis
2927 5265 3067 5334 huic,
3092 5282 3197 5340 pro
3225 5281 3326 5338 quo
3349 5281 3452 5339 pe-

1868 5343 2026 5396 tierat
2054 5340 2357 5410 Apostolus,
2382 5340 2468 5394 cui
2492 5347 2550 5394 ut
2577 5341 2785 5410 donent,
2821 5346 2925 5410 etc.

1942 5409 2060 5481 (87)
2093 5407 2239 5464 Idem
2287 5424 2417 5467 mss.
2469 5410 2656 5479 Corb.,
2686 5407 2788 5463 viti
2830 5407 3018 5478 alfectu
3064 5410 3377 5478 ascenderet,
3406 5413 3459 5465 at

1868 5484 2178 5554 suggereret,
2208 5486 2313 5537 etc.

3086 5645 3154 5705 10
