3952 6202
416 384 525 443 299

414 519 533 567 tum
564 506 702 559 esset
748 496 807 553 in
850 490 1109 557 Domino,
1140 503 1254 547 non
1288 483 1459 542 habui
1505 479 1745 552 requiem
1779 472 2001 546 spiritui
2031 474 2081 533 Α

418 612 565 659 meo,
582 608 646 649 eo
672 586 818 663 quod
845 600 955 640 non
986 579 1292 638 invenerim
1325 575 1508 630 Titum
1540 570 1765 625 fratrem
1798 577 2008 618 meum:

419 685 515 744 sed
544 682 667 738 vale
688 652 807 734 illis
836 673 999 739 facto,
1024 666 1299 743 profectus
1330 678 1449 719 sum
1483 660 1537 714 in
1570 652 1998 713 Macedoniam.»

419 771 689 831 Troadem
736 780 793 823 se
839 740 1141 836 perrexisse
1179 751 1452 826 signiﬁcat
1493 745 1561 804 ad
1603 740 2012 819 prmdicandum

420 865 502 922 eis
530 834 890 929 Evangeliuin
924 853 1064 912 175
1095 843 1324 906 Christi,
1346 847 1399 896 et
1427 853 1549 897 cum
1585 834 1835 906 coepisset
1866 845 2015 902 pra:-

421 960 627 1022 dieare,
677 951 845 1007 fuisse
878 944 975 1020 qui
1005 946 1260 1017 caperent
1288 937 1518 994 verbum
1567 931 1693 989 ﬁdei
1722 947 1733 986 :
1770 925 1862 983 sed
1890 923 2019 998 quia

424 1014 682 1104 solatium
730 1036 844 1094 Titi
892 1014 1092 1102 defuit,
1141 1025 1510 1087 intolerabilis
1548 1026 1663 1079 erat
1705 1014 1859 1074 labor
1886 1026 2018 1086 per-

423 1128 789 1205 strepentium
836 1138 1017 1181 causa.
1061 1116 1328 1187 Quamvis
1380 1111 1526 1169 enim
1578 1105 1800 1182 quidam
1830 1114 2019 1159 eorum

424 1196 752 1295 aperuerant
802 1211 969 1270 corda
1014 1224 1113 1264 sua
1166 1205 1236 1262 ad
1292 1196 1670 1273 recipiendum
1712 1202 2019 1250 sermonem

426 1281 528 1371 Dei
554 1328 568 1378 ;
600 1316 784 1364 tamen
813 1298 1157 1374 impudentia
1178 1293 1486 1351 inﬁdelium
1512 1288 1629 1361 (88)
1653 1302 1762 1342 non
1794 1281 2023 1338 minima

432 1400 754 1464 exsistebat,
774 1372 1062 1464 insurgens
1088 1390 1146 1443 in
1167 1385 1492 1458 Apostolum
1513 1381 1629 1436 zelo
1648 1372 2019 1437 credentium;

434 1501 488 1549 et
519 1492 636 1545 hinc
662 1486 772 1543 duo
794 1482 862 1539 ab
892 1497 1004 1537 uno
1036 1474 1255 1549 impleri
1286 1490 1395 1529 non
1428 1474 1713 1544 poterant;
1746 1479 1940 1533 nempe
1970 1465 2026 1515 et

435 1580 624 1637 ﬁdeles
654 1577 947 1639 instruere,
980 1576 1035 1624 et
1082 1561 1383 1622 incredulis
1414 1571 1735 1630 repugnare.
1768 1552 2047 1621 Ideoque,

441 1670 566 1726 vale
596 1666 709 1722 illis
738 1663 904 1730 facto,
944 1656 1041 1733 qui
1086 1656 1435 1726 susceperant
1462 1664 1608 1718 eum,
1642 1643 1918 1721 profectus
1949 1641 2030 1694 est

436 1759 496 1813 in
525 1751 922 1811 Macedoniam.

511 1845 696 1916 (Vers.
736 1838 849 1909 14.)
896 1859 916 1885 ι
943 1834 1058 1893 Deo
1085 1839 1266 1890 autem
1297 1828 1514 1905 gratias,
1678 1834 1888 1891 semper
1917 1814 2029 1870 tri-

436 1910 674 2005 umphat
722 1942 817 2001 per
864 1941 963 1982 nos
1009 1923 1069 1979 in
1116 1920 1336 1980 Christo
1363 1919 1510 1974 Jesu.
1543 1940 1562 1964 ο
1605 1913 1722 1969 Hoc
1750 1915 1831 1964 est
1858 1910 2030 1963 Deum

437 1994 559 2097 per.
581 1994 858 2094 apostolos
886 2010 1232 2083 triumphare
1262 2009 1320 2065 in
1350 2005 1593 2071 Christo,
1624 2000 1858 2055 victores
1907 1994 2035 2050 illos

440 2089 634 2169 iacere
673 2107 731 2164 in
760 2104 868 2162 ﬁde
897 2102 1136 2163 Christi:
1172 2107 1233 2156 ut
1262 2099 1467 2155 calcata
1495 2089 1743 2165 perﬁdia,
1772 2094 2038 2157 tropaeum

442 2199 640 2255 habeat
673 2194 828 2262 ﬁdes,
870 2190 1003 2249 dum
1035 2205 1104 2245 ex
1138 2184 1363 2261 perﬁdis
1388 2183 1533 2239 ﬁunt
1562 2177 1770 2244 ﬁdeles,
1802 2181 1855 2230 et
1876 2172 2037 2228 male-

444 2285 564 2342 voli
595 2299 707 2340 non
731 2278 1029 2354 proﬁciunt
1059 2277 1117 2333 in
1148 2270 1526 2348 prosequendo
1555 2266 1857 2325 credentes.

521 2374 704 2448 (Vers.
731 2350 853 2442 15.)
899 2391 919 2415 ι
947 2366 1018 2422 Et
1047 2364 1269 2421 odorem
1302 2358 1513 2417 notitiae
1552 2371 1662 2413 suae
1694 2350 2041 2409 manifestare

446 2440 550 2537 per
578 2476 680 2517 nos
710 2458 768 2515 in
796 2440 949 2514 omni
978 2456 1132 2522 loco;
1168 2450 1295 2526 quia
1340 2447 1545 2507 Christi
1571 2447 1749 2502 bonus
1777 2440 1914 2498 odor
1945 2454 2043 2495 su-

446 2528 570 2608 inus
614 2550 729 2606 Deo
773 2546 832 2604 in
882 2544 969 2601 his
1019 2543 1113 2616 qui
1143 2538 1282 2597 salvi
1312 2537 1474 2605 ﬁunt,
1502 2535 1643 2591 etin
1671 2532 1758 2589 his
1803 2528 1896 2604 qui
1940 2541 2044 2599 pe-

447 2649 630 2699 reunt.
660 2664 679 2688 ι
722 2636 874 2696 Odor
910 2615 1120 2691 notitiae
1152 2631 1253 2688 Dei
1295 2629 1352 2685 in
1381 2627 1622 2693 Christo,
1653 2630 1708 2680 et
1733 2635 1828 2694 per
1871 2615 2044 2675 Chri-

455 2739 601 2788 stum
657 2735 761 2785 est.
809 2723 1046 2783 Odorem
1095 2729 1277 2777 autem
1302 2717 1509 2774 idcirco
1540 2713 1699 2778 dicit,
1745 2705 1873 2780 quia
1905 2704 2049 2758 sicut

456 2819 705 2892 quaedam
740 2832 844 2879 res,
877 2829 998 2883 quae
1028 2827 1151 2866 cum
1193 2824 1306 2863 non
1334 2806 1646 2866 videantur,
1680 2812 1775 2868 per
1823 2792 2046 2847 odorem

456 2881 645 2961 tamen
667 2881 1089 2969 cognoscuntur,
1111 2902 1166 2949 et
1195 2891 1459 2962 intelligis
1478 2889 1536 2944 in
1567 2888 1687 2942 loco
1708 2881 1892 2954 aliquo
1911 2895 2046 2948 esse,

464 2992 613 3066 quod
660 3004 772 3044 non
816 2985 1006 3041 vides:
1052 2983 1128 3039 ita
1152 2986 1207 3038 ‘et
1237 2983 1403 3048 Deus,
1450 2975 1579 3051 quia
1608 2972 1910 3059 invisibilis
1944 2976 2049 3037 est,

464 3050 562 3155 per
619 3074 901 3137 Christum
972 3090 1028 3129 se
1075 3071 1254 3128 voluit
1320 3050 1578 3141 intelligi,
1620 3073 1684 3122 ut
1716 3050 2051 3136 'praadicatio

464 3151 673 3229 Christi
729 3164 874 3238 (quae
928 3163 1120 3237 utique
1168 3157 1544 3225 invisibiliter,
1585 3155 1727 3212 sicut
1782 3151 1851 3207 ad
1896 3163 2053 3205 nares

460 3261 618 3330 odor,
640 3259 717 3317 ita
752 3254 821 3313 ad
852 3272 1009 3313 aures
1038 3251 1311 3329 pervenit)
1344 3253 1519 3307 Deum
1550 3247 1763 3302 Patrem
1792 3241 2054 3297 insinua—

459 3358 543 3408 ret
597 3356 892 3407 creatorem
934 3347 1077 3421 (89),
1135 3351 1189 3402 et
1242 3341 1447 3399 Filium
1500 3335 1618 3408 ejus
1680 3330 2053 3403 unigenitum.

462 3436 633 3513 Cujus
674 3438 754 3495 rei
794 3416 1063 3509 legatione
1112 3433 1398 3502 fungentes
1441 3424 1673 3501 apostoli
1724 3420 1892 3497 [sicut
1921 3416 2059 3474 dicit

462 3510 733 3586 Dominus
776 3523 847 3581 ad
888 3525 1085 3588 Deum,
1119 3519 1294 3575 Filius
1330 3517 1399 3574 ad
1428 3517 1642 3571 Patrem
1673 3531 1686 3569 :
1734 3534 1755 3559 ι
1785 3510 1939 3566 Sicut
1972 3520 2058 3561 me

462 3617 667 3676 misisti
715 3615 775 3673 in
822 3611 973 3668 hunc
1018 3604 1310 3670 mundum,
1343 3602 1421 3658 ita
1457 3610 1512 3657 et
1548 3617 1648 3672 ego
1677 3614 1768 3654 eos
1797 3596 1957 3652 mitto
2000 3593 2060 3649 in

462 3708 614 3764 hunc
641 3695 940 3772 mundum]
976 3696 1154 3768 (Joan.
1189 3706 1332 3758 xvn,
1368 3689 1481 3759 18),
1512 3712 1531 3737 ι
1572 3688 1796 3744 odorem
1846 3682 2059 3739 notitiai

464 3797 565 3853 Dei
597 3802 652 3853 et
681 3787 891 3850 Christi
920 3801 1016 3858 per
1071 3781 1227 3852 signa
1255 3788 1309 3836 et
1349 3774 1600 3850 prodigia
1626 3772 2057 3830 manifestarent.

466 3885 612 3941 Vera
642 3881 761 3936 haec
796 3889 912 3931 esse
940 3872 1008 3929 de
1036 3872 1151 3927 Deo
1178 3878 1233 3926 et
1265 3866 1488 3927 Christo
1536 3862 1853 3939 praedicatio
1875 3861 2065 3917 virtu-

458 3972 535 4027 tis
576 3960 894 4024 testimonio
942 3959 1205 4035 probatur
1235 3977 1247 4017 :
1282 3973 1402 4033 quae
1432 3954 1556 4012 ideo
1594 3952 1652 4009 in
1682 3950 1849 4008 odore
1882 3947 2065 4022 signi-

465 4061 627 4115 ﬁcata
653 4060 756 4122 est,
794 4052 922 4126 quia
950 4068 1077 4110 cum
1121 4052 1268 4109 Deus
1309 4064 1422 4107 non
1470 4044 1745 4110 videatur,
1797 4056 1894 4113 per
1922 4039 2066 4097 hanc

473 4160 593 4216 quae
624 4125 981 4198 invisibiliter
1009 4145 1286 4213 operatur,
1332 4138 1391 4195 in
1420 4133 1685 4209 apostolis
1714 4146 1829 4188 esse
1860 4125 2062 4184 intelli-

470 4232 638 4305 gitur,
675 4238 738 4286 ut
779 4230 984 4286 veritas
1033 4229 1295 4286 doctrinae
1336 4224 1737 4282 manifestetur.
1788 4218 1894 4287 Qui
1935 4232 2064 4289 ergo

469 4327 617 4377 recte
664 4319 857 4375 asserit
903 4316 1206 4383 Christum,
1255 4312 1434 4371 bonus
1463 4311 1598 4368 odor
1630 4317 1710 4366 est
1740 4309 1873 4375 Deo,
1904 4304 2064 4360 laude

467 4412 670 4483 dignus
714 4409 773 4465 in
819 4423 883 4463 eo
931 4406 1026 4479 qui
1065 4403 1262 4471 credit,
1312 4417 1413 4459 nec
1451 4394 1835 4470 vituperabilis
1865 4394 1923 4447 in
1964 4392 2063 4448 illo

471 4497 570 4571 qui
611 4511 724 4552 non
777 4492 987 4551 credit:
1033 4490 1128 4564 qui
1158 4506 1288 4546 vero
1335 4504 1449 4545 non
1478 4492 1622 4542 recte
1651 4483 1842 4539 asserit
1892 4478 2063 4538 Chri-

470 4595 640 4656 stum,
671 4585 847 4642 malus
875 4582 1011 4641 odor
1039 4588 1122 4638 est
1152 4582 1284 4648 Deo,
1316 4587 1429 4636 tam
1455 4577 1514 4633 in
1542 4576 1630 4632 his
1659 4574 1752 4647 qui
1781 4572 1879 4629 ﬁdi
1911 4575 2059 4640 sunt,

449 4694 635 4752 .quam
691 4676 751 4732 in
806 4673 921 4731 illis
972 4671 1068 4746 qui
1119 4669 1410 4735 difﬁdunt;
1471 4682 1569 4740 pro
1618 4661 1866 4736 utrisque
1914 4660 2061 4717 enim

470 4751 599 4825 reus
644 4764 769 4824 erit.
822 4765 928 4834 Qui
983 4761 1131 4820 enim
1179 4759 1404 4829 diﬂidit,
1435 4756 1641 4815 idcirco
1680 4751 1898 4810 videtur
1949 4765 2061 4806 non

463 4858 719 4925 credere;
766 4856 897 4931 quia
949 4868 1264 4928 perversum
1305 4860 1407 4916 est,
1462 4845 1610 4921 quod
1641 4842 1796 4901 audit
1828 4862 1840 4900 :
1873 4850 1928 4901 et
1965 4839 2061 4914 qui

468 4948 661 5015 credit,
713 4928 855 5003 male
909 4944 1102 5003 credit.
1135 4940 1434 5017 Apostolus
1463 4954 1590 5011 ergo
1615 4934 1885 4992 rationem
1914 4928 2050 5002 legis

465 5042 686 5097 locutus
725 5047 826 5107 est,
857 5046 920 5096 ut
966 5040 1108 5096 sicut
1144 5038 1202 5094 in
1232 5038 1350 5109 lege
1397 5034 1494 5109 qui
1524 5031 1731 5089 hostias
1758 5028 1903 5085 bono
1930 5033 2060 5083 voto

468 5128 751 5197 offerebat,
795 5127 972 5184 bonus
1009 5126 1146 5185 odor
1196 5132 1314 5181 erat
1340 5125 1452 5180 Deo
1484 5131 1537 5179 et
1566 5116 1949 5192 acceptabilis:
1985 5113 2062 5169 ita

456 5228 521 5278 et
549 5235 701 5278 nunc
728 5216 1133 5292 praedicationis
1160 5214 1340 5271 virtus
1378 5212 1643 5270 doctrinze
1676 5208 1897 5265 odorem
1927 5219 2060 5276 prae-

569 5419 663 5557 88)
685 5420 815 5476 Mss.
843 5416 1123 5485 nonnulli,
1150 5421 1322 5472 tamen
1348 5409 1707 5481 imprudentia
1742 5403 2059 5477 inﬁdelium.

569 5491 637 5547 89
694 5492 818 5549 Vet.
861 5490 991 5545 edit.
1016 5496 1071 5544 et
1097 5486 1219 5546 eod.
1255 5481 2056 5557 (1011),,ἱῃεὶηιίανεισνεαιψςςδ.

568 5481 662 5549 89i
694 5492 818 5549 Vet.
861 5490 991 5545 edit.
1016 5496 1071 5544 et
1097 5481 1219 5546 eod.
1255 5482 1443 5549 C0rb.,
1465 5481 1763 5535 insinuaret
1781 5483 2056 5549 creatmve.

469 5546 675 5685 utalia!
697 5546 881 5686 Codex
909 5560 1104 5627 Laud.,
1141 5565 1276 5613 totus
1300 5546 1589 5627 prwstabat
1619 5553 1758 5607 Deus
1786 5546 2061 5620 apostolis,

576 5648 587 5671 ν
619 5649 646 5683 r
681 5649 732 5698 ο,
759 5648 786 5685 e
816 5648 864 5688 e.

544 5702 663 5774 (91)
696 5689 845 5758 Edit.
901 5701 1147 5775 quaedam
1201 5699 1373 5756 Paris.
1419 5711 1544 5756 cum
1589 5709 1701 5750 uno
1737 5698 1832 5749 aut
1883 5689 2057 5746 altero

1427 361 1520 414 Al)
1560 352 1794 412 OPERA
1835 350 1888 405 S.
1934 342 2262 402 AMBRQQH
2308 331 2678 394 APPENDIX.

2114 476 2217 525 stat
2248 467 2572 536 fragrantem
2595 462 2725 515 Deo.
2753 454 2925 522 Quam
2966 449 3035 507 ob
3081 463 3298 508 causam
3329 445 3565 502 auxiliis
3590 445 3711 501 suis

3597 314 3705 375 300

2120 568 2266 615 tutos
2294 553 2579 628 prmstabat
2625 553 2769 605 Deus
2826 543 3118 617 apostolos,
3158 547 3220 596 ut
3248 539 3417 594 verba
3451 537 3573 608 (70)
3607 552 3715 594 co-

2125 623 2384 719 gnitionis
2430 642 2547 713 ejus
2590 637 2904 695 infuderent
2951 628 3263 706 patentibus
3290 628 3540 694 auribus,
3595 623 3715 682 sive

2123 734 2345 801 Iudaeis,
2375 732 2491 789 sive
2524 728 2841 803 gentilibus,
2884 722 3070 780 addito
3109 720 3196 777 his
3237 722 3582 775 sacramento
3622 729 3715 771 na-

2125 824 2358 883 tivitatis
2386 820 2609 880 Domini
2639 820 2765 875 Jesu
2802 812 3101 873 secundum
3140 811 3485 867 voluntatem
3536 804 3640 863 Dei
3663 810 3718 861 et

2126 914 2301 971 Patris
2327 911 2445 985 ejus
2471 911 2529 966 in
2556 908 2766 964 unitate
2796 904 2927 959 ﬁdei
2957 899 3210 958 salutaris
3237 897 3307 955 ad
3333 898 3571 955 salutem
3588 908 3716 952 cre-

2127 1004 2394 1072 dentium,
2434 1010 2490 1059 et
2517 997 2880 1072 perditionem
2910 990 3302 1048 diﬂidentium.

2202 1093 2383 1166 (Vers.
2416 1071 2534 1161 16.)
2580 1112 2598 1135 ι
2619 1083 2760 1142 Aliis
2788 1080 3011 1156 quidem
3041 1093 3231 1135 sumus
3259 1074 3400 1132 odor
3436 1071 3636 1130 mortis
3662 1071 3717 1129 in

2131 1162 2381 1242 mortem.
2416 1205 2436 1230 ι
2478 1179 2593 1235 Hoc
2645 1175 2802 1242 dicit,
2852 1172 2981 1246 quia
3040 1166 3343 1227 incredulis
3400 1162 3720 1237 praedicatio

2131 1272 2309 1333 crucis
2338 1268 2545 1329 Christi
2575 1266 2710 1324 odor
2731 1262 2927 1319 mortis
2954 1267 3072 1327 est;
3105 1258 3397 1315 audientes
3420 1254 3572 1311 enim
3605 1267 3721 1309 ver-

2132 1366 2263 1423 bum
2286 1362 2406 1431 Dei,
2437 1362 2517 1417 sic
2546 1357 2824 1430 accipiunt
2854 1353 3006 1427 quasi
3038 1359 3264 1424 pestem,
3296 1362 3368 1403 ex
3410 1361 3516 1420 qua
3546 1345 3723 1401 oritur

2136 1472 2320 1511 mors:
2375 1461 2429 1508 et
2457 1465 2673 1506 necesse
2715 1456 2795 1503 est
2832 1452 2895 1500 ut
2936 1443 3095 1515 juxta
3136 1439 3301 1495 ﬁdem
3359 1436 3582 1492 illorum
3634 1434 3725 1491 ﬁat

2136 1545 2234 1600 eis.
2280 1567 2297 1588 ι
2329 1541 2470 1596 Aliis
2513 1546 2693 1594 autem
2742 1533 2877 1590 odor
2917 1532 3044 1586 vita:
3088 1526 3155 1584 ad
3211 1528 3406 1583 vitam.
3440 1551 3461 1574 ι
3521 1524 3724 1579 Verum

2138 1638 2239 1697 est,
2294 1626 2421 1700 quia
2462 1625 2586 1681 ﬁdis
2618 1623 2734 1695 (91)
2763 1635 2941 1678 sermo
2988 1615 3209 1673 auditus
3240 1613 3337 1670 Dei
3367 1610 3603 1667 nuntius
3650 1616 3729 1664 est

2139 1698 2331 1775 salutis
2370 1724 2605 1783 aeternae,
2648 1719 2700 1768 et
2731 1707 3031 1768 secundum
3064 1703 3226 1761 ﬁdem
3260 1702 3486 1757 illorum
3516 1698 3728 1756 contin-

2061 1829 2110 1892 B
2145 1817 2229 1881 get
2278 1807 2375 1862 eis.
2409 1804 2535 1862 Sive
2581 1818 2709 1874 ergo
2756 1800 2813 1855 in
2842 1798 2930 1854 his
2967 1793 3062 1868 qui
3093 1798 3340 1866 pereunt,
3391 1790 3508 1845 sive
3538 1786 3599 1844 in
3647 1786 3732 1842 his

2144 1880 2238 1970 qui
2264 1894 2403 1950 salvi
2434 1892 2594 1959 ﬁunt,
2639 1886 2847 1946 Christi
2884 1886 3062 1942 bonus
3106 1880 3243 1939 odor
3270 1882 3383 1937 Deo
3412 1885 3573 1935 erant
3610 1891 3731 1948 apo-

2145 1966 2308 2044 stoli:
2364 1981 2493 2056 quia
2532 1977 2820 2037 sinceriter
2862 1981 2916 2030 et
2962 1972 3081 2031 sine
3133 1969 3439 2027 adulatione
3470 1966 3735 2037 praedica-

2145 2075 2296 2131 bant.
2346 2053 2451 2139 Qui
2498 2067 2645 2124 enim
2678 2079 2788 2122 non
2818 2061 3133 2128 credebant,
3172 2058 3276 2130 ipsi
3310 2054 3416 2112 sibi
3471 2053 3732 2127 laqueum

2145 2157 2560 2221 circumdabant
2614 2156 2700 2211 his
2742 2152 2950 2220 liberis,
2983 2151 3125 2208 sicut
3171 2146 3308 2203 dicit
3352 2142 3627 2200 Dominus
3671 2139 3733 2197 ad

2148 2249 2493 2309 Ezechielem
2525 2246 2880 2320 prophetam:
2933 2266 2952 2288 ι
2979 2241 3062 2297 Tu
3091 2237 3327 2312 praedica
3359 2233 3442 2290 :si
3474 2242 3528 2290 te
3555 2231 3733 2288 audie-

2150 2343 2285 2409 rint,
2322 2318 2857 2395 lucraberisanimas
2885 2345 3075 2387 eorum
3102 2346 3116 2396 ;
3150 2328 3235 2382 sin
3265 2340 3374 2398 quo
3407 2323 3617 2389 minus,
3639 2318 3735 2392 ipsi

2152 2432 2256 2488 sibi
2305 2428 2579 2485 viderint:
2630 2433 2691 2480 tu
2719 2431 2903 2478 tamen
2932 2420 3072 2477 liber
3098 2416 3206 2474 eris
3239 2431 3272 2470 a
3299 2412 3614 2487 perditione
3642 2423 3736 2465 eo-

2152 2537 2274 2577 rum
2298 2518 2513 2591 (Ezech.
2547 2532 2633 2584 ιιι,
2666 2515 2778 2585 19).
2820 2536 2838 2560 ι

2227 2586 2407 2679 (vers.
2444 2603 2555 2676 17.)
2602 2628 2620 2651 ‹
2649 2604 2719 2657 Et
2747 2600 2813 2657 ad
2842 2598 2960 2654 haec
2985 2594 3109 2669 quis
3142 2589 3422 2651 idoneus?
3447 2590 3571 2648 Non
3596 2586 3737 2646 enim

2155 2713 2343 2755 sumus
2366 2694 2509 2751 sicut
2536 2674 2759 2765 plurimi
2790 2687 3156 2746 adulterantes
3186 2683 3416 2739 verbum
3468 2679 3571 2736 Dei
3598 2698 3610 2734 :
3653 2674 3739 2733 sed

2156 2802 2225 2844 ex
2255 2784 2585 2849 sinceritate,
2639 2781 2780 2835 sicut
2825 2793 2894 2832 ex
2920 2778 3032 2831 Deo
3061 2787 3241 2829 coram
3289 2770 3403 2826 Deo
3432 2769 3491 2823 in
3524 2767 3741 2825 Christo

2158 2874 2457 2947 loquimur.
2489 2895 2508 2920 ›
2552 2864 3037 2938 Pseudospostolos
3068 2858 3245 2932 tangit
3288 2857 3380 2914 hic
3409 2873 3622 2923 versus,
3654 2851 3743 2928 qui

2159 2973 2414 3035 corrupta
2442 2962 2712 3026 doctrina,
2747 2955 2910 3013 verba
2938 2952 3036 3010 Dei
3066 2968 3160 3024 per
3184 2951 3380 3006 malam
3412 2950 3746 3018 interpreta-

2165 3054 2367 3109 tionem
2399 3048 2799 3114 adulterabant,
2845 3053 2898 3100 et
2926 3043 3180 3099 tollentes
3209 3039 3462 3095 divinum
3505 3050 3743 3101 sensum,

2164 3140 2441 3214 ponebant
2476 3139 2800 3193 humanum.
2832 3132 2919 3188 Ex
2954 3130 3156 3203 quibus
3184 3127 3405 3200 quidam
3435 3128 3614 3180 zelum
3645 3126 3749 3179 ha-

2164 3213 2353 3286 bentes
2406 3226 2718 3283 traditionis
2765 3218 3023 3286 Judaieze,
3078 3233 3182 3273 nec
3235 3217 3302 3271 de
3345 3213 3572 3271 Christo
3616 3213 3750 3267 bene

2166 3316 2451 3384 docebant,
2485 3316 2607 3369 ideo
2638 3313 2819 3368 minus
2865 3310 3089 3364 idoneos
3127 3306 3228 3361 hos
3257 3301 3426 3360 dicit:
3474 3303 3754 3374 apostolos

2166 3416 2345 3464 autem
2395 3404 2683 3461 sinceriter
2738 3398 3080 3472 praedicasse,
3116 3396 3259 3452 sicut
3301 3409 3370 3449 ex
3416 3395 3533 3448 Deo
3566 3391 3754 3446 datum

2167 3505 2269 3566 est,
2319 3502 2444 3551 ante
2486 3495 2683 3558 Deum,
2718 3488 2773 3545 id
2800 3496 2899 3556 est,
2945 3484 3220 3559 quomodo
3248 3485 3392 3539 Deus
3421 3481 3600 3548 dedit,
3640 3482 3759 3552 ipso

2167 3595 2326 3652 teste,
2359 3586 2416 3641 in
2456 3583 2677 3641 Christo
2708 3579 3091 3652 loquebantur,
3127 3590 3235 3630 non
3266 3587 3417 3629 suam
3451 3579 3760 3643 quaerentes

2171 3678 2421 3751 gloriam,
2463 3674 2557 3731 sed
2586 3673 2703 3729 Dei.
2738 3672 2852 3727 Hoc
2873 3676 2953 3725 est
2984 3669 3042 3723 in
3070 3666 3288 3725 Christo
3315 3663 3471 3737 loqui
3507 3662 3631 3735 ejus
3658 3660 3756 3718 ho-

2171 3780 2359 3826 norem
2396 3771 2452 3820 et
2479 3761 2778 3838 potentiam
2806 3759 3118 3832 prtedicare.

2694 3910 2836 3971 176
2873 3910 3099 3972 CAPUT
3141 3908 3237 3966 III.

2245 4035 2533 4113 (Vers.1.)
2578 4060 2596 4083 ι
2626 4033 2926 4106 Incipimus
2970 4030 3167 4086 iterum
3219 4023 3591 4096 nosmetipsos
3615 4037 3763 4080 com-

2151 4129 2449 4203 mendare.
2485 4152 2503 4174 ι
2545 4124 2813 4193 Quoniam
2856 4113 3335 4192 pseudoapostolos
3379 4118 3558 4180 notat,
3598 4126 3765 4183 prava

2172 4238 2361 4279 eorum
2392 4223 2698 4276 commenta
2744 4213 3033 4285 designans
3056 4207 3197 4279 (92),
3228 4220 3283 4261 se
3327 4209 3509 4259 autem
3564 4218 3761 4258 verum

2174 4309 2585 4383 praedicatorem
2612 4310 2871 4367 testatur;
2904 4299 3125 4354 videtur
3153 4294 3350 4350 iterum
3373 4293 3766 4348 commendare

2173 4379 2250 4469 se,
2290 4398 2432 4454 sicut
2461 4395 2519 4450 in
2567 4392 2743 4466 prima
2772 4387 3018 4462 epistola.
3049 4386 3121 4440 Et
3149 4398 3217 4438 ne
3251 4381 3356 4437 hoc
3397 4381 3647 4435 versutia
3670 4379 3764 4436 ali-

2172 4505 2279 4563 qua
2326 4483 2595 4544 terrestris
2636 4480 2774 4537 lucri
2833 4476 3002 4549 gratia
3044 4475 3219 4530 facere
3277 4470 3580 4536 videretur,
3620 4468 3766 4540 adje-

2089 4540 2139 4602 D
2171 4540 2247 4637 git
2272 4597 2284 4634 :
2326 4600 2346 4624 ι
2374 4570 2655 4645 Numquid
2682 4568 3014 4638 indigemus,
3037 4565 3179 4619 sicut
3212 4558 3458 4633 quidam,
3484 4573 3767 4614 commen-

2171 4665 2382 4725 datitiis
2411 4661 2656 4735 epistolis
2686 4656 2754 4713 ad
2784 4671 2902 4722 vos,
2923 4661 3018 4709 aut
3045 4667 3117 4707 ex
3145 4647 3373 4706 vobis?-
3405 4647 3521 4702 Hoc
3551 4646 3767 4713 dicens,

2172 4772 2332 4812 suum
2363 4767 2582 4809 sensum
2616 4750 2828 4820 purgat,
2859 4749 2912 4798 et
2941 4740 3122 4797 adhuc
3153 4735 3641 4811 pseudoapostolos
3674 4750 3769 4789 no-

2170 4853 2269 4914 tat,
2308 4859 2443 4916 quos
2472 4836 2677 4913 proprii
2728 4831 2955 4890 honoris
2983 4838 3037 4887 et
3066 4835 3304 4902 quaestus
3331 4840 3498 4882 causa
3528 4822 3772 4879 circuire

2170 4910 2445 4990 Ecclesias
2473 4910 2708 5000 prebat,
2736 4922 2804 4980 ad
2834 4918 3205 4985 auferendam,
3248 4929 3360 4971 non
3401 4913 3471 4969 ad
3500 4910 3774 4969 tribuen-

2171 5025 2296 5081 dam
2327 5021 2581 5077 salutem.
2619 5015 2705 5072 Ex
2737 5010 2825 5069 his
2849 5016 3004 5068 erant
3042 5007 3241 5083 quibus
3285 5004 3423 5061 dicit
3447 5004 3768 5060 Dominus:

2186 5136 2206 5162 ι
2232 5105 2535 5168 Comeditis
2575 5102 2769 5159 domos
2812 5098 3104 5154 viduarum
3145 5103 3198 5151 et
3243 5090 3586 5166 pupillorum
3629 5104 3773 5145 ora-

2169 5199 2319 5256 tione
2358 5196 2518 5267 longa
2546 5197 2783 5258 orantes,
2816 5193 3102 5260 propterea
3151 5180 3433 5253 accipietis
3473 5177 3657 5252 majus
3679 5178 3772 5251 ju-

2170 5414 2323 5465 mss.,
2363 5394 2490 5467 quia
2544 5390 2711 5465 ﬁdelis
2757 5400 2963 5450 sermo;
3001 5398 3131 5439 mss.
3163 5377 3442 5447 nonnulli,
3474 5376 3607 5449 quia
3610 5373 3774 5519 βᾶθι

2172 5484 2377 5519 sermo:
2435 5464 2636 5519 relicui
2690 5476 2818 5517 mss.
2871 5463 2927 5512 et
2971 5454 3105 5511 edit.
3160 5451 3379 5518 melius,
3431 5450 3562 5519 quia
3654 5447 3770 5514 des,

2172 5447 2636 5538 ἔιὶἕῐιῶἶῖέέιίὲιιιί
2690 5476 2818 5517 mss.
2871 5447 3105 5512 et’edit.
3160 5451 3379 5518 melius,
3431 5447 3562 5520 quia
3610 5447 3770 5519 ﬁdes,

2171 5548 2361 5682 em(92)
2394 5606 2567 5682 Corb._
2614 5603 2760 5682 cod.,
2789 5602 2989 5682 -Pravla
3030 5611 3210 5653 eorum
3253 5591 3537 5661 inundata,
3569 5588 3773 5665 quibus

2164 5668 2626 5756 pseudoupostolos
2654 5668 2821 5740 notat,
2854 5668 3157 5740 designans.
