3952 6202
168 272 267 336 301

1246 278 1605 338 COMMENT.
1647 280 1715 337 ΙΝ
1756 278 1966 337 EPIST.
2002 278 2045 338 li
2085 281 2180 338 AD
2220 280 2373 340 COIl.

3331 282 3436 346 302

167 402 372 461 dicium
409 402 620 474 (Matth.
651 415 819 473 χχιιι,
856 400 966 476 14).
998 424 1018 453 ι
1066 401 1134 460 Hi
1164 404 1311 461 enim
1344 414 1396 462 et
1426 420 1510 462 res
1540 420 1748 475 eorum,
1781 410 1831 467 Λ
1861 409 1977 481 hic)
1991 408 2057 476 si,
2089 413 2150 462 ut
2178 412 2582 466 Contemnentes
2610 405 2780 483 legem
2812 409 3085 469 occideret
3130 410 3432 470 secundum

167 498 219 549 et
262 492 473 550 animas
532 491 901 550 invadebant:
956 490 1249 565 Apostolus
1295 503 1477 551 autem
1524 508 1623 551 nec
1668 503 1756 551 res

166 598 354 638 eorum
388 581 660 655 tangebat,
692 590 746 637 et
783 582 1013 638 veritate
1044 582 1306 639 doctrinae
1336 582 1546 638 animas
1565 593 1754 638 eorum

167 668 433 728 salvabat.
467 670 589 728 Non
636 683 763 743 ergo
804 672 1116 741 carnaliter,
1162 667 1255 729 sed
1298 670 1659 745 spiritualiter
1696 688 1754 729 se

167 758 592 817 commendabat
636 758 705 815 ad
747 760 1053 833 profectum
1102 759 1294 818 salutis
1324 758 1567 831 illorum,
1598 768 1661 819 ut
1688 758 1755 820 de

167 850 267 908 illo
310 850 420 906 hoc
451 848 755 918 crederent,
814 851 960 923 quod
1010 858 1157 908 erat:
1197 848 1325 923 quia
1371 852 1466 925 qui
1514 850 1582 908 de
1609 850 1756 909 bene

167 939 312 994 male
333 937 519 1007 sentit,
552 943 770 1009 peccat;
839 950 904 995 ac
946 950 1042 1011 per
1076 937 1185 996 hoc
1211 932 1616 996 commendatio
1638 935 1757 995 haec

168 1027 293 1084 istis
325 1027 499 1100 magis
525 1026 743 1099 proﬁcit
772 1026 910 1099 (93).

247 1116 434 1188 (Vers.
476 1116 558 1188 2.)
602 1138 621 1163 ι
649 1114 897 1189 Epistola
923 1117 1109 1173 nostra
1155 1127 1255 1173 vos
1281 1109 1433 1187 estis,
1469 1112 1670 1191 scripta
1696 1116 1755 1175 in

166 1201 431 1262 cordibus
471 1205 690 1260 nostris.
717 1226 739 1253 ι
792 1201 1041 1276 Epistela
1070 1204 1319 1277 Apestoli
1366 1205 1559 1264 salutis
1592 1202 1755 1262 indi-

166 1291 314 1351 cium
346 1294 445 1349 est.
478 1293 641 1350 Recte
667 1304 795 1364 ergo
849 1292 927 1348 ait
955 1291 1102 1366 quod
1146 1293 1292 1350 salus
1333 1291 1752 1353 Corinthiorum

168 1383 226 1440 in
254 1383 415 1440 corde
438 1387 552 1439 erat
578 1380 849 1455 Apostoli,
881 1386 935 1438 et
952 1394 1141 1439 eorum
1158 1382 1251 1456 qui
1281 1396 1406 1439 cum
1435 1382 1533 1439 illo
1548 1385 1705 1440 erant
1731 1394 1747 1451 ;

168 1484 380 1545 semper
406 1472 554 1529 enim
581 1470 649 1529 de
674 1472 853 1529 salute
879 1484 1069 1527 eorum
1098 1466 1430 1543 cogitabant.
1461 1467 1598 1529 Cum
1625 1483 1751 1543 ergo

168 1561 227 1617 in
264 1561 427 1619 corde
480 1562 594 1618 sint
645 1561 921 1633 Aposteli,
974 1569 1029 1617 et
1083 1576 1273 1617 eorum
1322 1556 1418 1632 qui
1464 1574 1588 1618 cum
1632 1560 1751 1633 ipso

168 1657 345 1718 erant,
385 1646 617 1723 epistola
665 1656 796 1707 sunt
834 1646 1036 1720 scripta
1087 1646 1147 1704 in
1197 1647 1455 1704 cordibus
1510 1659 1747 1715 eorum;

1857 495 1953 567 jus
1987 502 2211 551 naturae.
2262 496 2490 566 Spiritus
2532 500 2723 566 autem,
2780 497 2836 553 id
2867 505 2969 567 est,
3003 499 3090 555 lex
3136 496 3263 555 ﬁdei
3303 515 3423 573 quae

1864 604 1977 644 non
2006 582 2281 654 scribitur,
2310 580 2403 641 sed
2432 581 2611 643 animo
2665 590 2997 659 continetur,
3044 588 3279 662 viviﬁcat
3306 603 3427 646 reos

1867 676 2096 743 mortis;
2146 678 2524 732 convertentes
2568 680 2749 731 tamen
2797 693 2876 743 se,
2919 680 2981 732 ut
3031 676 3336 750 justiﬁcati,
3366 676 3433 735 de

1866 773 2062 822 caetero
2098 777 2210 822 non
2261 771 2504 838 peccent.
2557 758 2720 821 Recte
2769 780 2895 836 ergo
2950 760 3075 821 data
3115 763 3291 823 fuerat
3319 767 3431 835 lex,

1865 856 1929 911 ut
1955 852 2123 910 timor
2150 858 2287 911 esset
2327 847 2587 927 peccandi
2614 870 2626 908 :
2658 850 2753 908 sed
2781 853 2909 925 quia
2948 848 3135 924 fragile
3163 860 3242 909 est
3270 869 3437 925 genus

1866 942 2188 1013 humanum,
2238 938 2615 998 misericOrdia
2659 938 2759 997 Dei
2790 936 2915 996 data
2946 946 3026 996 est
3071 938 3128 995 in
3172 936 3440 1012 przedica-

1865 1032 2014 1090 tionc
2043 1030 2301 1105 apostolis
2353 1037 2416 1087 ut
2443 1028 2659 1086 donatis
2688 1030 2944 1102 peccatis,
2977 1024 3271 1086 evaderent
3301 1046 3440 1086 mor-

1828 1130 1831 1137 '
1864 1129 1975 1179 tem
2000 1119 2280 1177 credentes
2311 1119 2370 1175 in
2398 1117 2637 1178 Christo.
2670 1114 2797 1177 Haec
2849 1124 2929 1176 est
2970 1114 3285 1192 praedicatio
3309 1114 3441 1175 novi

1864 1210 2217 1277 Testamenti,
2241 1206 2381 1282 quod
2412 1207 2736 1280 promiserat
2762 1206 2907 1263 Deus
2934 1221 3030 1277 per
3056 1205 3369 1278 prophetas.

1935 1294 2116 1369 (Vers.
2158 1292 2210 1365 7,
2240 1292 2322 1366 8.)
2370 1319 2389 1343 ι
2422 1292 2579 1362 Quod
2608 1294 2655 1351 si
2684 1291 3086 1350 administratio
3118 1289 3309 1349 mortis
3354 1288 3441 1349 lit-

1864 1384 1993 1443 teris
2017 1384 2248 1440 formata
2276 1386 2334 1440 in
2353 1380 2648 1457 lapidibus,
2679 1382 2789 1438 fuit
2817 1381 2875 1438 in
2896 1378 3102 1454 gloria;
3137 1380 3213 1439 ita
3242 1389 3304 1437 ut
3330 1393 3443 1436 non

1862 1477 2081 1545 possent
2108 1470 2311 1529 intueri
2337 1470 2440 1528 lilii
2477 1472 2641 1529 Israel
2677 1471 2735 1527 in
2764 1471 2958 1528 faciem
2997 1470 3195 1544 Moysi,
3225 1475 3446 1542 propter

1862 1563 2090 1638 gloriam
2120 1563 2307 1620 vultus
2334 1562 2471 1636 ejus,
2500 1578 2621 1638 qum
2651 1564 2946 1621 evacuatur
2978 1581 2991 1619 :
3035 1558 3310 1634 quomodo
3328 1570 3439 1616 non

1861 1652 2032 1726 magis
2059 1648 2461 1709 administratio
2513 1652 2750 1723 Spiritus
2800 1651 2905 1707 erit
2932 1646 2990 1705 in
3019 1648 3239 1720 gloria?
3274 1668 3293 1695 ν
3335 1644 3443 1704 Ma-

169 1737 302 1803 quia
330 1737 426 1812 qui
462 1751 676 1811 semper
718 1734 953 1811 alicujus
998 1747 1210 1793 memor
1253 1740 1354 1807 est,
1394 1732 1630 1808 scriptus
1670 1740 1752 1793 est
1780 1760 1828 1823 Β
1860 1738 2120 1798 nifestnm
2159 1746 2241 1797 est
2269 1739 2529 1823 majorem
2562 1754 2677 1796 esse
2704 1738 2933 1812 gratiam
2977 1735 3093 1823 (94)
3127 1735 3262 1823 legis
3291 1730 3440 1823 ﬁdei,

168 1828 231 1884 in
261 1829 446 1885 animo
475 1827 609 1900 ejus.

243 1916 425 1988 (Vers.
452 1915 535 1988 3.)
590 1936 611 1963 ι
638 1915 771 1984 Qua
798 1909 1149 1989 cognoscitur
1191 1920 1244 1973 et
1285 1912 1486 1989 legitur
1533 1915 1601 1973 ab
1628 1927 1752 1972 om-

166 2003 336 2062 nibus
381 2000 737 2061 heminibus:
792 2005 1047 2062 manifest
1064 2002 1125 2062 ιῑὶ
1171 2000 1299 2079 quia
1345 2004 1475 2061 estis
1520 2001 1755 2077 epistola

169 2088 401 2160 Christi,
444 2088 757 2148 ministrata
801 2108 832 2148 a
887 2092 1065 2149 nobis.
1099 2113 1119 2143 ι
1180 2092 1444 2165 Apertum
1492 2097 1572 2150 est
1620 2090 1753 2166 quia

165 2195 297 2240 cum
330 2178 593 2237 dicuntur
621 2177 943 2245 Christiani,
973 2178 1201 2251 epistola
1230 2178 1435 2236 Christi
1473 2184 1623 2247 sunt,
1657 2177 1758 2234 in-

167 2269 421 2328 dicantes
448 2268 702 2336 salutem,
732 2279 895 2341 quam
924 2265 1077 2323 dedit
1120 2266 1267 2324 Deus
1296 2265 1355 2322 in
1386 2264 1607 2324 Christo
1627 2280 1761 2321 omn

168 2358 340 2417 nibus
366 2356 703 2425 hominibus,
731 2353 1105 2414 scribentibus
1128 2353 1427 2428 apostolis;
1459 2354 1591 2410 dum
1613 2353 1761 2410 enim

171 2447 393 2516 docent,
459 2444 725 2503 scribunt.
780 2464 800 2492 ι
842 2444 1055 2516 Scripta
1121 2456 1234 2500 non
1292 2449 1615 2509 atramento,
1671 2440 1765 2498 sed

172 2535 385 2608 Spiritu
431 2533 531 2591 Dei
576 2528 714 2591 vivi.
745 2555 767 2582 ο
834 2532 1105 2602 Quoniam
1152 2544 1273 2605 quae
1320 2528 1592 2603 promissa
1638 2532 1767 2585 sunt

172 2628 379 2682 aeterna
406 2627 572 2691 sunt;
615 2622 821 2681 idcirco
869 2622 967 2679 Dei
1010 2621 1220 2695 Spiritu
1250 2619 1452 2693 scripta
1480 2614 1764 2685 dicuntur,

176 2713 277 2787 qui
335 2723 548 2785 semper
596 2715 679 2768 est
723 2729 735 2768 :
794 2709 1116 2782 temporalia
1182 2715 1366 2766 autem
1435 2712 1763 2776 atramento,

183 2806 339 2881 quod
375 2803 666 2862 obsolescit
694 2807 749 2861 et
792 2803 971 2877 perdit
998 2799 1339 2860 memoriam.
1388 2822 1409 2850 ι
1436 2800 1557 2858 Non
1586 2797 1641 2857 iu
1667 2808 1763 2858 ta-

184 2892 343 2954 bulis
387 2890 634 2968 lapideis,
671 2890 766 2951 sed
795 2894 852 2949 in
898 2890 1100 2950 tabulis
1151 2888 1334 2950 cordis
1367 2888 1699 2950 carnalibus.
1728 2910 1748 2939 ο

182 2987 350 3044 Nunc
381 2981 551 3055 legem
604 2988 840 3039 veterem
868 2983 1071 3055 pulsat,
1124 2994 1244 3054 qua:
1290 2978 1530 3054 primum
1560 2978 1684 3036 data
1705 2975 1764 3035 in

178 3067 416 3147 lapideis
468 3066 671 3129 tabulis
722 3069 928 3127 abolita
980 3074 1080 3138 est,
1137 3069 1327 3126 fractis
1379 3065 1588 3124 tabulis
1662 3066 1764 3125 sub

170 3166 367 3222 monte
393 3177 425 3219 a
453 3158 641 3234 Moyse
689 3160 891 3233 (Exod.
925 3172 1107 3227 χχχιι,
1142 3158 1254 3231 19).
1294 3155 1448 3215 Nova
1475 3154 1767 3213 autemiex

175 3254 243 3310 in
272 3252 464 3308 animo
493 3245 777 3316 scribitur,
804 3248 912 3305 hoc
957 3253 1039 3303 est
1087 3245 1147 3301 in
1175 3244 1357 3314 corde,
1400 3260 1511 3302 non
1562 3260 1658 3317 per
1685 3259 1771 3302 ca-

172 3344 417 3409 lamum,
448 3338 544 3395 sed
593 3354 691 3410 per
737 3336 1004 3409 Spiritum
1037 3353 1052 3404 ;
1106 3334 1235 3407 quia
1279 3334 1415 3391 ﬁdes
1446 3342 1645 3390 aeterna
1688 3344 1774 3388 res

170 3438 281 3501 est,
319 3424 387 3486 ab
408 3426 618 3502 Spiritu
648 3424 940 3496 scribitur,
972 3434 1035 3484 ut
1062 3430 1280 3482 maneat
1311 3444 1323 3483 :
1373 3429 1558 3481 vetera
1587 3430 1770 3480 autem

171 3524 467 3597 praecepta,
524 3514 812 3575 deﬁciente
857 3512 1087 3583 mundo,
1136 3512 1444 3572 cessabunt.
1488 3509 1774 3580 Quomodo

172 3624 310 3683 ergo
337 3604 520 3666 differt
566 3604 655 3663 lex
685 3618 717 3662 a
763 3604 898 3679 lege,
949 3604 1025 3661 ita
1073 3600 1336 3661 differunt
1372 3602 1773 3677 dispensatores

174 3694 337 3753 illius
373 3694 506 3767 legis
534 3704 566 3749 a
593 3689 1069 3766 dispensatoribus
1100 3687 1236 3762 legis
1262 3687 1416 3745 ﬁdei.

253 3791 437 3867 (Vere.
467 3791 549 3866 4.)
593 3815 612 3840 ι
643 3789 928 3849 Fiduciam
957 3792 1140 3846 autem
1184 3788 1351 3844 talem
1383 3780 1651 3843 habemus
1677 3799 1774 3859 per

173 3882 458 3947 Christum
488 3882 557 3943 ad
584 3882 777 3942 Deum.
810 3906 829 3931 ι
878 3882 1092 3950 Quanta
1135 3874 1378 3953 dignitas
1424 3878 1498 3935 sit
1544 3874 1603 3934 in
1647 3890 1771 3949 ape-

172 3975 361 4045 stolis,
418 3974 731 4034 manifestat
784 3988 911 4032 cum
959 3968 1132 4029 dicit:
1202 3994 1221 4018 ι
1257 3965 1543 4028 Fiduciam
1588 3971 1772 4025 autem

172 4065 347 4127 talem
378 4060 644 4124 habemus
671 4065 740 4122 ad
762 4062 937 4122 Deum
963 4076 1058 4136 per
1091 4056 1393 4119 Christum.
1433 4085 1453 4111 ι
1497 4054 1568 4116 Ut
1596 4061 1773 4115 esten-

173 4157 273 4217 dat
303 4160 518 4215 veteres
550 4171 661 4212 non
689 4150 832 4212 hanc
858 4151 1114 4209 habuisse
1144 4145 1404 4208 ﬁduciam
1453 4146 1522 4207 ad
1548 4147 1724 4206 Deum
1753 4164 1770 4217 ;

172 4247 311 4324 quia
337 4240 523 4301 minor
550 4238 660 4299 fuit
689 4239 1117 4299 administratio.

251 4346 442 4419 (Vers.
473 4340 529 4410 Β,
554 4338 636 4412 6.)
683 4363 702 4388 ι
729 4334 850 4396 Non
879 4334 1026 4411 quod
1055 4330 1387 4392 sufﬁcientes
1429 4328 1604 4389 simus
1635 4328 1774 4389 testi-

180 4451 332 4493 mare
382 4427 599 4504 aliquid
647 4444 679 4483 a
729 4422 911 4495 nobis,
966 4434 1284 4521 tanquam‘a
1325 4420 1486 4528 nobis
1531 4422 1602 4479 sit
1636 4439 1647 4478 :
1679 4421 1774 4480 sed
1801 4466 1853 4528 D

185 4516 521 4582 suﬂicientia
546 4522 733 4574 nostra
759 4531 831 4572 ex
870 4511 985 4571 Deo
1017 4519 1119 4582 est,
1150 4506 1245 4587 qui
1292 4517 1347 4568 et
1397 4506 1621 4568 idoneos
1671 4526 1773 4568 nos

183 4614 317 4672 fecit
367 4608 649 4666 ministros
693 4600 826 4662 novi
854 4598 1207 4671 Testamenti,
1264 4616 1375 4657 non
1435 4594 1640 4668 littera,
1673 4593 1770 4657 sed

183 4701 406 4776 spiritu.
440 4696 647 4752 Littera
674 4692 824 4751 enim
854 4689 1076 4760 occidit,
1108 4688 1334 4763 spiritus
1378 4696 1560 4776 autem
1589 4686 1772 4743 viviﬁ-

184 4774 291 4849 σξη.
319 4808 341 4835 ι
401 4781 666 4852 Quamvis
714 4778 968 4854 preferat
1022 4778 1375 4853 apostolicam
1422 4774 1770 4850 dignitatem,

185 4880 247 4937 in
272 4873 373 4934 Dei
402 4876 590 4931 tamen
618 4869 837 4928 laudem
864 4868 1194 4943 prorumpit,
1243 4879 1356 4925 non
1386 4865 1534 4923 istud
1563 4863 1774 4920 meritis

185 4959 447 5026 humanis
493 4959 789 5030 ascribens,
837 4959 930 5016 sed
975 4957 1094 5031 ejus
1146 4958 1350 5031 gratiae,
1395 4954 1490 5027 qui
1519 4953 1778 5025 dignatus

186 5062 269 5114 est
295 5066 395 5128 pro
426 5049 544 5108 vita
572 5049 813 5106 humana
854 5048 1147 5104 salutarem
1196 5042 1643 5128 praedicationem
1690 5050 1775 5094 or-

186 5126 399 5210 dinare,
426 5156 547 5213 qua
578 5153 714 5212 quos
740 5137 833 5192 lex
860 5142 1018 5190 vetus
1063 5148 1183 5188 reos
1220 5128 1463 5195 tenebat,
1518 5126 1776 5196 salvaret,

187 5235 315 5293 data
364 5228 688 5288 remissione
741 5232 1089 5300 peccatorum
1134 5237 1231 5294 per
1263 5220 1448 5277 Iesum
1494 5216 1780 5275 Christum

1860 1844 2019 1905 quam
2052 1829 2186 1903 legis
2210 1826 2384 1903 Moysi
2419 1848 2434 1898 ;
2467 1818 2718 1903 quamvis
2773 1829 2921 1884 enim
2950 1824 3018 1882 ad
3062 1822 3167 1881 hoc
3195 1821 3322 1881 data
3370 1821 3444 1880 sit

1861 1920 1951 1977 lex
1978 1916 2175 1993 Moysi,
2205 1927 2267 1975 ut
2292 1915 2587 1991 prodesset,
2612 1922 2928 1989 contempta
2955 1918 3163 1983 tamen,
3193 1908 3335 1969 facta
3361 1919 3444 1968 est

1862 2009 1952 2065 lex
1993 2004 2205 2066 mortis.
2256 2006 2399 2080 Ergo
2446 2007 2574 2082 quia
2617 2002 2990 2080 peccatoribus
3018 1998 3306 2076 providere
3330 2010 3442 2057 non

1864 2095 2061 2172 potuit,
2091 2096 2245 2154 venit
2273 2094 2361 2153 lex
2384 2093 2530 2165 ﬁdei,
2561 2110 2680 2171 quae
2712 2096 2814 2153 hes
2841 2094 3094 2161 salvaret,
3126 2106 3235 2149 non
3265 2088 3443 2148 solum

1867 2189 2173 2259 ignescens,
2203 2182 2296 2243 sed
2332 2193 2385 2242 et
2408 2182 2717 2258 justiﬁcans
2768 2199 2878 2241 eos.
2933 2178 3169 2240 Multum
3204 2196 3332 2253 ergo
3361 2180 3443 2237 in-

1869 2282 2033 2334 terest
2065 2279 2192 2338 177
2224 2281 2367 2335 inter
2412 2276 2583 2346 legem
2629 2281 2684 2331 et
2723 2272 2896 2347 legem
2927 2290 2942 2340 ;
2979 2281 3107 2330 tunc
3135 2272 3281 2327 enim
3335 2285 3445 2326 ma-

1872 2378 2038 2438 culati
2088 2381 2308 2451 peccato
2353 2374 2410 2430 in
2451 2375 2667 2429 vultum
2722 2370 2918 2444 Moysi,
2960 2366 3335 2427 descendentis
3378 2364 3446 2422 de

1875 2475 2058 2524 monte
2100 2483 2225 2522 cum
2264 2464 2379 2535 lege
2434 2470 2651 2532 accepta
2696 2457 2755 2514 in
2807 2456 3033 2526 tabulis,
3089 2453 3291 2512 intueri
3336 2467 3447 2512 non

1874 2555 2125 2629 poterant
2180 2548 2380 2623 (Exod.
2421 2561 2622 2613 xxxiv,
2668 2544 2799 2617 30);
2857 2543 2985 2616 quia
3032 2542 3265 2629 gloriosa
3292 2541 3451 2629 (facta

1875 2623 1989 2700 erat
2018 2638 2181 2696 iacies
2207 2634 2325 2709 ejus
2354 2652 2421 2692 ne
2448 2651 2479 2691 a
2507 2632 2881 2708 peccatoribus
2908 2637 3088 2702 posset
3138 2627 3325 2700 aspici,
3356 2623 3451 2700 qui

1875 2729 2025 2805 digni
2052 2732 2206 2786 erant
2244 2733 2437 2781 morte.
2469 2720 2600 2791 Quae
2630 2732 2778 2777 nunc
2814 2716 2987 2791 gloria
3027 2725 3320 2773 evacuatur
3360 2725 3454 2787 per

1874 2802 2046 2894 legem
2086 2814 2341 2889 Spiritus,
2389 2829 2514 2871 cum
2571 2814 2787 2882 accepta
2841 2802 3159 2864 remissione
3213 2812 3453 2877 peccato-

1874 2893 1997 2967 rum
2027 2905 2158 2964 facti
2179 2902 2336 2978 justi,
2368 2896 2523 2974 digni
2562 2905 2691 2955 sunt
2718 2895 2956 2970 aspicere
3001 2900 3056 2951 et
3089 2899 3315 2967 possunt
3342 2893 3451 2964 glo-

1875 3000 2010 3055 riam
2037 2996 2155 3064 Dei,
2187 2995 2329 3051 sicut
2364 2988 2623 3046 viderunt
2652 2986 2707 3043 in
2753 2991 2936 3043 monte
2960 2984 3172 3051 Petrus,
3199 2990 3253 3038 et
3280 2978 3454 3037 Joan-

1876 3100 1993 3156 nes,
2024 3094 2077 3141 et
2096 3082 2325 3141 Jacobus
2355 3078 2581 3151 gloriam
2611 3074 2813 3133 Christi
2845 3072 3060 3144 (Matth.
3092 3085 3233 3137 xvn,
3263 3070 3343 3140 2).

1952 3176 2133 3251 (Vers.
2166 3173 2248 3245 9.)
2292 3194 2311 3219 ι
2337 3171 2395 3227 Si
2442 3167 2588 3225 enim
2630 3166 2688 3221 in
2736 3160 3209 3251 administratione
3237 3159 3455 3215 damna-

1876 3247 2047 3322 tionis
2096 3268 2178 3318 est
2212 3256 2403 3332 gloria,
2462 3252 2637 3310 multo
2664 3251 2838 3322 magis
2882 3247 3182 3305 abundabit
3226 3247 3458 3303 admini-

1881 3350 2075 3424 stratio
2100 3344 2332 3422 justitia:
2366 3345 2426 3401 in
2458 3340 2648 3416 gloria.
2682 3361 2703 3389 ι
2737 3340 2850 3395 Hoc
2871 3337 3027 3405 dicit,
3070 3335 3198 3409 quia
3224 3335 3458 3407 amplius

1880 3446 1963 3500 est
2009 3439 2215 3496 donum
2258 3433 2486 3508 justitiaa
2535 3428 2634 3487 Dei
2693 3439 2791 3501 per
2840 3425 3002 3482 ﬁdem
3036 3424 3261 3492 Christi,
3294 3438 3455 3496 quam

1880 3530 2017 3604 legis
2049 3527 2283 3594 veteris;
2316 3522 2443 3597 quia
2482 3518 2650 3592 magis
2675 3517 2847 3590 gloria
2875 3515 2929 3570 in
2961 3516 3134 3571 salute
3163 3520 3260 3580 est,
3294 3529 3454 3585 quam

1879 3602 2173 3678 invmorte:
2206 3612 2455 3690 quamvis
2476 3606 2624 3685 juste
2652 3607 2891 3675 damnet,
2925 3609 3106 3661 tamen
3138 3603 3204 3659 ad
3237 3602 3453 3659 laudem

1880 3704 2097 3782 proﬁcit
2130 3702 2323 3777 magis,
2370 3697 2418 3757 si
2466 3697 2747 3770 indulgeat
2778 3713 2794 3765 ;
2825 3698 2887 3752 ut
2915 3694 3085 3767 possit
3140 3708 3263 3748 reus
3289 3692 3455 3748 corri~

1883 3807 2004 3870 gere
2030 3808 2107 3851 se.

1954 3888 2133 3967 (Vere.
2169 3888 2280 3961 10.)
2324 3912 2343 3936 ι
2378 3882 2489 3944 Nec
2515 3881 2661 3939 enim
2692 3879 2989 3952 gloriosum
3040 3874 3242 3967 factum
3274 3878 3353 3930 est
3380 3872 3452 3944 id,

1881 3963 2027 4057 quod
2079 3974 2442 4052 gleriﬁcatum
2487 3978 2569 4027 est
2618 3966 2825 4057 inghagc‘
2870 3970 3019 4035 parte
3070 3963 3208 4057 (95),
3242 3971 3458 4034 propter

1882 4052 2238 4125 excellentem
2293 4060 2540 4135 gloriam.
2572 4081 2591 4106 ι
2650 4052 3001 4114 Manifestum
3049 4054 3132 4108 est
3181 4065 3288 4107 non
3343 4066 3457 4108 esse

1882 4158 2087 4215 factum
2118 4154 2437 4227 gloriosum,
2486 4147 2631 4225 quod
2660 4148 2840 4203 visum
2885 4151 2968 4203 est
2991 4144 3049 4201 in
3079 4144 3236 4200 vultu
3282 4137 3457 4214 Moysi

1883 4245 2179 4321 gloriosum
2237 4240 2438 4316 (Exod.
2496 4252 2692 4307 χχχιιι,
2727 4237 2842 4309 29).
2887 4230 3113 4303 Quando
3142 4233 3289 4289 enim
3318 4231 3457 4287 nulli

1883 4331 2089 4408 profuit
2118 4329 2288 4405 gloria
2324 4329 2512 4387 vultus
2565 4326 2702 4400 ejus,
2761 4323 2855 4382 sed
2884 4324 3055 4397 magis
3085 4322 3286 4389 obluit,
3346 4335 3459 4376 non

1882 4422 2077 4481 habuit
2105 4421 2345 4479 fructum
2368 4418 2574 4492 gloriae,
2608 4414 2736 4474 licet
2764 4428 2875 4471 non
2905 4427 3003 4469 suo
3034 4411 3194 4479 vitio,
3217 4410 3309 4465 sed
3338 4424 3459 4481 pec-

1880 4512 2123 4571 cautium
2162 4523 2176 4579 ;
2210 4520 2394 4568 tamen
2411 4504 2482 4570 .in
2527 4504 2629 4562 bac
2683 4509 2835 4577 parte
2868 4498 3040 4573 gloria
3092 4512 3202 4554 non
3230 4504 3329 4552 est.
3360 4496 3462 4551 Illa

1880 4612 2060 4660 autem
2098 4609 2180 4657 est
2207 4599 2377 4671 magis
2408 4595 2579 4667 gloria
2627 4610 2746 4665 qua:
2789 4590 3031 4645 abundat
3071 4589 3127 4640 in
3155 4586 3319 4656 gratia
3356 4602 3369 4648 ;
3400 4588 3463 4637 ut

1879 4690 2153 4764 ραι-ίῧωί
2182 4687 2431 4742 homines
2458 4682 2603 4737 dono
2631 4681 2751 4745 Dei,
2782 4677 3025 4731 abstersa
3054 4671 3311 4740 caligine,
3344 4684 3461 4739 pos-

1881 4778 1993 4835 sint
2019 4776 2207 4831 videre
2237 4771 2464 4844 gloriam
2493 4765 2720 4824 Christi.

1954 4865 2135 4939 (Vers.
2178 4841 2290 4930 11.)
2349 4879 2366 4905 ι
2394 4855 2452 4912 Si
2500 4852 2648 4939 enim
2690 4848 2837 4922 quod
2883 4841 3349 4939 evacuaturpfuit
3405 4841 3464 4901 in

1884 4932 2074 5030 gloria,
2102 4950 2278 5006 multo
2304 4941 2476 5016 magis
2501 4938 2647 5014 quod
2678 4943 2981 5030 permanet,
3008 4936 3062 4989 in
3097 4932 3269 5030 gloria
3299 4943 3397 4990 est.
3428 4958 3448 4985 ι

1883 5026 2003 5105 Non
2051 5048 2212 5116 negat
2266 5037 2494 5113 gloriam
2535 5032 2703 5089 fuisse
2762 5029 2820 5087 in
2858 5031 2995 5102 lege,
3050 5026 3140 5082 vel
3196 5026 3252 5081 in
3309 5028 3467 5082 vultu

1884 5135 2081 5208 Moysi,
2141 5131 2236 5189 sed
2290 5145 2401 5186 non
2444 5122 2790 5199 permansit;
2846 5121 2973 5194 quia
3029 5116 3200 5188 ﬁgura
3250 5124 3361 5169 erat
3409 5116 3467 5172 in

1885 5204 2092 5296 Mopse,
2156 5236 2270 5277 non
2323 5216 2545 5274 veritas.
2600 5210 2727 5269 Ideo
2782 5206 3111 5265 adveniente
3167 5204 3466 5277 Salvatore,

185 5318 489 5379 Dominum
516 5297 786 5374 nostrum.
809 5308 1036 5369 Littera
1057 5307 1206 5365 enim
1235 5305 1305 5362 ad
1344 5301 1452 5360 hoc
1480 5302 1620 5359 datm
1649 5312 1764 5358 sum

1888 5312 2120 5371 cessavit
2192 5309 2366 5380 ﬁgura
2406 5325 2421 5375 ;
2481 5304 2609 5378 quia
2678 5303 2928 5373 apparuit
2985 5297 3190 5355 veritas
3246 5313 3475 5361 manens

253 5544 375 5616 (93)
414 5542 482 5616 Ut
530 5538 607 5616 de_
650 5538 748 5616 illo
923 5529 1208 5589 crederent.
1253 5567 1267 5584 .
1313 5566 1329 5583 .
1354 5521 1526 5595 magis
1546 5514 1780 5597 proﬁcit,

189 5606 384 5674 desunt
415 5613 478 5671 in
506 5607 633 5669 cod.
665 5606 831 5668 Corb.

1988 5512 2082 5575 ω)
2106 5510 2209 5567 Ms.
2237 5508 2423 5575 Caria,
2461 5504 2720 5575 majorem
2755 5516 2859 5575 esse
2884 5500 3133 5575 gloriam.

1988 5515 2058 5572 94
2106 5515 2209 5567 Ms.
2237 5515 2423 5575 Corb.,
2461 5516 2720 5574 majorem
2755 5516 2859 5558 esse
2884 5515 3133 5573 mortem.

1965 5515 2085 5658 ἶθεςζ
2110 5583 2270 5641 Rom.
2300 5578 2459 5644 edit.,
2478 5573 2621 5646 quod
2656 5572 2860 5629 claruit
2886 5573 2944 5626 in
2971 5573 3066 5628 hac
3087 5575 3263 5642 parte.
