3952 6202
464 348 568 409 303

462 563 705 625 ritatem,
736 562 951 611 tantum
982 555 1199 610 intersit
1226 553 1370 608 inter
1400 550 1628 624 gloriam
1660 550 1848 606 vultus
1873 548 2049 620 Moysi

462 657 516 706 et
571 645 796 719 gloriam
848 642 1074 699 Christi.
1134 640 1260 697 Ideo
1319 656 1483 710 supra
1534 638 1722 694 dixit:
1771 661 1789 684 ιι
1820 638 2049 706 Propter

463 736 822 794 excellentem
853 731 1101 803 gloriam.
1130 755 1149 777 ι
1201 731 1300 785 Illa
1339 729 1486 785 enim
1516 736 1667 784 tanta
1694 734 1809 783 erat
1855 725 2049 800 gloria,

464 834 667 899 quanta
695 822 885 878 debuit
915 820 1061 876 credi
1082 833 1238 873 servo
1268 836 1280 872 :
1329 816 1447 874 haec
1488 834 1620 873 vero
1645 823 1816 884 tanta,
1849 824 2052 889 quanta

464 919 544 968 est
599 908 857 981 genitoris
885 906 1002 976 ejus
1029 924 1042 970 ;
1094 903 1222 975 quia
1253 927 1271 948 ι
1302 903 1570 958 Dominus
1618 903 1773 960 Iesus
1800 901 2052 959 Christus

462 999 521 1053 in
562 996 733 1067 gloria
786 1001 867 1048 est
916 992 1013 1047 Dei
1049 990 1247 1046 'Patris
1278 991 1538 1062 (Philipp.
1568 1008 1626 1058 Ii,
1668 991 1780 1062 11).
1810 1015 1828 1038 ν
1896 988 2051 1045 Sicut

463 1085 609 1142 enim
653 1097 873 1153 vespere
923 1080 1092 1135 stellze
1122 1078 1370 1150 gloriosae
1425 1086 1576 1146 sunt,
1630 1078 1841 1133 oriente
1869 1084 2049 1132 autem

464 1173 578 1231 sole
635 1177 932 1226 evacuatur
962 1183 1147 1223 earum
1176 1167 1394 1223 claritas
1430 1184 1443 1233 ;
1494 1167 1570 1222 ita
1599 1173 1652 1221 et
1684 1165 1862 1239 Moysi
1881 1163 2052 1236 gloria

463 1270 777 1327 evacuatur,
800 1265 1091 1331 apparente
1121 1258 1293 1328 gloria
1321 1256 1525 1313 Christi
1561 1256 1699 1329 (96).

537 1370 718 1442 (Vers.
754 1366 867 1435 12.)
912 1388 931 1411 ι
962 1364 1234 1419 Habentes
1274 1362 1441 1433 igitur
1469 1364 1631 1418 talem
1675 1378 1847 1433 spem,
1880 1360 2054 1415 multa

464 1456 669 1513 ﬁducia
707 1462 944 1510 utamur.
973 1476 992 1499 ι
1045 1452 1204 1521 Spem
1258 1450 1455 1506 habere
1504 1466 1603 1505 nos
1652 1449 1789 1505 dicit
1826 1446 2051 1504 videndi

462 1546 711 1619 gloriam,
742 1558 852 1598 non
885 1541 1045 1595 talem
1080 1537 1258 1610 qualis
1289 1537 1473 1592 fuitin
1504 1539 1665 1593 vultu
1696 1538 1874 1610 Moysi
1907 1555 1918 1593 :
1952 1537 2050 1593 sed

461 1653 579 1693 eam
607 1651 769 1708 quam
799 1631 1058 1687 viderunt
1104 1636 1214 1683 tres
1256 1628 1493 1699 apostoli
1533 1628 1591 1682 in
1622 1637 1830 1695 monte,
1888 1644 2053 1684 reve-

462 1725 611 1780 lante
637 1738 693 1777 se
723 1718 960 1776 Domino
990 1718 1204 1787 (Matth.
1254 1733 1394 1785 xvrr,
1425 1716 1505 1786 2).
1557 1716 1699 1773 Hinc
1728 1716 1898 1787 igitur
1925 1731 2053 1772 cou-

1452 338 1547 395 ΑΒ
1586 336 1820 393 OPERA
1857 335 1912 394 S.
1956 329 2288 394 AMBROSII
2325 335 2700 393 APPENDIX.

460 484 706 542 semper;
730 474 791 522 ut
821 471 1087 537 quantum
1120 463 1347 519 interest
1380 461 1523 518 inter
1552 461 1847 532 imaginem
1878 469 1931 515 et
1952 476 2043 515 ve-
2081 465 2131 522 A
2160 470 2239 517 est
2269 478 2361 532 per
2389 462 2550 517 ﬁdem
2578 460 2782 518 Christi
2811 459 3058 516 aufertur
3079 457 3360 526 velamen;
3390 468 3582 517 amoto
3601 463 3771 519 enim

2158 550 2383 616 delicto,
2422 548 2689 619 incipient
2743 548 2929 606 videre
2983 548 3157 621 quod,
3213 547 3468 605 obstante
3505 558 3769 621 peccato,

2159 637 2344 692 videre
2374 653 2483 691 non
2512 644 2782 707 poterant.

2243 730 2384 788 1'78
2415 726 2596 797 (Vers.
2629 726 2740 798 15.)
2772 749 2791 772 ι
2811 725 2917 782 Sed
2937 742 3107 799 usque
3132 725 3192 781 in
3217 724 3552 782 hodiernum
3582 727 3765 797 diem,

2160 840 2286 880 cum
2324 822 2524 896 legitur
2554 822 2787 893 Moyses,
2820 823 3069 878 velamen
3095 830 3179 878 est
3200 822 3444 893 positum
3472 838 3648 895 supra
3666 840 3765 879 cor

2161 926 2350 966 eorum
2396 910 2600 981 (Exod.
2631 926 2832 977 xxxrv,
2871 908 2984 980 33).
3019 935 3039 959 ι
3094 910 3447 966 Manifestum
3476 917 3581 979 est,
3622 910 3763 984 quia

2161 1015 2286 1055 cum
2317 998 2516 1070 legitur
2539 998 2657 1055 haec
2686 1015 2810 1070 pars
2859 999 3013 1071 legis,
3043 998 3315 1055 sententia
3339 998 3573 1055 illorum
3601 998 3758 1056 reci-

2160 1093 2325 1153 tatur,
2353 1087 2449 1158 qui
2471 1093 2600 1141 sunt
2627 1086 2728 1141 sub
2758 1087 2891 1157 lege.

2233 1174 2415 1245 (Vers.
2450 1175 2563 1246 16.)
2634 1197 2653 1221 ι
2693 1174 2827 1230 Cum
2880 1181 3064 1230 autem
3117 1188 3417 1231 conversus
3475 1175 3652 1233 fuerit
3685 1175 3754 1233 ad

2160 1263 2480 1331 Dominum,
2509 1263 2788 1319 auferetur
2817 1263 3087 1317 velamen.
3120 1287 3139 1311 ι
3183 1262 3442 1319 Converti
3472 1263 3540 1320 ad
3570 1266 3752 1321 Domi-

2162 1369 2315 1420 num,
2348 1351 2453 1407 hoc
2480 1360 2583 1416 est,
2635 1351 2854 1407 credere
2891 1351 2950 1405 in
3000 1350 3315 1417 Christum;
3364 1361 3426 1407 ut
3454 1368 3750 1423 agnoscens

2162 1440 2485 1509 Dominum,
2522 1440 2741 1496 veniam
2774 1447 3047 1495 mereatur
3075 1438 3340 1510 accipere.
3385 1440 3503 1496 Hoc
3532 1450 3617 1497 est
3641 1458 3749 1497 au-

2162 1528 2293 1584 ferri
2324 1530 2594 1599 velamen,
2633 1530 2961 1586 sententiam
2990 1529 3267 1597 evacuari,
3312 1545 3423 1603 qua
3464 1532 3750 1589 tenebatur

2160 1632 2286 1674 reus
2307 1617 2410 1673 sub
2440 1618 2574 1690 lege.

2197 1706 2414 1777 .(Vers.
2453 1707 2567 1776 17.)
2621 1728 2642 1753 ι
2676 1705 2946 1764 Dominus
2994 1714 3174 1763 autem
3221 1706 3451 1780 spiritus
3495 1716 3597 1767 est.
3644 1707 3747 1766 Ubi

457 1812 629 1885 jicere
680 1809 960 1873 debemus,
1003 1814 1269 1877 quantum
1327 1805 1490 1861 nobis
1538 1806 1834 1864 contulerit
1864 1806 2126 1877 divinaB
2161 1800 2369 1885 éuwm_
2395 1793 2632 1885 Spiritus
2681 1793 3065 1885 Dominiiuibi
3116 1794 3354 1853 Ῑίδθηὸὃι
3396 1821 3416 1845 ⁸
3477 1797 3745 1864 Quoniam

464 1899 777 1965 clementia,
801 1904 1175 1969 quantumque
1204 1911 1304 1951 nos
1348 1897 1646 1968 superioris
1684 1896 1870 1968 gratiae
1898 1896 2045 1952 dono

466 1969 646 2047 ditare
700 1987 923 2058 dignata
968 1994 1069 2053 est,
1119 2000 1280 2056 quam
1330 1984 1550 2040 dederat
1598 1984 1818 2040 Iudaeis.
1879 1983 2053 2041 Judaei

466 2079 640 2145 enim,
693 2092 819 2132 cum
873 2073 1055 2129 minor
1078 2081 1218 2129 esset
1265 2072 1438 2143 gloria
1470 2073 1657 2129 vultus
1704 2071 1902 2143 Moysi,
1933 2089 2052 2128 eam

462 2167 728 2241 speculari
759 2180 868 2220 non
900 2171 1185 2248 poterant:
1245 2178 1346 2218 nos
1374 2178 1505 2217 vero
1550 2177 1662 2215 non
1718 2159 1893 2231 Moysi
1926 2160 2054 2231 glo-

462 2257 622 2323 riam,
654 2272 774 2327 quae
810 2253 1039 2308 inferior
1066 2259 1166 2318 est,
1197 2250 1292 2306 sed
1338 2251 1698 2307 excellentem
1747 2248 2048 2306 Salvatori‘s

463 2348 690 2417 gloriam
748 2344 962 2399 visuros
992 2359 1092 2398 nos
1149 2341 1440 2398 credimus.
1494 2338 1670 2395 Judaei
1725 2355 1849 2411 ergo
1904 2338 2050 2395 servi

463 2435 691 2506 gloriam
722 2449 832 2487 non
861 2437 1177 2487 meruerunt
1205 2430 1392 2485 videre
1426 2448 1437 2485 :
1470 2446 1571 2485 nos
1602 2437 1780 2485 autem
1817 2426 2044 2484 Domini

463 2520 777 2580 communis
826 2521 1055 2592 gloriam
1112 2536 1300 2576 sumus
1355 2519 1549 2574 visuri.
1608 2519 1841 2592 Ideoque
1871 2526 1923 2573 et
1951 2533 2051 2573 nos

466 2612 643 2669 vicem
710 2610 955 2679 reddere,
1002 2625 1061 2665 in
1114 2617 1378 2683 quantum
1426 2625 1732 2681 possumus,
1792 2607 2053 2663 debemus

467 2702 864 2759 benevolentia:
892 2700 1032 2767 Dei;
1091 2706 1155 2754 ut
1200 2699 1577 2771 propensiores
1625 2698 1793 2753 simus
1824 2696 1882 2751 in
1936 2694 2053 2765 ejus

457 2808 681 2860 amore,
725 2791 819 2862 qui
878 2789 1036 2845 nobis
1083 2787 1342 2842 ﬁduciam
1389 2786 1563 2848 dedit,
1616 2784 1844 2837 abluens
1885 2798 1986 2836 nos
2022 2797 2055 2836 a

465 2878 727 2950 peccatis,
782 2874 1009 2929 videndi
1052 2874 1280 2943 gloriam
1328 2872 1446 2926 Dei.
1505 2872 1662 2925 Nunc
1706 2867 1887 2940 itaque
1916 2885 2054 2940 opus

471 2972 575 3029 est,
608 2970 672 3015 ut
699 2967 902 3015 crescat
924 2960 980 3011 in
1010 2957 1168 3010 nobis
1187 2956 1389 3011 ﬁducia
1406 2956 1566 3010 bonis
1595 2954 1809 3010 actibus
1838 2964 2048 3027 parata;

476 3056 694 3104 tantum
725 3045 873 3100 enim
902 3042 1234 3112 videbimus,
1264 3050 1530 3115 quantum
1559 3041 1852 3099 credimus.

2161 1884 2305 1939 Deus
2338 1883 2574 1954 Spiritus
2621 1891 2723 1951 est,
2777 1899 2874 1956 per
2909 1882 3190 1940 Christum
3220 1885 3392 1958 legem
3435 1885 3593 1943 dedit
3620 1885 3746 1959 Spi-

2162 1972 2303 2027 ritus
2334 1990 2346 2028 :
2397 1988 2507 2027 non
2552 1972 2750 2028 litteris
2778 1972 2969 2045 utique
2999 1973 3279 2043 scriptam,
3323 1976 3414 2031 sed
3450 1993 3556 2047 per
3581 1978 3745 2035 ﬁdem

2163 2060 2361 2116 animis
2414 2059 2721 2116 intimatam
2745 2075 2761 2126 ;
2813 2078 2924 2116 non
2969 2078 3089 2134 quae
3125 2061 3366 2119 visibilia
3408 2062 3626 2134 doceat,
3655 2065 3745 2123 sed

2161 2146 2465 2204 invisibilia
2494 2148 2641 2206 credi
2680 2149 2938 2218 suadeat;
2990 2167 3110 2222 qua;
3157 2152 3372 2208 animus
3416 2153 3743 2224 spiritaliter

2161 2241 2401 2313 colligat,
2432 2260 2544 2299 non
2574 2260 2693 2315 quae
2722 2244 2914 2300 oculus
2943 2254 3149 2302 cernat.
3183 2246 3308 2303 Haec
3335 2246 3428 2302 lex
3454 2243 3552 2300 dat
3574 2243 3744 2299 liber-

2161 2339 2349 2399 tatem,
2381 2332 2551 2387 solam
2580 2332 2743 2389 ﬁdem
2777 2349 3022 2405 poscens,
3053 2344 3113 2392 ut
3139 2335 3268 2405 quia
3289 2351 3410 2409 quas
3434 2350 3552 2391 non
3578 2332 3739 2402 videt,

2161 2420 2354 2488 credit,
2385 2421 2453 2477 de
2481 2421 2795 2479 conditione
2825 2424 2945 2479 erui
2969 2432 3260 2482 mereatur.

2234 2510 2414 2576 (Vers.
2452 2512 2564 2580 18.)
2632 2534 2652 2559 ι
2679 2514 2789 2569 Nos
2838 2514 3024 2586 itaque
3067 2530 3278 2582 omnes,
3332 2514 3573 2571 revelata
3614 2511 3744 2571 facie

2163 2597 2389 2668 gloriam
2419 2599 2643 2655 Domini
2673 2603 3035 2672 speculantes,
3065 2603 3132 2660 ad
3166 2603 3411 2660 eamdem
3455 2603 3741 2675 imaginem

2162 2686 2463 2742 formamur
2494 2688 2611 2760 (98)
2652 2706 2683 2744 a
2712 2690 2886 2760 gloria
2914 2690 2973 2746 in
3002 2691 3252 2763 gloriam,
3298 2692 3442 2748 sicut
3467 2709 3501 2747 a
3526 2689 3744 2749 Domini

2162 2774 2392 2845 Spiritu.
2427 2801 2447 2825 ι
2501 2778 2612 2833 Nos
2657 2777 2795 2834 dicit
2839 2794 3049 2846 omnes,
3089 2782 3186 2853 qui
3224 2780 3532 2837 libertatem
3562 2796 3745 2836 sumus

2161 2865 2438 2921 consecuti
2492 2867 2639 2922 dono
2686 2867 2871 2939 gratiae
2912 2868 3035 2936 Dei,
3091 2870 3321 2941 gloriam
3373 2870 3602 2926 Domini
3657 2883 3745 2941 per

2161 2951 2324 3007 ﬁdem
2355 2956 2717 3025 speculantes,
2758 2956 2826 3011 ad
2872 2956 3119 3012 eamdem
3152 2958 3445 3030 imaginem
3474 2958 3745 3015 transfor-

2161 3042 2320 3111 mari,
2353 3059 2515 3115 quam
2545 3061 2824 3117 speramus
2855 3064 2868 3102 :
2919 3045 2976 3101 id
3005 3053 3106 3115 est,
3152 3056 3214 3103 ut
3241 3047 3451 3103 similes
3487 3046 3746 3102 invenia-

537 3155 723 3227 (Vers.
749 3153 862 3225 13.)
897 3176 916 3200 ‹
950 3152 1022 3208 Et
1050 3167 1161 3208 non
1214 3151 1356 3209 sicut
1382 3152 1598 3223 Moyses
1624 3152 1859 3223 ponebat
1885 3152 2048 3208 vela-
2073 3163 2116 3223 ί]
2161 3146 2304 3227 φατε
2360 3140 2632 3227 ξξδξιεθςιδ
2678 3133 2781 3190 hac
2832 3133 2965 3201 νίῑλι
3020 3135 3247 3227 imagini
3273 3134 3478 3227 gloriae
3518 3133 3747 3227 ςίπίδξίι

464 3261 589 3302 men
618 3261 782 3317 super
833 3243 1027 3301 faciem
1074 3260 1251 3311 suam,
1281 3259 1349 3298 ne
1377 3242 1721 3300 intuerentur
1750 3242 1850 3297 filii
1882 3243 2045 3299 Israel

462 3335 524 3391 in
553 3335 747 3392 faciem
796 3333 935 3407 ejus,
984 3333 1131 3408 quod
1162 3342 1477 3391 evacuatur.
1512 3359 1530 3383 ι
1569 3334 1837 3401 Quoniam
1886 3333 2045 3404 digni

459 3423 592 3480 facti
627 3439 817 3479 sumus
837 3441 932 3495 per
961 3422 1188 3494 gratiam
1214 3423 1312 3478 Dei
1338 3408 1529 3477 videre
1561 3422 1788 3492 gloriam
1818 3421 2044 3489 Christi,

459 3512 666 3568 idcirco
694 3513 803 3567 ait:
848 3533 869 3556 ι
897 3513 969 3565 Et
987 3525 1099 3564 non
1120 3511 1261 3564 sicut
1288 3512 1503 3580 Moyses
1532 3509 1768 3580 ponebat
1797 3495 2046 3563 velan'len

457 3612 621 3665 super
673 3595 870 3648 faciem
936 3611 1112 3658 suam,
1191 3609 1259 3647 ne
1324 3595 1669 3649 intuerentur
1724 3596 1826 3649 ﬁlii
1880 3595 2045 3649 Israel

461 3680 666 3751 (Exod.
699 3696 899 3747 xxxiv,
929 3680 1043 3750 33).
1076 3704 1095 3728 ι
1138 3679 1265 3734 Ideo
1321 3680 1555 3751 ponebat
1584 3682 1855 3749 velamen,
1900 3697 2046 3752 quo-

458 3767 612 3824 niam
668 3767 1013 3840 splendorem
1061 3768 1253 3823 vultus
1299 3766 1415 3839 ejus
1450 3766 1591 3823 ferre
1637 3785 1745 3824 non
1771 3776 2042 3842 poterant,

457 3871 621 3913 causa
649 3854 877 3928 peccati,
924 3872 1033 3928 quo
1061 3855 1298 3924 sublato,
1330 3862 1567 3928 potestas
1613 3855 1775 3912 datur
1819 3856 2042 3914 videndi

455 3946 684 4018 gloriam
711 3945 813 4002 Dei
841 3961 1013 4018 usque
1040 3944 1109 4001 ad
1138 3943 1305 4000 ﬁnem
1356 3942 1506 4016 ejus;
1539 3943 1668 4016 quia
1715 3943 1908 4001 tandiu
1930 3961 2042 4006 non

454 4037 750 4105 reveletur,
796 4037 1040 4110 quandiu
1093 4036 1287 4093 relicta
1344 4036 1481 4110 lege,
1536 4044 1932 4094 convertantur
1972 4039 2040 4097 ad

453 4126 680 4197 gratiam
709 4126 859 4195 ﬁdei,
883 4136 937 4184 et
964 4126 1043 4183 sic
1073 4133 1368 4182 evacuatur
1399 4126 1715 4198 indignitas.

527 4230 707 4299 (Vers.
742 4229 856 4298 14.)
899 4253 917 4275 ε
949 4229 1053 4283 Sed
1100 4230 1283 4284 obtusi
1329 4239 1458 4285 sunt
1498 4248 1689 4288 sensus
1717 4250 1906 4290 eorum
1936 4251 2040 4291 us-

464 4332 568 4387 que
598 4317 655 4372 in
706 4315 1032 4373 hodiernum
1089 4314 1255 4371 diem.
1288 4341 1307 4363 ι
1370 4317 1584 4373 Tandiu
1629 4320 1851 4377 obtusas
1879 4322 2035 4390 dicit,

455 4402 700 4475 quandiu
767 4417 877 4456 non
930 4400 1180 4456 credunt.
1241 4401 1372 4467 Quae
1427 4404 1645 4460 obtusio
1695 4408 2036 4465 inﬁdelitatis

2155 3217 2297 3275 sicut
2352 3219 2489 3277 dicit
2541 3221 2778 3278 Joannes
2829 3224 3152 3294 apostolus:
3207 3246 3227 3270 ι
3265 3222 3484 3291 Scinus,
3543 3222 3745 3295 inquit,

2153 3305 2282 3378 quia
2338 3325 2464 3364 cum
2521 3310 2856 3382 apparuerit,
2911 3310 3120 3368 similes
3165 3312 3216 3368 ei
3252 3312 3459 3368 erimus
3504 3310 3566 3382 (Ι
3588 3313 3742 3368 Joan.

2154 3410 2238 3463 III,
2265 3395 2344 3468 2).
2386 3422 2405 3446 ι

2238 3508 2258 3531 ι
2293 3487 2343 3540 Α
2373 3486 2547 3558 gloria
2575 3486 2634 3543 in
2664 3487 2916 3560 gloriam,
2946 3488 3088 3544 sicut
3117 3506 3149 3545 a
3174 3487 3396 3544 Domini
3431 3486 3682 3560 Spiritu;
3715 3513 3735 3538 ι

2153 3569 2211 3626 id
2234 3579 2335 3641 est,
2378 3573 2579 3631 sublati
2622 3574 2889 3632 beneﬁcio
2915 3575 3012 3631 Dei
3041 3592 3072 3630 a
3101 3574 3273 3647 gloria
3314 3574 3550 3646 Moyssis
3595 3576 3747 3647 (99),

2154 3675 2316 3731 quam
2347 3671 2527 3719 reatus
2560 3680 2722 3720 causa
2777 3681 2996 3722 cernere
3048 3664 3430 3736 nequibamus,
3469 3665 3749 3721 transfor-

2152 3762 2369 3804 mamur
2414 3749 2483 3806 ad
2527 3752 2779 3823 gloriam,
2830 3768 2991 3824 quam
3040 3752 3313 3808 credimus
3358 3751 3481 3807 dari
3512 3752 3680 3810 nobis
3717 3772 3751 3810 a

2150 3837 2373 3895 Domini
2429 3840 2659 3913 Spiritu.
2740 3842 2976 3898 Tantum
3032 3842 3176 3899 enim
3243 3842 3463 3899 dabitur
3518 3843 3708 3915 gloriae
3729 3884 3745 3909 ,

2150 3936 2416 3996 quantum
2471 3930 2700 4003 dignum
2756 3939 2838 3989 est
2900 3932 3028 3990 dare
3083 3934 3256 3989 Deum
3320 3948 3416 4004 per
3473 3932 3747 4003 Spiritum

2150 4036 2351 4088 suum;
2384 4020 2511 4078 ideo
2539 4021 2686 4079 enim
2712 4022 2889 4079 dixit:
2928 4047 2947 4071 ι
2970 4022 3125 4079 Sicut
3144 4039 3175 4078 a
3192 4021 3416 4078 Domini
3449 4021 3732 4093 Spiritu;.

2146 4116 2211 4166 ut
2238 4106 2548 4165 ostenderet
2592 4112 2757 4168 talem
2803 4111 3033 4184 gloriam
3062 4110 3201 4179 dari,
3252 4127 3372 4183 quae
3408 4107 3746 4168 sublimitati

2147 4204 2414 4270 congruat
2441 4197 2646 4255 dantis.
2678 4199 2884 4273 Moysis
2920 4200 3070 4256 enim
3105 4199 3278 4272 gloria
3305 4214 3406 4255 nec
3430 4206 3588 4255 tanta
3614 4199 3743 4269 fuit,

2146 4302 2247 4342 nec
2289 4287 2575 4358 perennis;
2626 4305 2724 4361 pro
2755 4289 2918 4346 modo
2947 4289 3096 4346 enim
3125 4289 3262 4361 legis
3290 4294 3343 4344 et
3370 4288 3611 4359 gloriam
3641 4306 3745 4346 ac-

2143 4375 2317 4446 cepit;
2370 4375 2447 4433 ita
2474 4384 2528 4432 et
2571 4392 2670 4448 pro
2700 4377 2862 4433 modo
2893 4378 3028 4450 legis
3066 4375 3218 4444 ﬁdei,
3266 4375 3328 4431 in
3365 4390 3476 4448 qua
3504 4376 3746 4448 Spiritus

450 4462 614 4545 causa
668 4488 929 4545 obvenit:
988 4487 1114 4542 ideo
1160 4462 1438 4545 conversis
1480 4491 1549 4546 ad
1606 4490 1768 4549 ﬁdem
1824 4462 2038 4552 acuitur
2066 4501 2116 4562 D
2149 4462 2248 4517 Dei
2278 4462 2852 4562 est’,_dfbituf,319¥ia
2897 4463 3270 4562 cred???“-
3323 4462 3563 4562 Tamuu}
3592 4466 3742 4562 enim

449 4577 596 4635 acies
639 4576 859 4647 mentis,
908 4584 971 4634 ut
1018 4574 1241 4633 videant
1282 4575 1461 4633 divini
1506 4577 1735 4635 luminis
1765 4583 2033 4654 splendo—

448 4682 565 4724 rem
574 4711 587 4723 .

532 4800 553 4824 ι
582 4778 698 4834 Hoc
726 4777 906 4850 ipsum
963 4775 1211 4832 velamen
1266 4776 1325 4831 in
1376 4775 1610 4833 lectione
1657 4776 1775 4849 (97)
1835 4778 2035 4837 veteris

451 4866 785 4924 Testamenti
838 4873 1041 4934 manet,
1100 4864 1231 4921 dum
1286 4881 1398 4921 non
1443 4866 1754 4935 revelatur;
1809 4868 1939 4941 quia
1972 4869 2032 4927 in

445 4955 666 5014 Christo
713 4964 1026 5015 evacuatur.
1051 4981 1069 5005 ι

444 5042 629 5097 Exodi
675 5053 877 5113 manet,
925 5043 1170 5116 quandiu
1202 5045 1446 5103 credant.
1477 5045 1601 5102 Non
1628 5044 1778 5101 enim
1808 5047 2032 5102 revela-

444 5136 558 5199 tur,
587 5128 696 5186 nisi
732 5131 956 5189 credant
992 5151 1007 5200 ;
1039 5132 1099 5187 in
1151 5132 1371 5192 Christo
1406 5133 1557 5190 enim
1607 5141 1905 5192 evacuatur
1923 5132 2032 5191 hoc

513 5327 629 5400 (96)
683 5324 815 5403 Cod.
869 5324 1054 5403 Corb.,
1100 5329 1246 5403 Sicut
1287 5331 1424 5385 enim
1475 5346 1575 5402 per
1616 5336 1879 5387 noctem...
1920 5347 2030 5403 ap-

434 5406 652 5469 parente
680 5399 887 5454 Christo
912 5400 970 5454 in
997 5400 1192 5470 gloria.

502 5470 628 5548 ⁸(97)
675 5470 832 5524 Rom.
892 5469 1024 5525 edit.
1086 5470 1221 5536 sola,
1279 5470 1403 5525 Haec
1463 5469 1583 5542 ipsa
1637 5472 1839 5529 obtusio
1868 5474 1926 5529 in
1960 5472 2025 5530 le-

441 5543 626 5606 ctione,
659 5546 761 5594 etc.

517 5608 632 5680 (98)
686 5608 888 5699 Eadem
938 5610 1096 5668 Rom.
1129 5610 1284 5702 edit.,
1345 5612 1418 5668 ad
1468 5612 1701 5669 eamdem
1744 5615 2025 5688 imaginem

1153 4954 1403 5024 Obtusio,
1435 4955 1532 5026 ait,
1566 4956 1684 5015 haec
1712 4957 1770 5015 in
1801 4958 2032 5016 lectione
2073 5014 2079 5020 .

2145 4553 2415 4608 concessit
2444 4554 2590 4609 Deus
2619 4553 2893 4624 ﬁdelibus,
2942 4563 3003 4612 ut
3030 4554 3298 4627 Spiritum
3328 4569 3493 4612 suum
3519 4554 3615 4612 det
3640 4556 3742 4625 eis,

2144 4641 2344 4714 pignus
2372 4643 2527 4703 illius
2555 4646 2741 4719 gloriae
2774 4649 2878 4719 (1),
2915 4662 3078 4720 quam
3106 4644 3381 4719 promisit.

2727 4751 2955 4811 CAPUT
2992 4752 3090 4811 IV.

2215 4854 2397 4925 (Vers.
2429 4857 2510 4929 1.)
2553 4880 2572 4905 ε
2611 4857 2789 4925 Quare
2828 4858 3092 4917 habentes
3120 4858 3264 4916 hanc
3290 4856 3745 4915 administratio-

2142 4955 2291 5010 nem,
2342 4951 2506 5015 prout
2546 4945 2980 5002 misericordiam
3028 4945 3312 5004 consecuti
3365 4962 3578 5015 sumus,
3627 4963 3738 5005 non

2141 5027 2479 5089 deﬁciamus.
2523 5058 2543 5083 ›
2606 5034 2834 5093 Tantam
2868 5051 3018 5107 spem
3068 5035 3206 5092 dicit
3251 5034 3457 5091 habere
3486 5034 3742 5092 admini-

2140 5120 2425 5178 strationis
2452 5120 2639 5193 hujus,
2686 5129 2751 5178 ut
2779 5139 2893 5181 non
2919 5120 3143 5183 deﬁciat
3169 5123 3231 5181 in
3258 5122 3555 5196 pressuris,
3596 5138 3741 5181 con-

2139 5317 2608 5387 transformamur.

2212 5388 2328 5461 (99)
2373 5389 2639 5446 Nonnulli
2673 5404 2828 5457 mss.,
2860 5388 3081 5466 sublato
3128 5389 3369 5462 beneﬁcio
3414 5390 3514 5448 Dei
3551 5392 3742 5464 gloria

2137 5476 2328 5546 Moysi.

2210 5548 2229 5617 (
2239 5548 2292 5618 1)
2333 5547 2458 5608 Mss.
2487 5547 2718 5620 aliquot,
2743 5548 2935 5619 pignus
2965 5547 3119 5605 illius
3135 5549 3345 5621 gratim.

3654 326 3785 394 30‘

3781 4700 3789 4774 ἰ

3784 4790 3797 4877 'l
