3952 6202
240 255 351 315 eos
742 211 745 214 ’
796 218 802 230 ’
856 208 868 307 ί
1304 255 1666 323 COMMENT.
1708 258 1781 314 IN
1815 257 2031 315 EPIST.
2073 259 2123 315 ιι
2159 258 2256 314 AD
2293 259 2450 317 con.
3421 269 3529 330 sos

240 383 476 438 fortatus
526 379 635 437 ﬁde
683 379 1133 452 promissionum.
1165 380 1320 436 Unde
1351 382 1602 453 superius
1631 383 1776 439 dixit
1805 403 1818 440 :
1852 388 1903 445 Α
1927 398 2053 438 cum
2099 384 2170 439 sit
2212 384 2391 457 imago
2443 389 2561 456 Dei,
2592 406 2909 462 corporeum
2967 399 3185 449 tantum
3215 402 3470 450 asserunt
3503 412 3518 452 :

252 496 270 518 ι
298 472 471 529 Multa
497 470 700 527 ﬁducia
724 477 952 525 utantur
991 470 1079 538 (Il
1110 470 1234 527 Cor.
1269 487 1352 538 ιιι,
1381 470 1471 539 12)
1498 489 1511 539 ;
1541 496 1561 519 ι
1599 472 1828 529 ﬁdentes
1934 477 1990 525 et
2056 473 2426 544 relinquentes
2469 485 2614 546 gesta
2669 478 2804 549 ejus,
2852 481 3024 537 solius
3064 482 3247 539 carnis
3306 480 3522 538 faciunt

240 562 390 619 enim
423 562 483 617 in
512 560 620 628 his,
653 577 773 630 quae
786 560 1054 631 promissa
1082 569 1229 627 sunt,
1258 559 1525 629 quidquid
1537 561 1825 619 adversum

238 650 525 715 acciderit,
552 650 811 705 tolerant.
844 647 1002 714 Quod
1033 665 1145 704 non
1173 648 1430 705 humanis
1478 651 1689 707 meritis
1743 651 1831 707 de-

238 746 415 810 putat,
447 737 545 794 sed
576 736 969 793 misericordiae
996 736 1114 804 Dei,
1147 754 1267 809 qua:
1310 736 1592 794 hominem
1652 740 1829 810 primo

237 827 440 895 abluit,
505 824 704 882 deinde
756 823 1041 896 justiﬁcat,
1091 825 1352 895 adoptans
1411 827 1615 883 Filium
1670 830 1783 885 Deo
1810 873 1825 897 ,

237 927 304 975 ut
358 916 528 973 donet
573 930 697 973 eum
749 914 923 986 gloria
974 913 1145 970 simili
1183 914 1370 985 gloriae
1411 916 1541 972 Filii
1614 919 1824 991 proprii

238 1006 363 1061 Dei.

317 1102 497 1174 (Vere.
530 1101 611 1173 2.)
653 1101 793 1158 «Sed
825 1100 1207 1157 renuntiamus
1235 1102 1468 1159 occultis
1493 1102 1819 1160 dedecoris.»

239 1193 309 1248 Ut
339 1191 490 1246 illius
519 1189 703 1262 gloria;
744 1189 944 1261 dignus
998 1189 1070 1243 sit
1115 1188 1304 1257 homo,
1348 1190 1535 1246 omnia
1563 1191 1748 1263 turpia
1777 1200 1832 1249 et

236 1279 467 1350 polluta,
509 1293 628 1350 quae
680 1276 799 1332 ﬁeri
848 1283 902 1332 et
953 1278 1182 1348 cogitari
1226 1286 1473 1349 possunt,
1529 1280 1833 1336 amovenda

236 1366 436 1433 docet;
476 1373 539 1422 ut
585 1381 698 1421 non
742 1366 922 1420 solum
970 1365 1038 1421 de
1088 1382 1269 1439 opere,
1302 1367 1397 1423 sed
1450 1375 1507 1424 et
1538 1368 1605 1424 de
1633 1368 1830 1441 cogita-

240 1456 391 1512 tione
454 1455 747 1527 pellantur.
822 1454 1116 1510 Invitantis
1160 1456 1328 1510 verba
1369 1464 1540 1523 sunt;
1584 1456 1686 1513 sub
1735 1473 1833 1513 sua

235 1546 382 1602 enim
410 1552 464 1600 et
493 1560 721 1600 suorum
760 1558 992 1614 persona
1018 1542 1087 1599 ad
1118 1544 1401 1601 meliorem
1436 1547 1611 1602 vitam
1641 1545 1823 1602 horta-

234 1644 350 1703 tur,
374 1641 597 1707 propter
637 1631 947 1704 supradicta
994 1633 1148 1699 vitia,
1183 1649 1304 1706 quas
1350 1635 1409 1689 in
1440 1635 1527 1691 his
1558 1635 1641 1707 (2)
1681 1651 1823 1707 saepe

1936 560 2294 629 mentionem,
2341 562 2409 617 de
2453 565 2651 635 quibus
2694 566 2836 623 dixit
2874 569 3082 628 Isaias:
3147 596 3166 619 ι
3201 569 3520 642 Οὺδωοεινὶι

1938 647 2129 704 oculos
2174 664 2385 715 eorum,
2433 664 2501 704 ne
2536 651 2792 709 videant:
2834 664 2887 711 et
2931 673 3107 727 aures,
3149 675 3219 714 ne
3259 657 3518 728 audiant,

1938 752 2112 810 usque
2141 738 2199 793 in
2232 738 2561 796 hodiernum
2586 740 2728 796 diem
2762 743 2877 813 (Isa
2895 762 2972 812 vr,
3004 746 3140 816 10)..

2013 827 2034 897 (
2056 827 2212 884 Vers.
2245 828 2326 899 5.)
2372 852 2391 875 α
2410 830 2522 886 Nec
2549 831 2696 886 enim
2725 846 2825 886 nos
2846 832 2992 903 ipsos
3018 836 3396 907 praedicamus,
3425 840 3521 896 sed

1939 913 2218 972 Christum
2244 918 2428 973 Jesum
2450 919 2748 975 Dominum
2779 929 3048 977 nostrum.
3081 948 3099 970 ι
3141 924 3256 979 Hoc
3282 934 3383 993 est,
3412 942 3521 981 non

1944 1011 2182 1060 nostram
2227 1007 2455 1077 gloriam
2503 1008 2916 1077 annuntiamus,
2956 1025 3024 1065 ne
3067 1010 3190 1082 quis
3232 1027 3331 1067 nos
3380 1012 3522 1068 dicat

1941 1100 2160 1165 propter
2187 1109 2287 1149 nos
2334 1095 2480 1166 ipsos
2534 1097 2923 1167 evangelizare,
2969 1106 3030 1153 ut
3070 1099 3229 1155 nobis
3277 1101 3523 1171 proﬁciat

1942 1181 2081 1237 forte
2110 1181 2177 1237 ad
2206 1190 2455 1255 tempus:
2489 1184 2582 1240 sed
2610 1186 2793 1241 Jesum
2822 1187 3119 1244 Dominum
3150 1197 3397 1244 nostrum
3431 1205 3522 1244 an-

1940 1270 2281 1334 nuntiamus,
2336 1270 2692 1342 subjicientes
2741 1290 2840 1329 nos
2895 1274 3090 1330 virtuti
3143 1275 3523 1349 majestatique

1942 1356 2079 1428 ejus.
2111 1356 2340 1424 Quando
2369 1374 2495 1431 ergo
2526 1361 2741 1416 nullum
2769 1378 3077 1432 gravamus,
3122 1365 3337 1419 nullum
3397 1381 3524 1421 con-

1941 1446 2198 1514 cutimus,
2230 1455 2285 1503 et
2313 1446 2595 1506 Christum
2634 1450 2930 1507 Dominum
2952 1460 3201 1539 nostrum
3250 1454 3519 1521 fatemur;

1940 1537 2075 1610 quid
2120 1547 2202 1595 est
2231 1546 2293 1594 ut
2334 1540 2462 1596 elati
2494 1540 2809 1612 judicemur
2842 1545 2994 1615 quasi
3031 1537 3130 1615 pro
3173 1552 3355 1599 nostra
3406 1561 3525 1615 pro-
3618 1537 3627 1544 ”

1939 1626 2058 1697 pria
2086 1627 2323 1684 utilitate
2351 1629 2666 1700 praedicare,
2713 1640 2773 1685 ut
2831 1632 3051 1703 gloriosi
3106 1649 3460 1703 appareamus
3494 1633 3523 1688 ?

241 1721 618 1795 reprehendit.
660 1720 892 1776 Possunt
920 1728 974 1775 et
1001 1719 1118 1777 haec
1146 1723 1361 1778 occulta
1390 1722 1671 1781 dedecoris
1727 1740 1823 1780 es—
1858 1734 1905 1794 Β
1948 1738 1967 1761 ι
1996 1716 2105 1771 N08
2142 1724 2321 1772 autem
2375 1733 2562 1773 servos
2602 1726 2811 1773 vestros
2858 1729 3076 1791 propter
3117 1721 3321 1776 Iesum.
3365 1746 3383 1769 ι
3458 1723 3521 1776 In

237 1828 318 1880 se,
351 1829 471 1885 quae
511 1826 676 1883 pravo
715 1825 877 1864 sensu
918 1807 986 1863 ad
1029 1808 1440 1880 praedicandum
1486 1812 1825 1869 meditantur

236 1907 300 1956 ut
344 1899 581 1955 fallant:
641 1897 785 1953 unde
832 1896 1108 1967 subjecit:
1166 1923 1186 1945 ι
1213 1899 1334 1955 Νοη
1363 1899 1709 1958 ambulantes
1762 1901 1821 1958 in

233 1987 451 2055 astutia,
481 2001 657 2060 neque
685 1985 1055 2043 adulterantes
1089 1988 1317 2044 verbum
1346 1988 1465 2045 Dei.
1517 2009 1546 2043 »
1594 1988 1682 2046 Ad
1732 1990 1823 2046 de-

234 2074 402 2132 decus
461 2074 609 2129 enim
661 2081 716 2129 et
760 2072 1209 2131 deformationem
1261 2074 1381 2147 ejus
1443 2077 1680 2148 proﬁcit,
1729 2077 1824 2150 qui

236 2164 475 2222 subdola
498 2169 681 2218 mente
709 2160 973 2233 conﬁngit
1005 2162 1310 2220 doctrinam
1335 2164 1401 2220 ad
1439 2165 1823 2238 decipiendum

233 2252 408 2311 corda
456 2250 830 2323 simplicium;
881 2250 1057 2321 turpis
1085 2252 1231 2306 enim
1280 2253 1596 2310 invenietur
1631 2256 1689 2309 in
1732 2254 1825 2311 die

234 2340 437 2413 judicii
468 2339 588 2396 Dei.
631 2340 767 2396 Nam
811 2338 1013 2394 astutia
1045 2339 1203 2393 malae
1234 2340 1453 2406 mentis,
1481 2350 1545 2395 ut
1583 2341 1639 2395 id
1678 2341 1825 2414 quod

235 2428 342 2484 sibi
378 2427 596 2484 libitum
631 2434 732 2495 est,
782 2427 1020 2498 expleat,
1070 2426 1239 2482 verba
1279 2427 1381 2482 Dei
1423 2426 1715 2496 adulterat,
1762 2436 1825 2484 ut

234 2532 454 2572 sensum
481 2515 739 2571 invertat.
772 2513 1096 2571 Adulterare
1127 2522 1208 2570 est
1227 2523 1410 2570 autem
1457 2533 1647 2573 verum
1707 2533 1822 2573 sen-

238 2620 358 2661 sum
389 2620 485 2677 per
538 2604 735 2660 falsum
790 2602 932 2659 velle
968 2601 1279 2658 excludere.
1322 2626 1342 2649 ι
1369 2602 1473 2663 Sed
1503 2604 1559 2658 in
1598 2604 1823 2660 manife-

236 2694 472 2752 statione
527 2694 775 2750 veritatis
837 2692 1283 2751 commendantes
1337 2693 1699 2765 nosmetipsos
1751 2693 1823 2751 ad

233 2800 455 2841 omnem
484 2784 872 2841 conscientiam
901 2784 1189 2840 hominum
1220 2801 1400 2842 coram
1432 2786 1721 2843 Deo.nHoc
1739 2785 1820 2841 di-

233 2873 336 2939 cit,
360 2871 492 2943 quia
510 2872 567 2927 in
590 2870 973 2943 przedicatioue
993 2872 1305 2943 evangelica
1321 2872 1461 2928 nulli
1493 2889 1549 2928 se
1569 2873 1702 2930 fecit
1731 2890 1817 2929 su-

233 2968 481 3032 spectum
534 2959 638 3030 (3),
686 2957 892 3015 addens
917 2959 1173 3031 amplius,
1204 2975 1329 3015 cum
1362 2960 1533 3016 dicit:
1581 2984 1600 3005 ι
1621 2960 1816 3017 Coram

1934 1810 2144 1860 tantum
2184 1822 2241 1861 se
2284 1822 2504 1862 servum
2560 1806 2764 1864 Christi
2806 1824 2922 1864 esse
2970 1809 3180 1880 probat,
3211 1809 3518 1880 utjubente

1934 1890 2071 1963 ipso,
2105 1893 2418 1951 ministrum
2440 1911 2496 1951 se
2527 1895 2722 1951 horum
2754 1896 2811 1952 in
2850 1897 3237 1967 praedicatione
3268 1906 3515 1967 testetur,

1933 1988 1996 2036 ut
2024 1998 2123 2053 pro
2148 1983 2386 2040 utilitate
2433 1983 2628 2040 horum
2683 1985 2915 2056 subjecti
2964 1986 3076 2042 sint
3119 1988 3179 2042 in
3208 1988 3518 2045 ministerio

1933 2069 2239 2142 Evangelii.
2273 2072 2470 2128 Servos
2498 2090 2625 2145 ergo
2661 2074 2868 2137 dicens,
2904 2076 3188 2132 ministros
3215 2076 3509 2148 signiﬁcat:

1935 2157 2027 2212 sed
2074 2166 2136 2214 ut
2190 2159 2475 2216 humiliter
2517 2162 2847 2234 loqueretur,
2888 2164 2966 2219 sic
3031 2164 3215 2230 dixit;
3270 2173 3332 2220 ut
3393 2183 3519 2222 vere

1937 2246 2244 2302 ostenderet
2291 2264 2402 2303 non
2460 2249 2527 2303 ad
2599 2266 2750 2305 suam
2809 2252 3036 2322 gloriam
3100 2269 3156 2308 se
3224 2255 3519 2324 praedicare

1938 2331 2318 2404 Evangelium,
2352 2335 2446 2391 sed
2474 2336 2543 2391 ad
2582 2337 2883 2394 claritatem
2937 2340 3158 2394 Domini
3205 2342 3376 2395 nostri
3411 2342 3517 2413 (7),

1936 2418 2027 2473 cui
2055 2419 2260 2488 obedit,
2285 2423 2375 2477 cui
2405 2424 2597 2490 servit,
2661 2425 2803 2481 sicut
2841 2433 2895 2479 et
2928 2426 3042 2497 ipse
3091 2429 3358 2484 Dominus
3403 2431 3515 2485 ait:

1949 2530 1968 2552 ι
1997 2507 2114 2577 Ego
2137 2524 2258 2562 sum
2286 2510 2345 2563 in
2367 2509 2548 2564 medio
2576 2520 2823 2566 vestrum
2854 2528 2966 2567 non
2997 2522 3056 2568 ut
3087 2516 3384 2582 ministrer,
3426 2518 3520 2572 sed

1936 2603 1998 2649 ut
2020 2595 2327 2651 ministrem
2364 2597 2515 2665 (Luc.
2547 2614 2689 2665 xxn,
2728 2599 2819 2668 27)
2848 2618 2862 2665 ;
2890 2625 2908 2647 ι
2948 2616 3059 2656 non
3089 2604 3282 2658 merito
3325 2606 3520 2660 horum

1934 2684 2133 2757 quibus
2150 2685 2448 2752 ministrat,
2481 2687 2574 2742 sed
2599 2695 2819 2760 propter
2848 2689 3138 2759 imperium
3156 2693 3396 2748 Domini.

2005 2784 2187 2855 (Vers.
2219 2784 2308 2853 6.)
2348 2808 2368 2832 ι
2401 2784 2540 2851 Quia
2569 2786 2713 2840 Deus
2753 2787 2844 2858 qui
2869 2786 3012 2842 dixit
3039 2789 3105 2843 de
3152 2792 3390 2846 tenebris
3442 2792 3521 2847 lu-

1931 2887 2056 2928 men
2102 2872 2330 2944 fulgere,
2364 2873 2548 2929 illuxit
2576 2875 2631 2929 in
2659 2874 2917 2930 cordibus
2949 2876 3151 2931 nostris
3176 2878 3244 2934 ad
3314 2880 3521 2936 illumi-

1931 2959 2207 3017 nationem
2241 2962 2573 3033 cognitionis
2618 2963 2802 3033 gloria:
2849 2964 2945 3020 Dei
3003 2965 3059 3019 in
3100 2966 3237 3022 facie
3311 2968 3520 3025 Christi

231 3047 383 3112 Deo;
416 3070 437 3094 ι
477 3054 538 3102 ut
573 3046 678 3104 hoc
701 3047 880 3118 ipsum
911 3062 1023 3103 non
1049 3048 1228 3102 solum
1278 3046 1597 3133 horninibus
1649 3048 1819 3104 mani-
1849 3081 1893 3141 ο
1928 3049 2072 3105 Jesu.
2104 3074 2124 3097 ι
2172 3050 2289 3106 Hoc
2329 3050 2486 3116 dicit,
2545 3052 2673 3122 quia
2720 3052 3108 3108 misericordia
3156 3056 3256 3109 Dei
3314 3056 3517 3113 factum

233 3135 438 3191 festum
470 3137 684 3207 probet,
727 3137 822 3193 sed
858 3137 1023 3193 etiam
1070 3138 1203 3202 Deo,
1249 3135 1338 3191 cui
1379 3124 1522 3190 nihil
1539 3137 1817 3192 occultum

230 3230 335 3279 est.
388 3223 790 3278 Testimonium
843 3239 970 3293 ergo
1025 3221 1124 3277 Dei
1169 3221 1446 3291 implorat,
1493 3230 1555 3277 ut
1587 3223 1672 3277 vel
1713 3223 1819 3278 sibi

228 3309 493 3366 credatur
524 3309 631 3381 (4),
663 3309 792 3381 quia
820 3308 900 3365 ita
925 3307 1206 3380 praedicat,
1229 3307 1371 3363 sicut
1399 3307 1588 3363 datum
1636 3316 1717 3364 est
1752 3307 1819 3363 ab

226 3399 505 3456 Auctore:
541 3406 595 3454 et
617 3399 761 3453 Deus
792 3397 898 3453 hoc
928 3395 1093 3451 modo
1139 3395 1295 3451 testis
1324 3404 1423 3464 est,
1463 3396 1594 3452 dum
1631 3395 1725 3453 dat
1750 3397 1820 3453 si-

230 3504 337 3561 gna
362 3495 417 3543 et
446 3484 695 3559 prodigia
723 3484 840 3540 ﬁeri
872 3500 969 3556 per
1002 3500 1198 3540 manus
1228 3484 1365 3555 ejus.

309 3584 491 3656 (Vers.
519 3582 601 3655 3.)
647 3582 791 3639 «Sed
839 3589 892 3638 et
948 3582 996 3638 si
1036 3580 1217 3637 adhuc
1255 3590 1504 3654 opertum
1538 3592 1617 3639 est
1644 3584 1820 3638 Evan-

235 3672 437 3745 gelium
468 3678 740 3740 nostrum,
770 3671 829 3726 in
860 3669 949 3727 his
991 3670 1087 3743 qui
1121 3678 1370 3742 pereunt.
1402 3696 1421 3717 ι
1473 3670 1676 3728 Verum
1718 3680 1819 3741 est,

232 3761 362 3834 quia
414 3759 686 3816 increduli
780 3774 893 3815 non
953 3757 1166 3826 vident,
1215 3757 1444 3830 perﬁdia
1493 3758 1819 3827 obcaecante,

232 3848 582 3923 splendorem
623 3847 849 3905 virtutis
903 3846 1036 3914 Dei;
1083 3845 1335 3902 velamen
1375 3847 1522 3904 enim
1553 3854 1635 3904 est
1660 3864 1823 3919 supra

229 3955 328 3997 cor
386 3952 597 4006 eorum,
654 3943 711 3992 et
772 3933 991 3992 obtusio
1056 3933 1419 4004 inﬁdelitatis,
1477 3934 1536 3991 in
1600 3936 1820 4005 Iudaeis,

231 4027 491 4085 maxime.

302 4123 486 4195 (V’ers.
518 4120 607 4192 lt.)
652 4143 671 4168 ι
699 4121 763 4177 In
802 4120 1002 4194 quibus
1029 4121 1174 4176 Deus
1201 4120 1386 4177 saeculi
1433 4120 1599 4195 hujus
1653 4124 1824 4181 obcae.

225 4210 380 4269 cavit
422 4223 614 4263 sensus
656 4207 998 4264 inﬁdelium:
1054 4211 1194 4268 179
1244 4215 1306 4263 ut
1355 4223 1467 4263 non
1508 4211 1827 4280 pervideant

228 4309 430 4365 lumen
483 4304 772 4374 Evangelii
828 4304 1131 4374 majestatis
1160 4302 1366 4360 Christi
1419 4304 1525 4374 (5),
1592 4304 1685 4376 qui
1748 4315 1827 4364 est

1930 3146 2031 3205 est,
2060 3144 2122 3191 ut
2152 3153 2270 3205 nos,
2304 3138 2507 3210 inquit,
2538 3139 2632 3209 qui
2666 3139 2875 3193 fuimus
2907 3140 3257 3195 incredibiles
3286 3144 3341 3197 in
3372 3145 3520 3212 igno-

1930 3223 2108 3279 rantia
2135 3224 2240 3294 (8),
2287 3224 2393 3280 hoc
2434 3231 2516 3279 est
2549 3224 2607 3279 in
2637 3225 2894 3292 tenebris,
2930 3242 3024 3296 per
3058 3243 3158 3282 nos
3196 3228 3346 3286 daret
3376 3233 3520 3288 Deus

1933 3312 2117 3366 lumen
2137 3312 2347 3368 caeteris
2376 3312 2646 3383 gentibus.
2688 3313 2964 3379 Quantum
2994 3330 3049 3368 se
3090 3316 3269 3372 adhuc
3326 3317 3520 3375 humi-

1932 3398 2052 3467 liat,
2084 3408 2147 3456 ut
2175 3400 2273 3456 Dei
2322 3400 2492 3455 solius
2533 3410 2587 3456 et
2629 3399 2829 3457 Christi
2866 3403 3093 3472 gloriam
3126 3405 3423 3474 praeferat?
3449 3409 3516 3464 Il.

1932 3487 2235 3544 luminatur
2262 3489 2428 3554 enim,
2460 3497 2521 3544 ut
2549 3489 2914 3561 cognitionem
2953 3491 3184 3548 habeant
3206 3494 3392 3563 gloriae
3416 3496 3518 3552 Dei

1931 3592 2028 3649 per
2055 3576 2356 3633 Christum.
2390 3577 2517 3633 Ideo
2545 3579 2730 3649 gloriae
2760 3579 2860 3633 Dei
2901 3580 2977 3635 ait
3008 3583 3401 3653 cognitionem,
3458 3584 3516 3641 id

1931 3674 2032 3732 est,
2063 3682 2174 3722 non
2212 3666 2310 3722 Dei
2353 3667 2541 3735 solius,
2574 3667 2668 3723 sed
2720 3674 2773 3723 et
2827 3668 3054 3736 Chrisii,
3087 3671 3183 3740 qui
3215 3680 3296 3727 est
3344 3673 3517 3744 gloria

1932 3754 2075 3826 ejus;
2107 3763 2169 3812 ut
2223 3753 2555 3827 signiﬁcaret
2602 3770 2712 3810 non
2764 3757 2941 3811 solum
3006 3759 3178 3811 Deum
3238 3761 3512 3828 cognosci,

1934 3845 2027 3901 sed
2051 3853 2104 3902 et
2131 3861 2292 3917 opera
2317 3845 2434 3917 ejus
2463 3854 2517 3901 et
2543 3844 2973 3902 misericordiam
3007 3853 3060 3900 et
3085 3846 3510 3917 providentiam,

1934 3950 2040 4007 qua
2067 3933 2313 3991 condidit
2341 3941 2395 3989 et
2435 3934 2669 3988 salvavit
2700 3949 2867 4001 genus
2916 3933 3243 4004 humanum,
3274 3936 3427 3994 visus
3454 3938 3513 3993 in

1936 4023 2154 4081 Christo
2179 4039 2275 4094 per
2294 4022 2521 4094 gloriam
2543 4022 2765 4077 virtutis
2795 4038 2924 4079 suae.

2009 4123 2188 4193 (Vers.
2217 4121 2296 4193 7.)
2345 4146 2362 4167 -
2387 4120 2656 4178 Habentes
2694 4131 2874 4179 autem
2902 4124 3218 4182 thesaurum
3250 4130 3332 4200 (1)
3363 4128 3513 4185 hunc

1936 4213 1995 4268 in
2025 4211 2170 4267 vasis
2195 4210 2475 4279 ﬁctilibus,
2534 4218 2595 4266 ut
2640 4212 2963 4268 excellentia
3017 4215 3088 4269 sit
3119 4217 3341 4274 virtutis
3388 4217 3507 4285 Dei,

1937 4310 1990 4358 et
2016 4316 2125 4357 non
2153 4315 2223 4356 ex
2251 4299 2426 4356 nobis.
2462 4325 2480 4349 ι
2520 4300 2853 4358 Thesaurum
2898 4312 3295 4360 sacramentum
3346 4304 3511 4374 signi-

228 4396 412 4467 imago
441 4391 564 4448 Dei.
590 4415 610 4439 ι
650 4392 824 4447 Deum
855 4390 991 4448 dicit
1017 4391 1360 4448 saecularium
1384 4390 1826 4468 hominum,quia
1857 4431 1906 4489 D
1936 4388 2123 4445 ﬁcavit
2142 4390 2240 4445 Dei
2270 4390 2329 4445 in
2349 4388 2587 4463 Christo,
2623 4390 2768 4463 quod
2806 4391 3154 4448 credentibus
3204 4394 3511 4450 manifesta-

231 4482 494 4540 malevoli
526 4490 659 4538 sunt
691 4498 816 4553 erga
847 4480 1009 4537 ﬁdem
1050 4481 1256 4538 Christi
1300 4498 1494 4538 sensus
1524 4483 1819 4555 obcaecare,

234 4587 303 4628 ne
332 4570 561 4627 videant
610 4569 898 4626 veritatem
952 4569 1233 4642 Evangilii
1272 4569 1569 4641 majestatis
1591 4572 1814 4631 Christi.

236 4659 350 4715 Hoc
399 4674 528 4731 ergo
578 4657 692 4714 illis
733 4666 973 4731 praestat,
1021 4658 1165 4731 quod
1208 4661 1419 4716 volunt.
1470 4661 1609 4729 Quia
1670 4662 1817 4717 enim

234 4747 492 4803 malevoli
523 4754 652 4803 sunt
680 4747 955 4816 homines,
985 4755 1038 4804 et
1065 4748 1431 4820 intelligentes
1482 4766 1696 4819 verum,
1723 4749 1821 4806 di-

234 4845 367 4892 cunt
390 4851 506 4890 esse
536 4836 756 4905 falsum,
801 4836 859 4893 in
896 4853 960 4898 eo
992 4836 1110 4909 ipso
1147 4837 1519 4909 adjuvantur;
1565 4854 1633 4893 ne
1684 4854 1821 4910 pos-

234 4923 346 4980 sint
373 4924 614 4993 credere,
680 4926 826 4999 quod
871 4926 1069 4984 nolunt
1136 4926 1240 4998 (6).
1291 4924 1575 4983 Christum
1616 4933 1817 4995 autem,

320 5141 404 5214 (2)
443 5142 791 5214 Rom.edit.,
818 5159 935 5213 qua:
960 5144 1017 5197 in
1036 5144 1117 5199 his
1144 5140 1395 5214 epistolis.

333 5213 391 5286 3)
422 5213 554 5286 Cod.
582 5213 766 5286 Corb..
797 5216 1006 5268 nullum
1033 5213 1181 5286 efﬁcit
1214 5218 1526 5283 suspectum.

278 5278 392 5355 ’(4)
422 5284 551 5355 Mss.
584 5285 810 5355 aliquot,
846 5290 904 5338 ut
932 5287 1011 5339 vel
1034 5278 1139 5355 ipsi
1167 5278 1433 5340 credatur.

335 5355 393 5423 5)
434 5353 568 5411 Cod.
595 5352 739 5410 Vall.
769 5355 936 5420 solus,
970 5352 1239 5410 obclecavit
1287 5371 1410 5423 erga
1440 5354 1595 5422 ﬁdem
1625 5352 1826 5410 Christi

310 5371 393 5423 (θ)
434 5371 568 5411 L00.
605 5371 739 5410 vau.
769 5371 936 5420 smus,
970 5371 1239 5410 oocwcavtt
1287 5371 1410 5478 erga
1440 5371 1595 5422 pacm
1625 5371 1826 5410 unrtsu

243 5441 423 5505 sensus
452 5425 709 5505 fidelium.
765 5426 837 5480 Et
878 5441 1003 5480 cum
1059 5440 1185 5480 mss.
1247 5424 1339 5497 qui
1383 5424 1596 5489 usdam,
1656 5426 1827 5480 lumen

247 5497 452 5569 gloria
465 5496 682 5569 Christi.

302 5569 401 5643 .(6)
432 5566 563 5623 Mss.
596 5566 1046 5646 frequentissimi,
1077 5566 1219 5641 quod
1245 5564 1472 5621 volunt:
1503 5564 1706 5623 rectius
1750 5573 1826 5625 ta-

1936 4486 2043 4546 tur,
2071 4478 2370 4535 incredulis
2400 4496 2529 4535 vero
2558 4479 2793 4553 quodam
2826 4489 3027 4536 tectum
3082 4488 3162 4535 est
3200 4482 3505 4544 velamine;

1927 4565 2055 4638 quia
2083 4567 2226 4624 sicut
2266 4568 2554 4624 thesaurus
2592 4568 2650 4623 in
2692 4569 2910 4623 occulto
2954 4568 3197 4638 ponitur,
3224 4569 3301 4623 ita
3323 4576 3376 4623 et
3430 4581 3511 4619 sa-

1926 4662 2263 4710 cramentum
2306 4655 2402 4708 Dei
2460 4656 2603 4709 intra
2637 4652 2940 4719 hominem,
2989 4652 3043 4707 id
3086 4659 3189 4716 est,
3236 4653 3295 4707 in
3349 4648 3511 4707 corde

1928 4741 2169 4797 humano
2197 4741 2567 4797 absconditur.
2601 4741 2761 4795 IIunc
2784 4754 2911 4809 ergo
2942 4737 3261 4794 thesaurum
3291 4740 3348 4793 in
3395 4743 3513 4797 ani-

1930 4844 2020 4886 nio
2066 4839 2119 4885 et
2164 4844 2387 4900 corpore
2430 4828 2566 4883 dicit
2623 4843 2739 4883 esse
2787 4842 2819 4881 a
2872 4828 2987 4881 Deo
3027 4824 3239 4895 datum,
3289 4828 3350 4883 ut
3379 4829 3510 4889 emi-

1931 4916 2117 4975 nentia
2135 4916 2360 4972 virtutis
2399 4916 2515 4988 ejus
2554 4922 2806 4988 appareat
2835 4930 2930 4985 per
2960 4913 3212 4972 homines
3256 4918 3511 4991 praedica-

1926 5156 2055 5197 men
2071 5139 2188 5207 alii,
2218 5146 2271 5195 et
2290 5136 2448 5203 edit.,
2477 5133 2616 5206 quod
2628 5133 2849 5207 _nolunt_.

2032 5214 2086 5281 7)
2118 5197 2280 5267 Corb.
2317 5197 2524 5281 Codex,
2554 5205 2770 5281 sednper
2796 5197 3339 5281 charitatentphristj.

2032 5214 2086 5281 7)
2118 5213 2280 5267 Corb.
2317 5213 2524 5275 Codex,
2554 5213 2641 5260 sed
2675 5221 2770 5275 per
2796 5213 3106 5279 chqrttatem
3127 5213 3339 5260 Christi.

2003 5213 2088 5351 i8)
2120 5282 2275 5336 Rom.
2306 5280 2462 5351 edit.,
2486 5277 2599 5351 rqui
2632 5274 2834 5351 fuimus
2866 5272 3195 5351 increduli...
3255 5277 3529 5347 Humilia.

1934 5345 2024 5408 tur
2049 5345 2183 5405 enim
2203 5356 2262 5403 ut
2287 5345 2642 5419 cogitationem
2667 5345 2916 5419 habent-1t,
2946 5345 3055 5395 etc.

2008 5422 2088 5492 (9)
2134 5405 2522 5496 Εειαθιηῖεαίςς
2571 5418 2755 5496 Βρξιιη
2790 5405 3081 5496 lidius:
3122 5420 3292 5468 αηιειη
3328 5417 3557 5496 thema.

1934 5478 2123 5549 ruina.
2170 5497 2229 5546 ut
2281 5488 2558 5545 eminentia
2603 5478 2747 5539 sit...
2790 5478 3079 5534 Thesauro
3137 5478 3582 5595 δίιιιναιηθηιηῖπξξ³

1935 5570 2021 5595 Δθη

1935 5570 2040 5627 etc.
