3952 6202
423 345 528 404 807

1463 319 1558 376 AD
1597 313 1830 372 OPERA
1863 309 1917 365 S.
1962 305 2291 367 AMBROSII
2332 300 2706 366 APPENDIX.

3614 289 3742 351 308

423 480 574 529 tores
628 461 945 521 duntaxat:
1004 459 1068 513 ut
1133 443 1519 507 reconcilietur
1575 437 1756 493 omnis
1839 435 2021 505 lingua
2050 447 2100 504 Α
2129 433 2506 506 praedicantes,
2541 420 2866 482 inimicitias
2923 419 3029 478 sibi
3086 417 3398 478 excitabant
3429 423 3543 478 tam
3572 432 3608 476 ει
3641 415 3747 478 Ju-

427 525 671 617 Creatori
729 565 848 614 suo,
902 557 1011 604 non
1054 540 1124 596 ad
1169 528 1657 594 honoriﬁcentiam
1707 525 2023 590 hominum,

427 613 522 704 sed
552 640 672 708 Dei,
695 637 791 710 qui
835 613 890 690 se
935 628 1248 686 manifestat
1289 637 1383 693 per
1426 616 1690 674 homines
1727 633 1738 669 :
1771 613 1866 685 qui
1900 629 2023 668 cum

428 731 672 793 humiles
714 709 772 782 et
806 717 1042 792 imperiti
1074 719 1272 777 essent,
1323 711 1652 776 acceperunt
1703 709 2025 774 potestatem

430 789 602 880 aﬁDeo
633 824 685 871 et
715 789 971 884 loquendi
997 800 1290 872 magnalia,
1324 805 1377 856 et
1397 793 1614 884 agendi.
1650 792 1868 851 Fictilia
1894 789 2024 884 _(iﬁ)

433 877 562 980 ergo
583 919 710 961 vasa
737 877 1334 960 dicens,inﬁrmitatem
1357 891 1567 945 naturae
1591 881 1842 978 humanae
1864 877 2026 976 signi-

432 967 583 1063 ﬁcat,
624 1006 746 1063 quas
779 985 921 1047 nihil
953 985 1152 1053 potest,
1185 975 1290 1032 nisi
1313 990 1345 1030 a
1392 975 1504 1033 Deo
1542 969 1811 1040 acciperet
1840 967 2030 1063 virtu-

433 1055 580 1151 tem,
599 1055 656 1138 et
683 1077 750 1133 ad
776 1072 991 1136 laudem
1021 1083 1176 1130 suam
1208 1067 1354 1123 Deus
1382 1078 1477 1151 per
1505 1061 1622 1118 haec
1649 1074 1706 1116 se
1746 1055 2026 1151 praedicet,

435 1143 564 1248 qusi
588 1167 810 1226 inﬁrma
830 1169 961 1220 sunt
986 1177 1000 1226 ;
1026 1165 1088 1214 ut
1119 1153 1294 1228 gloria
1315 1150 1408 1215 illi
1439 1149 1618 1218 detur,
1656 1162 1766 1209 non
1792 1143 2028 1210 homini,

438 1263 536 1339 qui
573 1274 642 1314 ex
671 1257 789 1312 luto
820 1251 982 1312 ﬁctus
1006 1253 1111 1304 est.

513 1349 700 1422 (Vers.
733 1346 791 1414 8)
863 1366 884 1394 ι
939 1341 1003 1399 In
1047 1332 1307 1396 omnibus
1363 1343 1674 1422 pressuram
1707 1324 1871 1399 passi.
1939 1321 2033 1422 sed

440 1409 556 1499 non
603 1409 964 1505 coanghstati.
1003 1451 1022 1478 ι
1093 1425 1251 1482 Nunc
1309 1417 1548 1480 ostendit
1605 1422 1858 1505 propter
1889 1409 2037 1483 quod

443 1526 630 1586 idonei
665 1502 815 1580 erant
850 1515 1231 1592 praedicatores
1262 1529 1276 1577 ;
1312 1509 1442 1581 quia
1461 1520 1674 1577 semper
1700 1504 1812 1564 illis
1846 1502 1902 1562 in
1932 1515 2039 1562 ne—

442 1620 695 1680 cessitate
715 1613 892 1671 adfuit
922 1611 1085 1666 Deus.
1129 1629 1147 1652 ι
1177 1603 1306 1662 Ideo
1338 1614 1672 1672 pressuram,
1704 1622 1723 1646 ι
1766 1596 1862 1660 ait,
1883 1618 1900 1644 ι
1923 1608 2038 1680 pas-

446 1709 517 1777 si,
546 1706 641 1764 sed
669 1719 780 1761 non
808 1693 1188 1767 coangustati:
1241 1717 1260 1740 ι
1335 1689 1441 1750 hoc
1482 1694 1585 1754 est,
1643 1699 1756 1746 non
1787 1679 2042 1755 permisit

2133 523 2267 584 ἀωίδ
2296 537 2457 592 quam
2487 534 2518 580 ιι
2547 514 2864 588 gentilibus,
2904 507 3162 582 usquead
3182 516 3433 568 mortem.

2207 631 2390 701 (Vers.
2429 626 2542 695 13.)
2600 649 2618 673 ι
2659 621 2930 679 Habentes
2962 625 3144 676 autem
3184 615 3438 672 eumdem
3466 615 3742 687 spiritum

2136 718 2287 786 ﬁdei,
2316 741 2334 766 ι
2398 716 2503 772 hoc
2553 719 2655 778 est,
2715 722 3062 766 communem
3106 704 3384 776 spiritum,
3426 719 3525 774 per
3566 719 3742 775 quem

2137 808 2386 864 ﬁrmatur
2406 804 2563 870 ﬁdes,
2595 801 2861 857 habemus
2880 795 3168 851 vobiscum
3203 792 3342 864 (14).
3389 791 3516 848 Ideo
3579 792 3738 847 enim

2137 911 2236 968 pro
2265 894 2398 967 ipsis
2466 900 2617 948 tanta
2660 887 2968 962 patiebatur
3014 884 3174 950 mala,
3233 888 3296 936 ut
3335 880 3574 937 invicem
3625 881 3736 936 sibi

2138 986 2528 1058 copularentur
2567 983 2624 1038 in
2671 979 2796 1034 ﬁde.
2845 1001 2865 1025 ι
2908 973 3220 1031 Secundum
3276 970 3424 1043 quod
3465 972 3736 1042 scriptum

2141 1083 2270 1131 est:
2325 1071 2565 1138 Credidi,
2636 1074 2855 1140 propter
2919 1062 3063 1136 quod
3121 1063 3337 1117 locutus
3393 1076 3513 1115 sum
3559 1062 3733 1130 (Psal.

2141 1162 2418 1232 cxv,10);
2452 1168 2505 1217 et
2534 1173 2634 1216 nos
2669 1155 2966 1220 credimus,
2997 1159 3221 1223 propter
3255 1148 3403 1221 quod
3426 1144 3438 1152 ’
3460 1156 3514 1208 et
3561 1149 3736 1222 loqui-

2139 1271 2287 1312 mur.
2321 1279 2340 1302 ι
2374 1250 2704 1322 Exemplum
2737 1246 2859 1302 ideo
2890 1242 3041 1299 dedit
3067 1241 3134 1296 de
3189 1241 3401 1312 psalmo
3437 1241 3737 1297 centesimo

2144 1344 2358 1401 decimo
2403 1341 2619 1413 quinto,
2681 1344 2742 1394 ut
2795 1332 3104 1391 ostenderet
3152 1330 3276 1386 ideo
3313 1346 3370 1387 se
3421 1339 3732 1402 promptum

2145 1448 2261 1488 esse
2289 1431 2357 1487 ad
2385 1429 2570 1485 omnia
2623 1423 2927 1491 toleranda,
2957 1422 3086 1493 quia
3121 1419 3298 1476 credit
3345 1419 3589 1478 futuram
3646 1437 3737 1477 re-

2147 1520 2561 1579 surrectionem.
2607 1516 2840 1572 Securus
2882 1528 3009 1584 ergo
3063 1509 3130 1566 de
3179 1509 3368 1566 futura
3413 1510 3547 1576 vita,
3594 1527 3737 1582 pra:-

2147 1610 2316 1667 sentis
2367 1610 2494 1665 vita)
2548 1622 2658 1663 non
2717 1604 2878 1660 habet
2935 1616 3159 1666 curam;
3201 1599 3402 1672 quippe
3449 1616 3573 1656 cum
3638 1601 3736 1657 hoc

2147 1700 2421 1764 credatur,
2452 1703 2515 1754 ut
2543 1703 2677 1752 tunc
2729 1694 2824 1753 illa
2867 1693 3024 1748 beata
3063 1689 3179 1746 vita
3225 1696 3474 1759 speretur
3527 1689 3734 1759 (15),ιὶ

449 1797 597 1854 Deus
625 1800 839 1849 Ῑεῐιῐιιῐῑι
887 1803 988 1842 “03
1017 1779 1274 1854 opprimi!
1326 1785 1390 1869 Ρῖ
1446 1775 1812 1869 "ﬁerem?"
1860 1772 2044 1869 flnof'
2073 1805 2120 1866 Β
2154 1792 2272 1848 ιιωο
2315 1794 2720 1846 contemnatur.
2767 1784 3001 1840 Securus
3039 1797 3167 1853 ergo
3213 1781 3344 1854 quia
3379 1779 3527 1852 quod
3555 1779 3738 1836 credi-

448 1886 598 1959 piam
634 1878 799 1955 passi,
831 1874 924 1933 sed
951 1889 1061 1931 non
1093 1865 1379 1935 destituti;
1426 1888 1446 1916 ι
1500 1862 1560 1926 id
1615 1869 1716 1933 est.
1747 1863 1806 1925 in
1860 1862 2046 1932 inopia

2166 1880 2259 1949 dit,
2317 1894 2508 1934 verum
2556 1882 2656 1942 est,
2705 1872 2869 1929 audet
2919 1871 3026 1926 hoc
3074 1869 3388 1942 praedicare,
3432 1876 3496 1925 ut
3519 1876 3739 1925 caeteros

451 1972 654 2049 positis
681 1967 859 2025 adfuit
884 1971 1068 2037 pastor
1096 1963 1260 2018 Deus.

532 2071 713 2142 (Vers.
745 2066 828 2135 9.)
885 2086 904 2111 ι
932 2058 1370 2116 Persecutionem
1399 2053 1565 2127 passi,
1595 2047 1690 2142 sed
1717 2063 1828 2105 non
1883 2046 2049 2142 dere-

455 2134 596 2217 licti.
628 2181 648 2206 ι
691 2134 894 2211 Verum
924 2157 1026 2216 est,
1063 2147 1193 2217 quia
1219 2143 1539 2202 consulebat
1567 2140 1646 2194 eis
1698 2139 1842 2194 Deus
1901 2134 2046 2206 (11),

453 2264 526 2306 ne
582 2246 714 2303 satis
769 2242 875 2298 sibi
930 2239 1174 2295 facerent
1227 2234 1415 2291 dehis
1467 2228 1702 2288 inimici.
1758 2251 1777 2274 ‹
1821 2225 2046 2296 Dejecti,

456 2337 553 2396 sed
582 2352 691 2391 non
723 2331 984 2404 perimus,
1018 2353 1037 2378 ι
1107 2327 1165 2384 id
1213 2334 1314 2392 est,
1381 2319 1704 2377 verberibus
1761 2313 2044 2388 prostrati,

455 2425 554 2488 sed
583 2424 830 2479 obstante
859 2420 970 2473 Deo
995 2432 1106 2472 non
1147 2410 1506 2476 mortiﬁcati;
1540 2409 1658 2464 sive
1685 2406 1832 2462 enim
1893 2405 2052 2460 clau-

458 2515 532 2582 si,
588 2515 704 2570 sive
753 2507 1045 2571 vinculati,
1095 2503 1371 2574 adjutorio
1431 2500 1530 2557 Dei
1586 2513 1780 2557 manus
1808 2495 2049 2550 hostium

467 2601 792 2660 evadebant.
854 2600 1100 2667 Denique
1141 2593 1343 2647 Paulus
1411 2596 1468 2644 et
1519 2588 1659 2644 Silas
1689 2601 1814 2642 cum
1876 2589 2052 2643 essent

464 2691 662 2757 clausi,
687 2690 802 2762 jam
833 2686 978 2752 caesi,
1002 2691 1057 2739 et
1087 2683 1249 2754 pedes
1276 2696 1462 2737 eorum
1489 2679 1604 2749 jam
1626 2682 1805 2732 essent
1835 2675 1890 2727 in
1921 2685 2050 2726 ner-

461 2799 535 2839 vo
575 2760 845 2846 conclusi,
873 2777 1080 2831 alacres
1110 2773 1381 2843 hymnum
1411 2767 1680 2824 canebant
1709 2760 2054 2828 Deo,fortio-

461 2887 552 2932 res
580 2871 648 2925 iis
677 2867 831 2931 facti,
861 2864 954 2934 qui
987 2877 1099 2916 non
1129 2868 1284 2915 erant
1310 2858 1456 2914 cesi.

541 2965 725 3035 (Vers.
760 2959 872 3028 10.)
945 2980 964 3004 ι
1001 2957 1224 3023 Semper
1282 2959 1513 3008 mortem
1541 2948 1766 3008 Domini
1823 2947 1949 3004 Jesu
1997 2946 2054 3002 in

475 3067 708 3125 corpore
769 3052 956 3103 nostro
1015 3042 1501 3100 circumferentes:
1553 3045 1693 3103 180
1745 3046 1808 3094 ut
1859 3045 1914 3093 et
1942 3037 2056 3091 vita

473 3152 602 3209 Jesu
635 3149 691 3204 in
718 3159 944 3220 corpore
974 3149 1160 3198 nostro
1191 3139 1585 3196 manifestatur.
1616 3162 1636 3187 ι
1678 3134 1916 3191 Dubium
1947 3146 2056 3187 non
2083 3161 2133 3223 Ο

473 3252 576 3312 est,
610 3239 738 3313 quia
762 3239 817 3292 in
850 3232 1186 3307 martyribus
1213 3231 1465 3288 Christus
1490 3227 1781 3296 occiditur,
1821 3234 1875 3282 et
1905 3225 1962 3280 in
1992 3223 2060 3278 iis

470 3331 565 3405 qui
600 3312 696 3404 pro
725 3327 839 3383 ﬁde
871 3325 1156 3398 patiuntur
1186 3330 1279 3377 aut
1308 3320 1491 3376 exitus
1520 3319 1661 3392 (12),
1695 3322 1788 3372 aut
1815 3312 2058 3377 vincula,

471 3399 568 3478 aut
602 3399 852 3473 uerbera
881 3413 1087 3471 Christi
1137 3411 1415 3482 passiones
1437 3415 1567 3463 sunt
1601 3427 1615 3475 ;
1645 3412 1708 3462 ut
1729 3413 1781 3460 et
1805 3403 1920 3458 vita
1948 3399 2064 3470 ejus

470 3526 533 3582 in
569 3523 794 3579 corpore
823 3520 1012 3559 eorum
1043 3502 1220 3572 palam
1253 3499 1366 3554 ﬁat.
1402 3499 1686 3553 Passiones
1735 3494 1880 3551 enim
1912 3499 2062 3556 sunt,

473 3612 595 3668 quae
644 3591 942 3648 ostendunt
998 3589 1252 3643 meritum
1306 3585 1373 3640 ad
1405 3586 1647 3639 futuram
1673 3583 1871 3647 vitam,
1902 3595 2063 3651 quam

475 3666 732 3758 promisit
789 3677 1058 3735 Christus.
1102 3673 1256 3730 Unde
1313 3673 1421 3728 alio
1476 3673 1604 3727 loco
1649 3671 1832 3725 dicit:
1879 3690 1899 3714 ι
1929 3666 2063 3723 Cum

475 3757 750 3838 inﬁrmor,
778 3777 908 3825 tunc
946 3773 1142 3839 potens
1169 3779 1288 3820 sum
1351 3761 1439 3834 (ΙΙ
1495 3762 1619 3818 Cor.
1646 3776 1750 3827 xu,
1790 3757 1944 3830 10).-
1995 3758 2067 3812 Et

478 3863 714 3921 iterum:
762 3883 780 3906 ι
808 3859 907 3913 Per
955 3853 1340 3911 tribulationes
1387 3858 1603 3924 oportet
1647 3865 1748 3905 nos
1777 3848 1979 3904 intrare
2008 3847 2064 3901 in

476 3967 707 4024 regnum
739 3948 837 4006 Dei
870 3948 1011 4020 (Act.
1050 3962 1167 4012 xxv,
1200 3944 1315 4015 2i).
1349 3967 1368 3991 ι

552 4041 735 4111 (Vers.
772 4038 886 4104 11.)
932 4059 950 4082 ε
979 4034 1036 4091 81
1086 4049 1214 4105 ergo
1263 4048 1364 4088 nos
1409 4030 1505 4104 qui
1546 4029 1790 4086 vivimus
1823 4026 1964 4100 (13),
2009 4025 2066 4081 in

489 4135 727 4184 mortem
777 4125 1046 4180 tradimur
1101 4129 1321 4194 propter
1360 4123 1544 4178 Jesum
1575 4140 1588 4187 ;
1617 4129 1680 4176 ut
1704 4127 1756 4175 et
1785 4119 1900 4174 vita
1943 4117 2068 4172 Jesu

494 4215 674 4286 palam
707 4213 800 4266 ﬁat
823 4213 876 4264 in
907 4211 1009 4265 hac
1047 4209 1269 4265 mortali
1297 4225 1457 4264 carne
1494 4215 1702 4266 nostra.
1735 4230 1756 4255 ι
1799 4207 2067 4277 Apertum

482 4309 568 4356 est
606 4298 751 4370 quod
784 4297 940 4364 dicit,
981 4296 1111 4368 quia
1142 4295 1264 4349 ideo
1298 4295 1354 4348 in
1383 4304 1615 4350 mortem
1658 4293 1801 4349 tradi
1851 4301 2070 4364 propter

487 4389 696 4452 Jesum,
731 4386 932 4457 inquit,
965 4401 1075 4440 non
1119 4399 1452 4450 recusamus,
1497 4399 1622 4439 cum
1673 4382 1943 4454 possimus
1990 4380 2068 4435 vi-

2157 1970 2270 2042 spei
2300 1985 2412 2024 sure
2445 1965 2736 2038 participes
2761 1960 2945 2017 faciat.
3004 1982 3023 2010 ι
3045 1958 3284 2014 Scientes
3311 1957 3452 2029 quod
3482 1959 3584 2030 qui
3617 1975 3742 2014 sus-

2157 2060 2351 2118 citavit
2402 2057 2697 2114 Dominum
2730 2052 2932 2116 Iesum,
2965 2055 3019 2104 et
3051 2064 3151 2104 nos
3197 2062 3320 2103 cum
3344 2046 3470 2107 Jesu
3499 2047 3744 2103 suscita-

2158 2149 2241 2208 bit
2271 2147 2387 2221 (16)
2421 2154 2476 2201 et
2504 2143 2805 2203 constituet
2838 2139 3146 2195 vobiscum.
3182 2161 3200 2184 ι
3245 2137 3356 2192 Hac
3380 2151 3477 2208 spe
3504 2136 3646 2192 dicit
3673 2138 3742 2193 ls-

2159 2236 2339 2294 borari
2373 2242 2594 2308 propter
2624 2231 2808 2296 ﬁdem,
2842 2228 2971 2301 quia
2994 2227 3302 2298 exemplum
3352 2225 3608 2296 praecedit
3667 2242 3743 2282 re-

2160 2327 2516 2387 surrectionis
2561 2322 2782 2382 Domini
2827 2322 2974 2388 Jesu,
3028 2318 3161 2390 quid
3213 2317 3386 2378 futuri
3426 2325 3587 2372 erunt
3651 2317 3741 2390 qui

2161 2418 2390 2476 credunt
2419 2435 2432 2482 ;
2463 2414 2592 2488 quis
2635 2437 2653 2459 ι
2678 2411 2818 2467 sicut
2876 2409 2934 2464 in
2972 2407 3146 2463 Adam
3184 2422 3372 2461 omnes
3412 2407 3741 2472 moriuntur,

2162 2507 2238 2564 ita
2259 2514 2312 2562 et
2342 2507 2400 2561 in
2433 2503 2656 2561 Christo
2694 2515 2883 2554 omnes
2915 2495 3347 2556 vivificabuntur
3377 2495 3435 2564 (Ι
3464 2495 3590 2551 Cor.
3648 2512 3740 2562 xv,

2161 2597 2276 2664 22).
2309 2620 2330 2644 ι
2364 2594 2537 2649 Adam
2573 2590 2719 2646 enim
2750 2588 2928 2642 forma
2956 2584 3149 2640 mortis
3177 2591 3280 2652 est,
3313 2600 3472 2640 causa
3502 2585 3739 2656 peccati:

2163 2684 2415 2742 Christus
2461 2697 2589 2736 vero
2640 2679 2816 2733 forma
2851 2676 2978 2730 vitae
3026 2681 3248 2745 propter
3289 2672 3584 2744 justitiam,
3621 2674 3746 2746 quia

2162 2781 2442 2848 peccatum
2485 2785 2594 2826 non
2653 2767 2803 2832 fecit,
2843 2779 2944 2819 nec
2989 2762 3152 2818 dolus
3180 2762 3437 2817 inventus
3467 2769 3546 2818 est
3574 2761 3635 2818 in
3657 2779 3745 2818 ore

2163 2864 2301 2937 ejus.
2356 2865 2427 2920 Et
2479 2859 2744 2936 quoniam
2790 2855 3083 2928 participes
3130 2852 3230 2908 hos
3257 2853 3565 2908 communis
3621 2852 3748 2908 ﬁdei

2163 2957 2330 3025 dixit,
2371 2979 2390 3002 ι
2421 2953 2815 3014 resuscitatus;
2834 2947 3035 3019 inquit,
3079 2946 3398 3004 «constituet
3427 2944 3732 3002 vobiscum.

2163 3054 2227 3104 ut
2253 3045 2419 3100 unius
2449 3041 2575 3097 ﬁdei
2616 3040 2670 3094 in
2721 3054 2831 3093 una
2858 3037 2970 3093 sint
3049 3033 3213 3089 domo
3250 3034 3416 3106 pacis.
3435 3034 3573 3092 Cum
3603 3035 3748 3091 enim

2164 3133 2487 3204 intelligunt
2539 3129 2667 3203 quia
2715 3143 2811 3198 pro
2839 3125 2970 3196 ipsis
3018 3123 3303 3196 patiuntur
3343 3123 3535 3192 exitia,
3567 3132 3622 3179 et
3657 3109 3748 3178 isti

2168 3223 2392 3280 solliciti
2427 3227 2554 3277 sunt
2589 3219 2655 3274 de
2694 3212 3038 3288 passionibus
3080 3212 3278 3268 horum
3325 3213 3478 3269 velut
3522 3229 3751 3284 compa-

2171 3313 2388 3380 ticntes,
2421 3309 2585 3366 simul
2617 3315 2669 3363 et
2697 3304 2988 3378 participes
3015 3303 3254 3358 eruntin
3286 3302 3398 3358 vita
3435 3305 3703 3375 promissa
3735 3323 3748 3370 ;

2170 3410 2234 3457 ut
2262 3403 2424 3457 simul
2457 3397 2784 3463 contristati,
2837 3394 3000 3449 simul
3053 3391 3337 3462 gaudeant.
3374 3393 3604 3466 Propter
3629 3395 3755 3450 illos

2173 3492 2252 3548 sic
2281 3491 2543 3563 loquitur,
2581 3488 2675 3559 qui
2717 3481 3172 3540 resurrectionem
3221 3481 3505 3559 negabant,
3538 3500 3673 3557 quos
3699 3492 3756 3541 et

2174 3580 2231 3634 in
2252 3579 2427 3652 prima
2455 3576 2683 3648 epistola
2702 3572 3016 3645 exprobrat.

2282 3687 2461 3759 (Vers.
2488 3684 2572 3752 14,
2603 3682 2717 3755 15.)
2793 3706 2810 3728 ‹
2840 3677 3034 3737 Omnia
3053 3679 3199 3734 enim
3255 3684 3475 3756 propter
3525 3696 3644 3748 vos,
3694 3690 3759 3738 ut

2176 3777 2346 3854 gratia
2391 3773 2672 3834 abundans
2745 3771 2884 3843 (17),
2951 3785 3046 3842 per
3091 3767 3389 3823 multorum
3459 3769 3755 3839 gratiarum

2175 3867 2442 3923 actionem
2474 3861 2715 3926 abundet
2752 3860 2820 3919 ad
2840 3859 3066 3938 gloriam
3094 3857 3212 3914 Dei.
3246 3881 3264 3905 ι
3307 3858 3350 3912 Α
3389 3873 3616 3919 munere
3658 3875 3760 3915 suo

2173 3957 2319 4016 Deus
2364 3954 2578 4010 nullum
2621 3951 2800 4009 voluit
2845 3965 2958 4010 esse
3016 3948 3255 4008 alienum
3298 3961 3312 4000 :
3370 3953 3425 4001 et
3471 3947 3604 4026 quia
3648 3964 3762 4003 non

2177 4058 2364 4098 omnes
2392 4041 2615 4112 capiunt
2644 4037 2870 4093 verbum
2902 4035 3053 4104 ﬁdei,
3082 4033 3376 4106 Apostolus
3418 4033 3516 4088 Dei
3566 4035 3766 4090 volun-

2176 4139 2341 4187 tatem
2372 4130 2569 4196 sciens,
2600 4126 3000 4201 persecutiones
3037 4132 3090 4180 et
3135 4123 3376 4195 pericula
3402 4121 3512 4194 pati
3554 4139 3666 4179 non
3695 4123 3764 4178 ti-

2179 4219 2341 4284 muit,
2384 4216 2683 4274 dummodo
2731 4214 2987 4270 omnibus
3033 4211 3268 4268 fideliter
3311 4210 3654 4283 praedicaret,
3700 4219 3765 4268 ut

2179 4309 2364 4382 plures
2402 4314 2623 4380 possent
2671 4304 2926 4370 credere;
2976 4310 3039 4358 ut
3081 4300 3365 4357 abundans
3402 4299 3614 4356 donum
3666 4302 3766 4358 Dei

2179 4415 2290 4454 non
2326 4413 2423 4468 per
2450 4410 2746 4467 paucorum
2777 4393 3071 4470 gratiarum
3101 4391 3369 4448 actionem
3419 4390 3768 4446 minueretur

482 4492 612 4572 Ῡθιέθ
638 4494 653 4543 ;
691 4482 753 4530 ιη
942 4489 1070 4572 (111³.
1096 4471 1399 4530 resurrexit
1443 4487 1476 4527 α
1530 4471 1764 4572 monitis
1794 4470 2068 4538 Chrisms:
2105 4513 2154 4572 D
2179 4486 2248 4542 ad
2272 4483 2657 4541 contumeliam
2689 4483 2813 4549 Dei,
2842 4481 2936 4537 sed
2966 4480 3156 4535 multis
3194 4478 3484 4550 proﬁciens
3515 4479 3770 4536 afﬂueret

483 4569 620 4626 huic
649 4566 870 4623 mortali
921 4565 1074 4622 carni
1118 4572 1319 4621 nostris
1361 4573 1665 4636 praestetur,
1697 4563 1800 4620 hoc
1832 4571 1933 4630 est,
1963 4578 2075 4618 non

481 4659 682 4717 timere
712 4656 850 4714 mori
883 4662 1105 4730 propter
1125 4655 1573 4712 resurrectionem
1605 4654 1945 4728 promissam.

554 4762 738 4834 (Vers.
778 4760 892 4832 12.)
940 4785 959 4808 ι
989 4761 1177 4834 Itaque
1206 4775 1354 4815 mors
1381 4759 1603 4838 quidem
1636 4758 1691 4812 in
1746 4754 1906 4811 nobis
1932 4768 2070 4825 ope-

484 4859 659 4920 ratur,
692 4851 808 4906 vita
847 4866 978 4906 vero
1010 4850 1067 4906 in
1097 4849 1278 4906 vobis.
1307 4873 1328 4897 ι
1370 4849 1485 4903 Hoc
1522 4846 1677 4914 dicit,
1703 4845 1833 4918 quia
1861 4860 1959 4916 pro
1989 4859 2068 4898 sa-

485 4938 603 4996 lute
655 4955 847 4996 eorum
913 4937 1082 4994 morti
1125 4935 1562 5008 subjiciebantur
1592 4953 1608 5002 ;
1645 4933 1896 5014 gentibus
1924 4932 2069 4988 enim

562 5142 676 5215 (10)
708 5142 841 5198 Cod.
876 5140 1069 5215 Corb_.,
1102 5140 1316 5215 Fictilia
1378 5157 1498 5215 ergo
1537 5155 1667 5215 sese
1713 5138 2072 5215 inﬁrmitatem

487 5209 703 5271 παὲιινὶε
723 5217 967 5269 Innnanw
987 5211 1302 5283 signiﬁcant,
1335 5209 1461 5280 quia
1490 5211 1624 5268 nihil.
1641 5215 1808 5280 potest
1853 5209 2071 5280 aliqui-9,

487 5297 679 5430 emat)
714 5359 863 5414 Idem
889 5356 1011 5430 cod.
1037 5353 1632 5430 Corb.,_Consalabatur
1661 5369 1747 5430 eos
1771 5355 1930 5430 Deus.

565 5423 681 5500 (12)
716 5432 871 5485 Rom.
905 5428 1062 5494 edit.,
1110 5425 1400 5500 Patiamur
1437 5429 1552 5500 aut
1595 5426 1826 5500 exsilia,-
1855 5423 2074 5500 reliquae

492 5493 1152 5571 ac'mssqpatiuntur'aut
1192 5496 1385 5562 exitus,
1435 5493 1492 5551 id
1521 5503 1620 5564 est,
1646 5496 1835 5564 obitus,
1895 5493 2073 5560 condes,

493 5579 599 5710 cui.
618 5640 705 5712 13)
735 5640 938 5696 Eadem
971 5640 1128 5695 Rom.
1156 5639 1314 5706 edit.,
1348 5640 1556 5709 Semper
1586 5638 1722 5692 enim
1739 5654 1833 5691 nos
1857 5638 1948 5706 qui
2001 5637 2075 5692 ei-

2184 4591 2280 4646 per
2307 4575 2606 4628 multorum
2641 4571 2936 4643 gratiarum
2967 4569 3239 4624 actionem
3274 4567 3340 4622 ad
3374 4567 3605 4639 gloriam
3647 4572 3766 4628 Dei.

2179 4663 2392 4739 Quanto
2439 4678 2565 4733 ergo
2622 4660 2714 4716 hic
2760 4659 2958 4730 dignus
3005 4657 3213 4712 honore
3254 4663 3353 4723 est,
3402 4658 3497 4730 qui
3524 4659 3769 4715 animam

2179 4768 2331 4808 suam
2377 4766 2590 4823 semper
2637 4749 2798 4804 morti
2831 4746 3102 4819 subjecit:
3133 4761 3202 4801 ne
3231 4745 3438 4800 donum
3468 4747 3569 4802 Dei
3611 4748 3773 4819 longe

2181 4841 2338 4897 aliter
2361 4839 2669 4913 proﬁceret,
2706 4852 2870 4914 quam
2916 4835 3105 4891 datum
3147 4840 3229 4889 est
3260 4834 3288 4890 Ῥ
3332 4834 3616 4906 Numquid
3658 4852 3773 4891 non

2182 4945 2377 5002 magna
2435 4926 2769 4984 contumelia
2827 4923 2945 4997 ejus
3006 4931 3106 4992 ut,
3141 4923 3238 4996 qui
3301 4937 3513 4978 omnem
3562 4923 3775 4981 faciens

2182 5143 2351 5197 simus
2377 5141 2449 5196 Et
2472 5139 2631 5205 infra,
2665 5137 2770 5193 hoc
2799 5143 2897 5203 est,
2929 5149 3034 5189 non
3081 5133 3319 5188 timemus
3348 5131 3506 5190 mori.

2256 5213 2372 5284 (14)
2403 5211 2518 5268 Cod
2559 5203 2753 5275 Laud.,
2800 5207 3060 5278 Spiritum
3087 5223 3238 5276 quem
3289 5206 3446 5276 ﬁrma
3474 5204 3581 5277 fide
3628 5203 3778 5267 habe-

2186 5300 2299 5338 mus
2321 5284 2600 5338 vobiscum.

2257 5354 2375 5422 (15)
2410 5353 2531 5410 Vet.
2561 5352 2692 5409 edit.
2732 5364 2795 5406 ac
2826 5364 2955 5404 mss.
2994 5349 3226 5422 aliquot,
3259 5353 3571 5423 promentem
3614 5349 3783 5404 vitam

2184 5442 2290 5481 non
2309 5425 2458 5482 habet
2485 5440 2684 5480 earum.

2257 5497 2376 5632 (ἓξ)
2407 5496 2564 5552 Rom.
2598 5493 2757 5556 edit.,
2786 5498 2835 5549 et
2852 5507 2945 5573 nos
2961 5508 3062 5562 per
3087 5491 3262 5547 Issum
3287 5490 3582 5548 suseitabit.

2358 5561 2375 5632 )
2407 5564 2606 5620 Eadem
2640 5565 2795 5620 Rom.
2829 5561 2984 5630 edit.,
3007 5570 3066 5618 ut
3097 5563 3293 5617 donum
3318 5561 3582 5618 abundare

2287 5561 2375 5634 17)
2407 5564 2606 5620 Eadem
2640 5565 2795 5620 Rom.
2829 5561 2984 5630 edit.,
3007 5570 3066 5618 ut
3097 5563 3293 5617 donum
3318 5561 3625 5619 abundans.
