3952 6202
245 185 353 250 309

1305 179 1662 240 COMMENT.
1705 178 1775 236 IN
1813 178 2028 236 EPIST.
2070 178 2118 234 Il
2156 179 2249 234 ΑΙ)
2288 177 2443 235 COR.

3419 177 3525 237 310

247 314 582 385 opulentam,
636 325 699 368 ac
754 310 957 367 multos
996 309 1257 376 inritans,
1312 324 1511 382 paucos
1555 305 1717 361 habet
1766 304 2033 369 inAluti
2098 304 2381 374 fuerimus,
2447 303 2762 359 aediﬁcatam
2824 304 3168 361 inveniemus
3231 305 3289 361 in
3362 305 3518 360 coelis

248 416 462 457 summa
481 400 510 457 7

323 490 504 561 (Vers.
540 487 654 561 16.)
714 510 732 534 ι
763 487 1104 560 Quapropter
1128 502 1239 542 non
1273 484 1577 541 deﬁcimus.
1608 508 1627 534 ›
1669 481 1839 539 Mani-

248 577 447 636 festum
480 585 562 634 est
604 576 723 632 haec
769 574 837 631 ad
890 575 1224 647 superiorem
1273 589 1491 630 sensum
1526 571 1836 644 pertinere;

250 677 317 724 ut
354 668 501 724 enim
534 665 884 724 devotionem
929 679 1082 720 suam
1124 663 1304 719 adhuc
1333 662 1739 735 propensiorem
1783 659 1842 713 in

249 754 352 811 Dei
390 754 555 809 rebus
599 751 871 821 ostendat,
914 750 1032 806 haec
1062 750 1311 822 subjecit,
1344 749 1542 822 quibus
1571 746 1725 801 nullo
1760 760 1843 818 ge-

258 856 388 899 nere
424 840 655 899 deﬁcere
686 856 741 895 se
778 838 970 912 probat
1011 838 1303 911 quominus
1331 835 1387 891 id
1417 834 1565 909 quod
1592 836 1705 889 Deo
1734 832 1844 904 pla-

253 929 432 986 citum
474 938 578 998 est,
629 928 960 1002 impleatur;
1006 942 1227 983 securus
1271 934 1453 981 tamen
1505 923 1573 978 de
1610 936 1844 977 resurre-

255 1020 443 1075 ctione
474 1018 757 1093 promissa.
804 1040 823 1063 ι
851 1018 922 1072 Et
951 1015 1078 1072 licet
1107 1016 1152 1070 si
1182 1013 1421 1070 exterior
1449 1012 1619 1067 homo
1659 1017 1847 1065 noster

255 1107 672 1178 corrumpitur;
706 1103 794 1159 sed
838 1102 1067 1159 interior
1097 1102 1212 1172 (18)
1246 1108 1541 1157 renovatur
1570 1097 1637 1153 de
1666 1097 1753 1152 die
1788 1096 1848 1151 in

257 1194 429 1251 diem.
460 1220 479 1242 ›
541 1192 831 1259 Pressuris,
879 1192 1071 1263 plagis,
1109 1191 1272 1257 fame,
1315 1190 1428 1256 siti,
1478 1187 1702 1259 frigore,
1750 1199 1849 1239 nu-

256 1280 426 1338 ditate
473 1298 598 1338 caro
626 1279 1012 1351 corrumpitur,
1047 1278 1142 1334 sed
1172 1278 1356 1334 anima
1384 1292 1477 1347 Spe
1508 1275 1680 1330 futuri
1712 1288 1846 1344 prae-

260 1372 356 1428 mii
406 1376 723 1434 renovatur,
771 1368 900 1441 quia
948 1367 1181 1423 assiduis
1228 1364 1681 1422 tribulationibus
1724 1376 1849 1432 pur-

269 1469 436 1535 gatur.
472 1460 699 1516 Proﬁcit
727 1458 875 1513 enim
906 1458 964 1512 in
993 1472 1264 1528 pressura,
1306 1471 1416 1510 non
1447 1452 1657 1520 interit,
1689 1450 1764 1505 ita
1790 1457 1853 1505 ut

273 1534 648 1610 tccedentihus
711 1544 1110 1602 tentationibus
1177 1542 1423 1617 quotidie
1480 1540 1730 1613 acquirat
1787 1534 1854 1591 ad

1948 394 2171 450 domum
2229 404 2503 450 mternam.
2560 396 2685 449 llrec
2730 395 2923 449 domus
2969 412 3165 467 corpus
3216 395 3522 451 immortale

1949 483 2238 557 signiﬁcat,
2271 484 2328 538 in
2360 499 2465 556 quo
2496 492 2848 557 resurgentes,
2884 500 3094 557 semper
3122 485 3345 554 erimus,
3366 485 3526 556 cujus

1951 571 2263 731 formqgjfm
2312 570 2371 625 in
2417 571 2565 627 coelis
2608 579 2689 627 est
2726 573 2784 628 in
2823 573 3046 628 Domini
3097 588 3321 646 corpore
3350 572 3526 630 decla-

1952 669 2068 717 rata
2195 661 2237 730 ).

1952 669 2068 717 rata
2100 661 2237 730 (20).

2029 767 2209 841 (Vers.
2266 766 2322 833 2,
2379 766 2460 839 3.)
2530 790 2547 812 ι
2592 765 2810 821 Etenim
2855 766 2914 822 in
2960 766 3067 824 hoc
3120 768 3528 842 ingemiscimus

1954 856 2272 915 habitaculo
2326 864 2533 924 nostro,
2584 855 2729 928 quod
2776 854 2841 911 de
2884 858 3018 910 ςυιιο
3060 866 3159 926 est,
3210 861 3528 931 superindui

1957 950 2267 1020 cupientes;
2290 946 2560 1019 siquidem
2594 946 2795 1013 induti,
2826 961 2937 1001 non
2967 945 3101 1002 nudi
3131 947 3517 1007 inveniamur...

1957 1038 2245 1110 Propterea
2301 1036 2438 1092 dicit
2492 1036 2548 1091 in
2594 1034 2849 1108 precibus
2899 1034 3209 1105 ingemisci,
3262 1044 3322 1094 ut
3366 1037 3536 1109 gloria

1959 1126 2224 1201 promissa
2253 1124 2319 1181 de
2348 1124 2499 1181 cmlis
2544 1123 2714 1197 possit
2744 1130 3085 1194 resurgentes
3133 1123 3374 1180 induere.
3424 1116 3551 1182 Hoc,

1960 1232 2087 1287 ergo
2141 1214 2507 1271 desiderantes
2580 1213 2842 1267 insistunt
2908 1210 3185 1283 precibus;
3244 1228 3311 1268 ne
3366 1229 3536 1268 resur-

1961 1311 2167 1377 gentes,
2200 1310 2413 1373 recepto
2444 1301 2631 1373 utique
2673 1316 2918 1371 corpore,
2950 1299 3109 1364 nudi,
3160 1299 3217 1355 id
3256 1308 3336 1356 est
3374 1301 3540 1357 alieni

1961 1409 1994 1450 a
2020 1392 2285 1464 promissa
2324 1390 2496 1461 gloria
2542 1389 2914 1445 inveniantur.
2951 1388 3064 1443 Hoc
3110 1388 3255 1445 enim
3300 1405 3434 1461 opus
3462 1397 3542 1445 est

1961 1490 2025 1540 ut
2053 1482 2246 1538 induta
2271 1478 2453 1536 anima
2480 1494 2724 1548 corpore,
2756 1475 2851 1531 Dei
2879 1475 3092 1546 judicio
3121 1475 3542 1547 superinduatur

1963 1581 2017 1631 et
2064 1573 2254 1645 gloria,
2289 1585 2408 1643 quae
2464 1574 2545 1623 est
2582 1566 2896 1623 immutatio
2940 1565 2998 1621 in
3047 1566 3367 1623 claritatem.
3400 1566 3544 1621 Mors

267 1647 525 1730 mimum
554 1655 569 1704 ³
600 1651 732 1708 qum
842 1633 1056 1705 corpori
1086 1631 1366 1733 θίῗττυρίξο
1408 1633 1541 1692 181
1586 1629 1702 1683 haec
1734 1641 1852 1700 pm'
1880 1650 1931 1715 B
1966 1629 2111 1721 enim
2151 1629 2266 1733 (21)
2305 1629 2382 1715 ἰ1θ
2428 1667 2571 1713 terra
2600 1664 2696 1724 est,
2736 1654 3060 1711 resurrectio
3091 1670 3221 1711 vero
3249 1655 3316 1711 de
3352 1655 3539 1722 caelis;

273 1718 397 1809 ﬁcit
423 1734 491 1790 ad
519 1731 986 1790 immortalitatem
1012 1730 1207 1786 merito
1234 1730 1450 1785 animae.

348 1825 529 1898 (V'ers.
566 1824 677 1896 17.)
736 1845 756 1870 ι
794 1821 854 1877 Id
897 1820 1041 1877 enim
1067 1818 1214 1894 quod
1243 1820 1302 1873 in
1339 1813 1592 1892 przesenti
1621 1821 1703 1870 est
1738 1827 1851 1868 mo-

266 1920 625 1970 mentaneum
657 1918 711 1967 et
739 1910 858 1966 leve
887 1924 1151 1983 pressurae
1183 1915 1404 1974 nostrzn,
1436 1919 1600 1977 supra
1628 1902 1853 1959 modum

262 2002 323 2058 in
372 1998 711 2056 sublimitate
757 2004 1019 2054 aeternum
1087 1996 1272 2068 gloriae
1326 1993 1541 2067 pondus
1600 1998 1854 2065 operatur

265 2091 326 2149 in
358 2089 540 2149 nobis.
573 2114 592 2136 ι
656 2085 945 2143 Praesentis
983 2084 1244 2157 temporis
1293 2082 1701 2146 tribulationes,
1736 2093 1856 2151 quae

265 2194 434 2237 causa
463 2176 590 2234 ﬁdei
622 2175 967 2246 ingeruntur,
998 2179 1401 2227 momentaneas
1430 2179 1483 2226 et
1521 2171 1669 2225 leves
1697 2167 1854 2234 dicit,

269 2268 403 2343 quia
431 2271 559 2320 sunt
602 2261 967 2336 temporales;
1016 2275 1179 2332 supra
1223 2259 1441 2313 modum
1473 2266 1657 2313 tamen
1686 2257 1745 2312 in
1772 2271 1860 2310 su-

265 2356 549 2413 blimitate
578 2361 843 2409 aeternum
883 2349 1068 2423 gloriae
1099 2347 1314 2420 pondus
1346 2347 1556 2418 operari
1599 2343 1863 2417 patienti-

266 2443 394 2502 bus.
447 2441 640 2501 Parvis
685 2439 831 2495 enim
877 2437 1157 2493 laboribus
1209 2451 1405 2508 magna
1441 2432 1689 2489 redditur
1730 2445 1861 2484 mer-

270 2550 381 2605 ces,
408 2542 461 2591 et
489 2549 587 2609 pro
614 2530 725 2589 levi
750 2527 1106 2585 tribulatione
1128 2540 1290 2600 supra
1312 2523 1537 2580 modum
1558 2520 1865 2578 sublimitas

275 2623 463 2700 gloriae
493 2619 809 2697 pensabitur
833 2626 1125 2690 perpetuae.

349 2712 532 2786 (Vers.
568 2710 679 2784 18.)
726 2734 744 2757 ι
772 2709 893 2767 Non
923 2702 1421 2778 contemplantibus
1448 2717 1568 2775 quas
1584 2698 1865 2766 videntur,

277 2800 373 2859 sed
402 2817 521 2876 quae
553 2816 665 2856 non
715 2798 1013 2865 videntur;
1066 2811 1186 2868 qua:
1233 2792 1381 2851 enim
1423 2790 1703 2859 videntur,
1734 2794 1866 2844 tem-

280 2891 497 2967 poralia
549 2894 712 2947 sunt:
768 2903 887 2960 quas
943 2901 1074 2942 vero
1129 2900 1242 2943 non
1293 2886 1612 2947 cernuntur,
1668 2884 1870 2934 aeterna

279 2964 431 3041 sunt.
465 3003 481 3023 ι
539 2976 880 3034 Desiderium
928 2973 1231 3033 caelestium
1280 2978 1333 3027 et
1359 2967 1731 3042 spiritualium
1774 2964 1867 3019 ha-
1895 2999 1940 3060 Ο

280 3068 496 3138 bentes,
552 3066 669 3123 haec
720 3063 1008 3141 praesentia
1057 3071 1111 3118 et
1166 3069 1381 3117 terrena
1439 3070 1691 3133 spernere
1746 3068 1866 3128 pro-

282 3157 509 3224 ﬁtetur;
558 3155 689 3230 quia
720 3139 789 3208 ad
836 3150 1297 3224 comparationem
1345 3143 1718 3218 spiritualium
1753 3139 1871 3196 haec

279 3248 439 3304 nulla
513 3251 662 3298 sunt.
729 3242 819 3298 Sic
888 3241 1037 3296 enim
1106 3245 1236 3294 sunt
1297 3236 1416 3292 haec
1480 3232 1547 3289 ad
1619 3245 1868 3302 superna,

279 3332 564 3410 quomodo
593 3331 768 3402 ﬁgura
793 3329 860 3384 ad
905 3328 1193 3384 veritatem
1229 3343 1241 3382 :
1278 3323 1449 3395 ﬁgura
1476 3318 1705 3395 deperit,
1734 3317 1873 3373 veri-

277 3406 362 3483 tas
410 3427 632 3487 manet;
681 3436 745 3474 ac
798 3433 894 3491 per
939 3415 1046 3471 hoc
1092 3412 1245 3469 exire
1292 3410 1361 3470 de
1388 3411 1495 3469 isto
1535 3406 1733 3465 saeculo
1762 3419 1874 3461 non

283 3516 539 3571 metuunt
560 3506 723 3583 justi,
753 3504 846 3562 sed
876 3502 1132 3578 gaudent.

909 3645 1139 3707 CAPUT
1176 3645 1247 3704 V.

362 3782 546 3858 (Vera.
600 3780 680 3856 1.)
748 3800 768 3829 ι
811 3775 1029 3837 Scimus
1079 3779 1260 3829 autem
1317 3766 1447 3845 quia
1501 3766 1550 3824 si
1599 3763 1875 3823 terrestris

287 3852 488 3933 domus
517 3852 704 3929 nostra
748 3864 913 3938 hujus
942 3859 1301 3919 habitationis
1347 3856 1697 3925 dissolvatur,
1746 3852 1875 3927 quia

284 3959 704 4019 aediﬁcationem
740 3970 809 4010 ex
834 3956 947 4009 Deo
975 3950 1260 4015 habemus,
1283 3946 1508 4005 domum
1540 3961 1648 4000 non
1684 3958 1873 3999 manu-

282 4050 508 4116 factam,
535 4053 790 4101 aeternam
840 4041 900 4096 in
929 4039 1101 4096 ccelis.
1132 4063 1153 4087 ι
1204 4038 1329 4092 Haec
1358 4031 1560 4089 ﬁducia
1588 4030 1726 4087 dicit
1764 4045 1875 4085 non

283 4136 598 4195 timendum
631 4129 860 4189 dissolvi
886 4128 954 4184 de
990 4140 1217 4200 corpore
1253 4121 1517 4178 violentia
1545 4119 1875 4185 inﬁdelium,

268 4233 385 4283 aut
442 4231 588 4278 sorte
642 4220 819 4282 vitai;
884 4216 1012 4291 quia
1078 4221 1379 4287 praeparata
1433 4218 1515 4265 est
1560 4206 1876 4277 hujusmodi

284 4310 618 4371 hominibus
646 4304 917 4360 habitatio
947 4303 1004 4356 in
1036 4302 1191 4356 caelis
1237 4306 1457 4364 aeterna,
1489 4305 1551 4351 ut
1580 4295 1646 4350 de
1676 4303 1877 4368 tempo-

286 4401 391 4459 rali
449 4405 505 4453 et
564 4402 777 4450 terrena
853 4388 1088 4463 expulsi,
1166 4386 1224 4441 in
1288 4391 1601 4457 perpetuam
1656 4384 1877 4440 domum

290 4488 651 4560 recipiantur.
704 4480 857 4537 Unde
910 4484 964 4534 et
1014 4477 1119 4532 hoc
1165 4473 1462 4548 optandum
1522 4479 1621 4541 est,
1666 4473 1713 4528 si
1763 4472 1882 4530 ﬁeri

289 4585 472 4659 potest
505 4594 519 4643 ;
551 4572 647 4630 sed
679 4571 809 4646 quia
837 4569 942 4625 hoc
984 4565 1282 4640 optandum
1316 4580 1425 4619 non
1474 4572 1575 4633 est,
1607 4578 1675 4618 ne
1702 4561 1760 4617 in
1791 4570 1883 4618 tua

295 4652 470 4747 gloria
498 4666 640 4722 alius
669 4668 886 4735 pereat;
919 4659 966 4715 si
985 4665 1169 4713 tamen
1198 4653 1459 4713 acciderit
1485 4653 1624 4725 (19),
1649 4652 1883 4709 libenter

294 4746 585 4818 ferendum
641 4762 742 4811 est.
799 4753 1127 4808 Terrestrem
1185 4747 1332 4804 enim
1382 4746 1608 4801 domum
1666 4758 1883 4799 carnem

294 4849 440 4909 hanc
479 4846 646 4919 dixit,
677 4844 806 4923 quia
847 4839 1094 4899 mortalis
1134 4844 1245 4894 est:
1287 4844 1351 4892 ut
1379 4834 1426 4890 si
1472 4832 1540 4888 de
1586 4831 1690 4887 hac
1716 4830 1883 4886 disso-

379 5029 496 5104 (18)
526 5028 686 5087 Rom.
717 5021 1125 5104 edit.,.Etlicet
1146 5017 1248 5104 qui
1266 5014 1404 5086 foris
1432 5018 1506 5069 est
1536 5012 1686 5068 homo
1714 5013 1889 5066 noster

307 5094 706 5169 corrztinpatur,
738 5094 959 5169 interior
990 5100 1182 5169 tamen,
1198 5094 1307 5169 etc.

377 5173 491 5243 (19)
522 5158 872 5243 Ϊξοιρίρᾱῇμ,
896 5164 1015 5243 jam
1041 5158 1391 5243 cwlestisest._

385 5228 500 5313 (se)
534 5238 667 5313 eod.
700 5228 869 5313 Vall.,
896 5228 947 5288 si
966 5242 1137 5313 ςαεηρη
1168 5228 1430 5313 occiderit.

386 5289 504 5385 (21)
540 5289 685 5367 Mors
714 5289 905 5385 enian
933 5305 999 5385 ab
1030 5304 1177 5381 hisce
1220 5297 1402 5379 verbis
1430 5308 1602 5385 usque
1631 5292 1718 5385 ad,
1757 5289 1894 5346 Nam

314 5362 797 5449 cum-sitmuamtc.
831 5362 971 5431 nihil
1004 5374 1289 5449 reperitur_
1310 5362 1531 5449 iniussi
1557 5362 1717 5449 Cor‘b.

413 5432 664 5526 Silii-ss:
697 5432 927 5525 aliquot,
957 5432 1249 5521 quicunque
1274 5438 1599 5513 baptizatur,
1632 5432 1899 5490 Christum

320 5525 517 5581 induit.

1967 1753 2013 1809 si
2060 1759 2244 1806 tamen
2282 1749 2600 1804 immutetur
2645 1744 2704 1801 in
2749 1744 2999 1815 gloriam.
3046 1743 3159 1800 Alii
3202 1742 3416 1799 codices
3464 1744 3544 1799 sic

1967 1842 2202 1903 habent:
2246 1864 2265 1889 ι
2292 1838 2573 1913 Siquidem
2621 1834 2932 1907 exspoliati,
2979 1849 3090 1889 non
3118 1831 3253 1889 nudi
3301 1833 3542 1889 invenia-

1967 1950 2126 1993 mur:
2158 1958 2179 1983 ο
2238 1931 2295 1987 id
2339 1938 2441 1999 est,
2485 1928 2532 1986 si
2578 1934 2839 1983 exeuntes
2878 1923 2946 1981 de
2992 1938 3217 1996 corpore
3262 1921 3543 1981 Christum

1968 2023 2153 2082 vestiti
2180 2020 2446 2080 fuerimus
2473 2037 2487 2088 ;
2523 2016 2650 2091 quia
2680 2015 2998 2088 quicunque
3025 2013 3085 2068 in
3115 2011 3334 2071 Christo
3370 2011 3543 2083 bapti-

1968 2122 2179 2183 zantur,
2236 2111 2516 2170 Christum
2565 2105 2806 2163 induunt
2849 2103 2961 2176 (22)
3020 2101 3226 2174 (Galat.
3288 2117 3370 2171 III,
3427 2101 3541 2173 27).

1971 2205 2157 2276 Itaque
2185 2201 2232 2258 si
2260 2202 2320 2257 in
2352 2200 2529 2256 forma
2554 2193 2812 2269 baptismi
2840 2202 2895 2249 et
2935 2190 3248 2247 traditionis
3288 2187 3545 2246 manseri-

1974 2309 2115 2361 mus,
2147 2288 2434 2364 exspoliati
2464 2299 2712 2357 corpore,
2740 2298 2853 2338 non
2881 2280 3016 2337 nudi
3046 2279 3397 2345 invenimur;
3419 2277 3548 2351 quia

1974 2382 2034 2436 in
2082 2379 2339 2434 interiore
2385 2374 2607 2429 homine
2642 2371 2852 2427 habitat
2904 2367 3174 2437 Christus,
3224 2383 3384 2439 quem
3422 2383 3545 2421 cum

1978 2466 2180 2532 induti,
2209 2466 2325 2521 sive
2376 2462 2583 2533 Spiritu
2620 2466 2808 2516 sancto
2852 2456 2979 2512 dato
3014 2456 3173 2511 nobis
3215 2454 3546 2521 videbimur,

1979 2554 2184 2613 erimus
2211 2550 2362 2623 digni
2392 2546 2709 2623 superindui
2743 2544 3007 2617 promissa
3034 2541 3240 2598 caelesti
3271 2542 3458 2612 gloria.
3488 2542 3550 2596 In

1973 2646 2139 2704 illum
2169 2642 2315 2700 enim
2346 2638 2561 2694 decidet
2590 2634 2857 2709 promissa
2885 2632 3122 2700 claritas,
3157 2646 3319 2705 quem
3352 2630 3554 2689 viderit

1979 2735 2195 2807 signum
2228 2726 2539 2802 adoptionis
2568 2724 2785 2782 habere.

2055 2850 2234 2923 (Vere.
2279 2847 2362 2918 li.)
2407 2868 2426 2891 ι
2454 2844 2589 2900 Nam
2630 2856 2754 2897 cum
2786 2852 2975 2895 sumus
3015 2836 3073 2893 in
3112 2835 3218 2892 hoc
3244 2850 3492 2907 corpore,
3519 2861 3540 2889 ι

1978 2941 2037 2999 id
2091 2947 2194 3007 est,
2239 2936 2481 3003 mortali,
2549 2959 2568 2983 σ
2598 2931 3006 3005 ingemiscimus
3063 2929 3177 3002 (23)
3209 2929 3457 3002 gravati:
3490 2945 3555 2987 eo

1981 3028 2126 3103 quod
2156 3028 2412 3083 nolumus
2428 3023 2580 3090 exui,
2612 3021 2707 3077 sed
2727 3018 3047 3091 superindui
3073 3036 3087 3085 ;
3117 3026 3179 3073 ut
3199 3018 3556 3075 absorbeatur

1979 3117 2207 3176 mortale
2234 3116 2342 3171 hoc
2378 3131 2410 3169 a
2458 3113 2592 3167 vita.
2625 3136 2644 3159 ι
2688 3107 2837 3164 Idem
2878 3122 3068 3163 sensus
3111 3114 3222 3173 est;
3256 3107 3379 3161 ideo
3406 3110 3555 3164 enim

1982 3205 2119 3264 dicit
2167 3210 2415 3275 gravatos
2452 3215 2562 3254 non
2599 3195 2944 3269 passionibus
2973 3194 3239 3263 corporis,
3287 3201 3341 3247 et
3388 3194 3557 3263 ipsius

1982 3292 2176 3352 mundi
2215 3286 2648 3361 tempestatibus,
2679 3281 3074 3355 postulationes
3114 3279 3182 3334 ad
3225 3282 3397 3336 Deum
3426 3280 3556 3335 diri-

1985 3399 2129 3457 gere,
2155 3395 2225 3437 ne
2271 3378 2626 3433 immutemur
2674 3369 2830 3437 victi,
2862 3377 2916 3423 et
2956 3366 3165 3438 indigni
3210 3366 3554 3424 efﬁciamur:

1984 3456 2078 3531 sed
2129 3480 2194 3527 ut
2250 3463 2544 3536 contigerit
2600 3461 2803 3525 exitus,
2859 3465 3264 3529 perseverantes
3315 3456 3375 3511 in
3430 3456 3555 3526 fide,

1984 3560 2165 3619 induti
2192 3556 2540 3614 intreniamur
2565 3556 2750 3606 sancto
2780 3546 3010 3619 Spiritu,
3042 3544 3137 3618 qui
3168 3546 3226 3600 in
3256 3544 3559 3602 substantia

1984 3650 2233 3709 Christus
2261 3654 2361 3703 est.
2394 3644 2547 3699 Tunc
2574 3639 2723 3697 enim
2751 3633 3071 3708 superindui
3095 3633 3361 3706 promissa
3388 3634 3561 3706 gloria

1981 3739 2304 3814 poterimus,
2349 3733 2395 3788 si
2423 3730 2578 3789 exuti
2610 3742 2859 3799 corpore,
2890 3741 3001 3783 non
3033 3724 3321 3795 despoliati
3350 3740 3381 3777 a
3408 3741 3558 3780 sano-

1982 3812 2039 3885 to
2067 3826 2274 3900 Spiritu
2309 3821 2594 3877 fuerimus.
2627 3816 2717 3871 Sic
2768 3813 2996 3869 mortale
3021 3812 3343 3865 absorbetur
3364 3827 3395 3864 a
3422 3812 3557 3879 vita,

1958 3914 2040 3975 'id
2068 3898 2170 3985 est,
2203 3922 2265 3970 ut
2292 3916 2631 3980 resurgentes
2668 3901 3125 3974 superinduamur
3154 3898 3560 3954 immortalitate

1982 4023 2108 4065 cum
2141 4001 2348 4076 gloria;
2383 4014 2451 4053 ne
2487 3996 2634 4059 ultra
2671 3990 2810 4046 mori
2847 3987 3039 4059 possit,
3084 3992 3179 4041 aut
3220 3984 3563 4056 passionibns

1986 4071 2257 4166 implicari
2288 4108 2299 4144 :
2341 4095 2396 4142 et
2441 4085 2546 4139 hoc
2585 4088 2668 4135 est
2716 4073 2994 4134 absorberi
3024 4089 3056 4129 a
3102 4074 3217 4129 vita
3255 4071 3367 4143 (24)
3402 4089 3416 4137 ;
3452 4088 3561 4129 non

1986 4160 2133 4241 enim
2163 4175 2427 4234 dicendus
2454 4178 2536 4228 est
2563 4166 2841 4225 absorberi
2868 4182 2900 4220 a
2934 4164 3067 4231 vita,
3098 4162 3192 4235 qui
3218 4160 3288 4217 ad
3316 4160 3421 4218 hoc
3447 4175 3561 4217 sur-

1987 4272 2087 4345 git,
2114 4276 2175 4324 ut
2195 4264 2370 4339 poenis
2397 4268 2603 4332 agatur.

2062 4377 2243 4449 (Vers.
2276 4371 2357 4442 5.)
2405 4394 2422 4416 ι
2444 4367 2550 4435 Qui
2581 4370 2756 4421 autem
2780 4360 2993 4434 perlicit
3021 4374 3121 4414 nos
3144 4357 3199 4412 in
3232 4357 3338 4413 hoc
3362 4355 3562 4428 ipsum,

1990 4446 2135 4525 Deus
2163 4470 2269 4520 est:
2303 4460 2396 4533 qui
2426 4458 2590 4513 etiam
2622 4453 2776 4509 dedit
2806 4451 2964 4507 nobis
2994 4449 3192 4520 pignus
3230 4446 3550 4527 Spiritum»

1991 4558 2106 4612 Hoc
2134 4551 2279 4628 quod
2319 4520 2742 4621 ingemiscentes
2786 4539 3080 4612 poscimus,
3124 4535 3180 4589 id
3217 4541 3318 4601 est,
3352 4520 3570 4619 nonut

1991 4618 2251 4712 exui,sed
2267 4646 2329 4695 ut
2343 4618 2662 4708 superindui
2679 4642 3003 4691 mereamur,
3018 4623 3179 4693 juxta
3193 4618 3568 4691 supradictum

1992 4704 2230 4798 sensum,
2281 4729 2338 4783 in
2367 4704 2457 4781 die
2502 4719 2699 4792 judicii
2728 4719 2902 4771 Deum
2949 4709 3208 4781 perﬁcere
3238 4706 3409 4769 dicit;
3441 4704 3572 4788 quia

1993 4791 2250 4895 promisit
2272 4816 2415 4888 (25),
2434 4820 2489 4867 et
2507 4791 2685 4864 ﬁdelis
2700 4813 2805 4869 est,
2832 4801 2970 4856 dans
2988 4795 3156 4865 hujus
3177 4792 3258 4848 rei
3278 4791 3571 4880 implendas

2070 4996 2187 5073 (23)
2215 4996 2375 5073 Rom.
2407 4986 2565 5052 edit.,
2595 4981 2735 5039 Nam
2774 4977 2867 5050 qui
2905 4989 3082 5031 sumus
3112 4972 3169 5028 in
3207 4972 3301 5027 hoc
3335 4984 3570 5040 corpore,

1996 5067 2424 5142 ingemiscjmys.“
2492 5128 2507 5142 ‘
2624 5124 2747 5142 η.

2072 5127 2186 5213 (24)
2219 5135 2352 5213 90(1-
2386 5128 2572 5213 δοιὼ-ρ
2616 5127 2689 5209 .E‘
2726 5127 2844 5194 ‘1’“
2888 5134 3004 5213 ""1"
3007 5127 3277 5213 “..?f’“f‘.‘§

2001 5187 2184 5269 Dedi—ni,
2218 5187 2462 5276 diripere,
2508 5187 2570 5254 ut
2611 5187 2785 5268 ipsum
2822 5206 3011 5271 corpus
3051 5187 3574 5276 nonmal'ienetur'no-

2161 5257 2556 5344 scd-ittgsemper
2582 5257 2869 5344 induantur
2895 5257 3309 5344 ibnnortttlitala,
3340 5274 3403 5344 ne
3434 5257 3579 5312 ultra

2004 5329 2523 5419 "phumata
2568 5339 2900 5419 passionibus
2960 5331 3224 5419 implicari
3275 5345 3293 5383 :
3352 5329 3445 5382 hoc
3507 5334 3583 5385 est

2006 5405 2274 5478 dbsorbéri
2295 5436 2328 5471 α
2362 5405 2483 5469 cita.
2519 5405 2647 5480 Quis
2676 5418 2849 5483 autem
2877 5405 3100 5483 perﬁcit,
3130 5408 3238 5483 etc:

2083 5470 2392 5563 (Sitifldem
2424 5470 2553 5539 cod:
2576 5483 2764 5548 Corb.,
2796 5470 2904 5534 Hoc
2932 5470 3072 5542 quod
3094 5470 3373 5542 poscimus,
3404 5470 3464 5527 id
3487 5479 3581 5543 est,

2888 5123 3053 5174 morte
3092 5113 3469 5186 postulationes
3504 5112 3577 5168 ad
