3952 6202
447 245 569 304 Ι311
1477 244 1573 301 AD
1613 248 1844 303 OPERA
1882 247 1934 302 S.
1979 247 2308 307 AMBROSII
2348 246 2722 305 APPENDIX.

3656 256 3774 313 312

447 368 667 443 ρρίεηιιε
707 364 1008 437 Spiritum;
1063 366 1181 440 ipse
1225 373 1309 426 est
1362 367 1508 426 enim
1537 369 1878 443 signaculum
1909 371 2052 428 ado-
2076 376 2126 434 A
2154 372 2372 444 quando
2412 372 2731 442 pmnitentia
2777 370 3016 428 fructum
3064 386 3175 428 non
3204 371 3368 430 habet
3398 374 3544 446 (29).
3588 403 3609 426 ι
3639 381 3767 438 Deo

466 454 676 534 ptionis
694 461 912 511 nostra.

540 546 724 617 (Vers.
761 544 815 611 6,
846 545 925 611 7.)
962 570 982 594 ι
1008 546 1267 603 Fidentes
1295 546 1465 618 igitur
1492 562 1724 620 semper,
1746 558 1800 605 et
1818 552 2051 608 scientes

446 642 597 716 .quia
645 641 1014 699 inhabitantes
1045 642 1103 699 in
1140 641 1277 697 182
1309 643 1413 699 hoc
1442 660 1686 713 corpore,
1730 648 2049 718 peregrina-

446 747 595 805 gmur
620 748 652 787 a
678 730 965 798 Domino;
995 747 1094 803 per
1136 732 1298 787 ﬁdem
1346 732 1492 788 enim
1532 734 1896 799 ambulamus.
1938 753 2048 793 non

444 815 565 893 iper
592 820 845 892 speciem.
876 844 894 867 ι
943 819 1293 876 Manifestum
1321 828 1402 875 est
1435 820 1565 892 quia
1592 839 1686 895 per
1728 823 1891 880 ﬁdem
1921 843 2047 883 cum

444 900 703 973 EDomino
745 924 954 975 sumus,
996 924 1107 964 non
1156 925 1251 981 per
1279 912 1663 982 praesentiam:
1695 930 1758 971 ac
1802 931 1895 982 per
1943 914 2050 974 hoc

438 992 875 1078 fperegrinamur
919 1012 1029 1052 non
1060 996 1190 1063 ﬁde,
1220 999 1314 1055 sed
1345 1001 1545 1071 specie.
1583 1003 1654 1058 Et
1692 1019 1877 1074 quare,
1920 1020 2045 1061 cum

437 1082 607 1143 fidem
644 1083 789 1139 dicat
818 1083 875 1138 in
906 1084 1135 1141 Actibus
1162 1089 1535 1158 apostolorum
1562 1107 1574 1145 :
1622 1113 1643 1137 ι
1672 1091 1732 1146 In
1761 1090 1879 1164 ipso
1898 1092 2043 1148 enim

438 1172 726 1240 'vivimus,
753 1180 808 1227 et
854 1189 1163 1244 movemur,
1196 1184 1251 1231 et
1278 1193 1468 1232 sumus
1500 1178 1641 1245 (Act.
1676 1195 1819 1247 xvn,
1848 1180 1941 1247 28)
1967 1198 1980 1245 ;
2011 1205 2030 1228 ι

438 1260 567 1318 τίιοο
597 1262 715 1316 loco
745 1263 1079 1333 peregrinari
1109 1279 1209 1319 nos
1239 1280 1270 1319 a
1296 1266 1535 1321 Domino
1564 1266 1812 1323 dicit?Si
1842 1269 2044 1342 ubique

438 1356 559 1437 ,est,
597 1348 872 1421 quomodo
911 1350 1004 1406 hic
1034 1351 1218 1423 positi,
1251 1354 1661 1425 peregrinamur
1687 1374 1719 1411 a
1754 1358 1991 1413 Domino
2015 1359 2044 1415 ?

442 1437 588 1498 .Sine
638 1437 808 1493 dubio
848 1438 1072 1510 ubique,
1123 1440 1236 1496 imo
1281 1443 1468 1498 omnia
1509 1443 1566 1498 in
1614 1445 1727 1500 Deo
1755 1453 1918 1500 sunt:
1949 1447 2041 1503 sed

441 1525 588 1598 quia
613 1526 766 1582 sedes
793 1526 891 1583 Dei
924 1528 981 1581 in
1007 1529 1161 1584 caelis
1189 1538 1288 1597 est,
1326 1539 1379 1585 et
1408 1532 1524 1588 illic
1548 1548 1759 1604 semper
1789 1534 2040 1592 videtur:

437 1612 585 1669 ‘ideo
626 1614 716 1669 hic
758 1614 946 1686 positi,
978 1615 1073 1671 ubi
1109 1632 1219 1672 non
1249 1616 1490 1688 videtur,
1524 1621 1856 1692 peregrinari
1882 1624 1950 1679 ab
1978 1640 2042 1680 eo

2158 470 2336 518 autem
2390 461 2661 516 manifesti
2715 478 2939 528 sumus;
2973 487 2992 510 ι
3033 461 3138 518 hoc
3185 462 3329 517 enim
3390 466 3768 540 prazdicabat,

2159 548 2304 618 quod
2359 549 2502 603 Deus
2543 548 2816 619 jusserat:
2877 557 2929 604 et
2985 549 3089 606 hoc
3137 551 3274 607 scire
3321 551 3530 609 dicitur
3582 558 3765 629 Deus,

2159 637 2304 702 quod
2350 637 2556 694 bonum
2602 648 2705 695 est.
2758 640 3003 707 Denique
3058 642 3198 697 male
3245 642 3538 713 agentibus
3569 645 3761 704 dicit:

2172 749 2191 772 ε
2222 727 2416 783 Nescio
2463 744 2560 783 vos
2593 730 2802 798 (Matth.
2836 746 2971 797 xxv,
3006 730 3118 795 12).
3147 754 3166 778 ›
3202 763 3271 772 -
3304 755 3323 778 ι
3362 733 3535 804 Spero
3566 745 3761 795 autem

2159 823 2212 872 et
2266 816 2325 871 in
2380 817 2734 875 conscientiis
2788 819 2986 875 vestris
3037 819 3358 876 manifestos
3406 839 3510 880 nos
3547 842 3691 883 esse.
3725 853 3745 876 ι

2155 908 2444 965 Manifesta
2498 917 2612 965 erat
2666 910 2872 982 puritas
2941 927 3130 967 eorum
3187 911 3549 983 Corinthiis;
3624 921 3756 985 quia

2156 1011 2333 1067 neque
2360 998 2654 1069 aliquando
2683 999 2740 1054 in
2789 999 3103 1056 adulatione
3150 1002 3369 1059 fuerant
3397 1004 3748 1077 deprehensi,

2156 1101 2330 1156 neque
2362 1087 2674 1155 praedicatio
2704 1088 2927 1144 illorum
2984 1088 3339 1160 displicuerat
3367 1096 3595 1160 sanctis,
3651 1114 3750 1155 nec

2154 1174 2222 1229 ab
2277 1174 2461 1246 aliquo
2507 1176 2728 1231 illorum
2787 1177 3107 1249 quidquam,
3158 1187 3219 1235 ut
3245 1180 3474 1251 adsolet,
3534 1187 3749 1242 occulte

2154 1262 2349 1333 ejicere
2376 1272 2757 1331 tentaverant;
2788 1275 2850 1322 ut
2877 1267 3012 1323 foris
3048 1268 3326 1341 simplices
3356 1273 3503 1343 apud
3535 1275 3743 1344 turbas,

2154 1350 2302 1406 intus
2356 1368 2485 1408 vero
2543 1354 2865 1427 impostores
2917 1364 3116 1412 essent.
3166 1358 3292 1413 Ideo
3350 1363 3739 1420 conscientiam

2154 1438 2374 1495 illorum
2434 1442 2633 1514 pulsat,
2697 1450 2759 1501 ut
2815 1444 2919 1517 ipsi
2963 1446 3184 1503 sibimet
3228 1454 3393 1506 testes
3440 1460 3622 1509 essent
3668 1454 3737 1513 de

2153 1526 2382 1583 veritate
2412 1545 2621 1586 eorum.

2224 1615 2406 1687 (Vers.
2470 1617 2583 1687 12.)
2648 1642 2668 1668 ι
2708 1619 2829 1676 Νοη
2882 1621 3081 1679 iterum
3136 1639 3237 1681 nos
3294 1615 3740 1688 commendamus

455 1701 715 1757 dicimur.
764 1704 995 1769 Quando
1046 1705 1193 1760 enim
1254 1721 1366 1761 non
1412 1724 1539 1765 eum
1590 1709 1859 1780 videmus,
1916 1713 2043 1771 licet
2071 1728 2118 1789 Β
2150 1702 2326 1761 VOhiS-
2360 1729 2379 1752 ι
2421 1705 2690 1772 Quoniam
2748 1710 2997 1781 superius
3054 1728 3239 1768 "eram
3294 1716 3736 1786 Ρτεὲἀίωῑίοηθω

434 1803 697 1860 gpracsens
733 1788 824 1856 sit,
856 1790 1109 1846 absentes
1135 1792 1204 1848 ab
1234 1809 1299 1849 eo
1326 1811 1534 1853 sumus.

529 1876 712 1948 (Vers.
743 1876 825 1947 8.)
881 1902 900 1925 ι
926 1878 1209 1936 Audemus
1236 1898 1362 1953 ergo
1387 1892 1442 1939 et
1469 1885 1844 1943 consentimus
1873 1889 2045 1961 magis

453 1964 789 2038 peregrinari
818 1981 851 2020 a
884 1982 1130 2038 corpore,
1176 1976 1230 2024 et
1276 1981 1568 2042 praesentes
1604 1990 1720 2031 esse
1749 1976 1817 2031 ad
1846 1979 2039 2035 Deum.

432 2052 619 2108 'Becte
666 2052 764 2119 ait,
829 2075 849 2099 ι
893 2053 1193 2124 audemus;
1226 2082 1244 2106 ι
1289 2056 1551 2116 habentes
1587 2062 1737 2117 enim
1786 2062 2041 2121 ﬁduciam

451 2140 838 2213 promissionis
868 2142 989 2210 Dei,
1018 2152 1072 2200 et
1101 2145 1334 2203 scientes
1363 2149 1599 2206 multum
1630 2150 1887 2222 expedire
1925 2155 2041 2211 illic

452 2244 593 2296 esse,
623 2245 789 2301 quam
822 2228 881 2284 in
910 2232 1134 2301 saeculo,
1169 2236 1522 2293 consentiunt
1550 2245 1604 2293 et
1654 2247 1846 2309 optant
1872 2257 2042 2299 exce-

454 2315 585 2373 dere
622 2318 689 2373 de
717 2334 945 2391 corpore
976 2321 1092 2393 (26)
1118 2341 1131 2389 ;
1170 2333 1232 2381 ut
1260 2327 1602 2399 requiescant
1629 2344 1800 2402 usque
1814 2330 1873 2385 in
1893 2331 2039 2388 diem

454 2408 878 2464 resurrectionis
907 2408 1009 2465 sub
1037 2413 1205 2469 altare
1234 2415 1354 2471 Dei.

526 2496 710 2566 (Vers.
737 2497 817 2568 9.)
864 2522 883 2546 ι
911 2500 982 2554 Ει
1009 2500 1132 2558 ideo
1163 2504 1551 2562 contendimus
1578 2505 1695 2563 sive
1725 2517 2036 2580 praesentes,

453 2583 574 2640 sive
603 2587 1006 2658 peregrinantes
1046 2591 1256 2662 placere
1286 2593 1390 2650 illi.
1424 2619 1444 2644 ι
1502 2596 1563 2652 Id
1592 2596 1860 2669 agendum
1881 2598 2037 2668 dicit,

451 2683 507 2731 et
532 2675 694 2732 bonis
712 2678 968 2749 operibus
988 2678 1355 2737 insistendum
1378 2701 1392 2750 ;
1416 2690 1478 2739 ut
1501 2684 1618 2740 sive
1646 2685 1703 2741 in
1734 2686 1836 2742 hac
1860 2687 2040 2743 adhuc

449 2764 568 2819 vita
624 2766 810 2836 positi,
850 2767 967 2823 sive
1004 2777 1130 2824 ante
1171 2770 1415 2827 tribunal
1465 2773 1673 2829 Christi
1722 2784 2034 2845 praesentes,

438 2853 763 2924 placeamus
805 2855 875 2912 ei.
922 2856 1076 2911 Unde
1121 2858 1169 2911 si
1216 2857 1509 2928 disciplina
1554 2869 1823 2929 servetur,
1851 2871 1904 2917 et
1946 2863 2037 2921 hic

452 2948 511 2995 et
538 2940 658 2998 illic
687 2943 736 2998 ei
759 2945 1114 3016 placebimus,
1148 2945 1278 3017 quia
1305 2947 1401 3019 qui
1430 2947 1523 3007 hic
1550 2950 1750 3020 placet,
1778 2951 1897 3009 illic
1923 2969 2036 3011 non

450 3027 785 3102 displicebit.

2154 1808 2306 1849 suam
2335 1794 2634 1865 obtestans,
2680 1798 2902 1855 laudare
2936 1817 2991 1856 se
3022 1804 3173 1857 visus
3201 1811 3316 1870 est;
3354 1805 3564 1865 idcirco
3588 1825 3738 1865 nunc

2153 1881 2339 1937 eadem
2398 1883 2688 1957 signiﬁcat,
2720 1904 2830 1943 non
2872 1890 2940 1945 ad
2989 1890 3208 1946 laudem
3238 1909 3391 1949 suam
3420 1895 3532 1952 hoc
3564 1896 3737 1954 dicere

2153 1985 2230 2036 se,
2260 1972 2353 2026 sed
2399 1971 2467 2027 ad
2517 1989 2707 2031 eorum
2757 1977 3027 2048 gloriam;
3065 1987 3126 2035 ut
3157 1982 3415 2051 gaudeant
3465 1984 3737 2057 integram

2153 2061 2592 2132 praedicationem
2647 2081 2704 2120 se
2736 2066 3084 2136 addidicisse,
3124 2069 3211 2126 his
3255 2071 3733 2131 annuntiantibus.

2166 2170 2185 2195 ι
2214 2149 2319 2205 Sed
2344 2153 2688 2209 occasionem
2719 2154 2912 2211 damus
2945 2158 3101 2214 vobis
3131 2158 3401 2231 gloriandi
3431 2162 3502 2217 de
3534 2164 3689 2219 nobis
3715 2180 3730 2231 ;

2151 2246 2214 2294 ut
2265 2240 2475 2313 aliquid
2539 2242 2787 2301 habeatis
2844 2247 3105 2305 adversus
3162 2265 3253 2305 eos
3317 2252 3414 2324 qui
3482 2252 3541 2307 in
3603 2253 3732 2309 facie

2151 2328 2474 2399 gloriantur,
2505 2339 2559 2386 et
2607 2349 2717 2389 non
2767 2335 2824 2390 in
2865 2338 3047 2393 corde.
3079 2362 3099 2387 ι
3144 2339 3260 2395 Hoc
3287 2339 3446 2409 dicit,
3478 2344 3728 2414 quoniam

2150 2418 2310 2472 multi
2341 2436 2433 2490 per
2463 2420 2753 2478 elationem
2785 2425 3157 2495 gloriabantur
3190 2428 3245 2483 in
3268 2423 3324 2484 se
3354 2430 3421 2486 de
3449 2434 3724 2505 apostolis,

2149 2506 2465 2577 proﬁtentes
2494 2527 2549 2566 se
2570 2511 2637 2567 ab
2667 2513 2736 2568 iis
2765 2513 2975 2584 doctos,
2998 2517 3091 2589 qui
3117 2533 3333 2589 semper
3355 2536 3481 2575 cum
3500 2522 3730 2578 Domino

2147 2591 2404 2660 fuerunt;
2439 2596 2669 2671 ideoque
2718 2600 2809 2658 hic
2860 2602 2999 2659 dicit
3035 2604 3163 2662 dare
3211 2623 3268 2664 se
3316 2608 3403 2664 his
3438 2612 3727 2682 rationem,

2094 2750 2099 2757 ι
2135 2697 2243 2753 -per
2281 2700 2444 2755 quam
2493 2694 2547 2741 et
2592 2687 2698 2759 ipsi
2748 2692 3112 2761 gloriarentur
3154 2699 3416 2755 adversus
3446 2716 3580 2769 eos;
3608 2702 3728 2774 quia

2145 2769 2441 2842 Apostolus
2490 2782 2623 2843 erat,
2654 2792 2685 2831 a
2715 2794 2823 2851 quo
2862 2789 2915 2837 et
2966 2782 3053 2837 isti
3104 2784 3429 2843 didicerant.
3481 2769 3640 2846 Unde
3674 2793 3727 2847 in

2145 2859 2253 2914 alio
2284 2861 2403 2917 loco
2431 2862 2599 2919 dicit:
2645 2890 2664 2912 ι
2692 2868 2842 2923 Nihil
2892 2871 3074 2926 minus
3124 2875 3226 2930 feci
3260 2875 3393 2947 (fui)
3426 2879 3495 2932 ab
3525 2879 3615 2935 bis
3640 2880 3726 2953 qui

2144 2948 2305 3004 valde
2348 2959 2477 3007 sunt
2515 2956 2747 3025 apostoli
2797 2958 2883 3028 (ΙΙ
2912 2959 3036 3014 Cor.
3068 2977 3172 3027 ιιι,
3204 2963 3314 3034 11).
3348 2990 3367 3013 ι
3410 2967 3569 3033 Quod
3600 2948 3727 3041 qui-

2144 3036 2269 3092 dem
2317 3048 2538 3097 coactus
2585 3041 2740 3112 dicit,
2773 3060 2840 3100 ne
2887 3047 3169 3104 silentium
3200 3053 3317 3121 ejus
3348 3052 3471 3108 istis
3496 3036 3723 3112 obesset.

522 3101 704 3190 (Vers.
741 3120 854 3193 10.)
889 3120 1125 3178 -0mnes
1153 3124 1299 3181 enim
1329 3140 1430 3184 nos
1458 3128 1799 3187 manifestari
1822 3141 2033 3204 oportet
2063 3101 2113 3165 C
2144 3125 2251 3192 Qui
2298 3143 2425 3199 ergo
2471 3129 2529 3184 in
2574 3132 2736 3187 corde
2785 3135 3066 3205 gloriatur,
3099 3101 3408 3211 superbiam
3456 3146 3724 3215 reprimit,

442 3213 570 3264 ante
590 3208 830 3265 tribunal
848 3209 1075 3281 Christi,
1089 3220 1151 3269 ut
1170 3214 1400 3290 recipiat
1419 3221 1794 3294 unusquisque
1816 3224 2035 3296 propria

442 3297 709 3369 corporis,
740 3306 902 3370 prout
930 3302 1114 3372 gessit,
1147 3304 1265 3361 sive
1293 3307 1458 3377 bona,
1501 3310 1617 3365 sive
1647 3312 1789 3367 mala
1828 3314 1967 3383 (27).
2001 3336 2021 3361 ι

422 3382 617 3454 .‘Igitur
660 3385 709 3441 si
759 3385 1043 3458 judicante
1087 3391 1328 3462 Christo,
1360 3398 1736 3472 unusquisque
1784 3382 2033 3457 nostrum

426 3469 588 3533 facta
630 3477 874 3546 corporis
919 3478 1184 3549 recipiet;
1241 3497 1352 3537 non
1405 3485 1597 3556 utique
1633 3469 1750 3542 sine
1807 3504 2033 3559 corpore

438 3556 849 3628 adjudicabitur
894 3563 1042 3620 bono
1070 3573 1166 3620 aut
1219 3569 1383 3623 malo.
1416 3571 1488 3625 Et
1514 3588 1625 3627 non
1664 3574 1829 3644 dixit,
1890 3556 2033 3635 facta

438 3649 643 3718 carnis,
696 3652 825 3724 quia
876 3651 1059 3707 carnis
1120 3651 1258 3706 vitia
1290 3653 1407 3725 (28)
1438 3659 1717 3727 punienda
1777 3680 2026 3736 semper:

439 3735 538 3792 sed
564 3736 709 3795 facta
739 3739 1020 3811 corporis;
1046 3736 1388 3809 spiritaliter,
1410 3742 1708 3816 aliquando
1737 3735 2029 3812 carnaliter

433 3833 710 3897 operatur.

507 3918 696 3990 (Vers.
751 3918 864 3987 11.)
909 3940 930 3964 ι
956 3916 1200 3978 Scientes
1254 3924 1444 3997 igitur,
1492 3928 1749 3990 timorem
1801 3937 2025 3997 Domini

414 4006 758 4063 .hominibus
780 4003 1073 4064 suademus
1096 4026 1107 4064 :
1134 4011 1248 4068 Deo
1268 4024 1450 4073 autem
1472 4019 1746 4079 manifesti
1764 4040 1972 4083 sumus.
1991 4054 2011 4079 ι

2144 3215 2323 3271 sciens
2364 3218 2492 3291 quia
2540 3218 2843 3277 humilibus
2889 3225 3037 3281 Deus
3078 3231 3171 3284 dat
3197 3233 3450 3299 gratiam,
3480 3235 3727 3306 superbis

2143 3313 2324 3359 autem
2380 3307 2585 3363 resistit
2640 3310 2841 3380 (Jacob.
2902 3330 2982 3383 IV,
3013 3315 3103 3387 6);
3162 3319 3522 3389 superborum
3580 3325 3722 3379 enim

2142 3407 2296 3448 mens
2329 3395 2569 3453 fructum
2602 3414 2711 3453 non
2742 3400 2873 3456 facit
2900 3404 3012 3457 Deo
3048 3404 3299 3477 dignum.

2240 3482 2421 3554 (Vers.
2460 3485 2572 3557 13.)
2620 3511 2639 3534 ι
2668 3487 2794 3543 Sive
2814 3490 2961 3546 enim
2994 3502 3174 3549 mente
3203 3497 3539 3569 excedimus,
3573 3504 3721 3561 Deo:

2140 3572 2255 3629 sive
2302 3591 2493 3632 sanum
2545 3579 2808 3649 sapimus,
2858 3583 3035 3639 vobis.
3066 3609 3084 3631 ι
3133 3586 3244 3645 Hoc
3294 3589 3445 3659 dicit,
3503 3594 3632 3665 quia
3677 3596 3723 3651 si

2139 3661 2277 3719 elate
2304 3666 2391 3719 vel
2438 3667 2669 3737 superbe
2698 3677 2921 3740 putatur
2966 3672 3215 3743 locutus;
3260 3678 3387 3750 quia
3419 3661 3639 3739 laudare
3669 3700 3723 3740 se

2138 3750 2291 3806 visus
2318 3760 2418 3821 est,
2452 3770 2641 3810 verum
2694 3756 2901 3829 dicens,
2938 3763 3047 3817 Deo
3080 3766 3182 3820 hoc
3214 3767 3604 3828 remittendum
3631 3792 3642 3828 :
3676 3774 3723 3830 si

2136 3846 2316 3895 autem
2352 3857 2462 3897 non
2491 3846 2721 3917 superbe
2756 3848 3082 3921 intelligitur
3112 3854 3252 3923 (30),
3278 3855 3373 3910 sed
3393 3856 3460 3911 ad
3492 3860 3722 3930 gloriam

2134 3927 2474 3987 audientium
2504 3950 2615 3989 esse
2648 3937 2882 4007 locutus,
2916 3940 3221 3998 Corinthiis
3259 3927 3521 4016 proﬁcere
3543 3950 3715 4017 dicit;

2133 4033 2196 4081 ut
2224 4034 2354 4085 tunc
2388 4045 2579 4085 sanum
2614 4029 2752 4087 183
2783 4035 2856 4091 sit
2902 4035 3108 4093 dictum
3156 4039 3528 4114 audientibus,
3559 4048 3607 4103 si
3639 4049 3718 4107 ita

432 4094 709 4162 Quoniam
774 4108 900 4206 ergo
974 4096 1248 4168 judicium
1300 4105 1400 4162 Dei
1468 4108 1715 4167 futurum
1781 4124 1862 4171 est
1927 4132 2023 4188 per
2130 4114 2489 4189 intelligatur,
2546 4128 2606 4177 ut
2670 4123 2877 4181 dictum
2926 4134 3051 4185 est:
3115 4129 3159 4184 si
3217 4140 3396 4188 autem
3446 4094 3721 4206 iactanter

432 4180 711 4206 Πῑι-ειιοκ...
787 4196 811 4206 ι.
933 4184 1012 4206 -:_
1030 4188 1109 4206 ---Α
1127 4204 1138 4206 μ
1356 4194 1394 4206 η..
1493 4197 1504 4206 .
1574 4200 1584 4206 .
1716 4202 1732 4206 -
2400 4205 2429 4206 η

414 4180 716 4237 Christum
785 4182 856 4238 ad
930 4184 1271 4258 singulorum
1339 4194 1772 4258 discriminanda
1834 4180 2015 4276 opera,

432 4268 644 4327 idcirco
672 4270 967 4345 Apostolus
987 4277 1211 4336 suadere
1230 4298 1287 4337 se
1310 4282 1447 4341 dicit
1473 4287 1543 4343 ad
1571 4288 1775 4349 bonum
1796 4268 2014 4355 sensum

411 4371 482 4421 .et
536 4361 741 4433 vitam;
791 4375 854 4424 ut
898 4368 1177 4427 auditores
1218 4372 1335 4444 ejus
1380 4380 1556 4436 securi
1597 4382 1709 4438 sint
1735 4385 1802 4440 de
1855 4403 2014 4459 paena

2128 4211 2351 4302 putetur
2378 4205 2609 4277 dictum,
2640 4212 2794 4267 velut
2840 4212 3092 4270 insanum
3133 4217 3245 4273 Deo
3278 4205 3669 4284 dimittendum
3694 4260 3714 4313 ς

2126 4292 2306 4350 omnis
2333 4296 2478 4350 enim
2510 4299 2763 4369 superbia
2791 4302 2942 4357 velut
2974 4307 3179 4360 insania
3212 4307 3461 4366 habetur.

2197 4382 2378 4454 (Vers.
2429 4383 2543 4457 14.)
2588 4409 2607 4432 ι
2655 4387 2903 4445 Charitas
2958 4394 3104 4447 enim
3147 4393 3351 4453 Christi
3403 4409 3556 4471 urget
3584 4419 3708 4472 nos,

411 4452 636 4551 futura,
677 4461 731 4511 et
779 4456 896 4529 ipse
940 4459 1225 4531 glorietur,
1283 4465 1340 4521 in
1381 4467 1468 4525 his
1518 4469 1724 4530 habens
1767 4452 2009 4535 fructum

2210 4452 2215 4454 τ
2524 4452 2532 4457 ,
3320 4452 3323 4453 ν
3410 4452 3431 4453 η
3469 4452 3553 4471 ομ
3588 4452 3708 4472 κη,

2148 4486 2225 4527 Ioc
2248 4470 2581 4542 judicantes,
2615 4476 2760 4547 quod
2783 4478 2828 4533 si
2862 4494 3004 4535 unus
3041 4497 3139 4551 pro
3170 4484 3427 4542 omnibus
3458 4488 3709 4547 m'ortuus

422 4539 675 4599 laborum
696 4559 951 4612 suorum;
977 4548 1106 4620 quia
1133 4554 1493 4622 quorumdam
1524 4560 1868 4635 praviloquio
1892 4564 2009 4622 dies

409 4628 619 4725 judicii
662 4633 762 4690 Dei
808 4634 868 4725 in
917 4636 1148 4696 dubium
1195 4642 1485 4703 deducitur
1510 4628 1543 4705 ε-
1571 4672 1591 4696 ι
1639 4628 2009 4725 Corrumpunt

418 4720 568 4778 enim
600 4739 778 4782 mores
812 4724 986 4784 bonos
1011 4729 1290 4803 colloquia
1317 4738 1458 4793 mala
1491 4738 1549 4810 (Ι
1575 4739 1700 4795 Cor.
1724 4757 1819 4809 xv,
1852 4720 1991 4815 83).»

413 4839 489 4856 --
527 4836 549 4861 ι
577 4812 910 4875 Hominibus
964 4819 1274 4892 suademus,
1305 4848 1323 4871 ι
1366 4826 1482 4894 ait;
1543 4834 1605 4881 ut
1659 4812 2006 4900 credant,vet

410 4902 740 4973 provideant
809 4922 881 4964 ne
951 4908 1255 4981 incurrant,
1333 4921 1388 4970 et
1462 4920 1593 4972 tunc
1678 4919 1998 4991 poeniteant,

406 5074 518 5146 non
565 5068 1231 5146 itﬁcorporeuea-uainur
1282 5072 1341 5126 in
1369 5082 1743 5146 (perpetuum:
1804 5081 1894 5135 sed
1942 5089 2003 5138 at

399 5137 613 5214 recepta
636 5132 695 5188 in
721 5132 1021 5214 die_judi_cii
1058 5140 1155 5195 Dei
1199 5132 1645 5214 superinduamur
1669 5132 1999 5208 tamen:

398 5202 877 5328 ﬁtefumwmoria.
926 5210 1098 5266 Deum
1142 5202 1378 5285 conﬁteri
1429 5202 1643 5290 dicitur,
1674 5202 1839 5292 "4:113
1854 5202 1998 5295 {r3-

462 5289 533 5328 m
559 5318 574 5328 .
604 5291 633 5328 e
694 5320 707 5328 .

397 5283 574 5341 anteit,
604 5284 707 5334 etc.

417 5344 783 5438 mgﬁphliom.
816 5350 978 5433 edit,
1007 5354 1082 5411 Et
1107 5357 1317 5414 scientes
1341 5360 1506 5417 multo
1538 5364 1704 5434 magis
1752 5366 1996 5438 expedire

397 5411 674 5498 ιίιιξεέεεε
688 5435 847 5498 quam
875 5411 1194 5498 incorpore.

476 5482 849 5585 ﬁltﬁistsr.
864 5493 1021 5585 951i!»
1045 5482 1440 5585 ῗιίηιέεείαεεααε
1473 5501 1632 5577 facta
1680 5509 1989 5585 corporis...

402 5551 803 5631 “iudicabitur
825 5551 1110 5627 bonus-aut
1126 5551 1329 5633 maias;

2122 4571 2221 4620 est.
2254 4588 2274 4613 ι
2318 4565 2587 4633 Quoniam
2624 4569 2872 4627 Christus
2923 4571 3156 4645 diligens
3183 4591 3353 4647 genus
3380 4577 3709 4655 humanum,

2120 4662 2183 4710 ut
2209 4670 2300 4711 eos
2329 4657 2639 4728 redimeret,
2683 4661 2847 4716 morti
2879 4678 2935 4717 se
2967 4662 3153 4732 dedit;
3208 4664 3334 4721 ideo
3361 4671 3617 4739 apostoli,
3648 4680 3710 4729 ut

2120 4743 2296 4800 vicem
2324 4745 2374 4801 ei
2422 4747 2672 4817 reddant,
2704 4749 2953 4806 homines
2980 4768 3051 4807 ex
3073 4752 3254 4826 aliqua
3302 4764 3458 4828 parte
3489 4759 3704 4816 exhor-
3810 4798 3820 4815 .

2117 4841 2305 4892 tantur
2355 4835 2425 4891 ad
2469 4837 2587 4909 ejus
2642 4839 3002 4914 obsequium;
3063 4851 3117 4899 et
3156 4850 3217 4898 ut
3265 4860 3359 4901 eos
3407 4848 3704 4917 attrahant,

2106 4939 2334 4980 necesse
2380 4933 2461 4981 est
2505 4933 2567 4981 ut
2612 4943 2804 4984 verum
2832 4946 2889 4985 se
2930 4930 3228 5002 praedicare
3259 4939 3551 5005 testentur,
3583 4938 3707 4993 aliis

2187 5083 2304 5165 (.28)
2343 5082 2611 5165 Nonnulli
2661 5102 2814 5154 mss.,
2871 5088 3011 5156 Quia
3059 5091 3238 5145 carnis
3302 5086 3455 5161 cita;
3506 5094 3695 5165 Corb.,

2117 5155 2252 5222 Quia
2279 5155 2513 5210 carnalis
2538 5156 2666 5211 vita.

2542 5195 2720 5283 ili-ilia.
2730 5269 2746 5296 ,
2773 5229 2985 5299 quando
3008 5195 3326 5302 prenitentiw
3341 5234 3579 5304 fructum
3597 5254 3704 5293 non

2111 5296 2314 5353 habent.

2182 5368 2297 5449 (3_0)
2328 5368 2483 5424 Rom.
2516 5368 2844 5449 edit.,_Quia
2874 5372 2921 5449 si
2954 5373 3104 5449 elate,
3133 5375 3213 5449 vel
3241 5375 3425 5430 insane
3467 5385 3696 5449 putatur

2111 5438 2375 5518 locutas":
2420 5438 2805 5518 remittendum.
2869 5444 3049 5500 Omnis
3089 5438 3229 5518 enim
3281 5438 3531 5518 superbia
3565 5451 3705 5505 velut

2107 5509 2318 5590 insania
2346 5508 2582 5590 habetur.
2617 5511 2675 5566 Si
2703 5519 2877 5590 autem
2904 5531 3011 5571 non
3038 5508 3478 5590 superbameeo
3506 5521 3703 5583 dimit-

2109 5580 2336 5643 tendum.
2372 5580 2621 5643 Charitas
2641 5582 2798 5658 enim,
2831 5592 2937 5647 etc.
