3952 6202
2858 214 2861 217 ’
2898 214 2965 232 HM

190 249 290 309 313
782 208 787 209 ν
1052 231 1065 245 ’
1247 249 1607 309 COMMENT.
1647 252 1720 310 IN
1755 253 1975 310 EPIST.
2020 254 2071 309 Π
2107 254 2202 308 AD
2241 251 2396 311 con.
2858 214 2861 217 ’
2898 214 2965 232 ’Μ
3354 264 3459 322 3η

191 393 353 451 prava
393 375 753 445 docentibus;
806 391 911 434 nec
942 392 1102 434 suum
1149 380 1410 435 meritum
1438 386 1674 447 taceant,
1709 387 1773 435 ut
1803 384 1852 443 Α
1888 388 2147 436 renovata
2191 388 2318 437 sunt
2364 380 2566 451 omnia,
2597 382 2642 439 si
2669 382 3116 442 animadvertant
3144 385 3467 458 dignitatem

190 469 455 525 malorum
507 466 798 523 doctorum
857 483 1070 538 pmnam
1124 467 1429 540 designent.
1484 469 1603 524 Non
1650 485 1776 540 ergo

190 559 427 615 elatione
453 564 655 612 mentis
685 554 802 610 haec
828 556 1080 626 agebant,
1120 557 1215 612 sed
1245 565 1306 612 ut
1336 557 1543 613 donum
1573 557 1778 614 Christi

191 644 588 717 intelligeretur
639 642 709 698 ab
756 643 1032 710 omnibus,
1081 652 1136 700 et
1189 643 1427 700 fideliter
1471 644 1680 713 devoti,
1728 644 1778 701 ei

191 736 487 808 gratiarum
531 731 776 788 actiones
808 731 1094 789 referrent.
1150 734 1377 805 Propter
1404 732 1610 790 Christi
1654 750 1779 807 ergo

189 823 513 879 charitatem
578 818 716 891 (31),
763 834 883 890 qua:
930 827 983 875 et
1030 829 1232 892 quanta
1282 821 1425 876 dona
1467 820 1587 891 ejus
1635 821 1781 877 circa

189 912 484 983 diligentes
532 925 657 965 eum
699 908 810 963 sint
838 950 854 975 ,
899 924 1010 964 non
1058 914 1268 963 tacent:
1331 923 1441 963 non
1498 906 1779 978 jactantim

189 1018 375 1069 causa,
406 999 499 1056 sed
548 1006 610 1054 ut
640 998 874 1052 invitent
918 995 1200 1050 audientes
1230 994 1299 1050 ad
1356 993 1473 1066 ejus
1517 995 1779 1051 devotio—

190 1108 345 1147 nem:
380 1106 448 1145 ne
478 1105 622 1144 mors
646 1085 851 1143 Christi
880 1085 1220 1140 infructuosa
1248 1085 1551 1152 videretur,
1587 1100 1697 1139 non
1716 1090 1779 1138 ut

189 1181 311 1235 laus
355 1178 721 1249 apostolorum
751 1182 1154 1243 agnosceretur.
1210 1175 1312 1229 Per
1344 1175 1597 1230 meritum
1629 1172 1779 1227 enim

190 1278 244 1324 et
276 1267 501 1339 gloriam
533 1265 903 1338 apostolorum
933 1264 1247 1336 agnoscitur
1272 1263 1480 1322 Christi
1523 1261 1698 1335 gratia
1724 1267 1780 1315 et

189 1357 514 1415 beneficium
545 1355 665 1411 Dei.

264 1448 443 1519 (Vers.
487 1444 595 1505 15.)
638 1468 656 1491 ι
685 1443 831 1514 Ergo
879 1458 1070 1499 omnes
1124 1444 1331 1498 mortui
1379 1448 1527 1508 sunt,
1574 1448 1630 1497 et
1682 1455 1782 1511 pro

189 1536 449 1594 omnibus
491 1541 743 1589 mortuus
780 1539 861 1587 est
904 1530 1177 1599 Christus,
1224 1539 1287 1586 ut
1321 1538 1374 1586 et
1420 1528 1515 1602 qui
1562 1527 1779 1595 vivunt,

183 1624 298 1697 jam
346 1640 457 1680 non
489 1622 593 1679 sibi
626 1622 837 1688 vivant,
888 1620 981 1676 sed
1010 1620 1059 1675 ei
1093 1620 1186 1691 qui
1227 1636 1325 1691 pro
1354 1618 1487 1691 ipsis
1534 1625 1783 1673 mortuus

189 1722 275 1770 est
317 1723 371 1768 et
413 1710 729 1767 resurrexit.
764 1734 782 1755 ι
841 1708 980 1775 Quia
1017 1723 1208 1762 omnes
1260 1722 1475 1761 necesse
1523 1711 1606 1760 est
1642 1702 1784 1758 mori

190 1818 357 1860 causa
387 1799 538 1867 Adae,
571 1815 668 1870 pro
705 1796 959 1853 omnibus
987 1803 1238 1851 mortuus
1281 1803 1361 1850 est
1404 1793 1676 1860 Christus,
1718 1798 1811 1877 ut_

187 1907 287 1948 eos
311 1906 342 1944 a
368 1887 603 1944 secunda
640 1894 810 1941 morte
844 1884 1131 1950 liberaret;
1184 1882 1411 1955 ideoque
1441 1882 1535 1954 qui
1582 1880 1785 1935 vivunt

187 1978 249 2034 in
296 1992 554 2049 corpore,
602 1976 839 2031 scientes
896 1973 1174 2030 Christum
1207 1979 1487 2028 mortuum
1518 1985 1635 2025 esse
1682 1984 1781 2039 pro

186 2084 267 2136 se,
302 2066 414 2122 sint
437 2065 486 2120 ei
508 2063 738 2131 subditi,
769 2061 1086 2135 profitentes
1113 2062 1263 2117 hunc
1291 2060 1611 2116 Dominum.
1643 2056 1785 2122 Quia

186 2157 342 2213 enim
371 2152 597 2226 prodest
636 2152 714 2206 eis
744 2166 891 2204 mors
928 2149 1064 2219 ejus,
1117 2150 1497 2205 testimonium
1526 2145 1785 2218 perhibet

184 2242 523 2303 resurrectio
555 2238 694 2311 ejus.
743 2237 917 2308 Igitur
959 2234 1053 2289 hic
1078 2235 1184 2290 sibi
1236 2252 1346 2290 non
1382 2235 1536 2302 visit,
1569 2232 1664 2305 qui
1690 2247 1784 2304 pa-

182 2341 348 2391 ratus
374 2336 457 2386 est
484 2325 698 2384 domini
728 2324 816 2380 sui
850 2322 1027 2378 facere
1056 2323 1418 2377 voluntatem.

264 2430 450 2503 (Vers.
474 2423 587 2494 16.)
636 2447 657 2471 ι
683 2424 871 2495 Itaque
890 2437 993 2477 nos
1018 2421 1293 2477 neminem
1325 2436 1394 2476 ex
1420 2418 1526 2475 hoc
1549 2427 1791 2490 tempore

176 2518 453 2576 novimus
511 2512 812 2571 secundum
872 2525 1115 2566 carnem.
1182 2510 1254 2563 Et
1313 2510 1359 2564 si
1431 2506 1791 2579 cognovimus

185 2606 496 2664 secundum
527 2617 748 2660 carnem
778 2598 1081 2666 Christum,
1132 2613 1279 2653 nunc
1302 2595 1414 2667 jam
1455 2612 1567 2650 non
1617 2594 1789 2650 novi—

184 2713 338 2752 mus.
396 2718 416 2742 »
485 2693 693 2749 Verum
749 2695 857 2756 est,
917 2686 1044 2759 quia
1105 2685 1323 2743 Christo
1380 2690 1696 2754 resurgente
1756 2699 1789 2737 a

185 2784 457 2849 mortuis,
496 2780 610 2853 jam
636 2786 807 2835 cessat
851 2777 909 2832 in
940 2792 1004 2832 eo
1033 2776 1269 2832 carnalis
1300 2774 1584 2840 nativitas,
1616 2780 1788 2828 cessat

181 2870 500 2929 infirmitas
541 2867 804 2938 corporis,
851 2873 1020 2921 cessat
1078 2872 1132 2919 et
1178 2863 1354 2936 passio
1404 2861 1598 2918 mortis
1644 2859 1785 2931 (32).

182 2962 385 3031 Usque
416 2956 485 3012 ad
513 2970 731 3011 crucem
776 2953 921 3009 enim
948 2952 1188 3024 suspicio
1216 2951 1323 3006 fuit
1360 2948 1699 3005 infirmitatis
1730 2948 1788 3002 in

180 3050 455 3108 Christo:
506 3053 694 3118 postea
749 3050 927 3098 autem
971 3039 1221 3113 apparuit
1287 3055 1440 3107 esse,
1484 3038 1631 3110 quod
1678 3054 1788 3093 non

177 3136 542 3200 credebatur,
584 3132 727 3187 sicut
764 3137 818 3185 et
858 3130 972 3201 ipse
1013 3128 1116 3183 ait:
1179 3151 1199 3174 ι
1230 3128 1367 3184 Cum
1415 3127 1789 3183 exaltaveritis

178 3227 400 3284 Filium
433 3220 695 3286 hominis,
725 3228 859 3274 tunc
882 3216 1221 3288 cognoscetis
1252 3214 1510 3288 quoniam
1539 3231 1638 3285 ego
1667 3230 1789 3270 sum

174 3320 386 3389 (Joan.
416 3329 541 3378 vur,
572 3309 688 3380 28).
721 3332 741 3355 ι
785 3308 902 3363 Hoc
947 3321 1073 3376 ergo
1110 3304 1315 3360 idcirco
1345 3305 1636 3375 Apostolus
1666 3319 1791 3358 me-

174 3412 391 3471 morat,
425 3409 487 3457 ut
515 3396 767 3455 ostendat
798 3411 906 3469 qua
947 3393 1242 3449 devotione
1269 3393 1681 3465 obsequendum
1709 3401 1791 3449 est

173 3494 439 3555 Christo.
484 3488 591 3545 Pro
623 3486 799 3542 salute
829 3483 977 3539 enim
1007 3480 1296 3537 hominum
1326 3496 1438 3536 non
1486 3482 1664 3536 solum
1693 3481 1789 3537 ho-

175 3587 403 3645 minem
438 3593 495 3635 se
524 3576 674 3633 nasci
707 3591 817 3630 non
865 3572 1191 3643 dedignatus
1221 3578 1321 3638 est,
1354 3570 1449 3627 sed
1490 3578 1544 3627 et
1572 3570 1790 3642 injuriis

172 3677 291 3749 agi,
324 3683 386 3731 et
419 3671 561 3728 mori
592 3666 809 3733 voluit;
840 3673 902 3720 ut
940 3663 1311 3735 intelligentes
1360 3678 1522 3734 quam
1552 3662 1789 3734 pretiosa

172 3748 251 3821 sit
283 3778 449 3819 mors
485 3758 621 3830 ejus,
671 3753 996 3829 prOpensius
1028 3751 1113 3807 illi
1162 3750 1423 3817 serviant,
1475 3765 1585 3805 non
1632 3748 1787 3822 quasi

171 3851 411 3910 homini
460 3846 637 3904 vicem
687 3843 995 3909 reddentes,
1044 3840 1138 3895 sed
1186 3841 1334 3905 Deo;
1398 3839 1527 3911 quia
1570 3838 1785 3893 unicui-

170 3956 284 4014 que
318 3954 430 4012 pro
462 3947 691 4007 persona
708 3929 826 4003 ejus
854 3936 908 3985 et
929 3926 1142 3983 meritis
1162 3926 1503 3983 refundenda
1530 3925 1788 3998 obsequia

165 4038 333 4088 sunt.

244 4125 459 4199 (Vers.
493 4121 577 4176 17.
613 4121 633 4191 )
696 4142 716 4166 ι
744 4118 920 4185 Quare
949 4116 997 4172 si
1041 4131 1148 4188 qua
1174 4123 1254 4170 est
1282 4113 1341 4168 in
1387 4111 1606 4170 Christo
1647 4129 1790 4168 nova

162 4222 476 4275 creatura,
523 4214 708 4263 vetera
754 4204 1112 4270 transierunt,
1160 4210 1215 4257 et
1252 4217 1375 4256 ecce
1421 4201 1606 4254 omnia
1648 4200 1792 4256 facta

163 4313 310 4363 sunt
372 4315 551 4358 nova.
600 4322 619 4345 ι
669 4297 1021 4353 Manifestum
1070 4304 1151 4351 est
1200 4295 1329 4366 quia
1371 4309 1467 4365 per
1512 4292 1789 4349 Christum

1888 467 2023 540 ejus.
2057 471 2245 525 Novus
2290 471 2434 527 enim
2464 471 2526 527 fit
2558 472 2642 528 his
2669 472 2871 546 quibus
2926 475 3079 547 prius
3126 474 3289 531 homo
3333 483 3467 532 tan-

1887 565 2006 614 tum
2053 557 2380 625 videbatur,
2445 575 2568 614 cum
2614 560 2945 633 intelligitur
3006 579 3121 618 esse
3165 563 3341 620 Deus:
3403 570 3467 619 ut

1888 646 2173 702 recedente
2201 645 2542 714 infirmitate,
2589 656 2907 719 agnoscatur
2944 650 3226 718 divinitas,
3258 657 3313 706 et
3339 666 3468 707 ces-

1889 745 2042 793 sante
2087 753 2268 793 errore
2298 736 2493 804 veteri,
2542 737 2636 808 qui
2665 737 2980 794 introducta
3015 741 3310 795 multorum
3341 739 3465 797 deo-

1889 844 2012 883 rum
2042 827 2321 899 opinione,
2371 827 2439 882 ab
2469 827 2635 882 unius
2664 826 2781 880 veri
2808 827 2907 880 Dei
2954 827 3060 883 ﬁde
3086 829 3468 884 transduxerat

1891 932 2060 989 genus
2086 915 2409 982 humanum,
2429 923 2771 970 revertantur
2799 915 2986 972 omnia
3014 917 3080 970 ad
3104 916 3471 988 simplicitatis

1890 1006 2304 1079 professionem,
2351 1022 2524 1062 unum
2556 1006 2727 1060 Deum
2758 1004 3042 1060 adorantia
3079 1004 3137 1059 in
3184 1003 3470 1073 Trinitate,

1963 1094 2144 1165 (Vers.
2199 1093 2365 1165 18.)«
2397 1093 2596 1148 Omnia
2633 1100 2815 1148 autem
2861 1109 2931 1149 ex
2976 1093 3107 1148 Deo.
3138 1116 3157 1139 ι
3213 1091 3474 1160 Quamvis

1892 1184 2142 1242 Christus
2169 1201 2269 1241 nos
2295 1184 2607 1251 redemerit,
2647 1183 2833 1240 omnia
2860 1192 3046 1240 tamen
3075 1201 3146 1241 ex
3173 1186 3312 1251 Deo;
3346 1182 3475 1256 quia

1891 1275 1958 1329 ab
1987 1274 2104 1346 ipso
2130 1283 2212 1331 est
2248 1274 2428 1331 omnis
2454 1274 2753 1347 paternitas
2784 1274 2998 1345 (Ephes.
3031 1291 3116 1341 III,
3166 1274 3256 1345 l5)
3283 1291 3296 1329 :
3330 1271 3472 1327 ideo-

1892 1377 1995 1434 que
2024 1379 2238 1419 necesse
2266 1370 2347 1419 est
2376 1363 2622 1435 praeferri
2653 1377 2937 1434 personam
2968 1361 3163 1416 Patris.

1965 1451 2146 1521 (Vers.
2180 1450 2374 1518 19,20,
2406 1451 2521 1521 21.)
2543 1450 2681 1517 «Qui
2705 1450 2821 1521 (33)
2841 1449 3221 1505 reconciliavit
3249 1464 3349 1504 nos
3370 1448 3474 1504 sibi

1890 1554 1989 1611 per
2018 1537 2319 1607 Christum,
2350 1546 2404 1593 et
2434 1537 2587 1594 dedit
2636 1536 2795 1592 nobis
2825 1537 3191 1593 ministerium
3238 1536 3476 1593 reconci-

1894 1627 2174 1695 liationis;
2225 1627 2482 1701 quoniam
2531 1626 2751 1698 quidem
2797 1627 2943 1682 Deus
2987 1634 3100 1681 erat
3137 1626 3195 1681 in
3234 1625 3473 1694 Christo,

1816 1731 1862 1790 Β
1890 1720 2157 1774 mundum
2189 1718 2549 1774 reconcilians
2577 1717 2819 1783 sibi,non
2850 1725 3107 1789 reputans
3135 1717 3248 1771 illis
3275 1717 3476 1772 delicta

1892 1807 2154 1880 ipsorum,
2187 1814 2240 1862 et
2270 1822 2476 1878 ponens
2496 1805 2554 1860 in
2575 1804 2733 1861 nobis
2761 1804 2989 1860 verbum
3010 1804 3475 1861 reconciliationis

1892 1911 1988 1968 pro
2018 1895 2254 1962 Christo,
2289 1911 2386 1966 pro
2433 1910 2541 1966 quo
2580 1894 2845 1967 legatione
2874 1892 3183 1964 fungimur,
3213 1900 3473 1965 tanquam

1894 1984 2004 2039 Deo
2034 1983 2355 2039 exhortante
2376 1999 2471 2055 per
2509 1998 2643 2038 nos:
2668 1990 2886 2039 orantes
2906 1998 3004 2054 pro
3041 1980 3259 2039 Christo
3290 1996 3473 2038 recon-

1894 2071 2069 2127 ciliari
2096 2074 2225 2128 Deo.
2275 2074 2416 2127 Eum
2448 2072 2594 2127 enim
2626 2073 2722 2145 qui
2754 2088 2865 2128 non
2912 2078 3139 2127 noverat
3169 2076 3473 2143 peccatum,

1895 2176 1993 2231 pro
2021 2159 2178 2214 nobis
2222 2168 2501 2231 peccatum
2546 2160 2697 2227 fecit,
2749 2166 2812 2214 ut
2840 2176 2941 2216 nos
2984 2175 3225 2215 essemus
3258 2155 3476 2229 justitia

1894 2248 1994 2303 Dei
2025 2247 2082 2301 in
2112 2247 2248 2319 ipso.
2272 2272 2290 2295 ι
2318 2250 2463 2303 Deus
2486 2248 2833 2317 omnipotens
2863 2247 3072 2318 genitor
3097 2246 3303 2304 Christi
3324 2247 3474 2317 (cum

1898 2335 2100 2403 omnia,
2150 2352 2271 2407 quas
2318 2352 2412 2407 per
2459 2334 2739 2391 Christum
2788 2335 3010 2401 fecerat,
3049 2351 3229 2391 errore
3273 2334 3478 2390 caduca

1898 2421 2129 2477 fuissent
2156 2423 2367 2490 effecta,
2408 2421 2681 2478 Creatoris
2709 2422 2795 2477 sui
2825 2422 3020 2492 oblita)
3052 2422 3331 2478 Christum
3374 2423 3476 2477 Do-

1900 2510 2112 2566 minum
2163 2511 2549 2581 (31L)nostrnm
2595 2512 2663 2567 de
2697 2509 2866 2566 sacris
2910 2509 3129 2565 sedibus
3154 2510 3222 2565 ad
3266 2518 3479 2565 terrena

1900 2599 2088 2654 venire
2115 2598 2370 2669 dignatus
2398 2605 2498 2665 est,
2536 2602 2678 2659 184
2704 2607 2758 2653 et
2786 2597 2991 2652 factum
3029 2612 3190 2653 carne
3217 2597 3276 2651 in
3303 2596 3479 2666 specie

1900 2693 2177 2761 hominis;
2211 2701 2272 2748 ut
2302 2693 2477 2747 forma
2504 2701 2643 2748 esset
2681 2691 2999 2748 hominibus
3026 2689 3480 2762 quemadmodum

1899 2781 2003 2837 sihi
2025 2782 2196 2836 Deum
2224 2787 2521 2836 creatorem
2542 2795 2701 2835 suum
2733 2776 3021 2850 pacificum
3052 2776 3311 2831 facerent.
3340 2776 3483 2831 Deus

1901 2886 2028 2942 ergo
2056 2878 2171 2925 erat
2216 2869 2275 2926 in
2305 2868 2542 2925 Christo.
2592 2866 2877 2935 Quomodo
2899 2866 2927 2922 ?
2956 2864 3121 2932 Quasi
3168 2865 3227 2920 in
3274 2863 3481 2921 vicario

1897 2968 1991 3015 aut
2021 2961 2213 3030 legato,
2244 2958 2385 3014 sicut
2424 2957 2531 3012 fuit
2560 2956 2618 3011 in
2646 2954 2948 3029 prophetis,
2988 2962 3082 3010 aut
3126 2953 3332 3008 aliter?
3359 2952 3480 3009 Non

1821 3075 1864 3135 ο
1897 3049 2041 3107 sicut
2069 3048 2175 3103 fuit
2217 3047 2275 3102 in
2308 3046 2589 3119 prophetis
2619 3045 2698 3103 sic
2748 3043 2985 3115 intelligi
3026 3050 3204 3115 potest
3231 3042 3398 3098 fuisse
3425 3050 3480 3100 et

1898 3139 1956 3193 in
1986 3137 2129 3193 Filio
2153 3137 2181 3192 ‘I
2212 3136 2386 3190 Filius
2417 3133 2564 3190 enim
2595 3132 2919 3188 naturaliter
2964 3132 3172 3201 legatus
3197 3137 3278 3185 est
3306 3130 3482 3187 Patris

1898 3225 1998 3282 Dei
2030 3224 2168 3295 (35).
2202 3223 2355 3278 Unde
2400 3221 2567 3277 dicit:
2616 3244 2635 3268 ι
2664 3218 2803 3286 Quia
2843 3219 3001 3273 Pater
3047 3216 3107 3272 in
3152 3232 3240 3272 me
3279 3223 3379 3286 est,
3427 3226 3481 3274 et

1900 3329 1998 3384 ego
2028 3312 2086 3366 in
2115 3312 2270 3366 Patre
2310 3310 2488 3381 (Joan.
2523 3324 2643 3375 xw,
2684 3306 2808 3376 ii);
2842 3328 2862 3352 ι
2906 3304 3066 3359 Pater
3110 3305 3257 3360 enim
3302 3320 3397 3377 per
3423 3305 3480 3362 id

1901 3398 2230 3471 intelligitur
2257 3413 2371 3453 esse
2418 3398 2476 3452 in
2504 3395 2668 3462 Filio,
2700 3393 2845 3466 quod
2892 3408 3001 3449 una
3028 3408 3217 3448 eorum
3246 3392 3318 3448 sit
3356 3394 3480 3450 sub-

1899 3487 2117 3544 stantia.
2150 3486 2231 3543 Ibi
2260 3486 2406 3541 enim
2454 3491 2536 3541 est
2565 3481 2746 3538 unitas
2777 3480 2915 3554 (36),
2948 3479 3043 3535 ubi
3072 3480 3228 3536 nulla
3253 3488 3334 3536 est
3360 3480 3481 3537 dif-

1898 3577 2163 3634 ferentia:
2195 3592 2259 3632 ac
2287 3591 2383 3647 per
2429 3573 2533 3630 hoc
2564 3572 2799 3629 invicem
2848 3578 3013 3626 sunt:
3046 3569 3175 3643 quia
3208 3578 3262 3626 et
3301 3570 3480 3644 imago

1898 3673 1951 3722 et
1992 3665 2297 3721 similitudo
2341 3679 2527 3720 eorum
2572 3677 2683 3718 una
2729 3668 2829 3728 est,
2883 3667 2946 3716 ut
2992 3659 3186 3716 videns
3228 3660 3430 3716 Filium
3457 3703 3474 3729 ,

1897 3755 2098 3812 Vidisse
2125 3753 2341 3810 dicatur
2387 3753 2623 3819 Patrem,
2656 3751 2799 3807 sicut
2827 3757 2881 3803 et
2910 3750 3024 3820 ipse
3068 3749 3337 3803 Dominus
3362 3749 3472 3805 ait:

1911 3867 1930 3890 ι
1958 3843 2062 3912 Qui
2092 3859 2179 3899 me
2205 3842 2378 3909 videt,
2430 3840 2582 3895 videt
2611 3845 2665 3894 et
2694 3839 2905 3892 Patrem
2949 3834 3111 3905 (Ibid.
3142 3835 3223 3905 9).
3258 3860 3275 3881 ι
3316 3835 3479 3891 Recte

1897 3949 2024 4004 ergo
2067 3932 2307 3987 dicitur:
2372 3950 2393 3974 ι
2420 3929 2565 3982 Deus
2610 3932 2725 3980 erat
2772 3924 2830 3977 in
2880 3921 3135 3978 Christo:
3170 3945 3189 3968 ι
3248 3919 3352 3975 hoc
3395 3930 3478 3978 est

1897 4022 2055 4077 Pater
2083 4021 2142 4075 in
2170 4019 2332 4083 Filio,
2379 4039 2398 4062 ι
2427 4014 2694 4069 mundum
2744 4009 3102 4067 reconcilians
3146 4008 3271 4076 sibi,
3305 4034 3324 4056 ι
3365 4025 3476 4066 non

1900 4115 2155 4182 reputans
2202 4105 2314 4160 illis
2369 4102 2569 4158 delicta
2623 4115 2861 4165 eorum;
2921 4098 3178 4169 quoniam
3232 4104 3477 4153 creatura

1898 4195 2145 4271 peccavit
2188 4194 2247 4249 in
2294 4194 2488 4259 Deum,
2536 4205 2637 4246 nec
2674 4187 2953 4261 paenituit,
2985 4195 3045 4242 ut
3074 4194 3284 4243 reverte
3325 4194 3476 4242 retur

1898 4289 1967 4345 ad
1994 4302 2118 4343 eum
2144 4303 2156 4342 :
2186 4286 2329 4341 Deus
2357 4297 2494 4355 opus
2530 4296 2691 4336 suum
2721 4279 2913 4334 nolens
2959 4276 3156 4350 perire,
3197 4275 3348 4331 misit
3374 4273 3477 4329 Fi-

240 4447 380 4519 <31)
422 4443 662 4511 Propter
689 4437 891 4519 σιρνξειί
1086 4437 1152 4519 et:
1185 4435 1271 4519 bis
1704 4436 1791 4519 ad.
1823 4418 1873 4477 Β
1906 4421 3019 4519 “fit?.Qbedi'fl‘.‘:1'?f‘?"’2€flf’2-23333335

166 4507 571 4590 Ergo'omnes
617 4509 817 4590 mortui
870 4515 1029 4590 sunt,
1096 4507 1276 4590 hiatus
1312 4515 1499 4590 exstat
1564 4507 1620 4562 in
1667 4507 1791 4575 cod,

165 4578 378 4647 Corb”
413 4606 430 4654 ;
470 4581 652 4640 caeteri
677 4587 1064 4654 autem,_atque
1082 4579 1217 4654 edit.
1246 4579 1378 4654 satis
1406 4578 1551 4634 inter
1574 4595 1632 4654 se
1652 4594 1794 4654 con-

166 4649 490 4732 sentiunt,
509 4654 555 4709 si
586 4649 1063 4732 transpositionem
1095 4649 1359 4732 excipias,
1393 4666 1512 4721 quae
1543 4649 1795 4732 sic_facta

170 4739 257 4788 est
316 4732 384 4786 in
454 4721 613 4783 Rom.
665 4721 894 4779 edit.....
944 4728 1127 4789 tacent,
1174 4721 1239 4777 ut
1277 4722 1393 4776 laus
1433 4721 1794 4791 apostolorum

164 4807 527 4864 nosceretur,
575 4812 680 4850 non
699 4793 975 4863 jactantite
1005 4809 1227 4850 causa...
1260 4790 1593 4863 infructuosa
1641 4790 1796 4844 vide-

164 4881 352 4929 retur.
396 4872 518 4927 Per
540 4867 786 4920 meritum
804 4864 963 4931 enim,
994 4871 1096 4920 etc.

248 4943 386 5017 (32)
438 4937 607 5017 C9_rb..
636 4936 804 5017 Acod.,
838 4930 1019 5007 passio
1061 4936 1263 5017 mortis.
1313 4935 1424 5017 Hoc
1468 4949 1574 5017 non
1618 4930 1797 4999 utique

158 5004 414 5087 praptér
465 5009 756 5087 Christum,
787 5004 935 5087 quem
957 5023 1071 5061 sors
1097 5023 1201 5087 non
1244 5005 1499 5087 tangebat,
1549 5004 1793 5087 humanae

165 5072 550 5157 fragilitatis,
579 5072 906 5157 sedprajiter
929 5094 1059 5157 nos,
1080 5077 1268 5157 quibus
1294 5072 1585 5155 eavemplum
1616 5072 1797 5157 datum

165 5141 383 5224 ἓει,“ὐε
419 5153 477 5207 si
504 5141 720 5224 vestigia
761 5141 870 5224 ejus
902 5141 1060 5224 secuti
1086 5141 1371 5224 fuerimus,
1397 5141 1490 5215 qui
1521 5162 1620 5224 pro
1648 5141 1797 5224 uobis

166 5214 448 5283 inermus
493 5227 588 5275 est.
633 5214 816 5277 Simili
859 5218 1010 5273 modo
1063 5214 1111 5272 et
1147 5218 1205 5271 in
1249 5214 1419 5271 nobis
1438 5221 1558 5285 post
1600 5214 1797 5285 exitum

165 5298 304 5354 vita
355 5292 540 5362 huius
583 5290 968 5362 resurgentibus
1010 5289 1270 5362 promisso
1321 5284 1544 5362 tempore
1582 5284 1799 5362 cessabit

164 5369 358 5427 omnis
393 5354 698 5435 inﬁrmitas
737 5354 789 5416 Et
828 5354 1119 5430 corruptio.
1150 5360 1288 5435 _Ideo
1313 5354 1498 5411 etenim
1537 5354 1796 5435 novimus,

167 5424 403 5510 inquit,
455 5424 528 5490 ex
580 5432 675 5488 hoc
718 5439 939 5510 tempore
976 5424 1253 5510 secundum
1305 5443 1509 5510 carnem
1528 5443 1549 5491 ;
1585 5426 1712 5507 quia
1742 5424 1799 5481 in

156 5496 405 5570 “Christi
440 5496 831 5575 resurrectione
863 5500 1119 5575 generalia
1155 5500 1284 5575 data
1313 5505 1385 5555 est
1422 5497 1602 5575 forma
1628 5496 1797 5575 iucor:

147 5566 484 5667 {raptione}
512 5581 563 5637 et
596 5566 885 5646 claritatis;
930 5579 990 5632 ut
1014 5573 1091 5631 ita
1124 5571 1360 5630 omnibus
1382 5566 1679 5649 provenire,
1709 5566 1800 5641 qui

1975 4503 2089 4584 (33)
2123 4502 2247 4584 Mss.
2296 4487 2503 4571 aliquot
2529 4516 2550 4584 τ’
2586 4497 2687 4584 Qui
2707 4487 3477 4584 reformavit‘b‘qsnsiliiireli:

1901 4559 1994 4648 qui
2025 4559 2084 4629 et
2105 4573 2237 4628 edit.
2267 4559 2458 4697 ἕετιίιη
2489 4559 2778 4641 adnioduuj
2811 4563 3122 4638 discrepant
3140 4559 3206 4612 ab
3224 4559 3474 4636 invicem

1902 4653 2127 4697 excepto
2156 4659 2264 4697 uuo
2334 4644 2485 4695 llam.
2510 4638 2642 4693 edit.
2665 4636 2916 4689 ultimam
2946 4631 3110 4697 hujus
3131 4628 3238 4682 Ιοοι
3266 4632 3473 4696 partem

1902 4628 2302 4723 exceptoquod
2334 4644 2485 4718 item.
2510 4638 2642 4693 edit.
2665 4633 2916 4689 ultimam
2946 4628 3110 4698 hujus
3131 4628 3238 4682 loci
3266 4632 3473 4696 partem

1858 4748 1870 4763 κ
1902 4716 1961 4770 in
1990 4709 2250 4769 inferiora
2286 4709 2560 4779 rejecerat.

1977 4764 2218 4854 {alii};
2254 4764 2365 4833 vet“.
2399 4778 2531 4854 edit.
2561 4791 2623 4829 ac
2663 4789 2791 4854 mss.
2822 4788 2855 4825 a
2898 4767 3097 4854 quibus
3131 4764 3474 4854 hocltantum

1904 4835 2106 4911 difi‘ert.
2143 4835 2306 4906 Dom.
2357 4848 2489 4901 edit.
2539 4844 2683 4916 quod
2732 4842 2846 4896 haec
2906 4835 3148 4916 maluit,
3201 4835 3468 4916 Christum

1902 4924 2277 4982 Dominum...
2307 4924 2508 4971 mittere
2543 4915 2790 4984 dignatus
2812 4917 2918 4984 est,
2943 4915 3231 4984 etcarnem
3269 4922 3324 4984 ut
3346 4922 3476 4984 spe-

1903 4976 2224 5051 cierlzomim's
2261 4988 2377 5062 ﬁeri
2398 5005 2419 5052 ;
2454 4994 2509 5041 at
2537 4976 2637 5039 ms.
2671 4981 2832 5062 Co_rh.
2878 4976 2976 5062 Sic.
3005 4981 3183 5062 locum
3230 4976 3473 5059 exhibet,

1909 5050 2146 5124 Christus
2203 5050 2461 5118 Dominus
2510 5062 2684 5111 uoster
2728 5055 2790 5109 de
2837 5052 3002 5109 sacris
3035 5050 3246 5124 sedibus
3300 5050 3475 5124 venire

1905 5120 2149 5209 dignatus
2181 5141 2255 5209 est
2278 5132 2358 5209 ad
2398 5138 2627 5209 terrena,
2665 5125 2837 5209 factus
2863 5122 3142 5181 secundum
3175 5136 3385 5177 carnem
3418 5120 3479 5176 in

1904 5202 2340 5282 speme‘hggniuis,
2354 5209 2416 5282 ut
2439 5202 2637 5272 forma,
2666 5206 2771 5256 etc.

1978 5274 2094 5350 (35)
2126 5277 2249 5331 Vet.
2281 5268 2567 5350 edit._'cum
2597 5288 2720 5350 uno
2738 5278 2847 5350 aut
2859 5270 3030 5324 altero
3058 5281 3209 5350 mss,
3239 5268 3481 5350 natura:

1907 5336 2025 5408 litér
2067 5336 2223 5403 iratus
2269 5352 2342 5400 est
2389 5344 2568 5400 Patris
2624 5343 2758 5405 Dei;
2810 5342 2992 5407 Rom.,
3044 5336 3362 5408 naturaliter
3406 5344 3487 5408 es:

1907 5404 2089 5478 Putris
2114 5419 2248 5474 Πειε
2298 5430 2425 5473 mss.
2474 5430 2605 5470 vero
2652 5404 2818 5488 prope
2862 5411 2930 5468 ad
2958 5404 3129 5465 unum
3175 5404 3335 5464 nobis
3369 5406 3488 5465 sur.-

1902 5494 2202 5550 fragantur.

1981 5510 2254 5639 figulus.
2288 5555 2562 5627 nonnulli,
2593 5555 2677 5614 Ibi
2701 5554 2839 5614 enim
2855 5552 3064 5619 vetitas,
