3952 6202
480 278 588 338 313

1489 263 1585 320 AD
1624 259 1857 317 ΟΡΕΒΑ
1895 257 1950 313 S.
1990 254 2322 317 AMBROSII
2351 249 2730 311 APPENDIX.

3646 247 3763 305 316

478 402 617 461 lium
672 409 851 461 suum,
904 407 1008 464 per
1062 404 1221 464 quem
1281 384 1575 461 praedicata
1621 383 1699 438 eis
1748 381 2063 436 remissione
2097 386 2147 446 Α
2251 378 2430 450 (Vers.
2464 378 2545 447 2.)
2599 398 2617 421 ι
2648 376 2709 430 In
2760 381 3000 445 tempore
3048 376 3265 442 accepto
3313 370 3582 428 exaudivi
3610 378 3687 440 te,
3725 383 3784 428 ει

477 493 847 568 peccatorum,
896 478 1276 536 reconciliaret
1324 492 1417 531 eos
1463 472 1565 529 sibi
1599 487 1695 543 per
1741 471 1943 567 ipsum,
1973 484 2069 540 per

477 557 639 655 quem
686 588 788 631 nos
835 574 1113 627 creaverat
1162 565 1301 655 (3_7).
1353 563 1481 620 Sive
1527 576 1675 655 ergo-
1699 575 1794 632 per
1840 557 2063 655 Filium,

477 645 595 725 sive
624 679 720 738 per
747 675 935 719 servos
960 659 1104 714 Deus
1146 653 1473 710 exhortatur
1513 648 1774 738 populum
1800 663 1812 712 ;
1846 645 1974 721 quia
2000 647 2067 702 ad

476 757 659 837 ipsum
686 750 866 810 omnis
893 760 1105 805 summa
1134 741 1418 799 referenda
1458 746 1558 807 est,
1591 737 1748 809 cujus
1770 737 2069 837 “voluntate

480 824 536 904 et
564 838 910 919 providentia
956 833 1210 893 Christus
1251 830 1570 919 incarnatus
1613 831 1695 881 est
1724 824 1790 880 ad
1839 825 2068 919 salutem

482 913 769 992 hominum
817 920 1229 988 redimendam;
1260 918 1357 991 qui
1399 932 1525 973 cum
1575 915 1774 971 reverti
1806 915 1973 969 vellet
2003 913 2071 969 ad

480 1023 718 1091 Patrem,
748 1011 1210 1089 dispensationem
1241 1012 1516 1080 acceptam
1545 1019 1577 1059 a
1612 1002 1772 1059 Patre
1800 1001 1951 1059 dedit
1990 1003 2071 1058 di-

482 1111 728 1187 scipulis.

570 1183 589 1251 ξ
627 1203 857 1258 Orantes
902 1211 1000 1270 pro
1047 1189 1268 1251 Christo
1312 1203 1413 1244 vos
1467 1183 1813 1243 reconciliari
1875 1184 2007 1240 Deo.
2039 1206 2058 1229 -

486 1292 603 1353 Hoc
632 1297 734 1362 est,
782 1285 930 1360 quod
958 1282 1099 1353 dixi,
1133 1279 1229 1353 qui
1268 1293 1367 1353 pro
1397 1274 1616 1333 Christo
1662 1273 1897 1330 vicarios
1925 1270 2076 1362 dedit

485 1357 816 1455 apostolos;—
862 1382 928 1432 ut
981 1387 1082 1449 pro
1138 1370 1257 1444 ipso
1314 1365 1677 1442 praedicarent
1733 1357 2076 1418 reconciliari

486 1471 742 1633 Degere.
790 1551 911 1626 22.)
958 1573 978 1600 ι
1003 1546 1147 1606 Eum
1198 1544 1294 1620 qui
1340 1546 1736 1633 nonwnoverat
1773 1543 2077 1633 peccatum,

484 1626 587 1730 ι)τό
632 1643 793 1702 nobis
847 1645 1129 1715 peccatum
1178 1634 1328 1690 fecit.
1382 1656 1401 1680 ι
1461 1632 1634 1730 Deum
1682 1626 1820 1683 dicit
1865 1626 2078 1725 Patrem

2176 466 2235 522 in
2265 467 2352 522 die
2381 465 2574 521 salutis
2604 461 2791 534 adjuvi
2822 468 2876 517 te
2908 459 3041 531 (Isa.
3091 475 3251 527 XLIX,
3282 458 3383 527 8);
3416 483 3436 504 ι
3482 459 3591 517 hoc
3622 461 3781 519 δοιοί-

2178 563 2330 633 ptum
2380 562 2459 610 est
2507 553 2566 609 in
2611 550 2748 608 Isaia
2796 549 3077 625 propheta.
3112 547 3567 607 Prasdestinatam
3615 551 3785 608 docet

2181 643 2403 715 gratiam
2452 641 2549 697 Dei
2580 640 2638 696 in
2667 646 2912 713 tempore
2942 636 3149 695 Christi
3174 652 3188 703 ;
3226 636 3305 693 sic
3345 636 3497 696 enim
3527 638 3785 696 decrevit

2178 734 2323 789 Deus
2368 729 2586 787 aﬂluere
2632 726 3064 784 misericordiam
3114 740 3289 794 suam,
3327 733 3391 782 ut
3441 726 3504 785 iu
3551 727 3781 785 nomine

2180 818 2388 877 Christi
2417 817 2766 893 poscentibus
2798 814 2915 887 (41)
2947 813 3219 870 auxilium
3243 813 3558 887 largiretur.

2254 914 2435 986 (Vers.
2467 912 2548 985 3.)
2593 935 2612 959 ι
2650 913 2789 970 Ecce
2819 926 2967 967 nunc
3011 916 3227 981 tempus
3256 910 3617 981 acceptabile,
3655 926 3777 968 ecce

2181 1018 2330 1061 nunc
2357 1002 2475 1060 dies
2503 999 2693 1057 salutis
2714 1019 2728 1067 ;
2752 998 2960 1057 nemini
2981 997 3172 1056 dantes
3201 998 3373 1055 ullam
3393 998 3774 1065 oil'ensionem,

2183 1110 2251 1150 ne
2266 1092 2607 1166 vituperetur
2619 1090 2984 1147 ministerium
3016 1095 3310 1147 nostrum»
3328 1088 3569 1162 Tempus
3598 1091 3774 1149 adesse

2184 1185 2339 1253 dicit,
2389 1200 2497 1258 quo
2543 1183 2752 1256 possint
2798 1182 2867 1238 ad
2905 1181 3307 1254 indulgentiam
3358 1180 3626 1256 proﬁcere
3666 1200 3775 1255 pec-

2184 1281 2394 1333 catores
2416 1315 2429 1338 ,
2461 1279 2677 1345 tempus
2723 1271 2907 1328 adesse
2937 1270 3094 1336 dicit,
3127 1286 3234 1343 quo
3266 1269 3475 1326 morbis
3524 1271 3775 1327 mortali-

2184 1363 2289 1418 bus
2324 1361 2595 1417 medicina
2626 1361 2796 1433 possit
2830 1359 3046 1414 infundi
3077 1378 3089 1425 ;
3142 1368 3194 1413 et
3225 1359 3350 1416 ideo
3388 1376 3445 1416 se
3480 1361 3769 1416 sollic;tum

2187 1468 2301 1509 esse
2353 1455 2492 1513 185
2519 1452 2666 1507 circa
2705 1464 2973 1522 aegrorum
3004 1450 3255 1515 salutem,
3289 1464 3356 1502 ne
3405 1448 3548 1503 forte
3598 1448 3775 1519 negli-

2189 1529 2369 1607 gentia
2414 1529 2597 1602 aliqua
2627 1530 2912 1585 medicinae
2952 1528 3123 1601 gratia
3154 1528 3350 1585 effectu
3390 1539 3600 1585 careret
3626 1529 3775 1584 bona

2188 1621 2491 1677 voluntatis
2539 1618 2653 1692 (42)
2705 1636 2832 1674 suae.
2894 1618 3027 1675 Fide
3073 1634 3200 1691 ergo
3249 1625 3303 1675 et
3352 1619 3640 1693 vigilantia
3687 1636 3777 1677 sua

487 1706 771 1815 peccatum
800 1706 994 1785 fecisse
1031 1724 1234 1781 Filium
1266 1736 1423 1777 suum
1474 1718 1774 1785 Christum,
1807 1731 1931 1772 eum
1960 1713 2083 1769 uti-
2113 1744 2162 1808 B
2190 1726 2404 1768 omnem
2424 1709 2775 1764 offensionem
2795 1706 3567 1782 negligentibusamputat;ne
3581 1709 3773 1766 horum

489 1796 597 1903 que
632 1820 729 1895 qui
773 1822 1054 1894 peccatum
1096 1809 1390 1876 nesciebat,
1432 1807 1489 1864 id
1528 1815 1629 1875 est,
1664 1806 1759 1881 qui
1799 1820 1911 1861 non
1948 1819 2086 1876 pec-
2113 1796 2160 1808 ”
2192 1800 2332 1903 forte
2359 1797 2591 1873 segnitia
2618 1797 2937 1903 offensionis
2985 1796 3323 1903 occasionem
3355 1805 3569 1868 pareret
3608 1797 3775 1855 disci-

489 1892 738 1977 caverat;
770 1892 899 1983 quia
935 1902 1111 1959 factus
1159 1914 1284 1956 caro
1312 1912 1424 1954 non
1473 1897 1815 1962 immutatus,
1846 1892 1939 1949 sed
1985 1892 2083 1946 in-
2118 1922 2129 1931 ρ

488 2009 745 2065 cernatus
788 1982 967 2058 iactus
996 2000 1078 2050 est
1123 1997 1443 2067 peccatum;
1477 1987 1620 2043 sicut
1665 1985 1759 2061 qui
1790 1983 1852 2039 iit
1880 1982 2083 2055 praefe-

488 2103 631 2165 ctus,
665 2107 777 2150 non
797 2086 1004 2147 amittit
1024 2082 1170 2159 quod
1200 2087 1316 2139 erat
1339 2098 1353 2149 ;
1371 2077 1465 2135 sed
1481 2076 1709 2165 assumit
1729 2075 1919 2165 utique
1938 2072 2084 2146 quod

489 2163 623 2247 non
649 2188 784 2245 erat.
843 2178 1020 2235 Homo
1068 2188 1195 2247 ergo
1240 2170 1417 2227 factus
1484 2173 1566 2222 est
1610 2163 1862 2223 Christus
1924 2176 2085 2218 causa

490 2271 724 2351 peccati,
746 2282 906 2345 quem
937 2279 1051 2322 non
1084 2258 1341 2351 tangebat
1372 2271 1508 2324 sors,
1540 2268 1716 2351 neque
1735 2251 1974 2351 dignitas
1992 2264 2084 2304 na-

492 2338 574 2419 sci
592 2338 892 2415 hominem.
913 2347 1288 2424 Propterquod
1308 2352 1487 2403 autem
1510 2341 1689 2398 omnis
1707 2356 1832 2396 caro
1845 2338 1945 2397 sub
1965 2353 2085 2409 pec-

493 2456 618 2508 cato
647 2453 748 2515 est,
771 2444 894 2502 ideo
914 2442 1092 2499 factus
1110 2453 1256 2504 caro,
1279 2435 1458 2492 factus
1484 2439 1565 2491 est
1593 2430 1757 2487 etiam
1780 2435 2079 2501 peccatum.

496 2538 571 2596 Et
602 2534 860 2613 quoniam
891 2531 1108 2591 oblatus
1136 2536 1217 2585 est
1246 2541 1345 2599 pro
1382 2523 1638 2598 peccatis,
1670 2536 1780 2579 non
1809 2517 2085 2575 immerito

497 2611 779 2706 peccatum
808 2622 986 2681 factus
1014 2618 1257 2684 dicitur;
1281 2614 1410 2691 quia
1428 2621 1481 2669 et
1508 2611 1707 2681 hostia,
1730 2611 1789 2669 in
1810 2611 1944 2706 lege,
1966 2621 2085 2681 quae

496 2698 598 2795 pro
644 2713 881 2793 peccatis
925 2708 1273 2777 offerebatur,
1322 2710 1605 2777 peccatum
1645 2698 2083 2795 nuncupabatur:

509 2784 530 2858 ζ
558 2807 631 2867 Ut
644 2784 762 2862 ‘nos
803 2817 1045 2862 essemus
1067 2797 1288 2872 justitia
1314 2794 1414 2850 Dei
1441 2809 1538 2868 per
1566 2793 1744 2865 ipsum
1776 2787 1945 2861 (38),»
1991 2784 2087 2858 qui

500 2898 785 2968 peccatum
830 2884 1127 2954 nesciebat,
1185 2882 1402 2936 dicente
1449 2878 1619 2935 Isaia;
1673 2900 1692 2923 ι
1736 2874 1841 2943 Qui
1890 2889 2089 2948 pecca—

497 2963 621 3039 tum
667 2992 781 3036 non
825 2973 978 3041 fecit,
1012 2986 1114 3030 nec
1141 2969 1304 3031 dolus
1348 2966 1608 3027 iuventus
1644 2972 1725 3021 est
1769 2964 1827 3020 in
1856 2981 1947 3021 ore
1973 2963 2091 3037 ejus

500 3067 637 3145 (Ῑεα.
670 3081 789 3135 Lm,
817 3062 900 3134 9),
933 3084 953 3110 ι
994 3056 1152 3135 quasi
1199 3062 1453 3133 peccator
1480 3053 1690 3111 occisus
1718 3062 1818 3121 est,
1863 3062 1925 3109 ut
1955 3070 2091 3129 pec-

496 3142 708 3221 catores
748 3150 1187 3229 justiﬂcarentur
1227 3145 1372 3223 apud
1401 3146 1573 3202 Deum
1603 3143 1661 3200 in
1708 3142 1946 3219 Christo.
1979 3143 2089 3198 Ζρ..

496 3247 613 3309 lum
642 3244 787 3302 enim
829 3255 1018 3318 passus
1045 3245 1126 3298 est
1168 3235 1393 3293 Satanas
1421 3232 1680 3292 adversus
1725 3229 2085 3298 Salvatorem,

496 3336 693 3398 videns
720 3348 845 3393 eum
874 3329 1069 3389 docere
1089 3324 1340 3384 homines
1369 3322 1643 3399 quomodo
1662 3320 1767 3376 sibi
1788 3319 2085 3394 propitium

496 3426 739 3487 facerent
764 3423 964 3488 Deum,
1001 3412 1452 3474 abrenuntiantes
1497 3409 1753 3467 diabolo:
1786 3416 1840 3467 et
1870 3413 2089 3479 propter

498 3513 607 3575 hoc
650 3509 853 3570 occidit
901 3520 1049 3571 eum,
1095 3500 1345 3562 nesciens
1397 3499 1647 3557 futurum
1696 3497 1955 3557 adversus
1992 3510 2083 3550 se:

501 3598 755 3660 Christus
790 3592 937 3652 enim
986 3596 1108 3666 post
1137 3602 1353 3646 crucem
1375 3585 1710 3646 descendens
1749 3585 1816 3640 ad
1863 3584 2086 3651 inferos,

502 3685 720 3745 devicta
748 3688 924 3743 morte
947 3679 1098 3755 ;quia
1124 3675 1219 3751 qui
1241 3680 1522 3748 peccatum
1542 3672 1839 3743 nesciebat,
1867 3671 2040 3731 teneri
2060 3688 2092 3728 a

501 3782 681 3837 morte
709 3789 820 3835 non
840 3776 1052 3852 poterat
1074 3786 1088 3837 ;
1114 3766 1244 3843 quia
1265 3780 1410 3824 mors
1429 3778 1525 3840 per
1544 3769 1824 3839 peccatum
1854 3762 2092 3820 inanivit

501 3867 779 3929 infernum
804 3851 944 3940 (39),
968 3868 1029 3922 ut
1050 3874 1197 3917 mors
1211 3854 1351 3934 justi
1373 3851 1750 3929 peccatoribus
1770 3852 2054 3926 proficeret
2075 3870 2087 3909 :

499 3967 563 4018 ut
590 3958 657 4016 de
686 3963 885 4017 caetero
929 3967 1080 4012 mors
1106 3963 1218 4019 eos,
1250 3943 1346 4025 qui
1393 3941 1612 4023 signum
1658 3941 1840 4005 crucis
1867 3940 2090 4011 habent,

499 4056 685 4113 tenere
712 4061 825 4105 non
854 4041 1045 4122 possit.

1121 4147 1349 4209 CAPUT
1386 4145 1485 4209 VI.

577 4260 761 4336 (Ven.
809 4257 891 4329 1.)
943 4279 965 4310 ι
1009 4254 1353 4326 Adiuvantes
1396 4259 1576 4313 autem
1624 4257 1679 4312 et
1724 4250 2093 4316 obsecramus,

508 4368 577 4410 ne
624 4350 685 4408 in
728 4362 963 4409 vacuum
1013 4344 1241 4418 gratiam
1295 4341 1397 4401 Dei
1442 4340 1738 4417 recipiatis.
1789 4365 1808 4390 ι
1877 4336 2094 4410 Duplici

508 4454 701 4515 genere
730 4437 1025 4510 Apostolus
1053 4434 1306 4489 humanm
1335 4431 1528 4487 salutis
1546 4446 1731 4486 curam
1761 4429 1942 4484 subire
1975 4427 2089 4500 (40)
2126 4454 2175 4517 D

510 4526 819 4595 contendit;
842 4533 904 4586 ut
933 4524 982 4581 ei
1010 4522 1108 4583 Dei
1142 4520 1504 4597 providentiae
1524 4518 1756 4575 devotus
1784 4516 2089 4586 exsisteret,

504 4626 563 4683 et
590 4615 910 4679 hominibus
934 4610 1222 4678 charitatis
1252 4609 1495 4672 ofﬁcium
1524 4607 1827 4670 exhiberet.

579 4763 697 4837 (37)
738 4760 901 4819 Corb.
934 4757 1105 4837 “cod”
1149 4759 1576 4837 pos_creaggrqt,
1617 4768 1818 4826 ponens
1852 4752 1911 4810 in
1947 4751 2095 4837 nobis

504 4823 720 4896 verbum
741 4823 1204 4892 reconciliationis.
1241 4829 1352 4885 Pro
1396 4823 1738 4885 Christo—vos
1764 4823 2097 4885 reconciliari

506 4908 637 4969 Deo.
667 4906 835 4966 Deum
857 4903 987 4978 dicit
1012 4918 1124 4978 per_
1142 4899 1411 4978 Christum
1454 4897 1715 4978 delegasse
1733 4896 2100 4978 .apostolis,.ut

507 4965 604 5037 ῐιῑο
627 4965 880 5047 regresso
914 4974 989 5033 ad
1012 4965 1195 5047 faustos
1235 4988 1353 5030 cum
1392 4965 1691 5047 triumpho,
1723 4965 1942 5047 iniiich
1962 4965 2097 5047 eius

502 5039 856 5123 medicam!
887 5043 1124 5123 gentibus
1161 5044 1358 5123 donum
1380 5039 1568 5114 gratiai
1594 5039 1712 5123 Dei,
1745 5045 1803 5099 ut
1822 5039 1973 5123 sicut
2000 5052 2099 5112 per

512 5110 805 5186 Christum,
834 5110 912 5176 iui
935 5122 983 5172 et
1007 5131 1105 5186 per
1136 5110 1402 5186 apostolo}
1428 5128 1481 5170 se
1517 5110 1834 5186 permdicargt
1862 5110 2022 5186 Deus.

608 5189 700 5256 38)
726 5180 849 5249 Vét.
880 5180 1027 5250 edit:
1046 5202 1109 5247 ac
1137 5180 1265 5245 nise.
1289 5180 1760 5256 aliquot,'juati_tia_
1783 5180 2095 5256 Deiinipso.

608 5250 700 5328 39)
733 5260 832 5315 Ms.
867 5258 1052 5315 Corb..
1078 5273 1176 5328 per
1196 5250 1462 5327 peccatum
1492 5250 1707 5310 inblwit
1741 5251 1797 5307 in
1815 5250 2098 5321 infernum.

608 5331 702 5402 40)
736 5332 891 5402 Rom.
941 5328 1101 5396 edit.,
1149 5342 1335 5402 curant
1364 5341 1415 5379 se
1440 5341 1591 5395 agere
1612 5330 1779 5402 :“vet.
1812 5338 1937 5379 cum
1969 5338 2096 5402 mss.

509 5391 626 5463 non
672 5391 906 5473 paucis,
957 5391 1143 5473 curant
1197 5391 1495 5465 subjicercf
1535 5394 1731 5473 melius
1750 5409 1910 5473 “vero
1965 5391 2100 5473 alii,

512 5461 727 5546 curaui
756 5461 974 5546 meo,
1006 5469 1082 5530 At
1130 5461 1452 5546 seq..:v_'ersu
1515 5465 1710 5546 eadem.
1750 5465 1906 5521 Rom.
1966 5461 2099 5517 edit.

513 5535 798 5612 reposuit,
826 5540 1141 5612 qhmitatemi
1177 5535 1484 5612 abhiberett
1507 5535 1601 5612 ubi
1641 5535 1930 5612 alimncum
1971 5549 2100 5591 mss.

513 5605 772 5665 omnibus
798 5610 1066 5681 elferuut;
1096 5608 1372 5682 charitatis
1403 5606 1627 5681 ofﬁcium
1656 5605 1934 5663 exhiberet.

2193 1887 2374 1965 pulis;
2406 1902 2468 1943 ac
2506 1902 2601 1961 per
2645 1885 2749 1941 hoc
2790 1884 3054 1941 liberosse
3092 1882 3436 1957 signiﬁcant;
3481 1887 3614 1959 quia
3641 1886 3775 1960 quod

2183 1978 2428 2032 salutare
2474 1983 2555 2030 est
2602 1973 2929 2049 simpliciter
2958 1973 3111 2029 omni
3158 1972 3409 2042 instantia
3452 1974 3774 2044 praedicant.

2194 2064 2349 2122 Unde
2395 2063 2661 2136 subjecit:
2710 2086 2728 2109 ι
2758 2063 2835 2118 Ne
2865 2064 3207 2137 vituperetur
3250 2060 3624 2118 ministerium
3670 2079 3778 2118 nos~

2192 2161 2379 2212 trum:
2411 2177 2432 2202 ι
2475 2153 2882 2229 vituperaretur
2910 2152 3057 2207 enim
3106 2149 3475 2207 ministerium
3519 2151 3774 2222 ipsorum,

2195 2243 2241 2301 si
2270 2259 2331 2298 ea
2360 2259 2478 2316 quae
2506 2241 2690 2297 verbis
2719 2240 3008 2309 docebant,
3039 2238 3295 2319 operibus
3323 2238 3459 2307 suis,
3489 2245 3551 2297 ut
3570 2239 3775 2307 tierent,

2194 2335 2444 2406 exempla
2474 2349 2585 2390 non
2613 2332 2830 2391 darent.

2268 2432 2449 2504 (Vera.
2509 2430 2618 2505 τι.)
2690 2454 2711 2478 ι
2758 2428 2863 2487 Sed
2919 2428 2977 2485 in
3032 2425 3289 2487 omnibus
3344 2426 3778 2488 commendemus

2194 2522 2557 2595 nosmetipsos
2603 2526 2666 2577 ut
2696 2519 2794 2577 Dei
2845 2518 3149 2576 ministros.
3182 2542 3200 2566 ι
3242 2517 3343 2576 Dei
3390 2517 3635 2575 ministri
3672 2519 3777 2574 sine

2195 2611 2509 2669 adulatione
2557 2610 2775 2679 docent,
2810 2615 2872 2663 ut
2901 2609 2950 2667 ei
2988 2606 3147 2679 cujus
3191 2606 3431 2666 ministri
3463 2615 3617 2675 sunt,
3666 2609 3780 2680 pla-

2195 2709 2372 2770 ceant,
2422 2715 2533 2758 non
2572 2698 2715 2756 sicut
2762 2696 3222 2771 pseudoapostoli,
3257 2696 3355 2771 qui
3400 2696 3635 2755 scientes
3681 2714 3779 2753 non

2197 2804 2253 2847 se
2280 2806 2313 2846 a
2340 2790 2454 2844 Deo
2500 2786 2716 2855 missos,
2747 2785 3001 2859 praesenti
3047 2784 3276 2841 utilitati
3325 2784 3621 2841 studebant
3651 2783 3778 2858 (43).

2209 2899 2229 2927 ς
2267 2878 2330 2933 In
2378 2877 2551 2933 multa
2598 2874 2932 2948 patientia.»
2998 2873 3269 2930 Patientia
3316 2881 3417 2944 est,
3448 2890 3569 2947 quae
3618 2874 3781 2930 salvat

2196 2965 2448 3025 homines
2470 2964 2597 3032 ;nisi
2627 2964 2773 3021 enim
2809 2961 3071 3036 patientia
3098 2962 3301 3021 abusus
3330 2971 3490 3033 esset,
3515 2963 3785 3039 quomodo

2198 3056 2456 3113 salvasset
2487 3052 2825 3120 Corinthios,
2853 3067 2989 3127 quos
3019 3057 3139 3125 post
3166 3050 3610 3124 praedicationem
3639 3068 3785 3108 suam

2196 3144 2364 3203 tantis
2410 3142 2567 3199 vitiis
2612 3157 2851 3208 morum,
2900 3148 2955 3196 et
3001 3139 3278 3196 erroribus
3324 3140 3668 3199 diversarum
3714 3157 3786 3198 se-

2196 3241 2405 3293 ctarum
2436 3232 2720 3289 invenerat
2752 3230 3053 3297 involutos,
3076 3244 3211 3303 quos
3242 3229 3507 3301 patientia
3540 3245 3640 3287 sua
3666 3246 3787 3303 pau-

2196 3322 2350 3381 latim
2397 3322 2465 3379 ad
2495 3336 2677 3378 veram
2727 3318 3032 3379 «.loctrinam
3089 3317 3354 3376 revocat?
3417 3341 3435 3364 ι
3472 3320 3536 3377 In
3585 3335 3790 3394 pressu-

2197 3412 2292 3471 ris.
2324 3434 2343 3457 ι
2386 3411 2670 3467 Pressuras
2700 3408 2949 3481 pertulit,
2992 3406 3169 3465 sciens
3208 3405 3342 3481 quid
3371 3421 3402 3461 a
3437 3408 3552 3464 Deo
3582 3424 3681 3483 pro
3712 3408 3792 3465 his

2198 3500 2271 3560 sit
2318 3499 2667 3575 promissum.
2741 3521 2761 3546 ι
2818 3497 2881 3555 In
2930 3495 3362 3569 necessitatibus.
3414 3519 3433 3543 ι
3490 3494 3793 3556 Necessitas

2198 3597 2314 3651 erat
2370 3589 2533 3647 etiam
2595 3588 2655 3649 in
2715 3602 2970 3663 pressura
3014 3585 3251 3663 positum
3298 3584 3533 3659 docere;
3593 3587 3725 3661 quia
3765 3603 3795 3641 a

2198 3678 2434 3740 Domino
2485 3682 2601 3735 erat
2651 3675 2870 3735 missus.
2918 3700 2936 3723 ι
2973 3676 3036 3735 Iu
3073 3674 3356 3746 angustiis.
3388 3698 3410 3723 ι
3468 3675 3576 3752 Spe
3623 3677 3794 3735 futuri

2199 3766 2566 3840 angustiatus,
2618 3765 2949 3843 perﬁdorum
2989 3763 3427 3841 oppositionibus
3464 3781 3578 3825 non
3615 3766 3793 3824 cessit.

2273 3872 2454 3947 (Vere.
2492 3872 2575 3944 5.)
2638 3895 2658 3921 ι
2685 3874 2748 3933 In
2798 3874 2990 3946 plagis.
3024 3898 3044 3923 ι
3098 3876 3148 3933 Α
3192 3873 3397 3933 Iudaeis
3441 3881 3497 3935 et
3547 3868 3798 3947 gentibus

2199 3979 2372 4025 caesus
2414 3962 2747 4035 frequenter,
2797 3979 2910 4023 non
2939 3963 3116 4025 tacuit
3163 3964 3391 4035 gratiam
3423 3962 3656 4026 Christi.
3701 3969 3797 4027 «In

2201 4052 2527 4111 carceribus.
2561 4075 2579 4098 ι
2622 4052 2772 4123 Saepe
2821 4052 2878 4107 in
2916 4067 3185 4108 carcerem
3236 4052 3434 4107 missus
3478 4062 3799 4128 contempta

2204 4146 2378 4207 salute
2406 4161 2524 4217 sua,
2571 4146 2735 4206 etiam
2767 4146 2887 4203 illic
2915 4146 3122 4205 donum
3170 4146 3270 4205 Dei
3298 4145 3647 4217 praedicavit.
3693 4177 3710 4199 ι
3740 4152 3797 4205 In

2204 4233 2723 4311 perturbationibus.
2773 4260 2793 4285 ι
2857 4235 2919 4292 In
2964 4240 3181 4293 tantum
3228 4233 3342 4289 Deo
3374 4232 3619 4293 devotus
3666 4244 3796 4303 erat,

2202 4331 2266 4382 ut
2292 4340 2393 4385 nec
2419 4323 2758 4401 perturbatio
2790 4321 3074 4391 ﬁduciam,
3110 4336 3268 4395 quam
3301 4320 3357 4374 in
3397 4322 3514 4377 Deo
3548 4322 3780 4383 habebat

2203 4412 2491 4468 minueret.
2536 4436 2554 4458 ι
2586 4413 2648 4467 In
2694 4411 2994 4467 laboribus.
3045 4434 3063 4457 ι
3109 4409 3376 4465 Laborare
3426 4426 3541 4465 non
3593 4403 3801 4486 destiti;

2200 4501 2454 4558 manibus
2481 4501 2630 4568 suis;
2681 4516 2750 4556 ne
2777 4499 2866 4556 cui
2925 4501 3105 4573 gravis
3136 4507 3294 4566 esset,
3338 4509 3528 4555 certus
3561 4500 3669 4557 hoc
3697 4504 3802 4575 sibi

2200 4591 2463 4673 proﬁcere
2492 4591 2635 4672 apud
2668 4592 2863 4651 Deum.
2903 4613 2921 4637 ι
2955 4591 3017 4649 In
3047 4589 3272 4667 vigiliis.
3305 4613 3323 4636 -
3366 4589 3499 4649 Tam
3531 4592 3804 4653 Sollicitus

2278 4737 2393 4815 (lii)
2434 4737 2635 4793 Omnes
2654 4734 2821 4819 edit”
2872 4738 2933 4791 ut
2962 4748 3148 4816 nomen
3190 4733 3391 4815 Christi
3432 4735 3803 4859 poscentibus:

2278 4827 2333 4859 ις-
2367 4825 2497 4859 vero
2527 4814 2747 4859 partim.
2794 4810 2855 4859 ut
2878 4820 3110 4859 nomine:
3148 4812 3371 4859 partim.
3400 4822 3437 4859 τι
3500 4805 3556 4859 in
3600 4806 3803 4859 nomine

2204 4805 2338 4884 mss.
2367 4805 2497 4884 vero
2527 4808 2747 4884 partim,
2794 4810 2855 4860 ut
2878 4805 3110 4864 nomine;
3148 4805 3371 4884 partim,
3400 4805 3460 4859 ut
3500 4805 3556 4866 in
3600 4806 3809 4865 nomine
3857 4842 3864 4883 ί

2210 4881 2410 4937 Christi
2432 4872 2788 4950 poscentibus.
2845 4948 2857 4950 ῃ
3011 4948 3039 4950 Α
3073 4949 3100 4950 η
3352 4872 3363 4877 ⁷
3854 4872 3861 4905 3

2279 4951 2402 5032 (ἰιᾷ)Δ
2432 4948 2564 5032 Mss.
2587 4957 2642 5004 et
2668 4948 3107 5032 edit.“hic‘nihil
3146 4948 3479 5032 discrepant,
3506 4951 3635 5032 nisi
3664 4950 3809 5032 quod

2207 5025 2266 5085 Ῐῐι
2287 5018 2430 5095 ἐἀῖῐ-
2463 5026 2517 5079 et
2563 5036 2690 5077 mSS.
2717 5020 3049 5095 ,quihusdam
3092 5018 3343 5095 habetur,
3375 5018 3557 5095 effectu
3608 5018 3815 5081 cui-cret
3848 5048 3852 5088 ρ

2208 5101 2257 5157 οε
2305 5094 2469 5173 ὸοηω,
2517 5090 2862 5173 φίαηρίίηθε
2910 5107 3039 5173 vero
3049 5090 3257 5173 scripti
3305 5090 3426 5173 cod;
3480 5107 3599 5173 non
3648 5098 3851 5169 agno-1

2210 5172 2368 5227 scunt
2412 5160 2895 5234 conjunctionem:
2944 5169 2999 5219 at
3046 5160 3210 5234 Corb.
3244 5161 3393 5232 legit,
3427 5160 3710 5234 relfectum'
3728 5182 3812 5225 ca-

2204 5242 2374 5315 peret“
2385 5231 2563 5315 supra,
2581 5233 2673 5289 ubi
2696 5234 2903 5315 clarum
2936 5239 3014 5287 est
3035 5231 3374 5315 negationem
3408 5233 3739 5315 desiderari.

2285 5306 2400 5379 (43)
2430 5304 2603 5379 Corb.
2653 5303 2799 5371 cod.,
2845 5304 3181 5379 praesentium
3242 5305 3355 5379 lites
3403 5306 3677 5379 odorant,-
3726 5307 3813 5365 ab-

2212 5373 2393 5453 surde;
2428 5376 2574 5435 Idem
2605 5390 2735 5453 vero
2760 5373 2889 5453 cum
2919 5373 3301 5453 cmteris__co_d.
3337 5383 3389 5431 et
3410 5375 3584 5453 Dedit?
3614 5379 3813 5453 putica:

2215 5450 2290 5504 tia
2316 5449 2511 5504 abusus
2540 5452 2685 5513 esset,
2721 5444 2814 5517 ubi
2846 5447 3002 5504 Rom.
3045 5444 3359 5517 patientiam
3400 5444 3696 5515 habuisset,
3726 5448 3813 5508 sed

2211 5518 2409 5647 Legit
2425 5518 2509 5579 uti
2543 5524 2597 5600 et
2627 5515 2781 5576 abuti
2827 5517 2973 5591 apud
3002 5515 3250 5575 auctores
3297 5515 3623 5595 frequenter
3669 5518 3812 5582 idem

2214 5603 2427 5647 sonant.
