3952 6202
258 273 361 335 317

1318 290 1676 350 COMMENT.
1721 295 1790 352 IN
1828 296 2041 355 EPIST.
2085 301 2132 355 ΙΙ
2172 302 2266 357 ΑΙ)
2306 303 2464 363 [ΣΟΒ.

3425 325 3529 385 318

255 414 372 460 erat
418 407 561 464 circa
602 409 842 466 ofﬁcium
888 411 994 468 sibi
1038 413 1366 491 delegatum,
1411 427 1472 475 ut
1517 438 1618 477 nec
1673 431 1832 480 nocte
1863 427 1914 485 A
2019 427 2198 496 (Vers.
2241 431 2320 500 9.)
2388 455 2405 477 ε
2455 433 2522 490 Ut
2567 436 2880 506 morientes,
2931 447 2985 496 et
3029 457 3152 500 ecce
3194 443 3458 505 vivimus.
3494 473 3512 494 ι

254 504 504 553 cessaret.
562 522 581 544 ι
636 499 697 553 In
746 498 992 570 jejuniis.
1051 527 1070 550 ι
1133 506 1446 582 Aliquando
1501 512 1834 581 voluntaria,

252 583 549 656 aliquando
585 590 924 646 necessitatis
946 591 1158 663 jejunia
1187 598 1412 669 pertulit
1452 616 1612 656 causa
1655 619 1838 675 penu-

251 672 369 741 riae,
426 683 480 730 et
536 678 648 732 Deo
699 679 898 748 gratias
949 681 1058 752 egit
1110 683 1430 754 spiritaliter
1473 705 1530 743 se
1555 672 1833 762 pascenti;

251 763 382 834 quia
416 765 539 822 ideo
569 775 860 824 contentus
889 777 1027 843 erat,
1061 787 1132 827 ne
1161 776 1368 830 ventris
1398 791 1558 832 causa
1599 778 1839 834 inclina-

249 861 421 910 retur.

329 944 515 1014 (Vers.
559 947 640 1023 6.)
688 973 708 997 ι
754 951 818 1006 In
862 953 1125 1011 castitate.
1160 981 1179 1004 ›
1229 956 1540 1016 Castitatem
1572 961 1689 1020 sive
1719 979 1833 1019 cor-

247 1032 424 1106 poris,
467 1035 586 1092 sive
637 1039 921 1110 Evangelii
968 1042 1276 1115 vindicans,
1319 1063 1427 1102 non
1476 1064 1678 1121 paucos
1707 1050 1838 1107 fecit

250 1118 527 1179 inimicos.
578 1147 597 1172 ι
646 1125 708 1183 In
755 1127 1000 1184 scientia.
1042 1154 1061 1177 ›
1105 1130 1261 1206 Legis
1289 1141 1342 1193 et
1385 1118 1669 1210 Evangelii
1719 1137 1834 1210 (44)

247 1211 533 1268 scientiam
562 1229 670 1269 non
700 1215 758 1274 in
786 1217 1050 1292 sapientia
1077 1217 1339 1290 humana,
1376 1240 1550 1299 neque
1580 1226 1636 1280 in
1669 1227 1834 1281 simu-

245 1299 451 1356 latione
521 1318 762 1360 asserens
837 1308 950 1365 Deo
1016 1325 1071 1364 se
1124 1309 1342 1367 ﬁdelem
1401 1313 1832 1387 dispensatorem

247 1387 449 1450 Christi
480 1391 756 1449 exhibuit.
802 1417 820 1441 ι
849 1395 913 1450 In
944 1399 1434 1469 magnanimitate»
1454 1402 1690 1460 Grandis
1718 1406 1832 1460 ani-

247 1474 328 1530 mi
373 1483 487 1532 erat
537 1478 596 1532 in
644 1477 960 1552 bajulandis
1012 1483 1427 1543 inﬁrmitatibus
1473 1488 1724 1558 fratrum,
1781 1497 1834 1546 et

245 1563 306 1622 in
361 1574 678 1639 contemptu
720 1569 914 1624 mundi
962 1569 1162 1645 hujus;
1196 1574 1341 1630 unde
1370 1575 1477 1630 alio
1506 1577 1626 1634 loco
1655 1577 1827 1634 dicit:

261 1678 281 1704 ι
307 1654 444 1711 Mihi
467 1654 710 1711 mundus
737 1657 1034 1714 cruciﬁxus
1059 1669 1158 1728 est,
1182 1668 1236 1716 et
1261 1678 1358 1735 ego
1378 1665 1586 1720 mundo
1621 1667 1824 1738 (Galat.

245 1743 482 1815 νι,14).
531 1768 550 1791 ι
608 1773 678 1786 -
743 1768 762 1791 ι
792 1745 851 1800 In
896 1745 1251 1818 benignitate.
1299 1776 1318 1800 ›

245 1833 377 1906 quia
428 1833 570 1890 sicut
615 1833 888 1905 arguebat,
920 1834 995 1890 ita
1037 1844 1091 1891 et
1138 1838 1541 1909 blandiebatur,
1592 1849 1656 1896 ut
1707 1850 1831 1914 post

240 1922 640 1994 correptionem
691 1923 801 1978 leni
849 1922 1230 1982 exhortatione
1269 1931 1660 1986 consolaretur.
1723 1956 1739 1977 ι
1767 1933 1830 1986 In

241 2010 449 2086 Spiritu
477 2018 684 2068 sancto.
709 2010 950 2082 Spiritus
970 2023 1190 2070 sanctus
1226 2017 1417 2090 effugit
1446 2017 1636 2075 ﬁctum
1672 2019 1826 2090 (Sap.

241 2117 282 2170 ι,
311 2101 392 2172 5).
424 2125 443 2148 ι
487 2099 758 2169 Quoniam
787 2115 912 2172 ergo
941 2103 1223 2159 sinceriter
1251 2105 1496 2175 docebat,
1545 2107 1600 2162 in
1621 2108 1832 2180 Spiritu

242 2197 432 2246 sancto
473 2189 574 2245 Dei
619 2187 826 2242 donum
866 2189 1131 2246 tradebat.
1193 2215 1211 2237 ‹
1241 2194 1304 2248 In
1330 2193 1594 2250 charitate
1621 2211 1732 2250 non
1761 2195 1830 2250 si-

241 2278 469 2334 mulata.
503 2302 522 2324 ι
557 2275 825 2332 Simulata
846 2275 1082 2332 charitas
1111 2278 1166 2332 in
1195 2278 1284 2334 his
1312 2289 1393 2337 est
1420 2282 1515 2354 qui
1542 2283 1599 2338 in
1649 2298 1832 2337 neces-

241 2367 401 2424 sitate
428 2363 545 2436 (45)
587 2363 846 2420 deserunt
876 2364 1087 2431 fratres;
1114 2365 1259 2422 unde
1297 2367 1389 2422 hic
1416 2383 1627 2440 semper
1647 2384 1830 2424 neces-

242 2455 429 2511 sitates
459 2453 694 2509 fratrum
725 2469 849 2510 suas
881 2453 1107 2522 faciens,
1151 2456 1387 2528 simplex
1416 2463 1531 2512 erat
1571 2457 1627 2511 in
1657 2457 1832 2512 chari-

241 2550 351 2599 tate
379 2568 398 2592 ι
459 2542 561 2612 (De
588 2543 760 2609 Pcen.,
797 2541 924 2596 dist.
967 2543 1021 2609 2,
1055 2558 1102 2597 c.
1124 2543 1273 2598 Ficta
1294 2544 1576 2615 charitas).
1607 2544 1832 2617 Compa-

251 2632 483 2689 tiebatur
511 2631 658 2690 enim
690 2631 966 2699 omnibus,
992 2631 1135 2687 sicut
1165 2633 1273 2689 alio
1301 2634 1421 2689 loco
1449 2633 1604 2689 dicit:
1657 2658 1676 2681 α
1699 2635 1833 2702 Quis

242 2721 658 2790 scandalizatur,
690 2730 742 2780 et
769 2737 865 2792 ego
894 2737 1005 2778 non
1027 2737 1158 2776 uror
1187 2723 1271 2793 (ΙΙ
1304 2723 1667 2794 Cor.x1,29)?»
1704 2725 1832 2781 Haec

248 2812 401 2869 enim
449 2826 578 2866 vera
623 2809 857 2870 Charitas
902 2817 1000 2878 est,
1031 2809 1076 2868 si
1105 2827 1202 2866 sua
1229 2811 1467 2868 utilitate
1495 2819 1825 2885 contempta,

239 2898 364 2974 ejus
387 2914 574 2955 curam
603 2908 742 2974 agat,
775 2915 932 2975 quem
971 2899 1198 2974 diligere
1240 2916 1296 2958 se
1325 2901 1646 2976 proﬁtetur:
1680 2902 1827 2976 quod

236 3003 456 3063 semper
476 2987 604 3044 fecit
632 2988 939 3064 Apostolus.

312 3079 495 3154 (Vers.
530 3078 608 3151 7.)
657 3103 673 3125 ι
694 3079 755 3135 In
785 3078 952 3134 verbo
979 3079 1247 3137 veritatis.
1282 3104 1302 3128 ι
1345 3079 1589 3192 Verqu
1614 3080 1826 3192 veJrita-
1854 3129 1903 3192 Ο
1933 3098 2043 3167 dat,
2095 3078 2314 3157 sensum
2343 3101 2542 3177 perdit,
2572 3104 2630 3159 in
2657 3107 2840 3164 verbis
2867 3119 3030 3167 errat.

359 3173 468 3192 ..ι-..ο
519 3166 571 3192 ε..
628 3166 741 3192 Α..-
778 3167 1020 3192 λειω-ε..-
1049 3187 1060 3192 -
1099 3168 1216 3192 ---2-
1247 3183 1354 3192 ...ι-..ι
1392 3168 1498 3192 -13--
1582 3176 1656 3192 ι..-
1709 3186 1728 3192 ,ι
1753 3176 1824 3192 --ι
1947 3189 1984 3192 _,

236 3166 311 3223 tis
356 3173 471 3227 erat
519 3166 576 3222 in
625 3166 744 3238 ejus
775 3167 1060 3226 doctrina:
1095 3168 1224 3243 quia
1247 3183 1358 3227 non
1391 3168 1541 3223 aliud
1582 3169 1828 3225 tradebat
1854 3166 1903 3192 υ
1933 3166 2224 3246 dilatam",
2271 3166 2370 3246 est:

238 3271 401 3333 quam
423 3271 454 3314 a
481 3256 720 3311 Domino
747 3264 1044 3330 acceperat.
1091 3281 1109 3303 ι
1135 3257 1198 3311 In
1229 3257 1434 3314 virtute
1465 3257 1583 3311 Dei.
1615 3281 1634 3303 ι
1689 3256 1826 3313 Vir-

234 3352 327 3402 tus
371 3345 428 3401 in
463 3361 526 3405 eo
573 3345 672 3401 Dei
718 3352 852 3413 erat,
900 3361 1019 3420 quae
1065 3361 1161 3417 per
1206 3345 1360 3416 signa
1387 3352 1548 3418 atque
1579 3344 1827 3419 prodigia

235 3433 385 3490 hunc
412 3434 670 3490 idoneum
703 3434 1018 3488 ministrum
1050 3433 1331 3505 probabat.
1378 3432 1514 3487 «Per
1539 3449 1687 3488 arma
1697 3433 1824 3504 jus-

235 3524 372 3585 titiae
421 3540 454 3579 a
478 3524 686 3580 dextris
714 3530 767 3583 et
797 3523 1056 3578 sinistris.
1100 3547 1119 3570 ι
1175 3523 1433 3580 Liberum
1469 3537 1524 3576 se
1553 3521 1823 3594 signiﬁcat

234 3615 404 3676 fuisse
443 3631 472 3672 a
510 3615 766 3674 ﬁdelibus
791 3622 845 3675 et
873 3614 1197 3674 incredulis.
1220 3615 1390 3669 Arma
1419 3614 1566 3669 enim
1589 3613 1820 3684 justitiae

233 3705 513 3778 perimunt
539 3704 905 3782 iniquitatem.

305 3803 487 3875 (Vers.
533 3803 612 3879 8.)
670 3827 687 3849 ι
728 3802 830 3857 Per
861 3801 1087 3876 gloriam
1119 3807 1171 3856 et
1203 3799 1623 3874 ignobilitatem.
1651 3825 1670 3848 ι
1723 3802 1819 3858 His

228 3890 326 3965 qui
355 3891 716 3964 Evangelium
752 3889 848 3946 Dei
875 3890 1105 3963 gloriam
1135 3889 1500 3959 aestimabant,
1533 3889 1817 3946 manifeste

226 3981 506 4055 integrum
555 3996 610 4034 se
652 3989 705 4035 et
746 3978 961 4036 ﬁdelem
1017 3978 1425 4052 prazdicatorem
1451 3978 1608 4036 dicit.
1636 3979 1817 4036 Simili

225 4070 393 4130 modo
424 4077 478 4126 et
507 4069 586 4124 eis
617 4068 711 4145 qui
741 4068 905 4123 verba
947 4068 1150 4123 divina:
1197 4068 1461 4126 doctrina:
1506 4069 1816 4141 ignobilita-

223 4167 336 4222 tem
367 4168 423 4216 et
453 4157 909 4217 deformationem
939 4157 1222 4230 putabant,
1258 4156 1474 4212 ﬁdelem
1505 4174 1560 4211 se
1588 4157 1687 4216 Dei
1716 4157 1814 4212 mi-

219 4249 469 4308 nistrum
509 4245 804 4312 exhibuit;
856 4244 987 4300 dum
1030 4260 1141 4301 non
1187 4251 1410 4311 teretur,
1444 4260 1616 4315 neque
1646 4245 1812 4318 pudo.

219 4355 341 4396 rem
375 4335 586 4407 patitur
613 4349 675 4388 ea
705 4332 814 4385 illis
839 4332 989 4404 loqui
1031 4348 1149 4405 quae
1179 4331 1406 4385 horrent
1435 4331 1642 4388 audire.
1682 4358 1700 4380 ι
1719 4335 1816 4394 Per

221 4423 514 4482 infamiam
559 4428 611 4476 et
649 4420 848 4474 bonam
898 4420 1114 4476 famam.
1149 4442 1166 4463 ι
1223 4419 1403 4475 Etiam
1430 4419 1517 4478 bis
1541 4422 1809 4492 integrum

224 4531 280 4572 se
334 4513 435 4572 Dei
489 4509 915 4587 dispensatorem
974 4507 1226 4584 praebuit,
1283 4507 1373 4585 qui
1429 4509 1555 4566 ﬁdei
1608 4510 1806 4567 bonam

223 4603 540 4678 opinionem
571 4598 863 4668 faciebant,
895 4603 948 4651 et
976 4596 1069 4672 qui
1111 4597 1309 4652 malam
1333 4615 1347 4667 ;
1381 4597 1510 4656 dum
1541 4613 1652 4655 non
1681 4614 1808 4654 me-

224 4693 330 4759 tuit
359 4691 501 4750 hanc
533 4688 825 4756 invidiam,
856 4685 950 4742 sed
978 4695 1231 4744 constans
1263 4694 1362 4744 est.

304 4814 323 4843 ι
377 4789 449 4848 Ut
502 4787 814 4846 seductores
860 4792 914 4842 et
965 4799 1198 4844 veraces.
1251 4808 1270 4831 ι
1332 4783 1606 4842 Increduli
1635 4783 1806 4842 sedu-

223 4889 398 4939 ctores
456 4894 548 4936 eos
604 4875 897 4935 vocabant:
942 4873 1128 4932 ﬁdeles
1175 4887 1203 4931 e
1252 4881 1442 4930 contra
1471 4887 1688 4930 veraces
1713 4888 1805 4926 eos

221 4981 271 5036 et
322 4968 602 5046 simplices
663 4964 1110 5040 pronuntiabant.
1171 4965 1311 5026 186
1357 4963 1468 5024 Nec
1519 4962 1625 5020 hoc
1677 4960 1804 5020 odio

219 5064 382 5131 cedit,
415 5071 477 5120 ut
506 5061 830 5136 superducat
857 5060 1044 5119 fucum
1077 5057 1319 5114 veritati.
1367 5081 1386 5108 ς
1423 5058 1494 5113 Ut
1522 5055 1720 5127 ignoti,
1753 5064 1806 5113 et

220 5155 308 5228 qui
343 5153 744 5224 cognoscimur.
780 5175 797 5197 ι
851 5150 1007 5204 Malis
1038 5147 1211 5219 ignoti
1243 5154 1417 5213 erant,
1452 5145 1613 5200 bonis
1644 5145 1799 5212 noti;

218 5240 580 5320 agnoscebant
613 5237 757 5293 enim
781 5237 837 5291 in
868 5237 956 5291 his
983 5237 1292 5291 veritatem.

287 5401 404 5474 (44)
436 5400 781 5474 Βοηυράίῐ,
808 5398 1211 5474 trucidaverat,
1239 5393 1388 5469 Legis
1425 5399 1472 5447 et
1498 5393 1801 5474 Evangelii,

217 5468 330 5551 quae
371 5468 560 5534 tamen
608 5473 663 5532 in
694 5472 817 5530 aliis
863 5468 1120 5530 omnibus
1165 5468 1327 5541 atque
1351 5481 1481 5524 mss.
1513 5468 1806 5538 reperiun-

217 5552 407 5688 ιωξίὶὸ)
443 5615 736 5672 Gratianus
767 5615 887 5673 loco
916 5612 1012 5674 cit.
1050 5611 1119 5670 ad
1154 5626 1352 5686 marg.,
1381 5610 1532 5667 Ficta
1575 5606 1807 5665 charitas

1945 515 2085 571 Odio
2117 517 2239 573 illos
2267 517 2547 590 habentes,
2579 526 2822 596 quotidie
2853 529 3121 602 putabant
3149 549 3260 590 non
3297 537 3528 594 evadere

1947 603 2124 660 minas
2176 606 2528 680 iniquitatis:
2592 612 2681 669 isti
2727 623 2930 686 autem,
2979 621 3108 694 quia
3147 623 3260 680 Deo
3289 626 3527 699 propitio

1945 692 2231 762 docebant,
2264 696 2478 752 auxilio
2509 696 2710 754 Christi
2733 703 2835 756 tuti
2866 692 3262 775 praestabantur
3289 692 3324 769 a
3353 692 3527 769 morte

1945 782 2198 854 praesenti
2246 789 2299 837 et
2340 782 2546 841 futura.
2594 808 2612 830 ε
2640 785 2802 855 Quasi
2853 793 3070 862 tentati,
3100 795 3191 850 sed
3221 800 3382 855 morti
3416 817 3521 858 non

1944 867 2155 923 traditi.
2184 892 2203 915 ι
2237 868 2452 925 Tentati
2493 871 2844 943 videbantur,
2876 878 3093 951 quando
3121 881 3199 937 sic
3226 886 3521 941 tractaban-

1944 961 2058 1020 tur,
2087 963 2150 1011 ut
2178 955 2370 1014 cedere
2395 966 2751 1031 putarentur:
2785 972 2839 1019 et
2861 965 2993 1036 quia
3011 983 3122 1022 non
3149 968 3523 1040 vincebantur,

1945 1044 2110 1099 morti
2148 1061 2261 1100 non
2297 1045 2709 1108 addicebantur.
2733 1051 2837 1108 Hic
2864 1053 3013 1110 enim
3043 1054 3318 1116 addicitur
3340 1063 3524 1130 morti,

1945 1133 2039 1206 qui
2094 1133 2151 1188 in
2209 1133 2316 1191 ﬁde
2349 1152 2459 1193 non
2501 1150 2820 1212 permanet;
2853 1149 2907 1200 et
2934 1144 3098 1199 morti
3120 1161 3229 1201 non
3260 1146 3409 1218 huic,
3437 1149 3529 1208 sed

1943 1221 2162 1278 futurae.
2195 1223 2380 1280 Potest
2409 1234 2463 1283 et
2491 1226 2558 1282 de
2587 1230 2845 1302 prmsenti
2891 1240 3066 1290 morte
3096 1234 3331 1310 intelligi
3359 1256 3372 1304 ;
3402 1246 3532 1296 ten-

1938 1311 2046 1368 tari
2119 1313 2266 1371 enim
2337 1333 2428 1374 eos
2503 1320 2812 1393 patiebatur
2891 1324 3058 1393 Deus,
3131 1334 3192 1384 ut
3267 1329 3532 1401 pressaris

1944 1410 2247 1460 crescerent
2311 1406 2545 1464 merito:
2608 1425 2718 1468 non
2796 1418 2980 1471 tamen
3038 1415 3389 1489 permittebat
3441 1433 3532 1476 eos

1943 1490 2142 1548 occidi.

2019 1579 2201 1652 (Vers.
2256 1580 2372 1656 10.)
2435 1607 2454 1631 ι
2502 1584 2574 1645 Ut
2601 1585 2808 1657 tristes,
2835 1604 3048 1664 semper
3074 1601 3254 1652 autem
3285 1592 3532 1666 gauden-

1940 1673 2041 1726 tes.
2086 1692 2108 1716 ι
2165 1669 2371 1726 Verum
2401 1680 2502 1741 est,
2538 1675 2668 1749 quia
2695 1677 2922 1735 tristitia
2954 1683 3072 1737 haec
3100 1681 3359 1753 gaudium
3391 1699 3531 1755 ope-

1383 1753 1662 1827 Benignus
1694 1763 1828 1822 erat,
1858 1784 1906 1845 Β
1943 1762 2114 1827 ratur,
2170 1766 2224 1814 et
2269 1758 2361 1832 qui
2411 1777 2504 1818 eos
2551 1762 2774 1835 injuriis
2820 1767 3234 1839 contristabant,
3267 1753 3527 1844 gaudium

1941 1866 2127 1907 eorum
2174 1854 2569 1926 exaggerabant
2620 1856 2758 1930 (’16).
2832 1882 2852 1904 ι
2893 1861 2961 1917 Ut
3002 1878 3286 1936 pauperes,
3325 1867 3528 1925 multos

1939 1956 2119 2006 autem
2170 1948 2424 2009 ditantes.
2469 1974 2489 2000 ι
2549 1952 2825 2020 Quantum
2871 1954 2941 2014 ad
2988 1968 3305 2029 praesentem
3357 1963 3525 2020 vitam

1940 2036 2196 2107 pertinet,
2246 2053 2506 2111 pauperes
2555 2040 2925 2104 videbantur:
2959 2046 3054 2106 sed
3083 2050 3356 2120 spiritales
3385 2050 3525 2108 divi-

1940 2125 2042 2182 tias
2096 2127 2447 2188 credentibus
2505 2131 2909 2205 largiebautur:
2957 2137 3114 2208 egeni
3162 2139 3222 2196 in
3251 2141 3434 2205 terris,
3468 2140 3524 2196 in

1941 2215 2096 2270 caelis
2153 2215 2372 2274 divites.
2443 2243 2463 2266 ι
2517 2219 2588 2275 Ut
2635 2222 2777 2280 nihil
2812 2223 3093 2295 habentes,
3127 2229 3315 2285 omnia
3343 2238 3522 2284 autem

1941 2304 2300 2375 possidentes.
2351 2331 2370 2353 ι
2437 2308 2552 2364 Hoc
2592 2309 2700 2367 fuit
2745 2313 2804 2368 in
2831 2315 3091 2388 apostolis
3119 2318 3435 2389 gloriosum,
3462 2326 3526 2374 ut

1943 2389 2058 2446 sine
2100 2393 2474 2450 sollicitudine
2512 2404 2566 2452 et
2589 2399 2811 2458 nomine
2841 2403 3152 2474 possidendi
3187 2422 3296 2462 non
3344 2407 3523 2463 solum

1943 2493 2024 2545 ea,
2066 2495 2183 2550 quae
2217 2482 2273 2539 in
2305 2486 2739 2553 possessionibus
2769 2499 2946 2558 erant,
2975 2492 3068 2547 sed
3099 2501 3152 2550 et
3174 2495 3318 2566 ipsos
3336 2511 3522 2551 eorum

1943 2565 2196 2624 dominos
2221 2570 2561 2641 possiderent
2585 2592 2598 2640 ;
2633 2577 2818 2632 omnia
2845 2578 2991 2634 enim
3025 2565 3243 2638 necesse
3271 2591 3524 2639 eratante

1942 2672 2129 2714 eorum
2176 2659 2304 2733 poni
2335 2659 2497 2730 pedes
2525 2677 2683 2717 causa
2709 2663 3004 2734 virtutum,
3034 2666 3178 2724 sicut
3205 2669 3434 2744 legimus
3465 2670 3525 2726 in

1939 2745 2169 2803 Actibus
2197 2747 2568 2818 apostolorum
2603 2749 2744 2821 (Act.
2779 2767 2831 2806 ιν
2842 2795 2858 2822 ,
2880 2753 2994 2824 35).

2013 2834 2194 2906 (Vers.
2249 2835 2364 2906 11.)
2412 2859 2431 2883 ι
2459 2835 2530 2892 Os
2560 2844 2808 2895 nostrum
2839 2848 2986 2914 patet
3013 2841 3081 2901 ad
3114 2859 3230 2911 vos,
3259 2860 3292 2903 ο
3321 2843 3528 2905 Corin-

1937 2918 2040 2975 thii
2059 2964 2072 2977 .
2121 2947 2140 2971 ι
2202 2925 2318 2980 Hoc
2348 2924 2619 2982 libertatis
2647 2945 2812 2986 causa
2842 2931 3111 3005 loquitur,
3141 2941 3193 2992 et
3222 2951 3370 3008 purae
3398 2953 3522 2995 con-

1934 3011 2176 3068 scientiae
2200 3031 2214 3081 ;
2257 3013 2399 3069 male
2427 3015 2575 3070 enim
2608 3016 2714 3072 sibi
2744 3019 2964 3078 conscia
2993 3037 3150 3079 meus
3179 3022 3329 3096 loqui
3363 3025 3524 3097 trepi-

3078 3135 3095 3158 ι
3140 3110 3245 3170 Cor
3273 3123 3519 3172 nostrum

2421 3216 2440 3237 ι
2501 3194 2705 3250 Eorum
2757 3213 2851 3252 cor
2892 3198 3175 3266 dilatatur,
3198 3200 3290 3272 qui
3321 3201 3522 3259 fiducia

1932 3276 2091 3334 bona:
2120 3280 2558 3335 conversationis
2586 3282 2823 3354 gaudent
2852 3284 2910 3340 in
2941 3301 3080 3354 sese,
3130 3293 3224 3344 aut
3253 3296 3396 3348 certe
3424 3292 3520 3346 fu-

1932 3369 2044 3423 turi
2075 3385 2168 3442 spe
2208 3369 2324 3440 (47)
2358 3371 2570 3442 praemii
2603 3372 2655 3426 in
2689 3374 3046 3435 tribulatione
3077 3393 3186 3434 non
3215 3387 3519 3450 angustan-

1933 3466 2056 3526 tur;
2107 3457 2236 3530 quia
2285 3459 2428 3519 sicut
2471 3460 2527 3516 in
2578 3461 2679 3518 hac
2709 3463 2822 3519 vita
2852 3465 2958 3524 nisi
2989 3469 3321 3542 praecesserit
3345 3470 3514 3537 labor,

1930 3545 2176 3601 redditus
2207 3563 2317 3602 non
2348 3548 2614 3620 sequitur:
2636 3550 2712 3607 ita
2740 3559 2795 3608 et
2826 3553 2883 3610 in
2917 3555 3078 3613 rebus
3103 3556 3384 3627 divinis,si
3405 3573 3516 3616 non

1928 3634 2097 3691 exitia
2126 3637 2441 3705 anteierint,
2476 3639 2762 3710 praemium
2802 3657 2912 3698 non
2947 3655 3224 3720 sequetur.

1999 3723 2182 3797 (Vers.
2219 3726 2304 3795 12,
2339 3725 2452 3796 13.)
2500 3749 2519 3774 ι
2543 3727 2664 3784 Νοη
2703 3731 3093 3800 angustiamini
3125 3735 3181 3792 in
3210 3735 3390 3804 nobis,
3423 3753 3512 3796 au-

1927 3809 2244 3884 gustiamini
2275 3819 2457 3869 autem
2493 3812 2550 3868 in
2583 3813 2889 3874 visceribus
2910 3820 3126 3887 vestris,
3157 3823 3401 3881 eamdem
3423 3824 3514 3880 ha-

1925 3899 2114 3957 bentes
2162 3901 2428 3960 mercedis
2489 3903 2935 3963 retributionem.
2983 3931 3002 3957 ›
3048 3907 3161 3966 Ηοο
3199 3909 3358 3981 dicit,
3387 3911 3514 3982 quia

1925 4005 2034 4046 non
2057 3989 2247 4047 oberat
2275 3990 2569 4059 magistris,
2605 3991 2650 4046 si
2681 3990 2939 4065 discipuli
2970 3994 3113 4052 male
3141 4004 3509 4067 verterentur,

1926 4084 2340 4136 contemnentes
2367 4076 2609 4150 vigorem
2641 4078 2941 4150 doctrinae;
2973 4085 3102 4161 quia
3136 4088 3510 4164 unusquisque

1923 4183 2024 4242 pro
2063 4165 2320 4239 operibus
2347 4165 2461 4221 suis
2485 4167 2788 4227 mercedem
2819 4169 3082 4245 accipiet;
3114 4174 3242 4248 quia
3271 4175 3416 4248 quod
3442 4175 3508 4234 ad

1924 4252 2213 4325 magistros
2243 4253 2500 4325 pertinet,
2534 4271 2643 4311 non
2674 4262 2984 4327 tacuerunt,
3032 4259 3245 4318 dicente
3274 4264 3510 4322 Domino

1923 4343 1993 4399 ad
2023 4341 2365 4400 Ezechielem
2397 4344 2717 4419 prophetam
2749 4365 2760 4404 ;
2825 4373 2842 4394 ι
2878 4348 3076 4410 Exalta
3112 4367 3301 4411 vocem
3336 4360 3507 4424 tuam,

1923 4439 1976 4490 et
2027 4433 2246 4506 loquere
2295 4431 2363 4490 ad
2416 4433 2668 4509 plebem:
2718 4436 2764 4495 si
2799 4444 2852 4493 te
2881 4438 3178 4509 audierint,
3211 4441 3509 4501 lucraberis

1916 4538 2007 4578 eos
2031 4540 2042 4577 :
2074 4523 2118 4578 si
2149 4523 2464 4598 quominus,
2494 4532 2555 4579 tu
2583 4524 2822 4585 animam
2845 4534 2996 4586 tuam
3020 4529 3259 4587 salvebis
3290 4529 3508 4599 (Ezech.

1924 4626 2005 4679 ιιι,
2042 4609 2152 4682 19).
2182 4632 2201 4655 ι
3031 4659 3034 4662 .

1995 4697 2177 4770 (Vers.
2215 4696 2328 4768 14.)
2379 4719 2396 4740 ι
2425 4694 2577 4750 Sicut
2608 4696 2740 4754 ﬁliis
2769 4697 2914 4766 dico,
2947 4697 3257 4756 dilatamini
3292 4708 3346 4754 et
3386 4718 3504 4776 vos,

1921 4791 1974 4838 et
2011 4785 2180 4837 nolite
2207 4781 2401 4853 jugum
2430 4781 2626 4837 ducere
2655 4798 2780 4840 cum
2812 4783 3148 4842 inﬁdelibus.
3194 4809 3213 4832 ι
3271 4785 3356 4843 Ad
3401 4786 3508 4842 bo-

1919 4888 2045 4929 nam
2081 4868 2553 4927 conversationem
2588 4875 2641 4922 et
2674 4885 2822 4944 spem
2857 4886 2947 4926 eos
2963 4870 3233 4942 hortatur;
3258 4882 3319 4930 ut
3333 4874 3505 4937 ﬁden~

1919 4970 2001 5018 tes
2058 4968 2111 5016 et
2162 4965 2453 5036 purgantes
2507 4956 2870 5017 conscientias
2913 4975 3056 5030 suas,
3102 4961 3312 5039 possint
3341 4965 3400 5026 in
3427 4981 3506 5024 se-

1920 5050 2166 5128 metipsis
2213 5045 2468 5123 gaudere,
2500 5044 2760 5104 habentes
2791 5046 3047 5110 ﬁduciam
3086 5067 3235 5123 pura:
3281 5054 3502 5128 mentis,

1920 5142 2061 5197 sicut
2088 5150 2140 5197 et
2172 5153 2360 5195 eorum
2399 5135 2664 5206 magistri,
2696 5137 3004 5209 separantes
3024 5155 3079 5194 se
3098 5140 3164 5196 ab
3197 5135 3503 5201 inﬁdelium

1918 5231 2174 5286 societate
2215 5228 2272 5282 in
2313 5225 2568 5298 operibus
2590 5227 2767 5282 malis.
2786 5229 2857 5283 Et
2875 5227 3014 5285 bene
3034 5245 3162 5303 ergo
3191 5233 3418 5304 agendo,
3450 5241 3506 5291 et

1920 5399 1994 5448 est
2012 5409 2127 5448 ams
2155 5389 2343 5445 deserit
2370 5387 2426 5440 in
2458 5387 2794 5445 adversitate.

1994 5456 2110 5532 (5,6)
2167 5462 2268 5537 his.
2297 5456 2516 5537 _Corb.,
2555 5459 2684 5526 quia
2740 5460 2973 5517 tristitia
3026 5464 3280 5537 gaudium
3325 5481 3512 5528 eorum

1922 5531 2326 5598 exaggerabant.

1996 5552 2021 5587 α.
2058 5550 2326 5598 qeraoam.

1996 5550 2112 5675 (2‘7)
2143 5597 2411 5656 Nonnulli
2443 5613 2598 5666 mss.,
2625 5603 2722 5651 aut
2737 5603 2864 5658 certi
2880 5601 3055 5675 futuri
3081 5619 3189 5676 spe,
3219 5611 3324 5662 etc.
