3952 6202
502 371 611 431 319

1492 378 1590 434 ΑΙ)
1626 377 1857 434 ΟΡΕΒΑ
1895 377 1950 435 S.
1992 380 2322 439 AMBROSII
2358 384 2731 447 APPEXDIX.

3681 393 3800 453 320

502 494 689 550 futura
715 492 1001 566 sperando,
1033 495 1250 555 dilatari
1280 501 1401 556 vult
1431 500 1556 557 illos
1584 503 1788 570 animo;
1823 505 1915 576 qui
1936 506 2083 562 enim
2114 513 2157 570 Α
2190 526 2304 564 ram
2357 512 2524 567 vitam
2573 514 2892 572 exhortatus
2945 523 3049 585 est,
3106 525 3160 575 et
3187 518 3491 576 Dominum
3523 531 3791 580 nostrum

503 580 734 648 laborat,
782 589 837 636 et
884 582 1069 639 futura
1114 602 1224 642 non
1271 589 1445 644 credit
1489 590 1630 661 (48),
1657 591 1798 648 sicut
1826 592 2083 663 inﬁdelis,

499 668 718 742 angusti
747 670 917 725 animi
946 679 1028 727 est
1053 673 1427 745 desperatione
1457 676 1652 733 futuri.

575 773 756 846 (Vers.
792 775 877 843 i5,
911 776 1022 847 16.)
1043 802 1061 824 ι
1082 778 1212 845 Quae
1236 780 1382 835 enim
1407 780 1522 854 (49)
1555 784 1901 857 participatio
1926 786 2085 859 justi-

500 862 592 919 τίω
610 877 733 916 cum
757 861 1047 933 iniquitate
1068 863 1096 920 7
1114 875 1209 922 aut
1229 882 1349 939 quae.
1381 868 1610 926 societas
1641 872 1837 929 lumini
1856 892 1979 931 cum
2008 884 2083 933 te-

498 951 731 1007 nebris?
769 968 961 1025 quaeve
1004 956 1294 1012 consensio
1335 958 1542 1017 Christi
1578 980 1702 1019 cum
1734 965 1905 1022 Belial
1936 968 1965 1023 ?
1990 975 2085 1025 aut

498 1051 618 1109 quae
670 1051 796 1109 pars
842 1036 990 1093 ﬁdeli
1030 1056 1157 1096 cum
1214 1042 1425 1100 inﬁdeli
1451 1045 1481 1102 Ῡ
1518 1048 1605 1103 vel
1635 1065 1756 1122 qua;
1785 1052 2082 1110 conventio

494 1124 700 1196 templo
728 1124 827 1180 Dei
855 1142 981 1183 cum
1021 1127 1183 1185 idolis
1203 1130 1232 1186 7
1258 1155 1277 1178 ι
1320 1130 1669 1191 Manifestum
1711 1148 1791 1194 est
1818 1138 1935 1196 haec
1963 1156 2082 1213 quze

497 1219 783 1268 enumerat
828 1228 942 1268 esse
968 1218 1275 1285 contraria;
1318 1235 1379 1276 ac
1410 1237 1504 1292 per
1532 1222 1638 1280 hoc
1666 1224 1985 1298 fugiendum
2013 1228 2081 1284 ab

493 1297 582 1356 his
609 1299 787 1369 docet,
821 1302 949 1374 quia
974 1302 1110 1360 dicit
1137 1306 1407 1364 Dominus
1434 1324 1446 1362 :
1495 1334 1514 1358 ε
1544 1312 1716 1368 Nemo
1738 1297 1921 1387 potest
1945 1315 2079 1373 duo-

492 1385 595 1443 bus
642 1387 887 1465 dominis
941 1390 1147 1448 servire
1196 1394 1409 1465 (Matth.
1449 1413 1529 1467 vr,
1572 1398 1689 1471 24).
1720 1385 1758 1449 »ί
1790 1402 1904 1458 Lex
1933 1399 2078 1460 enim

485 1474 763 1547 justitiam
810 1477 1093 1549 praedicat,
1140 1489 1202 1537 ut
1249 1482 1493 1555 fugiatur
1538 1487 1833 1560 iniquitas:
1894 1491 2080 1550 lumen

489 1563 752 1633 ostendit,
811 1565 959 1637 quod
1002 1574 1085 1622 est
1131 1569 1366 1637 veritas;
1408 1581 1471 1629 ut
1498 1573 1565 1629 ab
1600 1574 1929 1646 ignorantia,
1960 1596 2079 1652 quae

485 1654 723 1709 tenebrae
746 1661 894 1721 sunt,
922 1655 1214 1712 recedatur
1240 1673 1252 1712 :
1287 1657 1569 1717 Christum
1601 1663 1659 1718 in
1690 1664 1789 1720 Dei
1817 1668 2079 1739 mysterio

489 1741 782 1797 annuntiat
806 1759 821 1807 ;
855 1749 918 1796 ut
946 1759 978 1797 a
1002 1742 1245 1811 diabolo,
1275 1747 1370 1818 qui
1398 1764 1455 1805 se
1491 1752 1665 1807 Deum
1688 1754 1911 1810 mentiri
1936 1756 2074 1825 vult,

2195 599 2374 654 Jesum
2417 599 2528 671 jam
2560 603 2689 657 olim
2722 603 3014 662 Dominum
3049 616 3297 663 nostrum
3331 608 3473 680 (50),
3507 618 3564 666 et
3591 628 3797 669 susce-

2195 695 2416 758 pturum
2449 706 2548 749 nos
2564 692 2623 747 in
2650 691 2847 751 aﬂ'ectu
2874 693 3159 752 charitatis
3176 712 3311 766 sum,
3327 697 3790 771 praedestinatum

2194 776 2452 834 ostendit.

2786 868 3011 927 CAPUT
3039 871 3161 928 VII.

2262 955 2448 1027 (Vers.
2485 957 2564 1027 1.)
2635 980 2655 1005 ι
2701 957 2828 1013 Haec
2872 973 2999 1029 ergo
3023 958 3286 1017 habentes
3313 963 3605 1033 promissa,
3640 964 3783 1022 cha-

2192 1045 2420 1116 rissimi,
2467 1045 2794 1102 mundemus
2840 1048 3202 1120 nosmetipsos
3229 1050 3298 1106 ab
3327 1051 3481 1107 omni
3511 1053 3780 1126 inquina-

2191 1140 2377 1188 mento
2425 1134 2625 1202 carnis,
2689 1133 3030 1205 perﬁcientes
3075 1137 3420 1195 sanctitatem
3452 1140 3694 1213 Spiritus
3719 1143 3774 1199 in

2191 1222 2387 1279 timore
2415 1220 2533 1278 Dei.
2564 1246 2582 1269 ι
2625 1222 2910 1279 Manifesta
2950 1232 3098 1289 sunt,
3131 1241 3250 1297 quae
3288 1225 3461 1293 dicit;
3508 1229 3774 1303 inquina-

2190 1321 2435 1367 mentum
2467 1320 2647 1367 tamen
2676 1312 2858 1367 carnis
2884 1311 3183 1367 multifarie
3215 1312 3639 1385 intelligendum
3672 1327 3770 1376 est.

2189 1399 2316 1456 Ideo
2344 1400 2544 1456 etenim
2575 1417 2685 1456 non
2733 1399 2897 1468 dixit,
2950 1400 3018 1456 ab
3068 1400 3485 1473 inquinamento
3537 1408 3768 1464 carnis:

2189 1487 2282 1544 sed
2309 1488 2375 1543 ab
2403 1488 2545 1542 omni
2570 1487 2961 1558 inquinamento
2983 1506 3004 1553 ;
3024 1496 3086 1544 ut
3115 1498 3230 1546 tota
3259 1491 3396 1547 vitia
3422 1496 3665 1552 carnalia
3691 1496 3771 1553 fu-

2189 1576 2435 1650 giamus;
2470 1592 2630 1632 omne
2659 1576 2807 1632 enim
2837 1576 2985 1649 quod
3014 1578 3103 1632 lex
3127 1578 3403 1649 prohibet,
3427 1584 3648 1640 carnale
3672 1591 3769 1641 est.

2202 1670 2293 1725 «Ut
2316 1666 2660 1740 perﬁciamus
2689 1669 3030 1725 sanctitatem
3062 1670 3289 1742 spiritus
3317 1672 3375 1727 in
3397 1672 3595 1731 timore
3614 1676 3759 1733 Dei.-

2186 1758 2537 1815 Sanctitatem
2586 1756 2666 1813 sic
2713 1755 3027 1828 perﬁcimus
3080 1759 3329 1830 spiritus,
3389 1766 3437 1818 si
3489 1765 3546 1820 in
3574 1765 3772 1823 timore

494 1826 852 1884 abscedatur:
886 1827 1237 1886 credentibus
1266 1837 1435 1891 vitam
1466 1839 1759 1910 pollicetur
1772 1850 2030 1897 aeternam
2055 1861 2069 1911 ;
2106 1859 2153 1919 Β
2186 1848 2283 1905 Dei
2314 1856 2458 1903 recta
2486 1826 2812 1919 sequamur;
2848 1854 2909 1902 ut
2948 1848 3050 1904 sub
3092 1826 3323 1906 nomine
3345 1850 3552 1910 Christi
3579 1873 3613 1911 a
3641 1872 3771 1928 pec-

485 1924 550 1973 ut
605 1915 836 1987 perﬁdia
876 1917 1050 1986 exuti,
1104 1920 1173 1976 ab
1214 1923 1365 1978 omni
1414 1926 1723 1984 inﬁdelium
1753 1945 1934 1986 errore
1962 1932 2074 1989 sint

486 2004 653 2060 alieni
680 2022 693 2060 :
735 2003 884 2061 idola
930 2005 1216 2077 prohibuit
1242 2010 1388 2080 coli;
1435 2015 1565 2086 quia
1592 2017 1795 2089 templo
1816 2018 1916 2074 Dei
1944 2027 2074 2077 sunt

488 2092 734 2151 inimica.
777 2117 798 2142 ι
825 2095 933 2153 Vos
959 2096 1105 2152 enim
1135 2100 1402 2172 templum
1432 2104 1563 2158 estis
1591 2105 1689 2160 Dei
1724 2106 1888 2162 vivi.»
1920 2108 2071 2164 Nihil

485 2191 596 2239 tam
648 2184 937 2243 inimicum
987 2186 1201 2243 homini
1252 2206 1416 2262 quam
1445 2192 1629 2263 idola;
1660 2195 1791 2269 quia
1818 2195 1887 2253 ab
1906 2197 2072 2255 unius

483 2273 583 2328 Dei
611 2272 719 2329 ﬁde
746 2282 950 2345 cogunt
976 2289 1102 2330 eum
1131 2276 1401 2336 recedere.

558 2378 740 2448 (Vers.
774 2380 863 2448 17,
896 2380 1009 2452 18.)
1050 2404 1070 2429 ι
1099 2382 1254 2439 Sicut
1281 2384 1426 2442 dixit
1452 2388 1634 2444 Deus:
1679 2389 1946 2458 Quoniam
1987 2393 2068 2448 in-

481 2464 743 2522 habitabo
785 2466 845 2523 in
864 2468 996 2538 illis,
1025 2478 1079 2526 et
1109 2471 1252 2528 inter
1279 2489 1370 2531 eos
1397 2476 1712 2547 ambulabo,
1742 2487 1797 2535 et
1824 2496 1916 2537 ero
1947 2480 2067 2537 illo-

484 2570 605 2610 rum
637 2555 805 2624 Deus,
839 2566 893 2613 et
932 2558 1035 2630 ipsi
1064 2569 1226 2617 erunt
1256 2562 1392 2618 mihi
1424 2566 1657 2638 populus
1687 2568 1875 2639 (Leuit.
1907 2586 2063 2637 xvvr,

484 2643 599 2713 l2).
645 2643 987 2716 Quapropter
1038 2649 1183 2705 exite
1216 2647 1283 2706 de
1321 2652 1502 2709 medio
1534 2670 1745 2722 eorum,
1775 2663 1830 2710 et
1857 2671 2066 2727 separa-

482 2730 645 2799 mini,
675 2732 814 2790 dicit
845 2734 1136 2804 Dominus,
1183 2745 1237 2793 et
1264 2738 1615 2797 immundum
1647 2743 1818 2798 nolite
1846 2753 2064 2814 tangere

485 2817 621 2889 (Isa.
667 2837 765 2888 ιιι,
815 2822 927 2891 11);
976 2845 996 2870 ι
1050 2852 1123 2865 -
1165 2848 1184 2871 ι
1212 2832 1266 2879 et
1293 2843 1391 2896 ego
1416 2829 1709 2898 suscipiam
1740 2845 1857 2897 vos,
1890 2840 1943 2886 et
1972 2848 2064 2889 ero

480 2903 641 2960 vobis
670 2906 729 2960 in
758 2914 989 2976 patrem,
1012 2915 1067 2962 et
1085 2925 1184 2964 vos
1203 2910 1359 2965 eritis
1390 2912 1529 2966 mihi
1562 2913 1618 2969 in
1642 2913 1787 2971 ﬁlios
1815 2925 1869 2972 et
1898 2918 2059 2989 ﬁlias,

476 2989 618 3045 dicit
642 2992 912 3047 Dominus
959 2994 1307 3065 omnipotens
1338 2998 1551 3069 (Jerem.
1583 3018 1747 3069 xxxx,
1770 3005 1883 3077 33).
1902 3010 1936 3056 Διι
1977 3010 2061 3064 Ιη-

476 3078 639 3133 terim
688 3079 882 3152 prima
933 3098 1108 3139 causae
1162 3101 1380 3142 sensum
1409 3090 1782 3161 explicemus:
1833 3100 1973 3158 187
2000 3105 2062 3153 ut

2193 1936 2332 1992 catis
2376 1951 2476 1992 nos
2530 1935 2866 1991 abstinentes
2901 1937 3077 1993 sancti
3108 1937 3293 1995 simus.
3327 1940 3430 2006 Qui
3460 1942 3615 1998 enim
3659 1944 3770 1999 sine

2168 2025 2519 2098 ,professione
2577 2024 2784 2082 Christi
2841 2042 2873 2082 a
2909 2026 3062 2083 vitiis
3109 2044 3167 2085 se
3204 2028 3457 2086 cohibere
3479 2031 3769 2103 videntur,

2180 2112 2508 2170 sanctiﬁcati
2540 2120 2670 2168 sunt
2690 2113 2855 2185 juxta
2885 2115 3174 2185 mundum,
3205 2133 3315 2173 non
3346 2119 3659 2177 secundum
3678 2124 3768 2179 Dei

2181 2201 2437 2275 spiritum
2470 2220 2484 2269 ;
2518 2201 2647 2274 quia
2669 2202 2971 2258 secundum
2999 2206 3173 2260 Deum
3202 2204 3260 2261 hi
3292 2207 3487 2264 mundi
3516 2211 3765 2284 sunt,qui

2190 2289 2380 2346 ﬁdeles
2399 2298 2531 2346 sunt
2562 2308 2574 2346 :
2608 2291 2789 2348 caeteri
2834 2308 2984 2361 vero,
3030 2294 3302 2367 qualesvis
3330 2296 3462 2365 sint,
3494 2297 3767 2357 immundi

2188 2386 2336 2434 sunt.
2390 2378 2670 2451 Quidquid
2718 2380 2865 2436 enim
2897 2380 3014 2437 sine
3044 2381 3264 2440 Christo
3289 2393 3391 2452 est,
3419 2385 3764 2444 immundum

2177 2474 2280 2536 est,
2329 2466 2471 2524 sicut
2515 2467 2652 2524 dicit
2696 2467 2766 2523 ad
2794 2468 3016 2523 Titum:
3062 2493 3081 2516 ι
3111 2470 3252 2538 Quia
3278 2470 3602 2529 inﬁdelibus
3629 2475 3762 2530 nihil

2179 2564 2260 2612 est
2305 2556 2607 2622 mundum;
2664 2555 2951 2628 inquinata
2989 2564 3070 2613 est
3115 2558 3263 2614 enim
3307 2575 3498 2617 eorum
3526 2578 3687 2619 mens
3715 2572 3762 2619 et

2173 2646 2512 2704 conscientia
2542 2647 2751 2718 (Titi,
2785 2648 2896 2712 15).
2929 2672 2948 2696 ι

2246 2734 2428 2805 (Vers.
2483 2734 2563 2805 2.)
2628 2760 2646 2782 ι
2690 2734 2923 2807 Capaces
2964 2743 3136 2794 estote
3176 2738 3372 2796 nostri.
3403 2740 3631 2798 Nemini
3661 2759 3763 2799 no-

2173 2824 2408 2892 cuimus,
2458 2824 2734 2880 neminem
2784 2825 3134 2896 gravavimus
3165 2827 3306 2899 (51),
3338 2829 3621 2886 neminem
3653 2831 3762 2887 cir-

2172 2911 2578 2970 cumvenimus.
2627 2936 2646 2959 ι
2710 2911 3066 2970 Considerare
3113 2916 3236 2972 vult
3281 2915 3407 2972 illos
3433 2933 3558 2989 quae.
3584 2919 3759 2988 dicit;

2170 3009 2232 3056 ut
2273 3001 2503 3071 receptis
2551 3000 2639 3057 his
2686 3002 2744 3057 in
2795 3002 3065 3071 animum,
3104 3005 3388 3062 conferant
3418 3023 3608 3065 secum
3639 3026 3761 3067 vera

2171 3103 2307 3157 esse,
2339 3106 2458 3162 quae
2489 3089 2770 3161 loquitur;
2816 3099 2869 3146 et
2898 3103 3213 3163 spernentes
3262 3094 3363 3152 hos
3390 3112 3529 3168 quos
3560 3100 3759 3171 tangit,

475 3173 634 3246 cujus
688 3190 931 3247 personae
986 3177 1151 3233 verba
1210 3180 1342 3252 sint,
1399 3182 1736 3244 declaremus
1790 3190 2053 3248 dicentis:
2098 3211 2143 3271 ο
2173 3195 2405 3271 οωῐιθηξ
2434 3179 2689 3271 anim“?!
2727 3180 3059 3239 "anSfemm
3100 3182 3169 3238 ad
3227 3200 3319 3240 θοε
3377 3200 3518 3257 quos
3572 3188 3761 3246 "idem

485 3289 505 3311 α
549 3263 820 3332 Quoniam
871 3265 1192 3326 inhabitabo
1220 3269 1279 3326 in
1310 3271 1440 3342 illis,
1470 3281 1523 3330 et
1553 3276 1697 3333 inter
1733 3294 1827 3337 eos
1854 3281 2061 3338 ambu-

471 3352 616 3421 labo,
633 3361 687 3409 et
715 3371 809 3411 ero
838 3355 1061 3413 illorum
1086 3361 1251 3428 Deus,
1282 3371 1336 3418 et
1363 3363 1467 3435 ipsi
1504 3375 1666 3423 erunt
1719 3368 1860 3425 mihi
1890 3388 2059 3443 popu-

472 3441 578 3497 lus.
606 3465 624 3489 ›
665 3443 793 3498 Haec
832 3444 997 3499 verba
1028 3445 1235 3532 Christi
1261 3459 1427 3518 sunt;
1468 3451 1573 3510 hoc
1601 3464 1682 3512 est
1711 3441 2059 3532 enim,iquod

468 3527 616 3583 inter
662 3538 857 3585 caetera
899 3530 1159 3588 Jeremias
1202 3542 1430 3592 testatus
1480 3549 1561 3596 est
1608 3542 1828 3599 dicens:
1886 3527 2060 3604 cl’ost

466 3612 585 3671 haec
615 3614 674 3669 in
703 3616 866 3671 terris
894 3616 1050 3673 visus
1077 3626 1177 3687 est,
1215 3628 1271 3677 et
1298 3622 1441 3679 inter
1479 3626 1731 3685 homines
1759 3647 2058 3693 conversa-

460 3709 552 3758 tus
593 3710 676 3758 est
723 3702 988 3773 (Bartsch.
1034 3723 1119 3774 ιιι,
1163 3707 1300 3781 38);
1332 3734 1351 3757 ι
1393 3711 1489 3769 hic
1520 3716 1665 3771 enim
1698 3717 1968 3778 habitavit
1996 3722 2054 3779 in

466 3789 870 3859 nobis,dicente
924 3788 1132 3850 Joanne
1166 3799 1450 3868 apostolo:
1499 3826 1518 3850 ι
1546 3803 1618 3859 Ει
1649 3806 1889 3865 Verbum
1927 3828 2052 3869 caro

462 3880 668 3937 factum
720 3888 820 3950 cst,
882 3889 937 3939 et
982 3883 1256 3943 habitavit
1284 3889 1343 3944 in
1373 3890 1534 3948 nobis
1578 3894 1760 3965 (Joan.
1801 3915 1842 3965 1,
1875 3899 1987 3973 14).
2017 3927 2036 3951 ι

457 3968 529 4027 Et
585 3970 714 4043 quia
777 3971 925 4029 Deus
974 3984 1162 4032 noster
1206 3984 1309 4047 est,
1342 3977 1479 4037 dicit
1510 3979 1710 4039 iterum
1740 3968 2000 4046 Ieremias
2034 4010 2045 4047 :

448 4080 490 4103 --
535 4057 637 4149 Hic
685 4067 782 4149 est
813 4061 955 4117 Dens
983 4073 1168 4121 noster
1199 4065 1461 4138 (Baruch.
1494 4086 1578 4140 ιιι,
1614 4071 1730 4145 36).
1763 4098 1782 4121 ι
1824 4074 1894 4130 Et
1920 4077 2049 4149 quia

458 4146 696 4216 populus
737 4146 855 4218 ejus
907 4165 1118 4220 sumus,
1178 4153 1407 4212 dubium
1474 4174 1585 4214 non
1635 4168 1752 4228 est;
1801 4146 2047 4223 Ecclesia

2169 3283 2301 3324 vero
2328 3269 2527 3325 affectu
2553 3287 2608 3326 se
2640 3270 2887 3342 diligere.
2918 3271 3132 3329 Pseudo
3160 3274 3308 3329 enim
3340 3277 3579 3346 apostoli
3609 3289 3760 3336 erant

2168 3356 2263 3429 qui
2301 3364 2355 3412 et
2387 3356 2657 3415 nocebant
2685 3359 2817 3427 illis,
2849 3371 3258 3432 corrumpentes
3286 3378 3476 3419 sensus
3509 3365 3757 3438 illorum,

2166 3452 2220 3501 et
2264 3447 2559 3518 gravabant
2597 3448 2844 3505 sacculos
2897 3466 3087 3508 eorum
3127 3451 3612 3513 circumventione
3652 3473 3757 3516 ser-

2165 3535 2403 3606 pentinze
2433 3536 2667 3594 astutias.

2237 3623 2418 3695 (Vers.
2458 3625 2540 3696 3.)
2610 3651 2628 3673 ι
2660 3624 2781 3683 Non
2806 3625 2875 3683 ad
2901 3628 3419 3692 condemnationem
3448 3635 3624 3692 vestri
3654 3637 3757 3695 hoc

2161 3713 2305 3771 dico.
2350 3740 2370 3764 ι
2438 3717 2552 3773 Hoc
2579 3727 2681 3786 est,
2715 3735 2827 3774 non
2868 3735 2967 3776 vos
3004 3719 3223 3791 abjicio,
3253 3721 3347 3779 sed
3376 3731 3439 3780 ut
3466 3728 3754 3800 corrigatis

2160 3818 2396 3872 moneo;
2434 3805 2532 3877 qui
2564 3805 2710 3861 enim
2750 3807 2988 3880 aliquem
3019 3810 3365 3881 condemnat,
3396 3829 3509 3869 non
3541 3815 3628 3871 illi
3657 3816 3753 3873 di-

2158 3894 2350 3951 mittit.
2397 3919 2416 3943 σ
2445 3895 2682 3952 Praedixi
2712 3897 2856 3952 enim
2883 3896 2997 3969 jam
3026 3898 3203 3968 vobis,
3225 3901 3373 3974 quod
3402 3903 3461 3958 in
3489 3904 3753 3964 cordibus

2156 3983 2359 4041 nostris
2412 3984 2542 4042 estis
2586 3985 2654 4041 ad
2710 3988 3183 4045 commoriendum
3229 3997 3285 4046 et
3325 3990 3393 4046 ad
3431 3995 3752 4051 conviven-

2153 4070 2307 4129 dum.
2338 4097 2357 4121 ι
2404 4074 2491 4129 Ex
2513 4073 2791 4146 praedictis
2822 4076 2942 4131 vult
2970 4076 3096 4131 illos
3125 4094 3470 4150 cognoscere,
3500 4096 3614 4154 quo
3630 4068 3749 4139 ani-

2153 4177 2243 4215 mo
2268 4161 2526 4236 loquatur
2565 4162 2633 4217 ad
2667 4179 2777 4219 eos.
2820 4163 2968 4231 Quos
3005 4165 3151 4220 enim
3185 4168 3479 4240 participes
3504 4171 3632 4228 vult
3653 4172 3745 4229 ha-

458 4231 605 4286 enim
636 4231 844 4289 Christi
873 4244 975 4291 est.
998 4238 1236 4311 Ideoque
1265 4246 1500 4314 separari
1531 4263 1631 4303 nos
1658 4250 1862 4309 vultab
1893 4256 2043 4311 omni

2184 4265 2276 4304 iere
2319 4231 2373 4305 ett
2421 4250 2489 4306 ad
2537 4258 2831 4322 praesentes
2875 4252 3153 4323 passiones
3183 4231 3280 4326 pro
3310 4231 3555 4326 Christo,
3587 4269 3643 4316 et
3675 4261 3743 4317 ad

459 4319 963 4389 contaminatione;
1025 4330 1085 4379 ut
1139 4328 1402 4399 suscipiat
1458 4348 1557 4388 nos
1601 4335 1658 4389 in
1704 4337 1871 4407 ﬁlios,
1900 4342 2041 4399 sicut
2147 4335 2390 4393 futuram
2421 4319 2613 4407 νὶῐειῖη,
2644 4355 2756 4394 non
2784 4319 2973 4413 lilii—1118
2994 4340 3120 4396 “103
3148 4319 3363 4413 abiicit;
3396 4345 3495 4401 88d
3521 4319 3587 4404 tit
3607 4365 3745 4421 par-

455 4405 592 4462 dicit
624 4425 637 4462 :
700 4430 720 4454 ι
752 4409 959 4480 Filioli,
991 4413 1171 4471 adhuc
1198 4418 1478 4476 modicum
1510 4430 1724 4495 tempus
1752 4405 2038 4489 vobiscum
2146 4426 2467 4500 ticipatione
2504 4405 2699 4501 dignos
2729 4447 2785 4487 se
2814 4405 3018 4488 Ῑᾶέίᾶηι
3046 4405 3389 4491 “hor-mull-

448 4509 571 4549 sum
603 4494 781 4567 (Ioan.
809 4514 933 4566 xm,
965 4499 1079 4571 33).
1099 4526 1117 4550 ι
1157 4504 1229 4559 Et
1256 4505 1384 4577 quia
1413 4494 1761 4583 omnipotens
1795 4525 2033 4590 est,puto
2064 4563 2111 4595 η
2217 4494 2397 4589 (Ϋθιε.
2443 4518 2523 4592 4.)
2566 4494 2604 4567 ⁷ι
2637 4520 2808 4577 Multa
2834 4520 2970 4576 mihi
3011 4520 3214 4578 ﬁducia
3236 4523 3380 4595 apud
3406 4540 3526 4594 vos,
3564 4531 3739 4587 multa

446 4584 652 4657 ambigi
682 4602 794 4643 non
821 4588 1036 4646 debere.
1068 4592 1125 4648 Si
1155 4596 1325 4665 enim,
1355 4597 1499 4655 sicut
1528 4601 1642 4672 ipse
1667 4604 1823 4673 dicit,
1853 4584 2030 4682 «qua.
2065 4584 2111 4621 υ
2142 4584 2279 4661 mihi
2310 4584 2564 4678 gloriatio
2590 4608 2657 4665 de
2686 4609 2873 4666 vobis:
2907 4611 3145 4682 repletus
3175 4584 3297 4667 sum
3329 4584 3731 4690 consolatique,

446 4688 662 4747 cunque
699 4675 832 4734 facit
883 4678 1062 4746 Pater,
1115 4683 1302 4740 eadem
1333 4694 1386 4743 et
1415 4688 1589 4746 Filius
1615 4691 1747 4751 facit
1773 4675 2029 4757 similiter
2133 4675 2514 4767 supera‘bundo
2545 4698 2741 4770 gaudio
2772 4697 2829 4753 in
2858 4675 3007 4754 omni
3042 4716 3291 4772 pressura
3321 4712 3528 4760 nostra.
3583 4729 3602 4751 ›
3622 4675 3734 4762 ⁸Ιδὶί

447 4759 628 4831 (Ιοαη.
687 4781 742 4834 v,
795 4765 881 4838 19)
906 4784 921 4835 ;
956 4793 975 4817 ι
1018 4766 1123 4826 hoc
1151 4778 1230 4827 est
1261 4770 1463 4832 Filium
1490 4778 1675 4835 omnia
1700 4798 1874 4854 posse,
1904 4804 2023 4860 quae
2133 4759 2296 4841 dubia
2326 4784 2443 4842 haec
2473 4759 2768 4859 devprima:
2799 4759 3414 4861 epistolaecorreptione
3442 4800 3546 4860 est,
3568 4809 3732 4866 quam

435 4859 614 4922 potest
655 4862 709 4909 et
753 4854 931 4912 Pater.
965 4856 1022 4914 Si
1051 4859 1184 4933 quid
1214 4878 1323 4920 non
1356 4874 1532 4937 potest
1562 4868 1741 4940 Pater,
1774 4890 1883 4930 non
1914 4854 2023 4949 ῥο-
2132 4874 2261 4944 quia
2286 4889 2397 4929 non
2428 4854 2615 4946 aspere
2647 4854 3022 4947 susceperunt,
3057 4854 3316 4933 ﬁduciam
3340 4854 3614 4939 dederunt
3635 4881 3727 4938 ad.

430 4942 536 4993 test
585 4948 638 4997 et
674 4942 868 5000 Filius.
914 4944 1018 5002 Sed
1062 4947 1293 5007 idoneus
1334 4963 1413 5011 est
1440 4955 1637 5027 Filius,
1669 4960 1761 5031 qui
1792 4942 2021 5022 dicitde
2131 4942 2389 5015 {nonendi
2438 4942 2525 5029 se';
2585 4962 2692 5018 visi
2749 4942 2878 5020 su'nt
2933 4942 3079 5019 enim
3135 4966 3276 5021 velle
3323 4968 3600 5040 corrigere
3649 4988 3725 5040 se,

428 5024 623 5083 Patre:
683 5052 704 5078 ι
742 5031 905 5104 Apud
950 5036 1123 5093 Deum
1154 5047 1335 5096 autem
1364 5044 1551 5100 omnia
1580 5024 1865 5117 pbséibilia
1892 5064 2020 5111 sum
2128 5047 2273 5103 unde
2321 5049 2604 5120 gloriatur.
2643 5050 2748 5107 Pro
2797 5051 2885 5108 his
2916 5053 3161 5109 animum
3202 5055 3365 5111 etiam
3396 5073 3558 5113 suum
3584 5076 3728 5116 con-

430 5114 646 5189 (Matth.
706 5134 828 5191 xxx,
882 5121 998 5197 26).
1050 5149 1072 5175 ι
1124 5127 1239 5187 Hoc
1270 5114 1664 5191 testimonio—et
1696 5152 1797 5194 nos
1823 5139 1893 5197 ad
1921 5157 2017 5214 pu-
2127 5114 2360 5191 solatum
2397 5152 2468 5192 ex
2512 5136 2616 5195 hac
2660 5146 2815 5211 parte
2858 5141 3200 5211 pronuntiat,
3230 5141 3291 5197 in
3320 5150 3538 5200 tantum
3578 5114 3723 5202 utin
3798 5158 3805 5165 '

491 5331 610 5427 (48)
648 5334 1113 5427 ριξιιιθειθᾶίμρθξ
1137 5340 1361 5414 quidam
1391 5360 1546 5427 mss?
1597 5348 2014 5427 qui_enim_opef
2122 5346 2260 5427 facit
2285 5349 2468 5427 [atem
2507 5351 2683 5427 eadem
2707 5357 2753 5406 et
2778 5351 2956 5407 Filius
2983 5351 3119 5423 facit
3145 5354 3395 5410 similiter
3433 5373 3453 5412 .'
3497 5357 3595 5412 hoc
3628 5367 3718 5427 est,

413 5408 591 5471 ratur,
654 5407 883 5495 laborat,
925 5415 973 5464 et
1019 5407 1208 5495 futura
1232 5428 1340 5468 non
1368 5407 1566 5495 credit;
1604 5407 1789 5495 aptius
1815 5407 2014 5494 reliqui
2122 5407 2261 5495 quod
2297 5407 2470 5475 Filius
2499 5422 2676 5495 omnia
2703 5428 2892 5493 potest,
2925 5407 3234 5495 qdmipotest
3255 5407 3721 5486 ’éi'ipdwf'ﬁli

414 5486 548 5564 mss.
616 5476 884 5556 omittunt
939 5476 1235 5563 operatur;
1285 5499 1315 5539 θ
1363 5476 1571 5564 quibus
1602 5476 1764 5564 Corb.
1801 5476 2014 5551 tantum
2122 5476 2253 5564 tiam
2305 5507 2426 5564 vero
2476 5476 3035 5564 omniaifiosse’te'stis
3065 5476 3292 5550 idoneus
3354 5503 3431 5552 est
3469 5498 3716 5558 Filius...

409 5542 719 5637 “mg,”
751 5542 1069 5637 “uaga-mn,
1090 5542 1310 5636 αηίηη,
1326 5542 1438 5635 ,ᾖε
1466 5542 2011 5637 ,φρε-,ἀ-εῖδηεῖπτπ·
2119 5542 2230 5637 πέρα
2262 5542 3718 5637 aspergat-agat.:3:ﬁgant;515135:

549 5615 608 5719 ἓξ
631 5615 798 5719 ἓξὲξ·
824 5615 1141 5719 ἓξὲξ-’.Ψ
1163 5615 1607 5719 ξοζιίξξζίέξιίιὶίὲ»
1638 5615 1743 5719 9w-
2119 5615 2319 5719 ηιίῑιέιὲῖπ
2336 5615 2750 5719 ,ἧρξιναηέέξέιοο
2839 5706 2850 5719 ,
3209 5707 3219 5719 ,

513 5684 608 5762 50)
633 5686 795 5751 Rom.
826 5689 959 5749 edit.
974 5684 1125 5767 sola,
1161 5684 1271 5774 ipse
1314 5684 1462 5771 dicit,
1490 5684 1493 5685 ν
1518 5684 2011 5787 ςαὸἆῇἐιιεοαηᾳαθ
2138 5684 2147 5688 ’
2192 5699 2309 5779 (51)
2336 5684 2493 5762 Rom.
2510 5684 2966 5776 6&7;th
3002 5707 3363 5783 οοπιῳετηω.
