3952 6202
211 160 329 225 '32!

212 294 377 391 omni
405 312 653 367 pressura
679 303 1118 373 superabundare
1147 325 1205 365 se
1230 314 1427 382 gaudio
1456 316 1759 377 obtestetur
1785 343 1799 391 ;

224 379 418 439 videns
446 386 592 443 enim
622 406 736 446 esse
765 409 913 462 spem
943 395 1001 450 in
1032 396 1139 466 bis,
1174 379 1274 471 pro
1299 404 1501 474 quibus
1529 412 1808 481 angustias

221 471 448 541 patitur,
478 476 696 547 gaudet,
745 496 867 536 cum
908 484 1243 558 tribulatur;
1276 471 1457 549 certus
1502 471 1804 557 mercedem

219 575 277 616 se
305 577 338 616 a
354 564 468 620 Deo
491 575 843 639 accepturum
873 575 1151 646 acquisita:
1180 580 1372 638 salutis
1390 600 1598 643 eorum.

290 660 471 729 (Vers.
502 664 586 735 5.)
629 689 649 712 ι
680 668 902 725 Etenim
931 688 1056 729 cum
1094 678 1429 738 venissemus
1458 683 1515 740 in
1543 686 1803 745 Macedo-

214 748 366 806 niam
416 752 629 809 nullam
686 758 932 829 requiem
990 762 1183 822 habuit
1227 785 1352 826 caro
1383 782 1569 830 nostra
1598 776 1738 849 (52).
1767 803 1787 827 ι

212 837 502 898 Pressuras
540 849 594 898 et
616 843 788 901 caedes
818 859 1101 920 memorat,
1132 869 1264 926 quas
1308 837 1615 928 patiebatur
1638 837 1800 922 causa

210 927 580 1000 credentium,
620 940 683 988 ut
733 936 905 1007 magis
932 949 1191 1009 provocet
1219 927 1321 1000 eos
1339 947 1407 1003 ad
1449 949 1791 1012 charitatem.

227 1039 249 1062 ο
273 1017 517 1087 Nullam,
549 1019 745 1093 inquit,
780 1027 1019 1098 requiem
1052 1027 1244 1087 habuit
1273 1050 1398 1092 caro
1427 1046 1640 1108 nostra;
1660 1066 1678 1087 ι
1730 1050 1793 1101 ut

209 1115 650 1178 compaterentur
700 1112 798 1179 eis,
847 1116 982 1170 certi
1032 1118 1161 1189 quia
1206 1137 1302 1192 pro
1329 1125 1504 1182 salute
1543 1128 1790 1187 ﬁdelium

204 1195 418 1251 animas
471 1212 594 1252 suas
635 1199 915 1257 traderent
967 1218 1141 1277 usque
1186 1210 1253 1265 ad
1302 1221 1552 1271 mortem.
1607 1219 1790 1273 Ante-

209 1298 374 1355 quam
421 1283 759 1357 digereretur
785 1290 933 1345 enim
976 1293 1264 1353 tribulatio
1292 1307 1345 1355 et
1369 1305 1666 1374 corporalis
1689 1307 1788 1362 in—

197 1371 366 1443 juria,
406 1374 575 1430 altera
614 1376 911 1447 veniebat;
940 1388 1004 1437 ut
1045 1386 1259 1456 requies
1287 1371 1513 1460 patienti
1543 1408 1654 1449 non
1691 1410 1786 1450 es-

201 1468 303 1517 set.
359 1461 496 1519 Nam
549 1465 810 1537 quoniam
862 1483 1026 1526 sensu
1077 1472 1243 1531 bruta
1291 1485 1372 1533 est
1417 1482 1597 1538 omnis
1636 1499 1780 1554 caro,

201 1549 410 1609 idcirco
460 1556 602 1615 188
645 1555 857 1612 nullam
904 1560 1145 1630 requiem
1200 1562 1342 1623 hanc
1394 1566 1645 1629 habuisse
1695 1549 1780 1629 vel

1281 181 1640 244 COMMENT.
1678 191 1750 247 IN
1781 188 1996 252 EPIST.
2030 192 2079 254 II
2108 201 2225 256 AD.
2266 200 2419 264 COR.

3382 224 3487 294 ω

1828 324 1881 383 Α
1912 322 2059 425 bilis.
2080 328 2273 425 _P_otest
2317 342 2371 389 et
2399 334 2479 425 sic
2525 337 2781 416 intelligi,
2828 355 2888 401 ut
2922 349 3063 405 foris
3094 368 3313 425 pugna),
3346 358 3402 414 id
3433 378 3492 419 es

1919 413 1978 469 in
2005 415 2227 509 publico
2253 435 2285 509 a
2312 423 2531 493 perﬁdis
2559 413 2751 488 ﬁerent
2770 444 2961 493 contra
2988 413 3146 509 ﬁdos,
3172 413 3312 501 dum
3334 413 3498 503 fure;

1917 517 1976 601 re
2006 505 2152 604 pleni
2182 507 2503 568 resistebant
2530 518 2782 576 veritati:
2813 523 2969 596 cujus
3014 527 3094 584 rei
3123 505 3351 590 nuntius
3376 536 3491 608 (53)

1917 590 2067 691 intus
2093 592 2347 691 timorem
2402 604 2708 675 generabat,
2735 609 2829 666 ubi
2856 590 2971 669 erat
3016 616 3329 688 Apostolus.
3360 590 3495 691 Quis

1915 680 2063 736 enim
2102 681 2270 740 homo
2305 700 2417 742 non
2442 689 2634 748 timeat
2674 701 2947 768 angustias
2965 702 2995 758 ?
3022 680 3126 761 sed
3154 708 3282 780 quia
3303 680 3493 767 inVDei

1915 769 2079 826 rebus
2124 775 2445 846 propensior
2493 787 2631 849 erat,
2679 782 2931 844 timorem
2970 789 3120 850 hunc
3144 769 3239 867 spe
3262 813 3492 871 supera-

1909 856 2022 915 bat.

1982 949 2161 1046 (Vers.
2196 952 2276 1027 6.)
2308 979 2328 1003 ‹
2347 954 2453 1046 Sed
2469 960 2565 1032 qui
2594 964 2910 1023 consolatur
2935 966 3172 1029 humiles
3188 974 3489 1046 Deus,con-

1906 1038 2110 1095 solatus
2155 1049 2238 1097 est
2278 1058 2379 1100 nos
2426 1045 2485 1103 in
2528 1048 2770 1109 adventu
2816 1054 2947 1113 Titi.
2979 1083 3000 1107 ι
3045 1058 3315 1127 Quoniam
3337 1038 3493 1122 'Deus

1904 1142 2127 1184 suorum
2187 1146 2299 1188 non
2344 1142 2427 1191 est
2477 1135 2785 1211 immemor,
2816 1144 2911 1200 sed
2951 1161 3163 1221 semper
3188 1150 3282 1207 dat
3307 1153 3386 1211 eis
3432 1154 3490 1210 in

1901 1217 2262 1276 tribulatione
2303 1224 2582 1294 solatium,
2638 1233 2963 1291 acceleravit
3011 1217 3309 1297 adventum
3357 1242 3486 1311 Titi,

1900 1313 1962 1360 ut
2016 1306 2299 1380 refrigerio
2345 1322 2488 1369 esset
2536 1317 2729 1385 positis
2766 1318 2824 1376 in
2861 1321 3093 1381 fervore.
3124 1326 3315 1400 Magna
3341 1329 3488 1385 enim

1898 1397 2198 1455 consolatio
2251 1406 2334 1457 est
2385 1403 2665 1476 patientis,
2730 1408 2778 1466 si
2823 1426 3009 1469 secum
3050 1397 3247 1473 habeat
3289 1418 3486 1476 condo-

1898 1486 2120 1544 lentem.

1968 1578 2149 1649 (Vers.
2180 1579 2260 1653 7.)
2297 1603 2317 1629 ε
2339 1581 2412 1639 Et
2457 1598 2570 1642 non
2599 1587 2799 1659 solum,
2848 1590 2944 1660 ait,
2977 1592 3034 1649 in
3073 1593 3314 1653 adventu
3345 1596 3481 1669 ejus,

1977 1643 1985 1649 .
2239 1643 2251 1653 ι
2612 1643 2799 1659 «im—1
2851 1643 2944 1660 η--ι
2978 1643 3034 1649 ---
3074 1643 3314 1653 ----ν·---
3346 1643 3481 1669 *ιδ’-*ι

198 1643 401 1703 habere
463 1647 523 1704 in
585 1648 835 1721 passione
901 1653 1219 1725 signiﬁcat:
1276 1661 1514 1719 animam
1579 1674 1780 1738 autem,
1811 1663 1859 1726 Β
1888 1665 1982 1722 sed
2015 1667 2179 1724 etiam
2229 1670 2289 1726 in
2331 1675 2708 1734 consolatione
2757 1693 2864 1750 qua
2909 1684 3221 1741 consolatus
3260 1691 3342 1740 est
3369 1684 3482 1757 ipse

199 1749 511 1808 quanquam
538 1735 656 1808 ipsa
682 1738 986 1809 patiebatur
1009 1742 1067 1797 in
1088 1759 1350 1817 corpore;
1382 1763 1451 1805 ex
1472 1749 1573 1808 hac
1596 1735 1779 1812 tamen

195 1831 352 1895 parte
380 1824 620 1897 requiem
670 1825 886 1896 habere,
927 1845 1034 1902 qua
1061 1841 1240 1904 sperat
1267 1852 1366 1909 pro
1396 1838 1780 1899 tribulationi—

192 1909 297 1966 bus
320 1911 428 1979 his,
460 1927 579 1985 quae
609 1930 707 1986 pro
740 1915 848 1972 ﬁde
876 1916 1189 1992 irrogantur
1207 1940 1237 1979 a
1254 1925 1497 1996 perﬁdis,
1518 1928 1777 1990 daturum

190 1999 366 2056 Deum
416 2002 742 2061 mercedem.
790 2006 1038 2079 Denique
1089 2010 1148 2067 in
1204 2012 1321 2085 ipsa
1374 2031 1624 2088 pressura
1662 2021 1778 2079 Deo

189 2087 432 2161 hymnos
459 2091 749 2148 canebant.

263 2191 408 2260 (Act.
441 2207 560 2258 va,
589 2192 624 2249 9
653 2198 702 2248 et
729 2194 861 2266 seq.)
908 2217 928 2243 ι
956 2195 1061 2252 Sed
1089 2197 1147 2253 in
1176 2200 1435 2260 omnibus
1453 2205 1643 2265 aﬁlicti
1669 2207 1774 2265 fui-

183 2294 336 2337 mus.
366 2304 386 2328 »
428 2279 594 2335 Juxta
641 2279 952 2351 historiam,
984 2284 1219 2342 Domino
1248 2299 1494 2360 vocante,
1525 2293 1775 2350 intrave-

183 2374 318 2426 runt
367 2368 425 2423 in
456 2367 831 2425 Macedoniam
860 2388 874 2426 :
928 2377 983 2426 et
1010 2388 1135 2428 cum
1166 2390 1278 2430 non
1309 2378 1467 2448 pauci
1503 2381 1776 2439 credidis-

184 2464 325 2525 sent,
357 2456 806 2530 invenissentque
835 2459 1093 2517 solatium
1137 2462 1328 2534 Lydiae
1358 2466 1623 2538 mulieris,
1654 2487 1773 2544 quae

180 2562 310 2604 cum
366 2544 623 2602 omnibus
674 2545 789 2602 suis
834 2547 1107 2616 credidit;
1167 2557 1300 2607 tunc
1348 2554 1552 2612 factum
1602 2567 1682 2614 est
1712 2566 1773 2616 ut

188 2634 449 2707 spiritum
481 2634 805 2707 pythonem,
836 2635 891 2691 id
921 2643 1021 2705 est,
1051 2636 1304 2696 divinum
1336 2642 1546 2713 fugaret
1573 2645 1641 2703 de
1677 2664 1770 2704 an-

179 2723 313 2779 cilla
352 2722 736 2795 quorumdam,
780 2723 874 2795 qui
921 2723 1172 2782 videntes
1222 2729 1522 2800 perdidisse
1570 2750 1628 2790 se
1656 2751 1767 2793 non

178 2811 484 2868 minimum
514 2816 802 2882 quaestum,
820 2827 977 2884 quem
1000 2815 1181 2885 puella
1211 2816 1477 2875 referebat
1502 2820 1769 2880 divinan-

175 2901 273 2969 do,
305 2900 723 2957 concitaverunt
748 2900 1069 2959 seditionem
1101 2904 1269 2961 Paulo
1308 2916 1361 2963 et
1389 2908 1538 2979 Silae,
1565 2918 1619 2966 et
1647 2921 1769 2968 tra-

1890 1754 1948 1810 in
1978 1753 2156 1811 vobis.
2179 1780 2200 1805 »
2240 1757 2371 1815 Plus
2412 1759 2566 1818 addit
2616 1763 2685 1819 ad
2732 1767 3194 1837 consolationem;
3226 1769 3354 1841 quia
3379 1753 3478 1827 au-

1889 1842 2031 1900 disse
2058 1859 2115 1901 se
2139 1859 2171 1899 a
2198 1844 2321 1902 Tito
2353 1848 2627 1920 signiﬁcat
2672 1854 3049 1911 conversionis
3077 1872 3263 1913 eorum
3294 1872 3477 1929 prom-

1887 1938 2032 2004 ptam
2063 1933 2403 1993 voluntatem
2436 1937 2577 2010 (54),
2599 1938 2658 1995 ἰη
2677 1947 2891 1999 tantum
2921 1951 2985 2000 ut
3013 1943 3169 2001 Titus
3195 1945 3291 2018 qui
3317 1944 3474 2003 dolo-

1887 2035 1999 2076 rem
2028 2020 2261 2079 habebat
2304 2023 2738 2091 inobauditionis
2784 2046 2997 2101 eorum,
3041 2033 3471 2090 consolationem

1885 2110 2151 2184 acciperet
2177 2112 2245 2169 de
2270 2115 2591 2186 paenitentia
2618 2117 2861 2176 illorum.
2893 2120 3172 2188 Quantum
3215 2121 3468 2179 allectum

1885 2196 2108 2283 haberet
2147 2200 2294 2257 circa
2319 2218 2431 2271 eos,
2459 2203 2699 2261 ostendit
2741 2208 3037 2279 Apostolus
3065 2210 3184 2283 (55)
3215 2228 3230 2278 ;
3260 2219 3324 2267 ut
3372 2226 3472 2269 nec

1883 2282 1995 2342 ima
2044 2287 2298 2355 carceris,
2353 2304 2454 2346 nec
2505 2292 2785 2364 plagarum
2840 2294 3085 2354 dolorem
3128 2306 3469 2371 computaret

1882 2375 2035 2457 scissi
2063 2375 2329 2447 corporis,
2373 2392 2546 2451 neque
2570 2394 2824 2449 nervum,
2852 2397 2962 2455 quo
3003 2384 3166 2456 pedes
3192 2386 3310 2458 ejus
3335 2404 3463 2444 con-

1882 2463 2023 2531 clusi
2055 2473 2245 2519 erant:
2295 2464 2389 2520 sed
2432 2467 2618 2522 audita
2644 2469 2979 2527 correctione
3017 2487 3228 2542 eorum,
3260 2475 3466 2530 laetare-

1880 2564 1991 2618 tur,
2048 2554 2103 2604 et
2156 2546 2445 2603 immemor
2497 2551 2675 2607 factus
2729 2555 3063 2624 passionum,
3111 2558 3226 2612 Deo
3270 2559 3468 2629 gratias

1879 2643 2059 2709 ageret
2109 2652 2209 2708 pro
2266 2652 2455 2693 eorum
2506 2639 2701 2707 salute,
2732 2641 2815 2698 sic
2841 2641 2947 2700 hoc
2992 2643 3267 2701 aestimans
3316 2662 3468 2721 quasi

1878 2725 2375 2782 remunerationem
2403 2726 2847 2786 tribulationum.
2886 2754 2908 2779 ι
2931 2732 3285 2790 Annuntians
3312 2734 3469 2793 nobis

1879 2824 2122 2872 vestrum
2170 2814 2522 2872 desiderium.
2554 2841 2574 2865 ι
2618 2818 2911 2876 Nuntiavit
2951 2821 3108 2879 Titus
3133 2822 3464 2881 desiderium

1877 2904 2075 2962 habere
2106 2905 2233 2961 illos
2281 2905 2603 2962 emendandi
2639 2923 2733 2975 se;
2765 2907 3109 2967 addiscentes
3148 2912 3294 2968 enim
3342 2929 3464 2987 quae

175 2995 388 3047 xerunt
435 3003 527 3044 eos
565 2988 623 3043 in
671 2987 850 3043 forum
909 2990 976 3046 ad
1020 2992 1371 3064 magistratus
1395 3015 1408 3053 :
1450 2999 1545 3071 qui
1574 3002 1775 3060 multas
1802 3004 1846 3065 C
1880 2993 2146 3065 promissa
2172 2999 2303 3048 sunt
2334 2992 2472 3048 bene
2495 2992 2835 3065 viventibus,
2864 2997 3081 3055 incitati
3107 3008 3237 3056 sunt
3263 3001 3331 3058 ad
3355 3003 3462 3060 de-

173 3078 259 3136 eis
281 3079 469 3150 plagas
496 3077 862 3150 imponentes,
894 3079 1167 3136 miserunt
1211 3099 1304 3139 eos
1345 3084 1403 3140 in
1438 3086 1549 3142 ima
1576 3104 1769 3147 carce-

172 3167 272 3237 ris,
304 3166 383 3223 ita
408 3172 470 3222 ut
497 3165 660 3239 pedes
689 3182 876 3223 eorum
912 3166 970 3223 in
999 3183 1169 3226 nervo
1206 3173 1616 3233 concluderent.
1640 3179 1768 3237 Haec

172 3263 257 3312 est
309 3269 559 3327 pressura
610 3270 775 3327 quam
832 3255 976 3326 passi
1032 3264 1160 3312 sunt
1213 3258 1270 3314 in
1325 3261 1658 3322 Macedonia.
1694 3267 1767 3324 Et

171 3342 308 3401 hinc
334 3350 414 3400 est
441 3343 587 3400 unde
614 3342 791 3399 dicit:
845 3366 865 3391 ι
894 3343 1114 3399 Nullam
1143 3346 1387 3420 requiem
1414 3348 1609 3409 habuit
1640 3369 1766 3411 caro

170 3438 379 3488 nostra.
411 3455 431 3480 ι

253 3552 275 3576 ι
305 3528 462 3585 Foris
489 3544 701 3601 pugnae,
735 3528 885 3587 intus
913 3530 1160 3589 timores.
1183 3557 1203 3582 ›
1244 3534 1446 3607 Pugnae
1460 3547 1615 3596 erant
1631 3554 1763 3597 cor—

168 3619 312 3691 pori,
361 3616 493 3674 dum
541 3618 888 3677 caedebatur:
942 3620 1128 3676 animo
1174 3622 1419 3680 timores.
1462 3626 1586 3683 Illic
1611 3628 1758 3685 enim

172 3706 337 3763 timor
362 3712 467 3775 est,
499 3705 595 3761 ubi
624 3706 941 3765 intellectus
964 3717 1046 3766 est
1069 3727 1082 3777 ;
1115 3710 1208 3767 sed
1242 3712 1412 3768 timor
1431 3712 1522 3771 hic
1540 3725 1762 3789 propter

166 3810 259 3851 eos
295 3803 412 3851 erat
458 3794 551 3867 qui
601 3795 967 3865 crediderant,
999 3813 1067 3854 ne
1091 3799 1339 3870 passione
1369 3800 1486 3874 ejus
1521 3805 1759 3861 scanda-

165 3882 485 3939 lizarentur.
535 3882 669 3938 Nam
715 3882 821 3939 sibi
868 3884 1003 3956 quid
1028 3882 1143 3957 jam
1176 3886 1412 3957 timeret,
1442 3890 1536 3962 qui
1576 3892 1758 3963 patie-

161 3969 368 4027 batur?
398 3977 660 4041 prazterea
687 3988 813 4029 cum
843 3971 990 4028 dicat
1014 3972 1072 4027 in
1101 3974 1332 4032 Actibus
1359 3980 1756 4049 apostolorum,

161 4074 276 4115 non
303 4058 486 4113 solum
518 4058 698 4129 ligari,
729 4058 824 4115 sed
853 4066 905 4114 et
951 4060 1092 4116 mori
1139 4072 1384 4133 paratum
1423 4082 1480 4122 se
1509 4079 1607 4137 pro
1644 4085 1758 4124 no-

160 4147 314 4203 mine
344 4145 473 4199 Jesu
501 4144 705 4201 Christi
730 4146 871 4215 (Act.
896 4162 1015 4214 xxr,
1038 4148 1148 4218 13).
1174 4150 1407 4207 Videtur
1432 4169 1559 4226 ergo
1578 4163 1752 4213 totum

158 4232 453 4290 hominem
483 4230 743 4287 amictum
776 4233 834 4286 in
862 4249 1022 4289 carne
1043 4235 1396 4306 signiﬁcasse,
1420 4248 1483 4296 ut
1509 4257 1576 4297 ex
1606 4254 1754 4315 parte

1874 3085 2135 3142 siderium
2182 3084 2400 3142 horum.
2445 3107 2466 3132 ε
2490 3085 2749 3143 Vestrum
2777 3086 2988 3146 ﬂetum.
3020 3114 3042 3138 ι
3083 3088 3330 3163 Correpti
3368 3093 3458 3150 lle-

1874 3174 2027 3242 bant,
2056 3173 2303 3230 dolentes
2330 3173 2462 3245 quia
2487 3182 2870 3244 peccaverunt,
2918 3192 3021 3233 nec
3063 3192 3323 3234 excusare
3350 3179 3457 3236 nisi

1874 3271 2002 3319 sunt
2030 3281 2051 3328 ;
2077 3261 2223 3318 unde
2266 3261 2561 3333 Apostolus
2602 3260 2867 3333 gloriatur
2910 3263 2969 3319 in
3010 3264 3117 3321 his.
3157 3287 3178 3312 ε
3205 3266 3456 3324 Vestram

1873 3350 2274 3408 aemulationem
2321 3365 2421 3422 pro
2448 3364 2573 3416 me;
2603 3372 2624 3398 ι
2667 3349 2979 3409 addicentes
3025 3353 3174 3410 enim
3212 3354 3455 3411 charita~

1871 3449 1982 3498 tem
2035 3438 2285 3513 Apostoli
2318 3454 2444 3511 erga
2488 3454 2567 3508 se,
2612 3448 2897 3513 cceperunt
2950 3442 3112 3499 illum
3165 3441 3454 3502 defendere

1871 3536 2062 3587 contra
2091 3527 2449 3585 adversarios.

1941 3626 2121 3699 (Vers.
2153 3626 2236 3698 8.)
2280 3649 2301 3674 ε
2326 3626 2410 3681 Ita
2452 3631 2516 3681 ut
2570 3625 2742 3699 magis
2796 3625 3113 3701 gauderem;
3154 3630 3301 3688 unde
3344 3632 3444 3690 etsi

1866 3712 2188 3772 contristavi
2242 3730 2342 3771 vos
2390 3712 2451 3769 in
2513 3714 2764 3786 epistola,
2822 3731 2933 3772 non
2985 3733 3072 3774 me
3131 3719 3379 3790 pcenitet.
3412 3744 3432 3768 ν

1866 3801 2214 3860 Manifestum
2270 3807 2354 3858 est
2407 3816 2519 3857 non
2569 3801 2766 3859 debere
2820 3805 3075 3875 pmniteri
3120 3821 3188 3860 ex
3233 3806 3335 3862 hac
3363 3824 3442 3876 re,

1866 3906 2027 3963 quam
2080 3897 2299 3948 secutus
2334 3888 2463 3945 talis
2500 3888 2725 3946 effectus
2753 3897 2862 3957 est;
2913 3892 3172 3963 quoniam
3201 3895 3444 3951 severius

1864 3980 1923 4036 in
1969 3980 2147 4052 prima
2198 3979 2430 4051 epistola
2474 3978 2742 4049 corripuit
2785 3990 2993 4036 errores
3030 3997 3239 4039 eorum.
3296 3984 3438 4054 Non,

1866 4067 2068 4141 inquit,
2119 4084 2206 4124 me
2257 4065 2487 4139 panitet
2523 4065 2767 4138 asperius
2806 4068 3118 4142 scripsisse;
3169 4071 3299 4145 quia
3334 4072 3440 4131 hoc

1862 4170 2024 4213 causa
2044 4153 2311 4227 poposcit.

1933 4251 2114 4324 (Vers.
2146 4252 2228 4323 9.)
2273 4273 2291 4297 ι
2325 4250 2398 4306 Et
2425 4250 2472 4307 si
2500 4249 2805 4324 paeniteret,
2836 4253 2998 4312 video
3036 4256 3182 4331 quod
3205 4259 3435 4332 epistola

158 4319 398 4395 spiritus
420 4317 512 4389 qui
545 4316 756 4372 homini
786 4318 965 4386 datur,
997 4327 1060 4375 ut
1088 4331 1320 4391 maneat,
1353 4327 1481 4397 quia
1508 4329 1748 4402 impassi-
1781 4350 1829 4410 D
1862 4316 1979 4408 illa,
2007 4339 2107 4395 etsi
2133 4316 2417 4395 ad'horam
2448 4316 2802 4398 contristavit
2824 4359 2941 4413 vos,
2971 4316 3120 4404 nunc
3142 4316 3369 4420 gaudeo.
3399 4374 3419 4398 ι

157 4409 291 4465 bilis
339 4413 445 4474 est,
497 4405 665 4476 aﬂligi
710 4405 953 4477 potuisse
980 4408 1207 4465 minime
1247 4410 1615 4487 intelligatur:
1654 4421 1749 4478 sed

158 4506 222 4554 ut
247 4497 421 4553 homo
450 4501 600 4550 totus
646 4510 714 4551 ex
745 4502 897 4567 parte
924 4497 1167 4569 corporis
1211 4508 1265 4556 et
1292 4504 1486 4561 animae
1513 4507 1748 4567 amictus

159 4586 219 4641 in
269 4599 434 4642 carne
472 4581 732 4651 dicatur;
789 4599 859 4640 ex
898 4594 1050 4657 parte
1086 4603 1217 4644 vero
1244 4590 1467 4664 spiritus
1493 4595 1744 4670 impassi-

254 4727 350 4799 52)
377 4727 504 4784 Mss.
565 4726 751 4795 Corb.,
801 4744 926 4783 caro
974 4736 1174 4789 nostra.
1227 4732 1497 4799 Numquid
1536 4756 1744 4797 sensum

159 4728 350 4854 ΜΣδῆ
377 4728 504 4784 Mss.
565 4728 751 4805 Corb.,
801 4744 926 4809 caro
974 4736 1174 4813 nostra.
1227 4732 1497 4862 Nunyuid
1536 4756 1740 4797 sensum

259 4805 307 4853 et
346 4815 515 4879 caret
536 4804 594 4851 ut
634 4815 746 4879 sine
771 4806 1251 4879 animantium”
1280 4808 1344 4862 Se
1399 4825 1499 4879 per
1533 4827 1740 4866 carnem

161 4875 324 4951 totum
359 4869 631 4952 hominem
666 4869 1001 4952 signiﬁcavit,
1043 4874 1176 4930 sicut
1199 4882 1246 4929 et
1291 4869 1577 4952 sulcator:
1610 4882 1743 4952 Spi-

159 4940 315 5007 ritus,
348 4939 542 5009 inquit,
570 4939 846 5018 promptus
889 4949 982 5010 est,
1013 4960 1137 5018 caro
1176 4962 1297 5001 vero
1334 4948 1572 5018 inﬁrma.
1603 4939 1741 5017 Quia

157 5010 294 5065 enim
333 5016 534 5089 eratet
577 5010 805 5089 Spiritus
850 5020 1058 5089 sanctus
1097 5014 1157 5068 in
1183 5017 1275 5089 eis,
1305 5010 1411 5071 non
1444 5010 1741 5089 potuitvdi-

157 5098 267 5135 cere
284 5098 305 5159 ς
352 5080 593 5159 Ναιιςξηξ-
623 5082 849 5159 requiem
886 5083 1080 5159 _habuit
1113 5080 1333 5159 spiritus
1376 5080 1570 5159 noster,
1614 5091 1741 5159 quia

156 5158 228 5226 est
274 5151 638 5226 impassibilis.
689 5152 788 5226 Sed
831 5153 902 5226 ad
945 5151 1385 5226 comparationem
1429 5151 1742 5226 ejus'to'tum

156 5221 413 5276 hominem
467 5238 677 5276 carnem
730 5222 888 5290 dixit,
943 5221 1077 5278 sicut
1129 5226 1202 5280 ad
1255 5226 1381 5279 solis
1447 5221 1741 5286 claritatem

157 5292 318 5369 stetit:
355 5293 866 5369 “tenebroswnsunt,
913 5293 1040 5363 quia
1099 5295 1319 5369 spiritus
1370 5298 1539 5369 latus
1605 5308 1738 5369 erat,

156 5363 317 5437 sitiens
332 5362 469 5437 illos
496 5380 592 5433 per
615 5362 1004 5420 tribulationem
1028 5362 1302 5437 proﬁcere.
1353 5366 1452 5422 Sed
1478 5369 1535 5422 in
1564 5362 1742 5426 omni;

157 5433 247 5487 bus
273 5433 475 5493 afﬂicti,
508 5440 614 5489 etc.

148 5567 153 5571 ,
228 5501 346 5576 (53)
378 5501 515 5561 Cod.
561 5503 748 5574 Corb.,
794 5504 1132 5578 signiﬁcasse.
1166 5506 1341 5566 Potest
1387 5515 1435 5566 et
1477 5509 1554 5565 sic
1581 5511 1744 5571 intel-

1857 4427 1971 4484 Hoc
2000 4427 2159 4497 dicit,
2197 4452 2217 4477 ι
2246 4428 2374 4502 quia
2400 4428 2447 4485 si
2468 4445 2555 4486 me
2583 4430 2889 4502 pta-niteret,
2921 4457 2940 4482 ι
2979 4433 3181 4507 inquit,
3214 4447 3434 4508 propter

1855 4515 2212 4585 charitatem;
2271 4540 2288 4564 σ
2337 4518 2467 4591 quia
2518 4534 2617 4575 vos
2669 4520 3009 4588 contristavi,
3056 4546 3076 4569 ι
3127 4520 3452 4581 consolatio'

1853 4605 2164 4663 succederet
2181 4605 2366 4679 gaudii
2391 4606 2507 4678 (56)
2529 4624 2543 4673 ;
2568 4607 2698 4678 quia
2725 4608 2932 4679 profuit
2951 4608 3097 4679 quod
3113 4626 3210 4665 vos
3227 4611 3428 4666 contri-

1853 4744 1964 4815 ligi,
2014 4745 2262 4830 utnf'bris
2319 4761 2529 4830 pugnas,
2575 4744 2860 4830 id_est,rin
2891 4744 3103 4830 publica
3134 4764 3169 4801 a
3208 4746 3429 4830 perﬁdis

1848 4814 2033 4885 contra
2080 4815 2213 4885 ﬁdos
2257 4814 2383 4869 esset
2402 4814 2674 4867 dissensio
2704 4828 2723 4866 :
2752 4829 2869 4866 cum
2913 4814 3161 4883 strepitus
3206 4814 3319 4884 ejus
3348 4819 3427 4873 rei

1848 4883 2087 4949 nuntius,
2115 4890 2220 4938 etc.

1923 4953 2038 5034 (54)
2074 4952 2344 5034 Noun-ulli
2394 4967 2550 5018 mss.,
2580 4952 2935 5034 cencersiones
2960 4970 3148 5034 eorum
3172 4968 3424 5034 prompta

1847 5022 2119 5094 voluntate
2135 5040 2156 5087 ;
2175 5022 2367 5094 aliqui,
2403 5027 2702 5094 promptam
2733 5024 3067 5083 voluntatem.

1922 5093 2038 5165 (55)
2066 5092 2214 5165 Idem
2232 5092 2692 5165 mss.,rouantum
2726 5095 2966 5165 affectum
2993 5114 3044 5153 se
3070 5099 3256 5157 habere
3281 5100 3423 5163 circa

1847 5162 1939 5219 eos
1957 5162 2180 5218 ostendit
2202 5162 2484 5233 Apostolus
2505 5164 2525 5217 Ι

1924 5234 2432 5324 (562'Itpm.ned.it.,
2618 5235 2963 5324 paenituisset,
3000 5240 3181 5324 videns
3213 5246 3419 5324 quad...

1849 5302 1958 5385 Hoc
2007 5302 2134 5359 dicit
2167 5321 2184 5357 :
2232 5305 2376 5394 E‘tsi.
2409 5302 2751 5387 ptvnituisset,
2778 5302 3061 5394 propter.
3093 5302 3420 5394 charitateni;

1849 5374 1976 5445 quia
2015 5390 2115 5455 eos
2161 5374 2485 5455 contristabi,
2526 5392 2663 5432 nunc
2701 5374 2940 5449 gaudeo}
2968 5383 3098 5452 quia
3138 5374 3427 5455 consolati;

1851 5445 2073 5504 succedit
2095 5445 2296 5516 gaudii.
