3952 6202
482 318 587 387 323

1483 318 1581 377 AD
1622 322 1853 379 OPERA
1891 322 1947 379 S.
1989 322 2319 382 AMBROSII
2355 324 2732 383 APPENDIX.

3659 334 3772 397 324

479 460 640 520 stavi.
685 480 704 506 ι
733 453 856 516 Non
884 457 1014 532 quia
1039 454 1345 515 contristati
1373 454 1524 523 estis,
1566 455 1661 511 sed
1687 456 1816 528 quia
1843 457 2063 512 contri-
2087 461 2138 520 A
2166 474 2264 530 ego
2314 459 2520 530 (supra,
2570 476 2682 533 cap.
2715 477 2780 530 ii,
2817 474 2952 518 vers.
2986 462 3096 533 10).
3121 487 3140 512 ν
3182 463 3435 522 Ostendit
3461 467 3612 524 enim
3647 484 3769 530 non

477 550 607 607 stati
636 548 768 606 estis
811 545 879 603 ad
926 545 1303 619 paenitentiam
1336 561 1352 611 ;
1398 543 1708 601 contristati
1755 544 1900 600 enim
1929 546 2058 604 estis

477 638 780 698 secundum
808 638 1004 693 Deum.
1025 660 1044 684 ι
1087 633 1295 691 idcirco
1329 636 1467 695 189
1497 631 1745 705 gavisum
1790 649 1847 689 se
1875 633 2012 691 dicit
2038 653 2053 705 ;

476 735 609 810 quia
656 750 782 793 cum
838 731 1045 806 pudore
1089 729 1396 788 contristati
1441 738 1593 799 sunt,
1623 746 1734 786 non
1780 745 1907 787 cum
1954 732 2052 790 ira.

477 825 585 894 Qui
630 823 776 881 enim
834 820 1193 894 reprehensus
1221 819 1483 890 pudorem
1530 819 1758 892 patitur,
1787 821 2056 892 corrigere

475 929 534 970 se
584 910 888 984 promittit:
923 909 1016 981 qui
1057 923 1188 963 vero
1217 907 1490 975 irascitur,
1537 906 1777 979 pejorem
1824 925 1881 964 se
1909 909 2054 966 futu-

473 1017 598 1059 rum
629 998 888 1056 ostendit.
931 1020 951 1047 ι
982 997 1053 1054 Ut
1078 997 1139 1053 in
1167 998 1325 1054 nullo
1348 996 1740 1055 detrimentum
1769 998 2057 1069 patiamini

473 1106 545 1148 ex
589 1087 771 1146 nobis.
802 1112 823 1137 ι
864 1087 933 1144 Ut
973 1084 1183 1155 omnia,
1219 1084 1425 1158 inquit,
1471 1091 1659 1142 nostra
1685 1086 1935 1145 effectum
1964 1088 2059 1146 ba-

471 1179 640 1237 heant
692 1177 753 1233 in
805 1170 989 1245 vobis,
1018 1174 1185 1232 etiam
1241 1173 1392 1249 quod
1440 1174 1895 1234 contristavimus
1934 1194 2055 1249 vos,

472 1265 760 1343 provobis
787 1272 890 1323 est.
960 1352 998 1370 Α
1201 1353 1214 1367 .
1485 1353 1503 1370 ἱ
1650 1358 1694 1370 _

547 1356 731 1432 (Vers.
761 1354 876 1427 10.)
918 1379 938 1404 ι
957 1352 1090 1422 Qua
1124 1353 1274 1411 enim
1303 1353 1604 1413 secundum
1650 1358 1825 1415 Deum
1853 1364 1935 1415 est
1960 1356 2057 1415 tri-

471 1446 644 1516 stitia,
675 1444 1053 1518 pmnitentiam
1080 1442 1149 1501 ad
1173 1444 1404 1500 salutem
1437 1444 1689 1502 stabilem
1717 1453 1989 1519 operatur.
2020 1472 2043 1497 ι

471 1534 823 1595 Manifestum
865 1539 947 1588 est
975 1531 1121 1605 quod
1163 1531 1257 1604 qui
1287 1532 1462 1588 tristis
1492 1541 1594 1601 est,
1628 1533 1757 1606 quia
1788 1534 2055 1607 peccavit,

469 1624 771 1685 secundum
806 1624 981 1680 Deum
1027 1620 1204 1679 tristis
1234 1629 1350 1688 est;
1394 1622 1547 1677 dolet
1595 1623 1741 1679 enim
1771 1624 1903 1697 quia
1927 1625 2057 1683 fecit

471 1713 620 1788 quod
639 1712 759 1769 odit
782 1712 948 1767 Deus.
970 1709 1086 1766 Hoc
1111 1706 1181 1765 ad
1199 1708 1555 1766 stabilitatem
1577 1711 1771 1769 salutis
1797 1712 2054 1785 pertinet.

484 1825 506 1850 ι
530 1798 780 1856 Tristitia
805 1804 988 1854 autem
1018 1794 1186 1869 hujus
1214 1797 1410 1853 mundi
1454 1806 1688 1856 mortem
1718 1810 1990 1873 operatur.
2020 1825 2043 1852 ι

468 1889 589 1949 Ηοο
613 1887 774 1958 dicit,
818 1886 949 1961 quis
977 1885 1125 1945 sicut
1167 1886 1470 1944 secundum
1498 1891 1677 1948 Deum
1704 1890 1930 1949 tristitia
1954 1892 2053 1950 vi-

466 1987 581 2038 tam
610 1984 904 2052 operatur;
947 1975 1178 2049 pmnitet
1208 1976 1379 2044 enim,
1414 1985 1470 2035 et
1494 1988 1677 2051 sperat
1696 1979 1798 2037 Dei
1826 1980 2053 2038 miseri-

464 2067 741 2128 cordiam:
781 2065 859 2123 ita
896 2064 1198 2122 secundum
1250 2062 1521 2123 mundum
1562 2067 1791 2126 tristitia
1816 2078 2050 2129 mortem

464 2165 739 2232 cperatur.
779 2156 1038 2213 Detectus
1083 2154 1233 2212 enim
1275 2162 1528 2228 peccator
1570 2156 1747 2215 tristis
1788 2166 1872 2215 est
1893 2157 2048 2232 quasi

465 2245 800 2322 puniendus,
819 2260 931 2302 non
948 2243 1155 2302 habens
1180 2261 1213 2302 a
1237 2258 1348 2319 quo
1373 2252 1554 2318 speret
1578 2246 2042 2317 misericordiam;

463 2342 519 2392 et
568 2335 616 2392 si
657 2333 799 2390 forte
842 2333 913 2389 ad
953 2348 1191 2405 prasens
1224 2333 1484 2404 defuerit,
1513 2335 1611 2408 qui
1640 2335 1906 2407 vindicet,
1944 2338 2047 2395 Dei

463 2430 647 2481 tamen
671 2420 946 2493 judicium
974 2421 1202 2480 evadere
1222 2439 1333 2479 non
1363 2424 1584 2496 poterit.

540 2519 726 2592 (Vere.
787 2519 903 2591 11.)
941 2542 960 2567 ι
986 2520 1128 2577 Ecce
1165 2520 1315 2577 enim
1362 2520 1471 2581 hoc
1513 2521 1693 2595 ipsum
1744 2523 2043 2585 secundum

460 2611 636 2669 Deum
665 2608 984 2667 contristari
1012 2616 1272 2684 quantam
1309 2610 1369 2668 in
1398 2612 1559 2671 vobis
1582 2615 1795 2687 perﬁcit
1826 2615 2047 2675 sollici-

461 2699 735 2757 tudinem.
769 2720 789 2748 ι
830 2696 1037 2757 Verum
1076 2708 1160 2757 est
1187 2699 1316 2775 quia
1357 2702 1452 2776 qui
1496 2705 1744 2775 pmnitet,
1775 2706 2046 2762 sollicitus

460 2797 563 2858 est,
592 2804 663 2845 ne
689 2788 871 2845 denuo
906 2796 1111 2862 peccet.
1155 2809 1176 2837 ι
1211 2788 1317 2845 Sed
1343 2793 1779 2849 excusationem.
1799 2814 1818 2840 ι
1859 2793 2040 2861 Recte,

461 2879 591 2952 quia
619 2876 943 2950 pmnitentia
979 2889 1092 2933 non
1137 2874 1302 2932 habet
1338 2880 1769 2946 excusationem,
1796 2880 1889 2937 sed
1915 2896 2044 2940 con-

459 2966 782 3025 fessionem.
822 2986 843 3015 ι
864 2966 970 3023 Sed
998 2966 1278 3022 timorem.
1303 2990 1323 3014 ι
1357 2965 1611 3025 Ostendit
1637 2971 1885 3026 timorem
1922 2970 2041 3045 (57)

461 3054 519 3110 in
543 3061 846 3126 peccatore,
869 3054 965 3128 qui
985 3053 1172 3112 delicti
1198 3068 1363 3112 csum
1385 3057 1600 3115 veniam
1631 3061 1889 3132 postulat.
1905 3084 1923 3107 ι
1938 3061 2043 3119 Sed

460 3142 870 3203 desiderium.»
909 3144 1196 3203 Desiderat
1234 3145 1520 3204 reformari
1563 3162 1642 3218 se,
1694 3149 1787 3221 qui
1836 3165 1893 3205 se
1937 3151 2044 3208 scit

453 3230 659 3291 factum
695 3247 793 3307 per
833 3243 1121 3307 peccatum
1143 3233 1475 3293 defamem.
1520 3254 1540 3285 α
1569 3235 1674 3293 Sed
1713 3238 2039 3294 simulatio-

453 3334 601 3379 nem.
626 3344 648 3372 ι
688 3323 877 3381 Zelum
920 3322 1120 3397 incipit
1158 3324 1270 3397 pati
1315 3325 1585 3382 bonorum
1625 3338 1851 3399 Operum
1880 3327 2039 3400 perii-

451 3412 799 3480 ciendorum,
833 3415 928 3485 qui
959 3414 1222 3485 intelligit
1251 3430 1351 3485 pro
1379 3431 1438 3472 se
1463 3431 1601 3484 esse,
1642 3418 1787 3488 quod
1812 3418 2039 3489 corripi-

451 3504 564 3554 tur.
599 3520 619 3546 ι
638 3498 744 3554 Sed
773 3499 1138 3555 vindictamn
1168 3501 1397 3556 Necesse
1441 3509 1524 3557 est
1550 3511 1613 3558 ut
1641 3505 1766 3576 quis
1792 3505 2039 3562 vindicet

450 3600 599 3651 eum,
631 3584 790 3655 cujus
815 3599 941 3654 erga
967 3600 1024 3638 se
1076 3586 1242 3641 sentit
1269 3588 1559 3646 affectum:
1610 3601 1666 3648 et
1709 3594 1767 3648 in
1797 3594 2035 3665 seipsum

451 3670 723 3737 vindicat,
749 3669 844 3742 qui
880 3685 938 3725 se
982 3682 1146 3727 causa
1174 3670 1362 3729 delicti
1390 3675 1602 3747 aﬂligit.
1637 3701 1657 3724 ε
1683 3680 1745 3734 In
1781 3681 2036 3739 omnibus

452 3765 635 3817 castos
661 3774 762 3815 vos
788 3757 1123 3816 exhibuistis
1152 3774 1270 3818 esse
1305 3761 1365 3819 in
1394 3778 1459 3819 eo
1486 3766 1724 3836 negotio.
1744 3789 1767 3817 ι
1806 3768 2036 3836 Quando

450 3848 640 3906 omnia
693 3865 813 3923 quis
883 3850 953 3907 ad
1006 3850 1314 3922 profectum
1378 3853 1625 3910 melioris
1683 3858 1797 3931 spei
1853 3860 2033 3930 perti—

448 3944 605 4008 nent,
652 3939 906 3998 meditati
955 3939 1239 4010 videntur,
1265 3941 1442 3998 selum
1487 3942 1748 4002 habentes
1782 3946 2033 4019 Apostoli

445 4035 500 4085 et
553 4029 902 4102 praeceptoris
956 4028 1043 4086 sui
1099 4030 1157 4086 in
1212 4031 1468 4087 omnibus
1534 4031 1728 4091 ciliciis
1778 4034 2033 4097 humanm

444 4117 903 4185 conversationis,
941 4118 1082 4176 duce
1128 4118 1257 4189 ﬁde,
1323 4120 1527 4194 probos
1568 4136 1628 4179 se
1672 4124 1848 4182 videri
1893 4142 2031 4186 con-

447 4202 679 4258 tendunt
709 4205 825 4275 (58)
837 4247 849 4259 .

518 4299 700 4370 (Vers.
734 4300 848 4372 ﬂ.)
882 4324 900 4347 ι
921 4300 1095 4373 Igitur
1137 4309 1194 4360 et
1237 4304 1285 4361 si
1316 4307 1510 4379 scripsi
1548 4310 1729 4382 Vobis,
1758 4326 1870 4370 non
1907 4328 2028 4387 pro-

443 4393 564 4459 pter
590 4400 715 4444 eum
736 4389 831 4462 qui
858 4389 1049 4464 inique
1076 4400 1324 4450 versatus
1350 4405 1452 4453 est.
1474 4422 1494 4446 ι
1528 4400 1721 4473 Inique
1751 4413 2026 4465 versatum

443 4474 582 4533 dicit
637 4476 822 4546 illum,
875 4479 970 4552 qui
1033 4480 1305 4537 incestum
1356 4485 1684 4544 admiserat:
1753 4507 1855 4548 nec
1913 4508 2027 4552 non

2085 1842 2131 1904 B

2071 3199 2115 3260 Ο

442 4565 607 4620 etiam
653 4564 756 4623 hos
782 4567 981 4639 tangit,
1019 4582 1157 4642 quos
1202 4569 1405 4643 injuria
1438 4583 1491 4631 et
1515 4575 1733 4635 fraudes
1768 4580 2029 4641 fratribus
2054 4552 2103 4612 D

444 4653 505 4709 in
566 4655 742 4728 prima
785 4658 1015 4730 epistola
1051 4658 1242 4717 fecisse
1292 4663 1564 4735 signiﬁcat
1595 4666 1653 4737 (Ι
1680 4667 1803 4724 Cor.
1835 4685 1915 4739 vr,
1947 4672 2025 4743 7).

450 4742 589 4800 «Sed
621 4760 797 4817 neque
818 4755 1042 4819 propter
1069 4764 1217 4818 eum,
1240 4751 1337 4823 qui
1370 4750 1559 4826 inique
1584 4763 1843 4814 tractatus
1870 4742 2012 4817 est.»

438 4830 504 4888 Hi
555 4833 742 4908 inique
800 4836 1015 4896 tractati
1072 4846 1240 4910 sunt;
1281 4842 1412 4916 quia
1457 4841 1718 4905 fratribus
1752 4848 2025 4908 contraria

435 4923 579 4993 passi
603 4931 751 4981 sunt.
786 4921 887 4983 Hic
929 4944 1121 4987 sensus
1146 4937 1250 5001 est,
1283 4948 1445 5005 quem
1483 4935 1542 4991 in
1579 4937 1755 5009 capite
1782 4939 2023 5010 epistolae

436 5020 723 5084 memorat,
779 5014 877 5074 ubi
920 5016 1094 5076 dicit:
1133 5040 1153 5068 ι
1172 5019 1229 5077 Si
1274 5022 1368 5079 cui
1412 5022 1623 5097 aliquid
1674 5026 1938 5098 donastis,
1967 5037 2023 5085 et

504 5226 620 5308 (57)
652 5228 779 5308 Mss.
819 5229 1009 5308 Corhp.,
1057 5234 1637 5308 Sediindignationem.
1691 5237 1812 5300 Non
1866 5242 2021 5302 indie

427 5306 624 5383 gelatur
648 5302 742 5383 qui
765 5306 1035 5383 correptas
1058 5302 1350 5383 conﬂictui.
1383 5310 1486 5383 Sed
1522 5312 1782 5383 timorem,
1808 5323 1912 5373 etc.

2165 547 2337 618 magis
2397 546 2591 604 horum
2637 565 2816 617 causa,
2879 550 2972 623 qui
3034 564 3417 625 peccaverunt,
3468 561 3765 633 scripsisse

2166 652 2221 692 se
2268 637 2473 692 remitti
2532 638 2646 695 illis
2692 640 2911 708 debere,
2950 641 3044 697 sed
3092 641 3262 714 magis
3306 654 3533 719 propter
3569 647 3762 710 Eccle.

2165 724 2337 792 siam;
2389 726 2517 797 quia
2563 726 2621 782 in
2666 743 2779 783 uno
2816 730 2957 784 male
3006 737 3197 802 agente
3246 734 3410 789 multi
3458 745 3613 805 sunt,
3663 740 3761 815 qui

2164 813 2609 872 confundantur:
2642 824 2697 873 et
2717 817 2773 872 in
2814 834 2926 874 uno
2965 821 3357 879 contumeliam
3377 829 3475 881 aut
3503 813 3759 889 fraudem

2165 907 2424 981 patiente,
2454 910 2614 966 multi
2647 920 2776 967 sunt
2803 912 2898 983 qui
2930 912 3336 984 indignentur;
3387 919 3521 990 quia
3544 922 3591 977 si
3622 922 3756 995 pati-

2164 1005 2257 1054 tur
2282 998 2493 1070 aliquid
2530 1016 2703 1056 unum
2740 1002 3075 1072 membrum,
3122 1009 3539 1079 compatiuntur
3572 1018 3755 1073 omnis

2166 1087 2429 1147 membra.
2458 1112 2476 1136 ι
2498 1089 2603 1145 Sed
2628 1099 2689 1148 ut
2718 1092 3163 1151 manifestaretur
3190 1096 3515 1158 sollicitudo
3547 1111 3749 1176 nostra,

2166 1191 2329 1248 quam
2358 1192 2457 1249 pro
2486 1178 2643 1234 vobis
2675 1179 2938 1238 habemus
2966 1196 3148 1240 coram
3178 1185 3312 1243 Deo.
3336 1208 3356 1237 ι
3392 1190 3753 1252 Emendando

2164 1260 2419 1335 injustas,
2449 1272 2504 1321 et
2532 1267 2770 1339 pollutos
2797 1270 3214 1342 sanctiﬁcando,
3260 1280 3316 1331 et
3360 1278 3628 1338 Ecclesia:
3671 1298 3749 1341 re-

2165 1352 2532 1423 conciliando,
2563 1356 2733 1412 totius
2755 1359 2943 1430 pepuli
2970 1360 3409 1421 sollicitudinem
3454 1383 3514 1425 se
3553 1370 3750 1429 habere

2164 1440 2521 1511 demonstrat,
2550 1445 2849 1502 secundum
2892 1450 3038 1519 quod
3066 1466 3230 1523 supra
3258 1457 3581 1516 memoravi.

2237 1529 2420 1619 (Vera.
2456 1532 2570 1602 13.)
2608 1534 2774 1591 «Ideo
2800 1543 2855 1591 et
2895 1540 3325 1597 consolationem
3356 1548 3690 1619 accepimus.
3711 1568 3738 1600 ι

2164 1616 2450 1690 Accepisse
2470 1635 2549 1689 se,
2578 1637 2642 1679 ac
2668 1636 2763 1694 per
2796 1623 2901 1681 hoc
2919 1635 2974 1683 et
2997 1626 3130 1684 dare
3142 1629 3283 1687 dicit
3295 1616 3747 1697 consolationem.

2163 1707 2389 1778 Accepit
2412 1717 2618 1779 autem,
2657 1726 2783 1767 cum
2818 1711 3019 1772 didicit
3046 1717 3320 1790 corrigere
3343 1737 3402 1778 se
3430 1725 3572 1781 velle
3600 1727 3745 1801 (59),

2163 1809 2300 1867 quos
2325 1797 2603 1869 arguebat,
2635 1807 2698 1856 ut
2723 1817 2835 1873 per
2847 1802 3227 1875 pmnitentiam
3259 1826 3319 1866 se
3344 1797 3742 1874 reformarent:

2162 1882 2255 1939 dat
2306 1891 2509 1954 autem,
2556 1885 2687 1942 dum
2737 1904 2830 1946 eos
2882 1901 3104 1950 revocat
3156 1896 3227 1953 ad
3280 1899 3636 1970 Ecclesium;
3681 1918 3748 1962 ne

2161 1969 2258 2028 diu
2277 1974 2583 2030 contristati
2611 1974 2959 2048 desperarent
2987 1980 3057 2038 de
3085 1994 3166 2053 se,
3191 1992 3243 2041 et
3269 1986 3334 2041 ad
3362 1969 3655 2058 publicam
3693 1997 3749 2050 et

2158 2057 2430 2117 funestam
2450 2062 2618 2119 vitam
2646 2060 3008 2128 declinarent.
3039 2094 3061 2120 ι
3084 2072 3148 2128 In
3173 2057 3545 2134 consolatione
3558 2088 3745 2139 autem

2159 2154 2361 2217 nostra,
2392 2150 2565 2223 magis
2605 2154 2883 2227 magisque
2933 2159 3105 2231 gavisi
3136 2177 3326 2220 sumus
3351 2180 3520 2237 super
3543 2168 3743 2239 gaudio

2157 2236 2266 2325 Titi
2299 2238 2447 2312 (60);
2492 2241 2623 2315 quia
2667 2245 2938 2318 requievit
2983 2249 3213 2322 spiritus
3249 2250 3367 2325 ejus
3398 2236 3459 2310 in
3483 2236 3739 2317 omnibus

2156 2323 2334 2383 vobis.
2365 2351 2385 2376 ι
2427 2327 2719 2404 Correptos
2747 2350 2843 2407 per
2862 2338 3096 2408 primam
3116 2323 3402 2412 epistolam
3429 2345 3740 2406 audiensss

2156 2413 2297 2473 velle
2322 2414 2612 2492 corrigere,
2642 2425 3067 2484 consolationem
3088 2430 3316 2503 accepit.
3339 2436 3389 2489 Α
3413 2434 3542 2493 Tito
3558 2446 3736 2497 autem

2154 2500 2439 2565 addiscens
2459 2511 2588 2583 quia
2606 2508 2850 2569 dolorem
2871 2525 3185 2587 paterentur
3202 2500 3407 2580 erroris
3423 2525 3737 2594 sui,auctus

2154 2602 2236 2651 est
2264 2593 2322 2651 in
2349 2600 2742 2671 consolatione,
2771 2604 2971 2675 gaudio
3000 2608 3240 2680 repletus
3263 2628 3280 2680 ;
3325 2612 3457 2687 quia
3480 2593 3738 2675 voluntas

2156 2697 2344 2740 eorum
2373 2685 2431 2742 in
2459 2702 2620 2760 opere
2656 2702 2890 2763 coeperat
2913 2697 3225 2770 approbari,
3254 2685 3380 2760 Tito
3403 2702 3516 2763 hoc
3536 2704 3737 2765 Moneo

2154 2778 2290 2829 teste
2315 2789 2441 2830 cum
2471 2775 2665 2832 laetitia
2691 2780 2864 2837 animi
2891 2785 3177 2845 referente.

2228 2861 2409 2956 (γει-δ.
2445 2865 2558 2939 id.)
2595 2892 2612 2915 ι
2631 2866 2903 2935 Quoniam
2930 2873 2991 2929 in
3019 2875 3437 2956 quibuscunque
3463 2882 3536 2943 de
3578 2886 3735 2948 vobis

2155 2949 2416 3023 gloriatus
2480 2971 2625 3025 sum,
2682 2974 2794 3015 non
2848 2977 2969 3018 sum
3035 2967 3315 3026 confusus.
3345 2949 3379 3022 ἰ
3417 2972 3734 3050 Antequam

2153 3049 2397 3136 pergeret
2423 3042 2578 3136 Titus
2606 3046 2692 3136 ad,
2722 3047 3057 3121 Corinthios,
3089 3056 3304 3113 audivit
3330 3059 3399 3116 ab
3428 3061 3529 3131 eis,
3552 3042 3613 3122 id
3632 3074 3730 3136 est,

2151 3126 2219 3183 ab
2234 3128 2519 3200 Apostolo,
2533 3142 2586 3189 et
2606 3135 2700 3206 qui
2724 3146 2880 3194 erant
2905 3156 3033 3197 cum
3060 3159 3147 3213 eo,
3162 3145 3361 3204 bonam
3389 3126 3732 3213 voluntatem

2145 3232 2260 3272 esse
2287 3216 2705 3280 Corinthiorum
2739 3225 2797 3282 in
2825 3229 3183 3290 emendandis
3205 3234 3390 3306 vitiis;
3421 3254 3487 3298 ac
3503 3256 3607 3314 per
3628 3241 3735 3304 hoc

2143 3322 2404 3380 regresso,
2455 3321 2509 3369 et
2543 3314 2730 3371 eadem
2775 3318 3062 3391 referente,
3091 3340 3205 3382 non
3232 3328 3425 3401 utique
3466 3333 3734 3397 confusus

2144 3403 2226 3494 est
2274 3399 2593 3494 Apostolus,
2646 3405 2743 3462 sed
2798 3409 2975 3467 alacer
3028 3411 3205 3471 factus
3253 3399 3379 3485 est;
3440 3422 3577 3494 quia
3619 3437 3732 3483 non

2144 3485 2301 3542 aliter
2330 3488 2613 3547 invenerat
2642 3494 2818 3562 Titus,
2851 3514 3014 3571 quam
3039 3502 3287 3561 audierat
3303 3505 3373 3563 ab
3400 3485 3505 3568 eis.

2225 3600 2243 3623 ι
2271 3577 2376 3636 Sed
2432 3584 2894 3654 quemadmodum
2942 3593 3130 3650 omnia
3182 3595 3341 3654 vobis
3385 3598 3445 3656 in
3493 3604 3727 3666 veritate

2144 3665 2313 3723 locuti
2360 3687 2569 3741 sumus,
2603 3674 2682 3732 ita
2730 3686 2783 3734 et
2824 3680 3079 3751 gloriatio
3122 3694 3309 3745 nostra
3354 3692 3502 3763 apud
3541 3695 3727 3756 Titum

2145 3754 2344 3814 veritas
2371 3760 2513 3817 facta
2540 3773 2643 3822 est.
2676 3791 2694 3815 ι
2734 3769 3036 3830 Exsultans
3061 3774 3121 3831 in
3148 3779 3347 3850 spiritu
3386 3754 3511 3843 haec

2139 3846 2460 3920 Apostolus,
2488 3852 2567 3910 sic
2592 3855 2833 3927 gaudens
2860 3860 2920 3917 in
2945 3862 3069 3933 his;
3103 3846 3488 3930 ut—eﬂicaciam
3532 3892 3725 3936 eorum

2140 3945 2250 3993 tam
2302 3954 2486 3997 veram
2533 3946 2744 4018 probet,
2797 3965 2962 4023 quam
3015 3963 3097 4011 est
3151 3965 3207 4015 et
3251 3961 3574 4033 prmdicatio
3608 3967 3728 4040 ejus
3798 4005 3811 4021 ι

2143 4032 2282 4089 190
2310 4028 2516 4102 adeas,
2554 4032 2614 4089 in
2643 4041 2988 4112 correptione
3011 4028 3300 4106 duntaxat.
3335 4052 3552 4111 Veritas
3572 4028 3725 4115 enim

2137 4128 2413 4198 arguentis
2453 4131 2511 4186 in
2561 4150 2625 4189 eo
2672 4137 2791 4209 ipso
2838 4149 2972 4199 tunc
3012 4143 3230 4201 videtur
3262 4160 3378 4205 esse
3406 4151 3718 4225 manifesta,

2136 4215 2183 4272 si
2228 4214 2271 4271 ii
2323 4217 2418 4290 qui
2462 4230 2788 4297 arguuntur,
2837 4227 3104 4303 incipiant
3149 4236 3438 4293 emendare
3468 4240 3588 4313 (61)
3618 4214 3716 4313 se;

2134 4304 2267 4361 dum
2295 4307 2442 4363 enim
2471 4315 2708 4386 correpti
2735 4316 3122 4391 immutantur,
3168 4304 3723 4405 testimonium,

2134 4392 2326 4452 hibent
2353 4402 2621 4471 arguenti.

2205 4485 2386 4555 (Vers.
2448 4489 2562 4561 15.)
2608 4510 2628 4540 ε
2655 4492 2729 4551 Et
2775 4497 2990 4556 viscera
3042 4500 3196 4559 illius
3241 4504 3615 4569 abundantius
3658 4513 3715 4571 in

2135 4571 2296 4629 vobis
2351 4586 2497 4634 sunt.
2530 4604 2549 4628 ι
2591 4583 2855 4641 Animum
2898 4596 2953 4643 et
2997 4590 3249 4647 allectum
3289 4594 3398 4650 Titi
3440 4597 3583 4656 dicit
3606 4612 3718 4659 esse

2133 4659 2193 4717 in
2225 4663 2322 4733 eis,
2366 4668 2496 4740 quia
2539 4671 2681 4729 vidit
2718 4677 3021 4746 profectum
3053 4682 3312 4751 illorum;
3344 4690 3522 4744 sancti
3570 4694 3715 4750 enim

2133 4752 2350 4810 animus
2381 4758 2439 4812 in
2470 4762 2619 4815 omni
2648 4762 2795 4819 bono
2826 4776 2924 4823 est.
2963 4792 2981 4814 ι
3013 4770 3434 4832 Reminiscentis
3466 4781 3715 4838 omnium

2132 4842 2300 4898 vestri
2348 4846 2736 4921 obedientiam,
2784 4856 3059 4929 quomodo
3105 4877 3231 4917 cum
3278 4862 3480 4922 timore
3515 4876 3571 4924 et
3601 4880 3719 4928 tre-

2131 4942 2281 5030 more
2308 4932 2602 5008 excepistis
2626 4940 2783 5000 illum
2806 4962 2857 5002 ει
2885 4947 3127 5005 Scientes
3148 4950 3425 5009 Corinthii
3452 4955 3525 5011 ab
3556 4961 3723 5030 Apo-

2130 5020 2270 5076 stolo
2298 5038 2413 5080 esse
2441 5026 2669 5087 missum
2699 5032 2884 5091 Titum
2912 5037 2982 5094 ad
3013 5052 3089 5108 se,
3122 5039 3217 5114 qui
3260 5043 3322 5099 in
3351 5045 3524 5103 tantis
3562 5020 3722 5107 vitiis

2126 5246 2326 5324 reliqui
2347 5248 2725 5324 _melius,_cum
2752 5253 2896 5324 dicit,
2928 5265 3033 5316 etc.
3132 5265 3145 5279 '

2347 5320 2512 5407 Hormi
2542 5322 2699 5392 edit.,
2743 5320 2937 5397 gaudio
2976 5328 3164 5402 repleti
3201 5342 3385 5388 sumus
3410 5346 3575 5407 super
3598 5349 3717 5395 cons

483 5372 620 5494 C£58)
652 5371 796 5428 Idem
828 5371 950 5431 cod.
982 5371 1169 5445 Corb.,
1201 5378 1382 5434 ducem
1413 5382 1555 5450 ﬁdei,
1591 5392 1756 5453 prout
1767 5371 2012 5457 'possent,
2125 5371 2529 5478 δοιὶιίἱὸτιξῇιὶ.

549 5458 604 5494 re
630 5443 960 5494 contendunt-
1050 5488 1051 5491 η
2199 5460 2312 5494 mn
2346 5462 2367 5494 ί
2390 5461 2455 5494 mi

427 5439 989 5549 υίάξζξξςθκπίθπάνπξῑ,
1050 5488 1092 5549 λ
1154 5439 1166 5445 ⁷
1413 5439 1425 5450 ’
1480 5439 1553 5549 η..
1591 5439 1609 5453 Δ
1733 5439 2012 5549 Γ,
2127 5439 2312 5549 iiii!)
2346 5461 2717 5549 Cod._t}orb.,
2767 5468 2843 5523 ad
2877 5481 2971 5549 eos
2998 5474 3090 5542 qui
3136 5474 3193 5528 in
3226 5478 3557 5549 correptione
3584 5479 3717 5538 dun.

503 5523 538 5549 Ι-
703 5530 849 5549 annon
878 5533 924 5549 οι
951 5535 961 5549 I
1043 5534 1070 5549 η
1123 5535 1228 5549 mnu
1284 5535 1471 5549 νιηηιηις
1524 5540 1534 5549 ι
1592 5538 1697 5549 -4...
1766 5535 1851 5549 ---ι
1894 5542 1978 5549 μ-.-
2158 5548 2161 5549 ,
2192 5548 2215 5549 η

2233 5513 2274 5515 -ί
2360 5513 2376 5517 ν
2400 5513 2478 5517 ί--
2537 5513 2717 5530 -ν-”-ι
2768 5513 2839 5523 *σν-
2887 5513 2968 5527 ννυ
3036 5513 3090 5528 ws
3141 5513 3193 5528 νιν
3226 5513 3373 5531 vulso
3417 5513 3555 5536 ιιυιισ
3584 5513 3717 5538 ua];-

503 5513 616 5577 (59)
650 5513 852 5571 Omnes
878 5516 1009 5573 edit.
1042 5526 1095 5574 et
1122 5535 1250 5575 mss.
1284 5522 1558 5591 nonnulli,
1587 5538 1702 5579 cam
1726 5527 1851 5583 dicit
1887 5542 2015 5584 cor—
2125 5513 2792 5603 tura/proﬁciebant..."
2838 5542 2889 5598 si
2935 5513 3052 5617 quis
3095 5513 3419 5620 arguuntur]:
3449 5552 3720 5628 incipiunt

503 5598 598 5628 mre
653 5586 780 5628 sitella
803 5603 813 5613 ·
870 5588 999 5628 an
1104 5606 1153 5628 an
1188 5591 1317 5628 nullo
1384 5608 1510 5628 nemo
1558 5598 1808 5628 ημιηηειιηι
1889 5602 1984 5628 -mi
2124 5601 2388 5628 -_.....J....r

383 5579 598 5665 .Zigei'e
653 5586 815 5665 velle;
866 5588 1047 5655 Rom.,
1100 5606 1153 5643 se
1188 5591 1337 5658 velle,
1383 5608 1510 5665 quos
1544 5579 1843 5665 urguebat,
1887 5579 2010 5658 cod.

428 5649 616 5720 Corb.,
665 5649 809 5709 dicit
835 5671 951 5712 cum
993 5649 1079 5715 eos
1124 5675 1179 5716 se
1223 5649 1513 5718 corrséisse
1549 5649 1678 5736 quos
1699 5649 2010 5741 'iz’r'yiehii'}

2120 5601 2406 5657 emendari.
