3952 6202
187 258 288 317 325
830 256 845 267 ”
1243 260 1599 322 COMMENT.
1640 266 1711 323 IN
1745 264 1959 322 EPIST.
2001 267 2049 322 Il
2086 266 2181 323 AD
2219 265 2378 326 COR.
3345 271 3448 335 326

185 386 251 442 ab
274 387 390 458 ipso
435 385 549 458 jam
603 386 821 443 fuerant
876 386 1135 460 correpti,
1164 387 1345 445 territi
1375 398 1502 445 sunt
1556 389 1613 444 in
1670 389 1760 446 ad-
1789 393 1838 450 A
1870 389 1994 445 illos
2039 389 2144 447 hoc
2196 408 2369 464 agere,
2408 399 2601 451 utnec
2661 392 2898 464 timeret,
2951 393 3041 453 cui
3091 395 3445 469 offerebatur,

182 485 351 531 ventu
382 475 522 547 ejus.
564 477 635 533 Et
665 477 794 549 quia
836 474 1009 533 vitam
1060 494 1215 533 suam
1273 488 1547 550 eruperant
1576 495 1770 535 emen-

182 564 329 631 dare,
377 566 605 623 solliciti
666 573 820 622 erant
876 566 1139 623 obaudire
1188 568 1471 639 praeceptis
1520 565 1656 639 ejus,
1707 576 1768 624 ut

182 672 473 728 regressus,
506 655 753 711 animum
777 655 1028 727 Apostoli
1060 654 1333 728 mitigaret
1359 658 1465 713 eis:
1497 656 1771 731 quamob-

182 762 292 801 rem
323 746 511 801 Titum
541 744 793 801 laudasse
816 742 1115 817 significat,
1140 760 1265 801 nam
1299 746 1358 801 in
1382 742 1506 800 Tito
1524 745 1770 817 Aposto-

182 834 295 891 lum
321 834 548 891 reveriti
570 839 717 891 sunt.

255 924 440 996 (Vers.
476 923 590 995 16.)
630 919 887 979 «Gaudeo
916 920 1135 995 quodin
1167 918 1422 977 omnibus
1446 920 1665 978 confido
1707 919 1768 977 in

180 1012 361 1069 vobis.
404 1036 424 1061 ι
466 1013 586 1069 Non
602 1012 777 1067 solum
799 1010 856 1065 in
872 1009 1016 1065 bona
1038 1008 1323 1064 voluntate
1345 1025 1533 1064 eorum
1551 1008 1767 1065 laetatus

181 1108 286 1168 est,
317 1100 410 1156 sed
465 1105 518 1154 et
563 1099 620 1155 in
671 1098 927 1170 operibus
974 1097 1154 1166 bonis,
1193 1098 1393 1171 quibus
1421 1114 1542 1170 quae
1572 1111 1762 1170 pecca-

179 1195 393 1257 verant,
443 1186 824 1244 emendabant.
879 1187 1031 1258 Ideo,
1066 1209 1087 1236 ι
1130 1187 1192 1244 in
1244 1186 1518 1257 omnibus,
1558 1186 1764 1260 inquit,

180 1278 398 1337 conﬁdo
424 1277 484 1335 in
514 1277 691 1335 vobis.
719 1301 741 1328 ι

768 1421 996 1481 CAPUT
1030 1423 1176 1480 VIII.

254 1548 436 1622 (νει-δ.
470 1549 524 1617 1,
554 1546 637 1619 9.)
684 1569 705 1595 ι
732 1544 927 1602 Notam
957 1553 1139 1603 autem
1164 1543 1320 1602 vobis
1374 1544 1627 1613 facimus,
1656 1544 1763 1600 fra-

178 1644 314 1706 tres,
342 1639 572 1712 gratiam
610 1637 730 1705 Dei,
764 1652 886 1710 quae
905 1636 1030 1692 data
1059 1643 1139 1692 est
1156 1634 1212 1691 in
1231 1634 1492 1691 Ecclesiis
1519 1632 1761 1691 Macedo-

1876 479 2154 550 accipere;
2205 480 2332 552 quia
2377 498 2488 537 non
2533 483 2719 556 utique
2760 485 2864 542 hoc
2905 484 3091 543 animo
3129 486 3444 555 offerebant,

1876 576 1940 623 ut
1957 566 2285 623 redimentes
2340 570 2660 641 praepositos
2701 589 2847 642 suos,
2895 573 3035 631 vitia
3079 590 3266 632 eorum
3288 584 3448 648 pate-

1878 663 2086 725 rentur,
2162 672 2262 712 nec
2299 667 2638 728 arguerent;
2704 659 2834 731 quia
2897 678 3123 720 munera
3174 674 3448 723 excaecant

1878 744 2086 811 oculos,
2116 751 2173 800 et
2204 744 2318 800 vim
2371 744 2715 801 auctoritatis
2756 745 3043 806 inclinant.
3073 750 3273 809 Dantes
3321 769 3448 827 ergo

1879 850 1935 890 se
1982 834 2113 902 Deo,
2163 833 2294 889 dum
2334 832 2628 891 emendant
2672 832 2811 891 vitia
2851 854 2863 892 :
2921 835 3119 895 deinde
3166 840 3446 909 fratribus,

1878 919 2010 977 dum
2052 918 2290 977 offerunt
2331 928 2604 995 sumptus,
2649 919 2960 979 contristari
2989 922 3313 995 debuerunt,
3359 928 3451 1001 qui

1877 1016 2001 1063 ante
2033 1025 2196 1081 prope
2225 1026 2389 1082 quam
2429 1008 2756 1083 inciperent,
2779 1010 3004 1084 perfecti
3023 1030 3137 1071 esse
3162 1015 3455 1073 voluerunt

1877 1097 2082 1153 Horum
2122 1100 2292 1172 igitur
2319 1101 2574 1172 exemplo
2601 1101 2659 1156 in
2673 1102 2811 1158 vitat
2831 1102 3150 1161 Corinthios
3173 1112 3234 1161 ut
3251 1121 3315 1162 ea
3335 1123 3454 1179 quae

1874 1195 2167 1257 coeperant,
2208 1185 2312 1247 hac
2354 1188 2748 1247 exhortatione
2807 1191 2978 1263 aucti,
3046 1198 3228 1251 mente
3264 1194 3452 1252 sedula

1873 1286 2339 1336 consummarent.

1946 1363 2127 1436 (Vers.
2150 1364 2231 1438 6.)
2277 1392 2296 1414 ι
2323 1366 2402 1424 Ita
2428 1372 2493 1425 ut
2530 1382 2843 1442 rogaremus
2864 1365 3074 1441 Titum,
3106 1369 3250 1446 quod
3270 1389 3455 1448 quem-

1873 1451 2169 1510 admodum
2229 1455 2414 1527 cmpit,
2473 1454 2552 1513 ita
2626 1466 2909 1515 consumet
2997 1458 3050 1515 in
3117 1477 3214 1518 vos
3282 1463 3454 1521 etiam

1874 1543 2101 1615 gratiam
2144 1543 2330 1601 istam.
2380 1561 2409 1597 ι)
2459 1545 2729 1613 Quoniam
2781 1545 2890 1603 Titi
2953 1548 3206 1606 allectum
3254 1548 3455 1609 sciebat

1871 1632 2144 1689 sincerum
2172 1632 2317 1692 circa
2365 1632 2519 1704 istos,
2570 1650 2671 1693 nec
2716 1652 2824 1693 non
2874 1634 2974 1693 hos
3020 1636 3335 1696 obedientes
3381 1637 3451 1709 ei,

181 1727 315 1795 nire,
345 1727 492 1801 quod
534 1725 593 1782 in
648 1727 819 1781 multa
872 1724 1193 1798 probatione
1211 1738 1473 1797 pressura;
1520 1721 1762 1780 abundat
1789 1743 1837 1806 Β
1871 1719 2085 1779 idcirco
2124 1739 2222 1796 per
2246 1724 2424 1797 ipsum
2455 1724 2618 1781 etiam
2639 1722 2707 1781 ad
2739 1723 2842 1783 hoc
2864 1741 3001 1799 opus
3019 1724 3297 1785 exhortari
3333 1727 3454 1789 illos

182 1822 442 1897 gaudium
487 1821 748 1894 ipsorum.
805 1844 826 1868 ι
895 1819 1165 1888 Quoniam
1204 1819 1526 1877 Macedones
1559 1818 1766 1878 devoto

177 1910 367 1968 animo
404 1914 759 1981 perceperunt
787 1909 1019 1965 verbum
1047 1908 1407 1976 ﬁdei,idcirco
1432 1910 1512 1965 eis
1537 1908 1765 1981 gratiam

178 1998 358 2058 datam
388 2015 419 2055 a
447 2001 559 2056 Deo
582 1997 740 2067 dicit,
778 1997 920 2055 utin
949 1997 1305 2055 tribulatione
1332 1999 1491 2054 Pauli
1530 2007 1584 2054 et
1612 1998 1762 2067 Silae,

178 2105 342 2164 quam
370 2103 535 2161 supra
565 2094 704 2159 (cap.
725 2102 829 2154 v11,
857 2103 991 2141 vers.
1019 2088 1071 2157 5)
1095 2087 1416 2155 memoravi,
1448 2086 1767 2143 scandalum

176 2193 294 2236 non
325 2181 679 2250 paterentur:
711 2173 806 2230 sed
833 2174 891 2229 in
920 2175 1285 2231 exsultatione
1322 2175 1524 2230 mentis
1563 2175 1768 2246 accipe-

175 2276 308 2326 rent
353 2264 695 2324 confidentes
732 2261 799 2319 de
844 2280 937 2336 spe
983 2264 1267 2336 promissa,
1300 2271 1362 2320 ut
1398 2263 1655 2335 probatos
1681 2278 1773 2318 eos

176 2355 383 2412 borum
415 2351 761 2427 passionibus
781 2351 1247 2408 demonstrarent.
1285 2373 1303 2397 ε
1330 2351 1401 2406 Et
1416 2349 1560 2423 quod
1577 2351 1775 2423 profun

181 2445 252 2502 da
270 2450 559 2519 paupertas
582 2443 807 2500 illorum
823 2441 1129 2498 abundavit
1147 2441 1205 2497 in
1225 2439 1439 2498 divitiis
1459 2438 1774 2512 simplicita-

182 2535 258 2592 tis
284 2551 521 2592 eorum.»
554 2532 761 2592 Votum
781 2547 971 2589 eorum
996 2529 1273 2603 praedicat,
1306 2531 1435 2603 quia
1464 2546 1588 2587 cum
1623 2528 1776 2585 tenui

183 2626 309 2696 (62)
335 2632 515 2681 essent
542 2623 847 2680 substantia
875 2623 1223 2690 facultatum,
1268 2620 1486 2675 animus
1527 2618 1773 2690 ipsorum

182 2712 343 2770 dives
369 2712 628 2769 inventus
675 2719 755 2769 est
792 2710 850 2767 in
896 2710 1204 2767 ministerio
1263 2715 1613 2774 sanctorum;
1636 2723 1774 2779 pura

182 2801 337 2859 enim
370 2800 703 2858 conscientia
752 2799 955 2873 operati
984 2805 1135 2866 sunt,
1176 2812 1291 2855 non
1327 2806 1390 2857 ut
1430 2795 1769 2866 hominibus,

182 2891 283 2948 sed
317 2896 379 2947 ut
406 2890 520 2947 Deo
547 2889 835 2962 placerent.

204 3034 221 3049 ,
257 2980 441 3053 (Vers.
474 2978 556 3049 3.)
603 3003 621 3026 ι
658 2976 795 3045 Quia
822 2975 1140 3035 testimonio
1170 2976 1285 3035 illis
1309 2992 1452 3047 sum,
1485 2974 1633 3051 quod
1673 2991 1771 3048 pro

194 3064 433 3134 viribus,
459 3074 513 3122 et
541 3080 704 3137 supra
740 3064 886 3122 vires
913 3066 1214 3122 voluntarii
1242 3065 1489 3122 fuerunt.
1526 3089 1545 3113 ι
1589 3063 1769 3132 Quan-
1801 3102 1844 3163 Ο

188 3162 311 3212 tum
345 3152 574 3227 dignum
632 3153 760 3222 fuit,
799 3161 853 3210 et
908 3155 1021 3210 Deo
1065 3153 1351 3226 placitum,
1392 3153 1486 3225 qui
1533 3152 1679 3207 vires
1707 3151 1771 3207 il-

189 3244 373 3301 lorum
405 3243 589 3308 scivit,
612 3240 671 3297 in
712 3241 1067 3298 facultatibus
1104 3241 1385 3310 dederant,
1428 3240 1495 3297 ad
1528 3241 1771 3297 ministe-

184 3331 353 3388 rium.
388 3330 458 3387 Et
497 3331 626 3404 quia
656 3346 725 3387 ex
763 3338 880 3386 toto
911 3329 1072 3386 corde
1100 3330 1213 3386 Deo
1242 3343 1298 3385 se
1349 3326 1629 3397 dederant,
1664 3344 1773 3385 am-

185 3421 335 3494 plius
352 3419 609 3477 volebant
637 3418 853 3489 offerre,
882 3434 1047 3494 quam
1077 3434 1268 3476 eorum
1324 3416 1470 3474 vires
1522 3416 1771 3474 admitte-

186 3510 338 3568 bant.

259 3598 443 3675 (Vera.
477 3599 560 3674 4.)
607 3625 627 3651 ι
656 3602 794 3661 Cum
826 3598 1015 3658 multis
1050 3600 1305 3675 precibus
1326 3607 1543 3658 orantes
1565 3596 1771 3670 suscipi

187 3689 246 3746 in
277 3689 506 3762 gratiam
528 3696 583 3746 et
609 3692 1059 3747 communionem
1090 3691 1406 3760 ministerii,
1448 3687 1596 3763 quod
1623 3687 1686 3742 ﬁt
1712 3685 1770 3743 in

185 3788 421 3836 sanctos.
456 3804 474 3827 ι
509 3780 637 3835 Tam
661 3780 985 3853 simpliciter
997 3787 1049 3835 et
1065 3780 1265 3837 devoto
1285 3781 1470 3836 animo
1507 3776 1771 3835 obtulisse

185 3864 313 3924 illos
361 3865 750 3938 ministerium,
820 3869 967 3941 quod
1025 3870 1171 3924 ultra
1221 3868 1367 3925 vires
1396 3882 1584 3925 eorum
1633 3872 1768 3933 erat,

186 3953 452 4029 praedicat
485 3972 497 4012 :
533 3965 595 4012 ut
622 3973 745 4014 cum
798 3956 1057 4030 lacrymis
1105 3956 1457 4028 deprecantes
1488 3954 1768 4013 offerrent.

183 4050 252 4099 ut
276 4044 366 4099 vel
407 4044 488 4101 sic
527 4051 780 4115 cogerent
824 4044 999 4116 accipi
1029 4060 1060 4099 a
1092 4060 1168 4113 se,
1202 4044 1347 4117 quod
1390 4040 1771 4115 accipiendum

183 4146 297 4189 non
345 4131 669 4187 videbatur:
723 4132 852 4206 quia
877 4137 1001 4204 plus
1043 4139 1175 4201 erat,
1216 4149 1378 4208 quam
1426 4140 1637 4205 poterat
1685 4147 1771 4187 eo-

180 4234 309 4276 rum
345 4219 690 4287 substantia;
754 4236 821 4275 ne
880 4221 1019 4275 forte
1072 4219 1150 4276 eis
1178 4229 1363 4292 postea
1393 4228 1597 4292 egestas
1642 4216 1773 4272 boni

182 4307 371 4383 operis
400 4308 782 4380 paenitentiam
841 4309 1110 4365 suaderet.
1179 4309 1283 4365 Sed
1351 4309 1478 4382 quia
1535 4314 1667 4371 tales
1716 4331 1773 4372 se

185 4397 572 4465 ostenderunt,
601 4405 658 4453 ut
688 4412 824 4469 puro
855 4398 1039 4453 animo
1063 4396 1175 4469 jam
1221 4400 1505 4471 praesentia
1562 4408 1774 4475 postpo-

1875 1810 2096 1869 facilius
2125 1828 2281 1886 posse
2310 1813 2605 1886 significat,
2640 1824 2702 1871 ut
2729 1816 3005 1890 quomodo
3034 1814 3092 1874 in
3128 1816 3339 1878 caeteris
3375 1835 3452 1878 reo

1875 1897 1977 1957 bus
2003 1901 2409 1960 exhortationis
2436 1920 2547 1961 suae
2568 1902 3017 1964 habuitfructum
3045 1904 3103 1963 in
3127 1903 3455 1977 eis,haberet

1877 1987 2037 2046 etiam
2075 1990 2133 2046 in
2172 1989 2276 2048 hac
2314 1991 2503 2065 gratia,
2537 2000 2600 2050 ut
2642 1992 2711 2051 ad
2744 1990 3112 2053 ministerium
3140 2005 3454 2056 sanctorum

1876 2084 2157 2150 promptos
2203 2095 2295 2136 eos
2341 2080 2543 2138 faceret
2583 2100 2595 2137 :
2642 2085 2704 2137 ut
2742 2078 2869 2156 quia
2905 2078 3020 2156 jam
3045 2082 3183 2140 vitia
3204 2083 3453 2143 emenda-

1878 2163 2029 2232 bant,
2055 2165 2220 2239 hujus
2250 2169 2518 2241 largitatis
2546 2169 2788 2226 fructum
2836 2167 3119 2229 baberent.
3152 2170 3259 2240 Qui
3300 2172 3453 2231 enim

1881 2252 1947 2308 ad
1981 2252 2084 2309 hoc
2103 2254 2258 2324 dant,
2290 2273 2358 2314 ne
2395 2265 2712 2331 arguantur,
2743 2257 2960 2316 nullum
3006 2260 3251 2319 fructum
3291 2258 3456 2335 hujus

1882 2339 1960 2394 rei
1989 2336 2288 2400 habebunt.

1965 2440 2099 2499 191
2137 2442 2418 2515 (Vers.7.)
2461 2468 2481 2492 ι
2511 2444 2625 2503 Vos
2668 2453 2852 2504 autem
2902 2446 3365 2521 quemadmodum
3398 2446 3455 2505 in

1884 2534 2141 2591 omnibus
2184 2533 2474 2593 abundatis
2538 2535 2663 2604 fide,
2717 2544 2773 2591 et
2813 2552 3083 2605 sermone,
3117 2544 3172 2593 et
3208 2538 3455 2606 scientia,

1883 2630 1938 2680 et
1970 2623 2120 2679 omni
2159 2622 2557 2687 sollicitudine,
2587 2631 2642 2678 et
2669 2623 2896 2695 insuper
2925 2624 3022 2679 illa
3048 2639 3172 2696 quae
3200 2640 3270 2680 ex
3299 2624 3460 2682 nobis

1882 2718 1936 2767 et
1953 2710 2113 2767 vobis
2139 2720 2220 2768 est
2249 2711 2364 2783 (64)
2387 2710 2650 2767 charitate
2721 2711 2886 2768 facite
2910 2718 2972 2767 ut
3006 2711 3064 2767 in
3104 2711 3210 2769 bac
3246 2728 3461 2786 quoque

1883 2802 2055 2875 gratia
2074 2800 2366 2857 abundetis
2394 2798 2586 2872 magis.
2624 2824 2646 2848 ι
2694 2799 3036 2857 Exhortatur
3065 2800 3215 2869 illos,
3260 2810 3324 2858 ut
3349 2803 3459 2874 glo-

1882 2889 2094 2945 rientur
2122 2889 2189 2947 de
2216 2888 2304 2944 his
2329 2887 2473 2961 apud
2495 2894 2721 2944 caeteras
2738 2887 3031 2945 Ecclesias.
3055 2890 3182 2946 Haec
3205 2896 3289 2945 est
3311 2888 3455 2946 enim

1882 2976 2134 3049 probatio
2172 2975 2573 3033 emendationis
2613 2991 2828 3047 eorum,
2864 2977 2916 3035 si
2958 2976 3202 3051 prompti
3248 2977 3363 3035 sint
3389 2977 3459 3035 ad

1880 3069 2250 3126 ministerium
2279 3078 2615 3127 sanctorum.

1955 3159 2119 3231 (Vers
2150 3158 2232 3229 8.)
2288 3184 2306 3207 ι
2352 3158 2474 3215 Non
2515 3157 2818 3215 secundum
2856 3156 3150 3230 imperium
3192 3157 3339 3225 dico,
3364 3156 3460 3216 sed

1881 3256 2104 3317 propter
2132 3244 2371 3301 aliorum
2396 3245 2854 3315 sollicitudinem,
2884 3255 2939 3303 et
2963 3253 3157 3301 vestrm
3183 3244 3462 3303 charitatis

1882 3332 2086 3388 bonum
2118 3333 2367 3389 animum
2406 3333 2781 3405 comprobans.
2814 3358 2833 3381 ι
2872 3331 3219 3390 Manifestum
3237 3332 3463 3406 estquia

1883 3436 1994 3475 non
2012 3421 2363 3493 imperat,sed
2380 3420 2719 3488 exhortatur;
2742 3427 2803 3475 ut
2822 3419 3105 3492 penuriam
3129 3419 3461 3493 patientibus

1883 3507 2107 3565 mittant
2137 3520 2406 3582 sumptus,
2450 3517 2504 3565 et
2529 3511 2773 3566 relevent
2791 3508 3459 3566 sollicitudinemillorum

1883 3598 2091 3655 bonum
2118 3598 2365 3656 animum
2408 3615 2566 3655 suum
2601 3600 2713 3654 Deo
2734 3606 2787 3654 et
2820 3595 3140 3656 hominibus
3174 3597 3458 3656 ostenden.

1881 3694 1985 3757 tes,
2014 3705 2112 3761 pro
2141 3705 2307 3762 quare
2333 3686 2452 3744 sine
2478 3685 2647 3745 dubio
2671 3687 2977 3744 mercedem
3007 3688 3300 3760 accipient.

1955 3777 2193 3851 (Vers.9.
2219 3777 2240 3849 )
2286 3774 2489 3833 cNostis
2509 3778 2656 3833 enim
2678 3777 2908 3849 gratiam
2927 3775 3153 3832 Domini
3180 3774 3357 3830 nostri
3376 3773 3458 3831 Je-

1880 3884 1947 3925 su
1983 3864 2222 3934 Christi;
2280 3866 2411 3940 quia
2475 3873 2695 3939 propter
2727 3881 2826 3920 nos
2868 3879 3072 3937 pauper
3127 3862 3307 3920 factus
3353 3871 3455 3932 est,

1882 3970 2007 4012 cum
2037 3953 2192 4011 dives
2212 3961 2441 4022 esset,ut
2467 3951 2619 4008 illius
2638 3951 2826 4023 inopia
2854 3968 2952 4008 vos
2979 3949 3182 4007 divites
3212 3951 3444 4008 essetis.-

1884 4044 2181 4115 Pauperem
2214 4041 2494 4099 Christum
2518 4039 2655 4097 dicit
2679 4040 2884 4098 factum
2907 4058 2922 4109 ;
2952 4039 3080 4114 quia
3105 4038 3272 4099 Deus.
3309 4041 3458 4099 nasci

1883 4129 2140 4203 dignatus
2168 4138 2250 4187 est
2278 4128 2467 4197 homo,
2505 4129 2770 4187 virtutem
2803 4129 3084 4203 potestatis
3109 4145 3220 4185 suae
3266 4128 3459 4188 humi«

1883 4220 2045 4287 lians,
2068 4226 2129 4275 ut
2164 4218 2480 4275 hominibus
2508 4217 2819 4276 divinitatis
2856 4218 3083 4276 divitias
3115 4218 3455 4292 acquireret;

1883 4316 1947 4365 ut
1964 4308 2107 4365 sicut
2140 4307 2277 4365 dicit
2305 4309 2496 4365 Petrus
2527 4310 2805 4382 apostolus
2833 4311 2914 4383 (Il
2937 4310 3141 4378 Petm,
3165 4307 3223 4382 4)
3247 4335 3265 4359 ν
3282 4309 3458 4381 ,divi-

1882 4414 1967 4454 nee
2004 4405 2183 4456 essent
2236 4409 2515 4457 consortes
2570 4410 2798 4457 natura.
2862 4400 3037 4455 Homo
3099 4414 3231 4470 ergo
3284 4398 3461 4456 factus

186 4493 402 4556 nentes,
449 4485 653 4542 futuris
682 4503 738 4542 se
768 4484 1222 4559 promissionibus
1260 4487 1592 4546 confidentia
1646 4489 1774 4548 ﬁdei
1802 4475 1852 4534 D
1884 4495 1984 4556 est,
2016 4496 2077 4543 ut
2103 4487 2381 4545 hominem
2415 4489 2472 4544 in
2497 4490 2671 4545 Deum
2693 4485 3162 4556 assumeret,sicut
3195 4486 3461 4558 scriptum

186 4576 601 4645 conﬁrmarent,
627 4575 801 4646 acciyi
830 4574 897 4630 ab
927 4576 1004 4632 eis
1034 4577 1206 4633 visum
1239 4585 1319 4635 est
1350 4596 1367 4648 ;
1400 4592 1469 4635 ne
1489 4579 1620 4636 boni
1659 4597 1773 4638 cor-

187 4663 272 4721 dis
300 4667 476 4739 gratia
508 4665 749 4722 fructum
783 4665 1041 4721 mitteret.

269 4758 453 4833 (Vers.
488 4754 569 4827 5.)
622 4777 640 4802 ι
684 4754 757 4810 Et
800 4768 911 4809 nor.
962 4760 1023 4808 ut
1058 4753 1432 4826 speravimus;
1482 4759 1616 4831 quin
1659 4760 1775 4815 imo

188 4849 509 4920 semetipsos
547 4846 783 4918 primum
814 4844 1081 4901 dederunt
1110 4848 1446 4916 Deo,deinde
1486 4848 1644 4904 nobis
1679 4864 1777 4920 per

185 4941 532 4995 voluntatem
588 4936 704 4992 Dei.
750 4956 767 4981 ι
847 4934 1076 5004 Idcirco,
1127 4936 1329 5009 inquit,
1383 4938 1450 4993 ab
1477 4938 1565 4993 his
1599 4940 1775 5011 accipi

186 5028 384 5087 debuit
416 5044 431 5096 ;
463 5026 591 5100 quia
622 5025 771 5097 prius
794 5025 1295 5096 emendantes_(63)
1339 5042 1551 5081 errores
1573 5026 1773 5096 pristi-

187 5130 288 5173 n03
307 5127 365 5174 et
387 5116 518 5172 vitae
549 5114 688 5170 vitia
719 5132 779 5170 ac
809 5130 967 5169 moru
1032 5154 1051 5187 ,
1076 5114 1222 5168 ultra
1250 5130 1410 5184 quam
1438 5114 1775 5185 sperabatur,

185 5208 302 5265 Deo
357 5223 416 5264 se
464 5205 827 5261 devoverant.
875 5202 1072 5260 Visum
1117 5211 1200 5260 est
1247 5202 1396 5257 enim
1453 5203 1779 5274 simpliciter

258 5385 378 5460 (62)
407 5383 537 5460 Mss.
570 5382 847 5460 nonnulli,
882 5382 1222 5439 detinuissent
1249 5381 1618 5439 substantiam.
1642 5380 1780 5457 Lege

186 5458 247 5513 de
269 5457 428 5513 tenui
457 5466 622 5511 essent
649 5457 960 5511 substantza.
984 5462 1084 5510 etc.

260 5530 379 5601 (6;)
422 5528 612 5595 Corb.,
639 5529 805 5583 abhis
824 5528 1025 5582 actibus
1053 5526 1117 5581 ab
1147 5528 1275 5598 fuit,
1306 5524 1401 5600 qui
1421 5524 1581 5599 prius
1599 5542 1782 5584 emen—

198 5599 407 5669 dantes,
439 5607 546 5658 etc.

1884 4595 1993 4643 est:
2042 4610 2060 4634 ι
2090 4588 2234 4660 Ergo
2261 4588 2381 4644 dixi
2411 4606 2424 4643 ;
2457 4587 2537 4643 dii
2567 4587 2700 4643 estis
2734 4588 2907 4657 (Psal.
2946 4602 3145 4649 amr,
3170 4584 3250 4653 ὃ).
3271 4607 3294 4633 ι
3348 4585 3462 4640 Hoc

1884 4672 2049 4730 modo
2068 4675 2415 4743 exhortatur,
2444 4682 2505 4730 ut
2540 4673 2823 4744 largiendo
2853 4674 3007 4744 quasi
3029 4685 3290 4742 pauperes
3306 4669 3461 4741 fiant,

1886 4763 2059 4835 prosit
2103 4769 2394 4834 paupertas
2441 4776 2656 4826 eorum,
2712 4760 2857 4814 sicut
2907 4757 3114 4815 Christi
3178 4764 3463 4828 paupertas

1886 4849 2095 4922 profuit
2138 4849 2330 4916 nobis;
2383 4857 2436 4903 et
2479 4847 2732 4904 Christus
2774 4845 2997 4919 quidem
3022 4843 3221 4912 nostri,
3249 4861 3357 4902 non
3376 4849 3464 4905 sui

1884 4955 2065 5007 causa,
2090 4953 2296 5012 pauper
2314 4936 2489 4993 factus
2544 4941 2628 4991 est
2654 4949 2755 4991 nos
2785 4942 2992 5004 autem,
3021 4940 3086 4991 ut
3130 4932 3291 4992 nobis
3336 4952 3460 5012 pro-

1885 5026 2054 5085 ﬁciat.

1959 5118 2139 5189 (Vers.
2173 5116 2258 5185 10,
2293 5116 2377 5173 11.
2409 5116 2430 5189 )
2469 5140 2488 5165 ι
2512 5116 2585 5172 Et
2625 5114 2920 5173 consilium
2950 5113 3009 5171 in
3040 5115 3148 5174 hoc
3193 5117 3295 5186 do;
3360 5116 3467 5178 hoc

1886 5207 2033 5265 enim
2062 5208 2222 5264 vobis
2239 5206 2378 5264 utile
2407 5213 2507 5277 est,
2540 5207 2636 5282 qui
2664 5220 2776 5264 non
2827 5207 3045 5264 tantum
3078 5208 3277 5278 facere,
3301 5206 3395 5265 sed
3412 5220 3470 5271 et

1966 5380 2080 5458 (6(a)
2116 5382 2272 5437 Rom.
2304 5382 2460 5451 edit.,
2489 5391 2538 5440 et
2576 5383 2679 5438 illa
2712 5396 2856 5458 qua.
2884 5393 2951 5432 σω
2976 5381 3124 5458 vehis
3168 5384 3227 5439 in
3250 5397 3479 5458 noscas,

1892 5449 2128 5581 ginem
2167 5468 2322 5522 mss,
2374 5449 2491 5525 qua:
2542 5470 2607 5511 ea:
2660 5449 2809 5539 vobis
2833 5449 2900 5504 in
2945 5449 3125 5519 nobis.
3160 5461 3225 5513 ut
3258 5455 3318 5512 in
