3952 6202
187 270 296 329 329

180 478 330 535 circa
380 479 752 535 ministerium
796 486 1107 535 sanctorum
1170 480 1261 534 vel
1301 496 1626 552 pauperum,
1655 478 1775 535 ﬁeri

179 565 343 623 docet
372 585 385 623 :
417 584 599 623 coram
630 566 952 622 hominibus
998 583 1130 623 vero
1160 567 1417 638 providet
1444 567 1616 634 bona;
1650 567 1780 639 quia

177 656 319 710 tales
350 656 522 712 mittit
550 656 618 711 ad
661 655 768 711 hoc
796 672 934 726 opus
963 655 1391 723 exhortandum,
1440 656 1533 728 qui
1582 655 1779 728 probi-

177 748 295 798 tate
323 759 423 799 sua
449 759 561 798 non
591 741 799 798 faciant
827 742 906 798 eis
935 742 1253 800 scandalum
1289 761 1303 799 :
1346 744 1440 800 sed
1474 752 1780 815 provocent

178 848 298 900 eos,
328 848 399 889 ne
427 833 571 889 bona
601 832 846 889 doct.ina
874 833 1123 905 Apostoli
1154 850 1249 905 per
1292 833 1634 907 improvidos
1664 833 1782 890 mi-

177 919 392 975 nistros
420 919 539 991 ejus
567 921 626 976 in
656 921 1113 992 vituperationem
1144 921 1380 977 caderet.

262 1010 445 1078 (Vers.
478 1009 568 1077 22,
600 1010 713 1079 23.)
773 1032 791 1056 ε
834 1010 1083 1065 Misimus
1139 1017 1320 1065 autem
1371 1027 1496 1067 cum
1554 1012 1669 1068 illis
1726 1020 1781 1069 et

178 1098 415 1154 fratrem
450 1106 716 1164 nostrum,
751 1111 909 1169 quem
944 1097 1297 1168 probavimus
1329 1098 1385 1153 in
1418 1100 1613 1155 multis
1642 1114 1784 1172 sape

177 1186 487 1242 sollicitum
543 1202 675 1253 esse,
740 1202 888 1243 nunc
942 1201 1074 1242 vero
1130 1187 1309 1242 multo
1373 1188 1776 1257 sollicitiorem,

179 1274 361 1329 multa
406 1272 605 1329 ﬁducia
634 1274 823 1341 vestri,
855 1273 971 1328 sive
1005 1289 1101 1346 per
1141 1274 1326 1329 Titum
1359 1275 1453 1346 qui
1486 1283 1568 1330 est
1598 1273 1779 1330 socius

183 1377 361 1430 meus,
394 1370 447 1417 et
493 1362 713 1433 adjutor
744 1364 801 1419 in
836 1363 1016 1430 vobis,
1049 1363 1165 1418 sive
1195 1379 1292 1435 per
1339 1363 1537 1419 fratres
1566 1370 1782 1418 nostros

182 1452 460 1519 apostolos
487 1451 858 1507 Ecclesiarum
891 1451 1076 1523 gloria
1106 1450 1335 1508 Christi.
1369 1477 1388 1500 ι
1443 1452 1628 1507 Titum
1659 1450 1781 1507 ideo

180 1541 393 1597 socium
426 1558 588 1597 suum
628 1549 813 1609 vocat,
874 1541 1003 1613 quia
1057 1548 1111 1596 et
1158 1540 1273 1613 ipse
1332 1541 1617 1613 episcopus
1646 1547 1779 1608 erat,

180 1630 277 1685 cui
312 1631 629 1687 ministrum
688 1631 839 1687 dedit
894 1638 1081 1686 notum
1126 1630 1183 1685 in
1217 1629 1475 1687 omnibus
1522 1628 1781 1685 Ecclesiis

180 1716 363 1789 ipsius
393 1720 693 1791 provincia
726 1738 739 1775 :
775 1719 972 1792 quibus
1000 1718 1152 1774 addit
1181 1728 1235 1774 et
1264 1718 1508 1773 Tertium
1534 1717 1779 1787 fratrem,
1811 1729 1859 1789 Β

180 1806 481 1877 probatum
512 1808 567 1863 in
599 1809 789 1863 multis
844 1806 1098 1878 operibus
1152 1805 1313 1861 bonis
1364 1814 1525 1877 atque
1580 1804 1783 1859 sollici-

180 1900 330 1949 tum.
389 1896 491 1950 Per
547 1894 653 1949 Titi
711 1902 889 1951 autem
938 1895 1258 1950 relationem
1319 1893 1437 1965 (69)
1496 1890 1784 1947 referentis

179 1982 387 2039 bonam
456 1984 795 2040 voluntatem
872 1983 1285 2041 Corinthiorum
1342 1992 1398 2039 et
1463 1991 1783 2041 caterorum

182 2071 505 2136 missorum,
537 2086 673 2142 quos
706 2073 977 2142 apostolos
1006 2072 1377 2127 Ecclesiarum
1410 2071 1597 2143 gloria
1628 2070 1785 2153 Chri:

182 2158 261 2215 sti
295 2159 557 2231 appellat,
591 2157 971 2212 sollicitiorem
992 2173 1046 2212 se
1068 2158 1277 2212 factum
1304 2158 1543 2213 ostendit
1561 2156 1787 2211 videndl

184 2247 345 2312 illos,
406 2252 462 2300 et
517 2242 849 2299 exhortandi
904 2242 973 2297 ad
1029 2244 1397 2298 ministerium
1456 2252 1787 2299 sanctorum.

189 2333 487 2390 Fiduciam
562 2331 710 2387 enim
794 2330 1024 2402 accepit,
1083 2330 1313 2385 audiens
1370 2330 1624 2385 meliores
1677 2346 1793 2385 esse

188 2421 368 2479 factos
397 2419 736 2478 Corinthios.
784 2418 938 2475 Unde
994 2418 1271 2489 satagebat
1324 2415 1393 2472 ad
1448 2431 1560 2483 eos,
1618 2424 1796 2473 certus

189 2512 328 2583 quia
355 2508 684 2566 obaudirent
711 2508 856 2564 bona
884 2522 1046 2579 opera
1076 2507 1274 2563 facere.

270 2599 451 2667 (Vers.
484 2597 601 2668 24.)
648 2620 669 2645 ι
715 2596 1152 2653 Ostentationem
1211 2611 1337 2667 ergo
1394 2592 1680 2651 charitatis
1709 2608 1796 2647 ve-

188 2699 345 2757 stra,
376 2697 432 2745 et
460 2695 661 2743 nostra
690 2702 790 2759 pro
810 2684 969 2740 vobis
997 2683 1386 2741 exsultationis
1405 2682 1794 2749 demonstrate,

190 2779 257 2833 in
288 2776 421 2848 ipsis
448 2774 507 2829 in
534 2774 673 2830 facie
718 2772 1106 2830 Ecclesiarum.
1158 2797 1176 2820 ν
1239 2770 1564 2828 Commonet
1592 2786 1704 2837 eos,
1735 2777 1799 2826 ut

190 2867 257 2921 in
290 2864 382 2919 his
408 2878 548 2935 quos
577 2860 767 2929 mittit,
797 2861 1144 2918 dilectionem
1177 2875 1330 2916 suam
1379 2856 1702 2923 ostendant;
1735 2865 1799 2913 ut

192 2954 345 3010 bona
374 2967 497 3024 qua
530 2949 596 3005 de
625 2949 757 3020 ipsis
794 2947 1097 3018 audierant,
1149 2964 1278 3005 vera
1334 2947 1648 3020 probarent.
1708 2945 1799 3002 Sic

194 3041 347 3097 enim
380 3036 741 3095 ostendebant
768 3038 1060 3109 profecisse
1116 3053 1174 3093 se
1228 3035 1456 3093 monitis
1509 3033 1792 3106 Apostoli,

198 3129 250 3185 si
283 3128 480 3185 missos
512 3126 580 3182 ab
610 3142 674 3182 eo
701 3142 827 3183 cum
859 3126 1069 3182 honore
1109 3126 1457 3197 exciperent;
1494 3131 1558 3179 ut
1584 3131 1793 3179 catera

197 3216 465 3273 Ecclesia
522 3220 878 3285 agnoscerent
936 3228 1066 3268 vera
1112 3228 1227 3269 esse
1282 3212 1426 3267 bona
1472 3228 1590 3283 qua
1619 3210 1686 3266 de
1715 3209 1797 3265 eis

198 3309 315 3366 dici
345 3313 640 3379 coeperant.
686 3305 956 3361 Provocat
1010 3319 1138 3376 ergo
1184 3304 1399 3359 animos
1426 3317 1637 3369 eorum,
1669 3298 1799 3373 quia

199 3400 274 3457 de
326 3414 436 3470 quo
490 3396 629 3453 bene
708 3392 964 3461 sentitur,
1012 3392 1153 3450 solet
1208 3407 1265 3449 se
1328 3390 1610 3447 meliorem
1665 3404 1800 3462 pra-

198 3489 332 3545 bere
365 3484 502 3558 (70).

816 3608 1043 3671 CAPUT
1097 3606 1195 3664 IX.

287 3736 469 3810 (Vers.
505 3738 560 3803 1,
590 3736 670 3807 2.)
716 3757 736 3781 ι
764 3734 901 3791 Nam
946 3733 1013 3790 de
1059 3732 1369 3790 ministerio
1425 3730 1573 3805 quod
1626 3730 1690 3785 ﬁt
1740 3728 1801 3784 in

210 3833 455 3895 sanctos,
487 3840 884 3897 supervacuum
915 3830 995 3879 est
1022 3821 1163 3878 mihi
1193 3820 1430 3877 scribere
1458 3818 1653 3884 vobis;
1688 3816 1803 3873 scio

206 3917 361 3974 enim
417 3922 726 3987 promptam
780 3914 1123 3968 voluntatem
1176 3919 1441 3977 vestram,
1475 3925 1571 3980 pro
1603 3922 1709 3979 qua
1734 3904 1804 3961 de

203 4005 371 4064 vobis
399 4005 605 4076 glorior
635 4003 781 4076 apud
812 4001 1150 4060 Macedones.
1182 4024 1202 4049 ι
1244 4001 1317 4056 Et
1342 3998 1462 4055 hac
1481 3996 1806 4054 oblectantis

206 4094 380 4153 verba
414 4100 565 4149 sunt.
623 4090 971 4163 Superﬂuum
1001 4090 1149 4146 enim
1178 4104 1294 4145 esse
1322 4087 1460 4143 dicit
1487 4085 1721 4143 scribere
1747 4099 1805 4142 se

205 4184 276 4241 de
308 4179 629 4252 ministerio
659 4178 808 4251 quod
865 4177 929 4232 ﬁt
984 4176 1043 4231 in
1098 4184 1336 4243 sanctos,
1367 4182 1432 4229 ut
1459 4174 1526 4229 de
1555 4173 1644 4229 his
1669 4173 1809 4231 bene

206 4272 424 4331 sentire
485 4270 625 4327 193
679 4265 976 4320 videatur:
1038 4262 1375 4333 superﬂuum
1431 4268 1513 4317 est
1558 4259 1707 4316 enim
1762 4261 1810 4318 si

210 4377 574 4425 commoneas
604 4376 729 4416 eum
761 4375 920 4432 quem
952 4357 1091 4414 scias
1120 4356 1412 4412 facturum.
1445 4354 1549 4412 Sed
1577 4363 1639 4411 ut
1674 4354 1814 4412 dili-

214 4460 457 4533 gentiam
490 4471 647 4512 suam
680 4450 951 4521 ostendat,
987 4449 1348 4508 necessarium
1378 4455 1466 4533 est
1500 4455 1561 4503 ut
1586 4446 1807 4531 scribat,
1840 4425 1890 4484 D

215 4532 268 4605 et
297 4558 359 4604 ut
395 4547 498 4601 hos
536 4540 902 4616 promptiores
943 4539 1124 4606 faciat,
1161 4545 1215 4593 et
1242 4532 1381 4611 quid
1403 4536 1469 4592 de
1497 4536 1576 4592 eis
1602 4536 1812 4592 cateris

220 4634 502 4709 praedicet,
536 4630 868 4688 manifestet.
928 4626 1213 4701 Superﬁua
1263 4626 1409 4683 enim
1439 4626 1616 4682 solent
1643 4638 1810 4696 majo-

218 4740 329 4780 rem
363 4737 552 4795 parere
582 4716 1052 4783 sollicitudinem;
1109 4731 1236 4771 nam
1285 4721 1338 4772 et
1392 4714 1661 4771 Dominus
1698 4727 1810 4767 non

219 4810 483 4866 dubitans
524 4808 592 4865 de
620 4822 805 4864 amore
860 4820 985 4877 erga
1042 4819 1100 4860 se
1152 4802 1299 4859 Petri
1356 4801 1610 4874 apostoli,
1649 4798 1813 4855 tertio

225 4899 363 4957 dicit
391 4899 442 4955 ei
479 4917 492 4955 :
537 4922 555 4945 ι
586 4897 775 4955 Simon
804 4895 1048 4962 Joannis,
1107 4909 1257 4950 amas
1310 4908 1397 4947 me
1457 4891 1640 4962 (Joan.
1690 4903 1813 4952 xxr,

226 4988 360 5059 i7)?
387 5013 406 5036 ι
450 4986 582 5054 Qua
612 4986 758 5042 trina
786 4985 1040 5057 repetitio
1072 4983 1229 5055 quasi
1269 4978 1545 5050 superflua
1572 4974 1812 5041 videtur,

223 5074 314 5130 sed
371 5072 595 5146 prodest
652 5073 718 5129 ad
770 5072 1168 5144 perfectionem
1196 5065 1558 5131 monitionis;
1592 5072 1655 5119 ut
1681 5063 1818 5120 sciat

226 5179 418 5235 magna
450 5178 507 5217 se
535 5178 660 5217 cum
697 5160 981 5232 diligentia
1028 5158 1223 5214 debere
1273 5169 1484 5221 curare,
1526 5149 1673 5223 quod
1700 5149 1819 5206 fre-

226 5258 452 5325 quenter
481 5248 791 5305 mandatur.
835 5270 854 5294 ι
881 5246 1153 5315 Quoniam
1182 5240 1392 5300 Achaia
1420 5245 1606 5311 parata
1633 5244 1715 5293 est
1749 5237 1817 5293 ab

296 5430 411 5503 (69)
475 5425 742 5485 Nonnulli
800 5441 953 5492 mss,
1003 5424 1110 5480 Per
1168 5420 1276 5479 Titi
1335 5423 1509 5475 autem
1551 5413 1821 5471 revelatio.

230 5515 415 5646 ’Ἕω
446 5569 614 5631 Corb.
644 5566 794 5637 cod.,
822 5581 928 5623 sese
948 5562 1217 5622 mliorem
1242 5560 1385 5618 debet
1408 5558 1661 5633 praebere.

597 5671 840 5730 Panos.
865 5660 1038 5731 XVII

1236 265 1598 325 COMMENT.
1642 268 1711 323 IN
1750 264 1966 322 EPIST.
2008 266 2058 322 II
2095 267 2189 321 AD
2228 268 2382 325 COR.

255 387 510 445 Providet
535 387 679 446 bona
706 404 889 445 coram
918 390 1053 454 Deo,
1085 388 1216 446 dum
1267 391 1414 463 quod
1441 389 1599 461 jubet
1627 393 1772 447 Deus
1798 391 1850 449 A
1879 405 2024 445 anno
2071 389 2271 460 priore.
2321 415 2340 437 ι

3361 264 3464 325 330

2408 391 2536 447 Post
2586 391 2904 449 Macedones
2961 391 3192 462 Achaia,
3250 393 3307 450 id
3360 400 3459 461 est,

1889 483 2146 539 Ecclesia
2193 483 2490 555 provincia
2536 486 2756 542 Achaia
2804 489 2937 557 (non
2980 504 3193 557 omnes,
3240 488 3368 561 quia
3407 492 3465 544 et

1824 630 1831 637 _
1891 570 2165 628 Corinthii
2208 571 2437 629 Achaici
2467 574 2619 643 sunt)
2663 584 3094 647 praparaverant
3139 593 3197 634 se
3230 578 3465 633 amula-

1891 660 2043 717 tione
2090 659 2243 717 ducti
2287 660 2668 729 Macedonum,
2717 671 2780 717 ut
2820 664 3196 721 ministrarent
3242 666 3458 722 sanctis.

1892 748 2014 815 Quo
2050 748 2198 805 dicto
2251 749 2377 822 plus
2423 748 2744 805 exhortatur
2789 749 3123 820 Corinthios,
3171 770 3295 809 cum
3329 754 3467 811 dicit

1894 836 2021 893 illos
2059 844 2275 908 paratos
2321 837 2389 894 ab
2437 851 2583 893 anno
2620 837 2820 909 priore,
2869 838 2962 893 sed
3006 848 3315 909 exspectare
3352 841 3466 912 jam

1894 923 2021 992 hoc,
2044 934 2106 981 ut
2135 924 2480 981 divideretur
2509 922 2878 979 ministerium
2909 922 3129 977 illorum
3161 939 3259 994 pro
3285 924 3469 980 unius-

1894 1012 2164 1085 cujusque
2210 1014 2552 1071 necessitate.
2616 1035 2636 1059 ε
2673 1013 2745 1068 Et
2784 1017 2965 1067 vestra
3009 1010 3290 1067 aemulatio
3338 1028 3473 1083 pro-

1896 1083 2115 1159 vocavit
2141 1102 2345 1172 plures.
2375 1126 2398 1151 ι
2438 1102 2567 1158 Post
2594 1101 2915 1157 Macedones
2942 1099 3206 1155 Achaiam
3233 1083 3484 1170 paratam'

1894 1190 2049 1256 dicit,
2089 1189 2291 1246 deinde
2316 1197 2377 1245 ut
2406 1200 2459 1247 et
2488 1189 2767 1247 Corinthii
2803 1188 2939 1244 ﬁant
2967 1188 3141 1260 parati
3176 1187 3471 1243 secundum

1894 1277 2221 1349 promissum
2244 1294 2426 1346 suum,
2456 1286 2663 1335 catera
2684 1294 2815 1334 vero
2842 1276 3101 1334 Ecclesia
3129 1276 3475 1331 aemulatione

1894 1365 2330 1435 Corinthiorum,
2391 1367 2522 1422 dum
2579 1367 2872 1423 audierunt
2918 1366 3045 1420 illos
3091 1365 3243 1437 prius
3290 1362 3475 1419 multis

1894 1454 2172 1510 erroribus
2206 1455 2373 1511 fuisse
2404 1455 2736 1527 implicatos,
2774 1461 2899 1526 post
2925 1460 3106 1509 autem
3147 1453 3476 1523 corrigentes

1894 1559 1971 1611 se,
2012 1543 2169 1599 bona
2217 1543 2523 1599 voluntatis
2554 1543 2775 1598 effectos
2806 1542 2948 1614 (71),
2996 1539 3208 1596 incitati
3255 1546 3383 1595 sunt
3407 1537 3477 1593 ad

1893 1631 2099 1688 bonum
2140 1648 2315 1703 opus;
2368 1633 2496 1704 quia
2524 1631 2570 1687 si
2602 1631 2640 1686 ii
2695 1631 2788 1702 qui
2830 1636 2953 1700 post
2996 1635 3269 1699 acceptam
3313 1627 3477 1682 ﬁdem

1895 1721 2036 1775 male
2065 1720 2264 1774 versati
2296 1726 2443 1785 sunt,
2498 1717 2640 1773 hanc
2681 1722 2956 1787 coeperant
2985 1713 3182 1769 habere
3213 1712 3478 1768 volunta-

1891 1818 2034 1875 tem;
2089 1814 2296 1880 quanto
2343 1806 2515 1878 magis
2555 1805 2671 1872 isti,
2716 1804 2773 1859 in
2808 1803 3011 1877 quibus
3048 1800 3167 1857 hac
3194 1798 3332 1854 vitia
3365 1813 3476 1853 non

1894 1903 2021 1953 sunt
2046 1905 2261 1967 reperta
2282 1896 2310 1950 ‘I

1965 2013 2146 2085 (Vers.
2178 2011 2259 2083 3.)
2303 2034 2322 2059 ι
2352 2010 2474 2067 Misi
2497 2017 2679 2067 autem
2710 2007 2942 2074 fratres;
2976 2022 3045 2062 ne
3070 2003 3242 2077 gloria
3267 2008 3476 2069 nostra,

1897 2116 2004 2173 qua
2044 2117 2143 2156 vos
2185 2100 2544 2171 praierimus,
2594 2097 2776 2153 inanis
2818 2095 2914 2151 ﬁat
2943 2093 3001 2150 in
3032 2092 3137 2149 hac
3185 2100 3377 2166 parte;
3418 2096 3483 2146 ut

1898 2188 2355 2261 quemadmodum
2387 2186 2527 2253 dixi,
2557 2184 2738 2257 parati
2767 2182 2907 2239 sitis.
2943 2208 2963 2231 ι
3006 2182 3117 2238 Hos
3147 2181 3345 2238 fratres
3375 2195 3482 2236 me-

1900 2283 2095 2344 morat,
2147 2291 2282 2348 quos
2312 2291 2494 2346 supra,
2547 2274 2605 2329 id
2655 2279 2737 2327 est
2781 2271 2989 2339 Titum,
3038 2280 3093 2327 et
3134 2285 3270 2343 quos
3298 2270 3349 2325 ei
3376 2266 3484 2323 ad-

1896 2363 2085 2435 junxit
2115 2362 2411 2433 adjutores,
2457 2359 2552 2433 qui
2598 2357 2899 2430 impensius
2944 2356 3368 2415 exhortarentur
3391 2370 3485 2410 eos

1903 2451 1973 2508 ad
2001 2450 2419 2523 promissionem
2451 2447 2785 2520 implendam
2832 2447 2890 2501 in
2921 2446 3226 2502 ministerio
3258 2449 3486 2500 sancto-

1904 2555 2056 2604 rum;
2107 2543 2310 2591 utnon
2361 2534 2538 2591 solum
2577 2534 2797 2600 litteris,
2833 2533 2928 2588 sed
2953 2539 3007 2587 et
3034 2532 3169 2587 facie
3196 2530 3263 2586 ad
3290 2530 3487 2585 faciem

1905 2629 2240 2686 oblectarent
2261 2639 2353 2679 eos
2373 2622 2581 2679 crebris
2601 2619 3107 2684 admonitionibus;
3138 2633 3208 2673 ne
3235 2617 3489 2672 exsulta-

1904 2717 1984 2775 tio
2010 2713 2265 2788 apostoli,
2310 2728 2421 2785 qua
2447 2712 2506 2767 in
2540 2710 2829 2783 splendore
2860 2705 3031 2764 animi
3060 2720 3248 2761 eorum
3279 2702 3489 2777 gloria-

1904 2807 2086 2872 batur,
2134 2809 2512 2859 evacuaretur.
2568 2798 2777 2872 Sapius
2822 2813 2950 2869 ergo
2996 2795 3100 2852 hoc
3150 2806 3482 2858 memorans,

1904 2893 2336 2953 sollicitudinem
2368 2905 2523 2947 suam
2556 2890 2702 2946 circa
2728 2902 2822 2942 eos
2846 2883 3105 2952 ostendit,
3138 2884 3331 2941 nolens
3357 2881 3489 2937 illos

1906 2980 2193 3041 confundi.

1978 3087 2158 3161 (Vers.
2191 3084 2274 3155 4.)
2310 3107 2329 3131 ι
2358 3082 2439 3141 Ne
2460 3097 2585 3139 cum
2611 3079 2866 3137 venerint
2894 3093 3111 3134 mecum
3140 3076 3485 3144 Macedones,

1904 3185 1957 3235 et
1985 3174 2301 3233 invenerint
2337 3190 2438 3229 vos
2468 3173 2785 3242 imparatos,
2838 3168 3223 3224 erubescamus
3262 3181 3384 3231 nos,
3426 3180 3492 3229 ut,

1904 3282 2015 3323 non
2044 3264 2224 3320 dicam
2255 3275 2443 3317 omnes
2472 3274 2591 3325 vos,
2623 3255 2682 3310 in
2708 3253 2812 3310 hac
2858 3261 3030 3326 parte.
3063 3278 3081 3301 ι
3134 3249 3490 3309 Manifestum

1907 3363 1988 3411 est
2015 3353 2146 3425 quia
2172 3350 2221 3406 si
2250 3365 2363 3405 non
2391 3347 2497 3403 hoc
2523 3345 2810 3400 inventum
2840 3340 3027 3409 fuerit,
3067 3340 3211 3414 quod
3243 3337 3491 3395 testiﬁca-

1907 3450 1998 3499 tus
2023 3448 2106 3496 est
2149 3437 2217 3494 de
2255 3436 2365 3503 his,
2412 3442 2465 3491 et
2511 3432 2625 3504 ipse
2654 3430 2939 3486 erubescat
2980 3429 3048 3486 de
3092 3429 3245 3502 ipsis,
3292 3435 3347 3484 et
3385 3425 3491 3498 ipsi

1909 3528 2146 3602 amplius
2196 3521 2643 3588 confundantur;
2702 3518 2797 3591 qui
2852 3533 2954 3575 nec
3007 3524 3290 3590 propterea
3344 3513 3492 3589 quod

1908 3617 2062 3674 testis
2086 3615 2166 3670 eis
2197 3610 2414 3669 exstitit
2439 3606 2757 3680 Apostolus,
2789 3605 2845 3662 id
2884 3620 3039 3676 agere
3068 3604 3178 3660 nisi
3205 3611 3354 3671 sunt,
3382 3618 3492 3675 quo

1910 3722 2103 3765 verum
2145 3702 2286 3760 illud
2332 3700 2573 3758 facerent
2618 3696 2707 3753 vel
2741 3703 2961 3768 propter
2990 3693 3131 3750 tanti
3166 3692 3274 3748 viri
3313 3708 3492 3763 perso-

1911 3814 2037 3855 nam
2046 3840 2059 3852 .

1987 3901 2167 3976 (Vers.
2199 3899 2281 3970 5.)
2328 3920 2347 3945 α
2373 3888 2745 3953 Necessarium
2776 3902 2904 3958 ergo
2946 3882 3260 3941 existimavi
3306 3898 3494 3954 rogare

1914 3991 2127 4055 fratres,
2156 3994 2220 4043 ut
2244 3982 2607 4057 praecederent
2632 3975 2702 4031 ad
2732 3989 2854 4041 vos,
2881 3981 2935 4029 et
2964 3978 3329 4043 prapararent
3358 3985 3495 4041 pro—

1917 4080 2139 4136 missam
2168 4070 2606 4131 benedictionem
2637 4063 2779 4120 hanc
2808 4069 3044 4118 vestram
3073 4066 3310 4132 paratam
3338 4073 3490 4115 esse:

1918 4172 2012 4229 sed
2054 4170 2134 4225 sic
2161 4166 2315 4241 quasi
2364 4161 2479 4236 (72)
2528 4157 2989 4224 benedictionem,
3033 4170 3144 4210 non
3190 4152 3342 4226 quasi
3376 4152 3496 4209 cir-

1918 4256 2378 4320 cumventionem.
2411 4278 2431 4301 -
2498 4252 2568 4308 Ut
2621 4246 3053 4307 sollicitudinem
3106 4259 3259 4301 suam
3315 4242 3497 4299 adhuc

1920 4348 2250 4414 manifestet,
2283 4356 2495 4415 rogasse
2524 4356 2580 4396 sc
2607 4338 2751 4395 dixit
2778 4337 2993 4405 fratres,
3024 4350 3118 4407 per
3146 4349 3282 4407 quos
3313 4331 3495 4388 admo-

1919 4438 2022 4495 niti
2061 4434 2446 4508 adimplerent,
2475 4430 2621 4505 quod
2655 4427 3020 4502 promiserant
3062 4431 3117 4479 et
3146 4438 3254 4478 non
3296 4420 3497 4491 imple-

1918 4527 2069 4583 bant.
2121 4527 2258 4583 Cum
2302 4539 2467 4595 supra
2503 4521 2685 4576 Titum
2719 4517 2865 4574 dicat
2905 4511 3279 4570 voluntarium
3308 4507 3498 4579 prole-

1919 4623 2091 4682 ctum,
2122 4612 2228 4669 hoc
2255 4618 2355 4678 est,
2386 4624 2497 4664 non
2523 4606 2606 4661 illi
2636 4604 2804 4659 fuisse
2831 4608 3129 4664 extortum,
3160 4597 3253 4651 sed
3284 4609 3412 4648 mox
3437 4599 3499 4646 ut

1922 4680 2154 4769 audivit,
2187 4700 2421 4755 libenter
2450 4695 2736 4764 amplexus
2767 4697 2883 4753 est;
2926 4696 2989 4741 ut
3016 4680 3502 4769 videaturvolun-

1921 4765 2215 4845 tarius'vad
2268 4785 2394 4840 illos
2448 4779 2724 4851 profectus
2770 4780 2991 4846 propter
3035 4783 3185 4838 spem
3231 4765 3496 4821 illorum:

1923 4891 2072 4931 nunc
2098 4888 2211 4928 non
2242 4869 2365 4925 ideo
2393 4881 2450 4922 se
2478 4878 2694 4934 rogasse
2732 4861 2833 4915 hos
2862 4854 3152 4928 signiﬁcat,
3197 4851 3350 4925 quasi
3392 4868 3503 4909 no-

1925 4967 2099 5021 lentes
2125 4962 2242 5026 ire;
2293 4955 2387 5013 sed
2434 4969 2595 5010 suum
2639 4949 2892 5005 affectum
2936 4944 3128 5019 probat
3173 4942 3318 5001 circa
3355 4942 3500 5012 illos,

1926 5050 2144 5126 quando
2187 5047 2434 5103 volentes
2464 5042 2544 5097 ire
2574 5040 2798 5111 insuper
2825 5043 3016 5110 rogat;
3066 5040 3130 5090 ut
3162 5032 3280 5090 sine
3319 5032 3505 5105 aliqua

1927 5123 2083 5199 mora
2106 5140 2221 5207 ﬁat,
2268 5134 2415 5209 quod
2440 5139 2494 5188 et
2522 5131 2604 5187 illi
2638 5131 2853 5196 volunt,
2885 5136 2939 5184 et
2968 5126 3062 5182 hic
3089 5131 3357 5198 precatur.
3390 5123 3506 5180 Hoc

1928 5246 2054 5304 ergo
2098 5228 2211 5300 agit
2249 5239 2376 5282 cum
2421 5220 2529 5291 his,
2586 5226 2648 5277 ut
2693 5219 2752 5274 in
2798 5214 3159 5291 promissione
3196 5227 3294 5272 sua
3319 5210 3507 5269 ﬁdeles

2029 5407 2119 5478 71)
2150 5402 2566 5478 Quidam_mss._,
2595 5394 3053 5478 boateeoluntatis
3082 5390 3366 5478 affectibus.

2029 5409 2119 5478 71)
2150 5409 2382 5471 Quidam
2412 5415 2566 5468 mss.,
2595 5409 2740 5475 bona:
2765 5409 3053 5474 palantum
3082 5409 3366 5461 auecuous.

2002 5409 2122 5551 $72)
2154 5477 2310 5533 Rom.
2344 5472 2502 5539 edit.,
2542 5466 2936 5551 benedtcttoaem
2965 5466 3097 5520 hanc
3123 5468 3387 5517 vestram:
3422 5459 3515 5520 sed

1931 5534 2144 5605 sic‘earln
2170 5552 2420 5619 paratam
2447 5534 2569 5609 esse,
2595 5534 2770 5610 quasi,
2806 5541 2914 5595 etc.

3136 5628 3201 5689 11
