3952 6202
442 289 543 353 331

1445 289 1541 347 ΑΒ
1581 292 1813 357 OPERA
1852 292 1907 351 S.
1950 291 2278 379 AMBROSII
2318 289 2693 353 APPENDIX.

3630 293 3737 355 ἔιῧί

430 413 573 485 sint,
602 420 656 482 et
687 428 746 470 se
773 411 898 479 ideo
922 429 1272 482 commonere
1299 423 1518 497 propter
1564 416 2026 480 existimationem
2056 418 2105 485 Α
2141 415 2359 486 poribus
2391 414 2639 485 largitur,
2659 410 2873 482 justitia
2903 419 3084 475 manet
3112 412 3169 471 in
3199 420 3464 475 atomum
3490 434 3504 481 ;
3539 434 3735 490 quan-

443 505 690 581 iilorum,
718 519 831 561 non
860 503 1289 581 circumvenire;
1321 503 1415 569 sed
1446 510 1507 569 ut
1530 511 1745 569 tantum
1775 503 2025 572 oii'erant,

448 602 712 679 quantum
740 608 854 661 non
882 594 1160 669 poeniteat,

520 686 700 758 (Vers.
728 684 781 753 6,
815 683 894 759 7.)
954 708 973 732 ι
1008 683 1123 747 Hoc
1150 691 1332 745 autem
1361 680 1485 745 dico
1518 696 1531 746 :
1578 679 1707 762 quia
1735 681 1831 761 qui
1871 697 2031 754 parce

444 764 700 845 seminat,
743 786 903 854 parce
932 777 986 833 et
1016 776 1199 834 metet.
1241 794 1260 821 ι
1319 768 1549 834 Parcum
1596 784 1821 833 avarum
1850 768 2033 840 signi.-

445 860 591 927 iicat,
616 857 705 917 cui
729 863 1110 935 extorquetur,
1137 863 1198 921 ut
1218 856 1451 934 inferat;
1484 856 1713 939 panitet
1736 856 1883 921 enim
1903 857 2035 933 quia

444 945 714 1019 promisit.
740 945 857 1007 Hoc
882 943 950 1010 de
978 943 1233 1009 tarditate
1259 946 1482 1011 illorum
1511 946 1745 1029 ωιιίεὶι,
1897 945 2030 1009 olim

442 1032 829 1108 promiserant,
861 1041 916 1095 et
954 1031 1052 1093 diu
1076 1031 1474 1099 deliberabant.
1506 1034 1647 1097 Huic
1675 1049 1836 1117 parco
1866 1049 2033 1113 parva

444 1124 636 1193 messis
664 1131 780 1193 est;
827 1124 958 1207 quia
1002 1141 1128 1189 cum
1160 1124 1504 1191 dubitatione
1531 1125 1803 1199 seminat;
1855 1124 2036 1193 nescit

445 1215 594 1276 enim
624 1213 880 1290 prodesse
925 1214 1070 1289 quod
1100 1214 1252 1281 facit,
1315 1238 1336 1267 ς
1364 1215 1471 1288 Qui
1499 1223 1681 1282 autem
1709 1217 1768 1283 in
1794 1216 2033 1282 benedi.

444 1307 625 1370 ctione
654 1305 907 1381 seminat,
938 1305 1006 1367 de
1043 1305 1425 1373 benedictione
1456 1314 1511 1373 et
1554 1315 1740 1374 metet.
1771 1333 1793 1365 ι
1842 1304 1945 1373 Hie
1974 1306 2031 1369 in

443 1393 828 1459 benedictione
856 1394 1113 1471 seminat,
1147 1394 1241 1469 qui
1280 1394 1424 1461 bona
1470 1396 1755 1461 voluntate
1798 1396 1900 1459 sub
1939 1413 2034 1470 spe

446 1483 647 1549 futurae
675 1483 1061 1550 retributionis
1087 1483 1194 1547 hoc
1222 1484 1353 1565 agit.
1391 1508 1412 1535 ι
1430 1485 1816 1563 Unusquisque
1844 1502 2033 1554 sanun.

445 1573 579 1639 dum
608 1574 952 1649 propositum
984 1572 1192 1647 cordis.
1241 1589 1354 1640 non
1380 1589 1451 1640 ex
1479 1575 1706 1639 tristitia
1733 1585 1828 1639 aut
1854 1592 2034 1641 neces-

444 1664 641 1732 sitate;
671 1664 907 1729 hilarem
937 1663 1088 1727 enim
1119 1663 1364 1729 datorem
1394 1663 1580 1738 diligit
1608 1667 1774 1734 Deus.
1805 1691 1825 1716 ι
1867 1668 2035 1731 Docet

2146 510 2203 565 to
2255 502 2426 577 magis
2476 500 2592 573 ejus
2644 500 2737 573 qui
2798 499 3072 559 ministrat
3127 500 3381 563 sanctis?
3455 504 3737 577 Paupcres

2139 591 2285 653 enim
2330 597 2556 660 Possunt
2601 587 2733 661 dici,
2787 586 2881 660 qui
2924 586 3142 659 publice
3193 588 3310 661 (73)
3357 593 3518 662 egeni
3551 603 3729 655 sunt:

2140 676 2311 739 sancti
2340 676 2487 733 enim
2527 674 2915 737 discernuntur
2944 674 3013 736 ab
3042 674 3158 742 bis;
3201 676 3332 748 quia
3357 677 3418 741 bi
3446 682 3594 741 servi
3633 684 3734 741 Dei

2141 771 2287 839 sunt,
2330 763 2643 829 insistentes
2673 761 3014 827 orationibus
3042 771 3097 821 et
3133 761 3385 835 jejunils,
3428 783 3625 838 puram
3652 771 3733 828 vi.

2142 862 2251 918 tam
2281 861 2521 929 agentes,
2545 853 2688 917 sicut
2715 861 2769 910 et
2794 854 2955 915 Anna
2978 852 3323 925 prophetissa
3343 855 3497 925 (Luc.
3524 873 3593 924 tr,
3613 858 3729 931 37),

2141 959 2261 1015 quae
2288 958 2399 997 non
2439 940 2753 1001 discededttt
2782 940 2851 999 de
2894 942 3121 1013 templo,
3162 940 3391 1013 jejuniis
3427 951 3485 1002 et
3531 948 3732 1006 oratio-

2142 1032 2303 1098 nibus
2348 1032 2592 1095 serviens
2622 1031 2712 1090 die
2748 1046 2811 1091 ac
2840 1038 3023 1101 nocte.
3066 1047 3287 1095 omnem
3318 1035 3515 1097 mundi
3542 1055 3724 1095 oui-am

2144 1131 2490 1199 postponens.
2521 1121 2898 1183 Misericordia
2919 1138 3048 1194 ergo
3064 1120 3199 1190 haec,
3224 1120 3445 1199 justititt
3463 1130 3731 1200 appellata

2143 1220 2220 1275 est
2246 1230 2260 1280 ;
2294 1211 2422 1287 quia
2453 1211 2632 1273 sciens
2661 1209 2757 1283 qui
2789 1208 3040 1282 largitur,
3070 1210 3257 1267 omnia
3279 1212 3455 1273 Deum
3485 1231 3731 1274 eommu.

2144 1298 2288 1361 niter
2316 1297 2573 1359 omnibus
2600 1296 2749 1367 dare.
2796 1296 2925 1369 quia
2965 1297 3049 1355 sol
3095 1296 3212 1369 ejus
3242 1299 3502 1360 omnibus
3530 1304 3728 1368 oritur,

2144 1394 2197 1449 et
2223 1386 2365 1460 pluit
2397 1386 2676 1455 clunibus,
2702 1393 2756 1444 et
2778 1393 2980 1445 terram
3006 1385 3265 1445 omnibus
3293 1385 3486 1449 dedit:
3524 1388 3730 1447 idcirco

2143 1474 2346 1537 dividit
2388 1490 2516 1533 cum
2564 1474 2634 1529 iis
2679 1474 2773 1548 qui
2805 1474 3018 1545 copiam
3051 1480 3206 1531 terrae
3246 1490 3361 1537 non
3391 1474 3731 1553 hebennus

2142 1565 2430 1631 beneﬁciis
2455 1566 2553 1625 Dei
2576 1564 2777 1637 privati
2804 1564 3119 1629 videantur.
3147 1564 3338 1627 iustus
3363 1582 3490 1640 ergo
3509 1576 3609 1637 est,
3636 1569 3731 1642 qui

2145 1654 2251 1719 sibi
2286 1654 2387 1717 soli
2418 1670 2529 1717 non
2559 1652 2787 1722 detinet,
2820 1653 2968 1724 quod
2988 1653 3091 1713 scit
3119 1654 3377 1721 omnibus
3408 1654 3592 1717 datum
3628 1675 3640 1715 :
3676 1664 3733 1716 et

445 1752 574 1817 illos
597 1761 734 1818 tunc
762 1750 1018 1827 prodesse
1045 1750 1153 1813 hoc
1180 1753 1239 1815 in
1276 1752 1547 1823 futurum,
1593 1754 1640 1819 si
1689 1754 1814 1817 laeto
1851 1753 2036 1820 animo
2069 1766 2118 1835 Β
2139 1743 2333 1835 justus
2356 1744 2484 1835 {non
2514 1741 2693 1835 solum
2737 1740 2845 1805 hoc
2884 1740 2941 1835 in
2972 1748 3235 1835 tempore,
3282 1743 3549 1835 sedetis
3571 1752 3730 1835 Aeeten

446 1840 563 1905 fiat.
597 1840 679 1895 Ex
712 1838 800 1903 bis
843 1838 993 1903 enim
1039 1839 1135 1915 qui
1181 1838 1448 1910 inferunt,
1487 1841 1637 1907 hunc
1665 1843 1828 1917 elegit
1869 1844 2036 1911 Deus,

446 1928 541 1987 cui
584 1926 941 1994 retribuatur,
988 1926 1083 1999 qui
1121 1926 1323 1984 devoto
1368 1928 1530 1986 corde
1576 1939 1850 2003 operatur,
1882 1931 2039 2004 quasi

446 2016 823 2083 thesaurizans
851 2015 997 2093 apud
1028 2017 1226 2089 Deum,
1248 2015 1377 2099 quia
1406 2018 1499 2095 qui
1522 2018 1730 2081 invitus
1755 2019 1888 2076 facit
1916 2036 2035 2101 pro-

447 2116 570 2181 pter
595 2115 917 2182 praesentem
946 2106 1235 2190 pudorem,
1266 2122 1336 2162 ne
1364 2107 1489 2165 aliis
1519 2106 2036 2174 inferentibus'tur-

446 2198 534 2273 pis
562 2196 897 2266 inveniatur,
919 2195 1225 2262 mercedem
1252 2211 1365 2253 non
1393 2194 1575 2255 habet.

521 2286 705 2361 (Vera.
728 2286 811 2360 8.)
846 2311 867 2336 ι
884 2286 1083 2353 Potens
1101 2294 1183 2353 est
1200 2288 1345 2353 Deus
1365 2301 1582 2342 omnem
1609 2286 1840 2360 gratiam
1868 2286 2036 2353 abun-

449 2366 578 2445 dare
606 2376 785 2439 facere
812 2374 872 2441 in
902 2375 1080 2441 vobis.
1120 2404 1139 2429 ι
1199 2379 1345 2449 194
1372 2375 1471 2432 Dei
1504 2376 1805 2448 potentiam
1853 2376 2038 2441 adesse

449 2473 566 2539 illis
610 2480 855 2551 exoptat.
902 2476 967 2539 ut.
1002 2474 1147 2541 sicut
1184 2475 1243 2541 in
1272 2472 1630 2543 emendandis
1664 2472 1819 2539 vitiis
1849 2480 1903 2530 et
1928 2472 2038 2537 do—

448 2563 645 2632 ctrinae
672 2562 903 2633 veritate
944 2563 1269 2647 compungit
1296 2562 1462 2629 corda
1492 2562 1753 2630 illorum;
1787 2561 1862 2622 ita
1897 2570 1949 2620 et
1980 2561 2037 2624 in

446 2651 556 2719 hoc
574 2653 757 2717 faveat
784 2653 979 2735 coeptis
1004 2652 1253 2724 illorum,
1280 2662 1339 2721 ut
1358 2652 1640 2722 abundent
1658 2651 1716 2717 in
1734 2649 1885 2715 omni
1915 2665 2038 2722 ope-

447 2757 508 2810 re
536 2742 683 2808 bono
711 2757 810 2823 per
856 2741 1085 2817 gratiam
1113 2742 1236 2810 Dei.
1279 2765 1299 2801 ς
1333 2742 1405 2807 Ut
1449 2742 1509 2807 in
1538 2739 1799 2805 omnibus
1827 2752 2040 2808 semper

448 2845 671 2895 omnem
719 2829 1111 2895 subiciendam
1159 2829 1446 2896 habentes,
1476 2825 1767 2892 abundetis
1796 2824 1855 2887 in
1886 2824 2038 2889 omni

448 2931 610 2999 opere
639 2915 845 2977 bono.»
884 2916 1002 2979 Hoc
1026 2915 1164 2981 dicit
1192 2926 1245 2983 et
1270 2922 1439 2997 optat,
1467 2915 1607 2981 utin
1635 2914 1789 2979 omni
1815 2930 1874 2981 re
1902 2929 2038 2977 sem-

444 3017 545 3076 per
569 3000 901 3056 suﬂicientes
929 3000 1036 3057 sibi
1064 3000 1177 3057 sint
1206 3002 1306 3057 Dei
1341 3008 1500 3070 nutu,
1532 3018 1634 3058 nec
1664 3001 1945 3081 indigeant
1970 3001 2039 3067 iis

446 3104 570 3163 qua:
598 3087 668 3151 ad
697 3088 929 3181 salutem
975 3088 1279 3153 necessaria
1320 3097 1470 3146 sunt.
1521 3087 1579 3153 Si
1615 3104 1739 3181 ergo
1770 3089 2037 3149 suﬂicien-
2077 3119 2123 3181 Ο

444 3178 581 3238 tiam
600 3178 773 3235 solam
795 3177 901 3235 sibi
922 3178 1148 3255 eligant,
1181 3187 1440 3254 poterunt
1467 3178 1527 3239 in
1553 3177 1655 3236 Dei
1681 3193 1841 3253 opere
1868 3178 2036 3243 abun-

445 3266 577 3326 dare
600 3285 615 3336 ;
649 3265 791 3333 illud
821 3267 970 3325 enim
991 3267 1097 3327 sibi
1120 3266 1409 3327 retinendo
1431 3267 1577 3343 quod
1599 3267 1821 3337 sufficit,
1843 3275 2037 3331 caetera

443 3355 505 3413 in
525 3372 657 3426 usus
684 3364 999 3421 sanctorum
1026 3357 1114 3423 vel
1145 3374 1444 3441 pauperum
1474 3357 1795 3439 impendant
1821 3372 2038 3413 necesse

443 3451 526 3507 est
558 3463 571 3505 :
624 3452 678 3501 et
705 3445 812 3503 hoc
841 3445 947 3502 erit
976 3444 1255 3501 abundare
1285 3446 1341 3500 in
1372 3445 1523 3502 omni
1551 3462 1712 3519 opere
1738 3445 1903 3511 bono.
1935 3443 2038 3500 Li-

443 3540 532 3595 cet
559 3531 705 3586 enim
736 3531 925 3604 exigui
954 3530 1203 3589 hominis
1230 3548 1467 3611 parvum
1496 3533 1589 3609 sit,
1642 3532 1789 3611 quod
1820 3531 2035 3599 tribuit,

446 3617 695 3676 abundat
715 3626 920 3686 tamen,
952 3618 1082 3701 quia
1111 3627 1260 3687 recto
1283 3618 1497 3699 judicio
1523 3619 1611 3691 iit,
1637 3627 1691 3676 et
1721 3635 1832 3677 non
1859 3620 2036 3679 solum

445 3708 713 3793 quaeritur
744 3714 1032 3787 quantum,
1080 3707 1173 3765 sed
1201 3718 1255 3767 et
1287 3705 1355 3763 de
1384 3714 1611 3789 quanto,
1640 3714 1695 3773 et
1719 3723 1825 3793 quo
1852 3707 2038 3765 animo

446 3786 628 3855 detur.
676 3795 926 3870 Denique
976 3794 1075 3851 illa
1100 3796 1268 3856 vidua
1308 3795 1367 3852 in
1397 3786 1699 3869 Evangelia
1731 3786 1882 3867 (Luc.
1912 3812 2032 3868 xxi,

444 3887 502 3960 3)
534 3888 602 3945 de
645 3904 817 3961 parvo
855 3885 1074 3955 laudata
1111 3896 1214 3958 est,
1266 3895 1320 3945 et
1365 3886 1458 3961 qui
1500 3887 1674 3943 multa
1722 3886 2033 3957 mittebant,

445 3976 650 4034 laudati
681 3992 793 4034 non
822 3982 970 4033 sunt.
1012 3976 1169 4034 Illius
1198 3975 1348 4034 enim
1378 3989 1611 4049 parvum
1643 3974 1879 4032 multum
1911 3984 2027 4043 est;

444 4070 575 4146 quia
598 4070 724 4153 plus
743 4068 895 4126 misit
922 4085 1085 4153 quam
1116 4077 1365 4143 poterat;
1408 4068 1610 4127 divites
1639 4076 1818 4125 autem
1850 4069 2034 4126 minus

444 4148 735 4224 miserunt,
782 4172 908 4212 cum
944 4148 1072 4227 plus
1100 4165 1353 4229 possent;
1401 4173 1465 4215 ac
1491 4173 1588 4232 per
1620 4155 1728 4213 hoc
1755 4156 2030 4213 modicum

444 4244 621 4313 illius,
645 4260 765 4317 qua
794 4244 940 4299 ultra
968 4244 1114 4300 vires
1142 4262 1267 4302 suas
1295 4245 1471 4314 misit,
1488 4236 1612 4317 plus
1640 4246 1923 4302 inventum
1956 4254 2036 4302 est

446 4349 609 4407 quam
637 4331 877 4388 divitum
907 4333 1146 4390 multum
1170 4351 1185 4411 ξ
1218 4334 1347 4409 quia
1372 4334 1440 4390 de
1467 4350 1532 4389 eo
1552 4335 1697 4406 quod
1725 4335 2034 4392 abundabat

445 4420 547 4486 eis,
573 4420 863 4477 miserunt.
897 4420 1004 4490 Qui
1028 4437 1155 4494 ergo
1183 4430 1399 4479 tantum
1419 4422 1514 4479 dat
1539 4429 1803 4495 quantum
1836 4430 2032 4497 potest,

448 4516 597 4567 recte
640 4508 820 4567 facit:
873 4509 1099 4569 viduam
1140 4519 1323 4568 tamen
1366 4511 1516 4567 illam
1558 4500 1691 4568 ante
1736 4526 1793 4567 se
1835 4511 2032 4579 habet;

444 4601 576 4679 quia
603 4601 721 4660 haec
751 4617 915 4659 omne
945 4602 1089 4683 quod
1118 4602 1331 4679 habuit,
1365 4601 1535 4669 misit.

475 4682 481 4688 ’
516 4693 701 4770 (Vere.
731 4692 814 4767 9.)
858 4717 878 4744 ι
908 4693 1062 4757 Sicut
1090 4692 1357 4765 scriptum
1396 4699 1479 4749 est
1510 4708 1522 4748 :
1567 4689 1853 4763 Dispersit,
1884 4693 2035 4751 dedit

441 4782 795 4868 pauperibus,
833 4781 1053 4863 iustitia
1081 4781 1199 4863 ejus
1228 4789 1411 4847 manet
1442 4782 1500 4838 in
1520 4788 1816 4868 paternum.
1849 4808 1868 4832 ι
1921 4785 2036 4851 Hoc

440 4870 501 4926 in
532 4866 743 4953 psalmo
772 4870 1036 4953 scriptum
1065 4876 1147 4928 est
1175 4868 1473 4933 centesimo
1502 4866 1717 4926 decimo
1746 4869 1946 4941 primo,
1979 4877 2034 4925 et

440 4949 903 5037 per-exemplum
931 4958 1087 5017 addit
1132 4957 1202 5015 ad
1246 4973 1434 5026 curam
1478 4973 1823 5040 pauperum;
1869 4966 1931 5013 ut
1976 4956 2035 5011 in

446 5047 600 5113 omni
630 5063 791 5121 opere
812 5047 960 5106 bono
987 5046 1287 5105 abundent.
1324 5046 1383 5105 Si
1409 5046 1556 5103 enim
1587 5043 1753 5116 hujus
1786 5045 1880 5117 qui
1910 5060 2038 5117 pan.

514 5244 638 5325 (73)
665 5244 871 5325 Omnes
893 5243 1146 5325 adiuuet
1188 5240 1613 5325 quidammss?‘
1648 5237 2044 5325 quipublt‘cant

445 5310 765 5387 egém‘_3unt;
796 5310 998 5371 rectius
1021 5313 1121 5387 alii
1151 5310 1303 5387 mss,
1338 5313 1431 5384 qui
1453 5310 1686 5387 publica;
1716 5310 1821 5366 et'c.

451 5380 493 5466 ,⁷
663 5380 792 5443 Mss.
823 5385 1079 5466 nonnulli
1099 5403 1126 5466 _:
1175 5386 1280 5439 Iste
1323 5380 1557 5466 ergo—est
1584 5381 1771 5451 qut...
1814 5386 1861 5435 et
1886 5380 2038 5435 istius

433 5457 648 5534 iustitia
670 5474 782 5534 eos
810 5457 982 5534 asiae
1006 5457 1065 5513 ίιι
1089 5461 1321 5534 nam
1344 5458 1541 5534 meet,
1771 5523 1807 5534 ..

577 5526 638 5596 ii)
665 5525 799 5596 Cod.
832 5526 1001 5593 Vall.,
1033 5524 1294 5596 addatur
1324 5530 1385 5585 ut
1417 5539 1609 5596 egenus
1632 5524 1893 5596 gemitu},
1928 5528 2033 5596 etc.

543 5592 633 5668 76)
663 5595 784 5655 Non
812 5592 1156 5669 paucimsm,
1185 5596 1237 5657 si
1263 5592 1478 5665 futuris
1503 5592 1797 5666 Wbut;
1838 5592 2036 5664 Laud-,3

2150 1849 2281 1893 num
2314 1832 2431 1904 (74)
2458 1850 2473 1901 ;
2505 1832 2635 1905 quia
2663 1830 2722 1893 in
2761 1830 2962 1895 saeculo
2989 1830 3181 1893 futuro
3214 1830 3358 1899 hanc
3384 1832 3612 1899 habebit
3639 1851 3732 1893 se-

2149 1938 2273 1989 cum
2298 1919 2357 1979 in
2386 1927 2728 1992 perpetuum.

2224 2008 2403 2083 (vers.
2440 2007 2525 2075 10,
2562 2008 2677 2079 tl.)
2734 2030 2754 2061 σ
2781 2007 2885 2080 Qui
2927 2014 3110 2073 autem
3138 2006 3517 2069 subministrat
3545 2028 3734 2074 semen

2151 2098 2445 2164 seminanti
2481 2114 2493 2157 :
2545 2104 2599 2154 et
2628 2113 2823 2170 panem
2850 2098 2919 2157 ad
2950 2098 3223 2163 edendum
3268 2099 3639 2167 ministrabit;
3681 2110 3734 2161 et

2152 2186 2549 2259 multiplicabit
2599 2202 2784 2250 semen
2830 2196 3097 2257 vestrum,
3144 2194 3198 2243 et
3224 2186 3585 2259 amplificabit
3627 2190 3730 2248 ira.

2149 2284 2299 2341 Otum
2324 2275 2555 2348 iustitiae
2582 2283 2814 2343 vestra);
2863 2284 2926 2332 ut
2955 2277 3013 2339 in
3043 2276 3300 2337 omnibus
3326 2277 3730 2348 locupleteminl

2152 2365 2210 2429 in
2244 2366 2395 2423 omni
2423 2366 2821 2438 simplicitate.»
2840 2366 3038 2429 Omnia
3061 2366 3161 2429 Dei
3190 2374 3320 2427 sunt
3344 2373 3397 2425 et
3429 2368 3732 2432 semina,et

2153 2456 2431 2519 nascentia
2444 2455 2538 2517 Dei
2559 2463 2697 2515 nutu
2717 2461 3050 2521 crescunt,et
3070 2455 3590 2526 multiplicantnrad
3611 2474 3732 2513 usus

2152 2545 2437 2601 hominum
2467 2547 2637 2600 :Deus
2657 2561 2783 2617 ergo
2809 2544 2900 2615 qui
2920 2543 3036 2601 haec
3054 2543 3291 2614 dat,ipse
3311 2552 3366 2603 et
3381 2542 3541 2614 jubet
3568 2544 3637 2602 de
3653 2544 3733 2605 his

2152 2633 2546 2697 communicari
2587 2632 2666 2688 eis
2692 2632 2785 2704 qui
2820 2630 3106 2702 indigent;
3156 2646 3220 2688 ac
3248 2648 3344 2703 per
3375 2631 3480 2691 hoc
3508 2649 3617 2692 non
3649 2650 3731 2705 po-

2153 2721 2300 2789 terit,
2320 2721 2412 2794 qui
2450 2719 2646 2783 tribuit
2660 2718 2821 2790 juxta
2855 2719 2954 2783 Dei
2975 2719 3448 2787 voluntatem,Dei
3473 2729 3612 2783 nutu
3631 2737 3733 2779 non

2150 2811 2335 2883 augeri
2393 2809 2750 2873 incrementis
2807 2807 3125 2881 huiusmodi
3184 2808 3251 2869 ad
3290 2808 3733 2880 ampliﬁcandum

2152 2901 2391 2961 fructum
2416 2899 2685 2970 justitite;
2735 2897 2887 2962 danti
2918 2898 3065 2957 enim
3097 2897 3275 2967 addit,
3318 2907 3381 2956 ut
3408 2915 3475 2955 eo
3502 2899 3735 2971 amplius

2154 2989 2269 3062 (75)
2303 2987 2522 3056 habeat,
2554 2988 2701 3046 unde
2720 2987 2905 3059 largiri
2941 2987 3131 3058 possit.
3161 2987 3289 3047 Haec
3314 2995 3398 3047 est
3417 2987 3656 3059 iustitia,
3680 2998 3737 3047 ut

2151 3078 2280 3149 quia
2299 3079 2443 3139 Deus
2464 3077 2577 3143 dat,
2601 3076 2867 3139 retribuat
2887 3091 2955 3132 ex
2978 3091 3043 3132 eo
3062 3082 3117 3135 et
3144 3074 3313 3135 homo
3339 3076 3414 3144 ei,
3440 3076 3534 3134 cui
3570 3076 3734 3134 deest.

2154 3166 2265 3225 Hos
2293 3164 2442 3225 enim
2474 3166 2594 3225 vult
2649 3165 2932 3225 ministros
2984 3179 3101 3221 esse
3130 3179 3344 3232 eorum,
3398 3164 3493 3235 qui
3525 3166 3739 3235 potiora

2155 3254 2436 3325 eligentes,
2467 3254 2653 3326 copias
2695 3253 2981 3325 praesentis
3001 3251 3267 3324 temporis
3292 3260 3580 3323 spernunt,
3602 3261 3736 3311 totos

2152 3363 2211 3405 se
2238 3346 2337 3413 Dei
2366 3344 2529 3405 rebus
2555 3344 2877 3416 obligantes.
2922 3342 3232 3414 Unicuique
3256 3342 3402 3402 enim
3434 3343 3736 3404 secundum

2153 3434 2349 3501 bonum
2380 3435 2720 3495 voluntatem
2752 3434 2926 3495 Deum
2957 3438 3177 3503 praestat
3205 3431 3516 3496 auxilium;
3565 3433 3737 3495 sancti

2154 3523 2299 3579 enim
2322 3524 2415 3596 qui
2444 3522 2586 3578 nihil
2620 3522 2814 3578 volunt
2840 3521 2931 3577 hic
2952 3520 3249 3592 possidere,
3278 3520 3380 3575 nisi
3409 3521 3619 3581 victum
3652 3523 3739 3583 Ita.

2155 3611 2282 3668 bere
2302 3621 2355 3669 et
2375 3610 2659 3679 vestitum,
2682 3610 2781 3666 hos
2802 3610 2895 3683 qui
2918 3610 3034 3675 hanc
3055 3609 3251 3673 habere
3284 3610 3501 3678 volunt,
3535 3620 3739 3670 tutores

2155 3698 2378 3756 illorum
2404 3702 2549 3757 Deus
2574 3715 2688 3755 esse
2716 3698 2990 3770 disposuit
3020 3716 3033 3765 ;
3075 3708 3135 3755 ut
3164 3697 3257 3770 qui
3283 3698 3419 3754 bene
3448 3706 3504 3754 et
3530 3699 3738 3774 simpli-

2137 3789 2295 3846 citer
2319 3789 2400 3844 eis
2446 3787 2867 3854 ministraverit,
2909 3784 3277 3858 ampliﬁcetur
3323 3785 3421 3843 Dei
3452 3794 3629 3853 nutu;
3668 3786 3741 3843 ἰιι

2155 3876 2352 3935 habeat
2380 3876 2526 3934 unde
2555 3877 2819 3950 largiatur
2845 3889 3081 3947 semper,
3128 3883 3184 3930 et
3211 3873 3279 3931 ad
3313 3889 3552 3946 praesens
3580 3876 3743 3933 locn—

2156 3968 2409 4041 pietattts,
2440 3976 2493 4029 et
2522 3968 2580 4025 in
2624 3968 2892 4023 futurum.
2923 3965 3101 4022 Semel
3129 3964 3278 4021 enim
3320 3965 3619 4034 seminans,
3660 3966 3745 4022 bis

2157 4064 2321 4112 metet
2346 4074 2357 4121 ξ
2405 4073 2469 4112 ac
2497 4063 2559 4110 ut
2586 4054 2632 4111 si
2662 4053 2866 4110 futuris
2892 4052 3131 4110 consulit
3162 4052 3282 4124 (76)
3326 4052 3551 4125 spebus,
3600 4054 3744 4111 nolit

2155 4162 2245 4200 eos
2282 4143 2555 4214 subjectos
2611 4142 2829 4211 habere,
2879 4141 2971 4198 sed
3017 4139 3190 4213 magis
3234 4156 3295 4197 se
3340 4140 3418 4197 eis
3461 4140 3736 4210 inclinet;

2153 4232 2280 4305 quia
2313 4249 2344 4286 a
2373 4234 2487 4287 Deo
2528 4231 2691 4302 hujus
2742 4231 2821 4288 rei
2864 4230 3095 4303 accipiet
3128 4229 3450 4291 mercedem.
3501 4230 3559 4285 Si
3590 4231 3741 4287 enim

2152 4322 2219 4377 ad
2246 4337 2480 4393 pmsens
2514 4320 2796 4375 humiliari
2827 4336 2922 4376 eos
2953 4318 3059 4374 sibi
3088 4317 3342 4384 voluerit,
3382 4332 3531 4388 spem
3568 4316 3741 4375 futuri

2154 4409 2391 4473 amittit;
2434 4408 2526 4465 hic
2549 4408 2696 4464 enim
2723 4407 2923 4479 accipit
2953 4406 3257 4466 mercedem
3284 4406 3467 4478 operis
3494 4405 3608 4475 sui,
3639 4406 3745 4465 hoc

2065 4473 2117 4533 Β
2149 4516 2259 4555 non
2284 4498 2612 4570 simpliciter
2639 4514 2821 4568 agens,
2842 4473 2987 4555 sicut
3011 4496 3147 4555 dicit
3173 4473 3473 4556 Dominus:
3514 4519 3533 4543 ι
3561 4473 3743 4562 Amen

2146 4586 2271 4643 dico
2306 4585 2483 4653 vobis,
2512 4591 2869 4656 perceperunt
2894 4584 3195 4647 mercedem
3225 4599 3382 4643 suam
3413 4583 3632 4657 (Matth.
3660 4600 3741 4651 vi,

2148 4678 2260 4733 16).

2181 4677 2399 4842 sitiam.
2424 4771 2511 4839 η,
2542 4770 2660 4841 t3.)
2705 4796 2722 4818 ε
2742 4770 2873 4839 Quae
2904 4778 3161 4844 operatur
3186 4785 3282 4843 per
3310 4786 3411 4827 nos
3439 4770 3741 4843 gratiarum

2145 4859 2418 4921 actionem
2448 4861 2563 4916 Deo
2595 4859 2734 4931 (77).
2768 4858 3039 4925 Quoniam
3079 4857 3406 4930 mysterium
3436 4858 3608 4914 σωοἰί
3642 4858 3745 4914 ιλιι.

2140 4950 2235 5023 jus
2261 4965 2372 5006 non
2401 4951 2582 5011 solum
2610 4948 2828 5020 supplet
2855 4964 2917 5003 ea
2951 4965 3072 5021 quat
3120 4948 3319 5005 desunt
3365 4948 3594 5016 sanctis,
3647 4948 3744 5005 sed

2146 5048 2199 5097 et
2226 5036 2528 5095 abundabit
2579 5051 2681 5107 per
2723 5036 3025 5093 multorum
3074 5035 3371 5108 gratiarum
3406 5035 3653 5099 actiones
3682 5036 3743 5091 in

2147 5230 2299 5288 rebus
2324 5229 2567 5286 consulit.

2222 5303 2341 5374 (77)
2370 5303 2493 5374 Yet.
2522 5300 2653 5357 edit.
2685 5306 2739 5355 et
2764 5314 2892 5374 mss.
2925 5297 3205 5365 nonnulli,
3235 5298 3287 5353 si
3311 5297 3433 5367 quis
3458 5304 3747 5374 operatur,

2147 5369 2471 5451 RoinIedit.
2519 5387 2641 5428 cum
2673 5369 2882 5451 caeteris
2912 5385 3065 5451 mss,
3111 5385 3227 5439 qua:
3254 5369 3533 5451 operatur.
3581 5371 3655 5425 At
3684 5370 3744 5451 in

2147 5444 2399 5586 ﬁquenti
2442 5458 2604 5509 versu
2636 5458 2737 5505 ms.
2786 5438 2955 5501 Carn.
2986 5438 3156 5511 solus,
3188 5439 3546 5505 minister-im
3579 5441 3746 5501 men“.

2216 5533 2253 5573 t.

2216 5533 2253 5573 t.
