3952 6202
200 365 305 427 333

1256 357 1617 417 COMMENT.
1660 356 1729 415 lN
1765 355 1977 415 EPlST.
2030 356 2080 412 Il
2118 357 2214 413 AD
2253 355 2406 417 COB.

3377 358 3482 417 33b

185 493 316 558 Deo,
348 503 441 561 per
470 483 854 561 probationem
881 480 1175 540 ministerii
1207 481 1393 554 hujus,
1424 481 1773 553 magniﬁcan-
1802 482 1853 543 A
1956 479 2137 551 (Vera.
2172 479 2252 550 2.)
2294 502 2315 526 ι
2345 481 2492 551 Rogo
2514 489 2691 540 autem
2719 486 2782 538 ut
2811 497 2922 539 non
2952 494 3196 554 praesens
3233 478 3467 538 audeam

186 586 267 636 tes
294 578 465 635 Deum
490 575 545 632 in
561 572 904 646 subjectione
924 569 1289 629 confectionis
1306 578 1496 627 vestras
1512 571 1571 625 in
1595 573 1778 627 Evan-

188 665 329 739 gelio
359 663 589 732 Christi,
616 669 673 718 et
700 661 761 719 in
786 659 1142 732 simplicitate
1171 658 1691 717 communicationis
1720 658 1779 715 in

168 754 338 823 ,illos,
376 761 430 810 et
469 751 712 825 ipsorum
760 748 1036 807 orationes
1065 748 1185 822 (78)
1217 764 1314 821 pro
1356 746 1515 803 vobis
1556 744 1782 804 deside-

185 841 427 901 rantium
458 856 557 897 vos
584 837 793 908 videre,
827 845 1050 912 propter
1087 835 1621 909 superabundantem
1652 850 1791 908 gra-I

188 929 322 989 tiam
362 934 503 994 195
538 928 637 985 Dei
684 927 743 985 in
793 924 972 984 vobis.
1021 924 1209 983 Gratia
1245 932 1426 982 autem
1470 926 1584 982 Deo
1620 939 1784 996 super

187 1023 548 1084 inenarrabili
575 1023 723 1082 dono
749 1021 887 1094 ejus.
920 1045 941 1071 ι
986 1022 1102 1078 Hoc
1128 1020 1266 1079 dicit
1304 1020 1435 1094 quia
1463 1020 1783 1093 quicunque

186 1123 446 1191 operatur
473 1130 568 1187 per
594 1112 992 1185 dispensatores
1021 1110 1153 1168 doni
1195 1111 1297 1169 Dei
1325 1109 1432 1168 hoc
1459 1125 1598 1183 opus
1635 1109 1782 1167 unde

187 1206 375 1277 gratia:
404 1210 635 1277 agantur
662 1204 795 1270 Deo,
826 1200 896 1258 ab
925 1200 997 1258 iis
1042 1200 1138 1274 qui
1170 1201 1505 1258 necessarios
1532 1206 1786 1273 sumptus

184 1292 465 1364 accipiunt
489 1292 591 1348 sub
620 1290 845 1348 nomine
869 1288 1102 1359 Christi,
1129 1304 1246 1347 non
1274 1289 1616 1347 mendicitati
1642 1290 1782 1345 sub-

181 1380 335 1453 jecti,
367 1380 460 1436 sed
510 1382 643 1447 Deo,
672 1378 740 1434 de
777 1377 937 1451 cujus
982 1378 1146 1437 bonis
1173 1378 1248 1437 ali
1295 1395 1352 1437 se
1391 1385 1598 1437 norunt
1630 1397 1641 1434 :
1668 1393 1781 1435 non

188 1477 397 1525 tantum
429 1467 497 1524 ab
527 1468 607 1524 eis
636 1466 824 1539 gratiae
856 1465 969 1523 illis
989 1467 1321 1536 referuntur,
1353 1466 1448 1524 sed
1486 1482 1518 1521 a
1554 1464 1782 1539 reliquis

192 1558 475 1627 fratribus,
503 1558 601 1632 qui
629 1573 730 1629 pro
758 1556 849 1611 his
887 1555 1089 1628 gratias
1128 1563 1291 1629 agant
1331 1556 1467 1623 Deo,
1494 1569 1783 1612 commen-

186 1646 378 1703 dantes
407 1646 615 1702 factum
644 1643 887 1717 ipsorum
918 1645 1181 1712 Domino;
1209 1651 1272 1700 ut
1310 1644 1497 1718 paucis
1526 1642 1783 1701 tribuen-

187 1746 291 1806 tes,
324 1737 624 1794 multorurn
665 1734 1133 1794 obsecrationibus
1161 1735 1276 1792 Deo
1305 1733 1778 1792 commendantur.

1887 582 1983 638 per
2010 583 2129 623 eam
2175 565 2449 634 ﬁduciam,
2480 584 2585 640 qua
2629 568 2915 625 existimor
2955 570 3156 626 audere
3208 568 3267 625 in
3315 584 3475 641 quos-

1890 655 2038 727 dam,
2076 655 2171 729 qui
2199 654 2531 713 arbitrantur
2562 672 2659 714 nos
2682 657 2981 716 secundum
3009 672 3231 715 carnem
3269 657 3475 715 ambu-

1889 744 2024 803 lare.
2056 768 2077 793 ι
2122 743 2272 803 Idem
2302 759 2493 801 sensus
2522 751 2619 811 est,
2651 761 2809 817 quem
2833 755 2896 804 ut
2923 746 3209 815 dilueidet,
3239 749 3470 821 repetit;

1891 840 2012 889 orat
2038 832 2185 890 enim
2230 842 2293 890 ut
2320 834 2453 890 tales
2485 832 2611 889 illos
2641 833 2903 901 inveniat,
2930 850 2997 890 ne
3025 843 3250 906 cogatur
3293 837 3474 905 irasci,

1892 920 1986 977 sed
2016 929 2078 979 ut
2120 923 2423 996 requiescat
2452 936 2578 978 cum
2625 919 2724 977 eis.
2763 920 2867 977 llic
2910 936 3037 992 ergo
3064 922 3301 991 aperuit,
3330 924 3477 993 quod

1892 1025 2055 1080 supra
2081 1010 2411 1081 signiﬁcavit
2440 1018 2492 1066 et
2512 1008 2693 1066 adhuc
2709 1009 2766 1066 in
2786 1006 3047 1079 subjectis
3070 1009 3289 1080 plenius
3306 1010 3478 1067 maui-

1892 1097 2072 1167 festat,
2103 1099 2244 1157 hanc
2280 1115 2396 1156 esse
2442 1098 2851 1166 conﬁdentiam,
2896 1113 3057 1170 quam
3100 1096 3194 1152 hic
3222 1095 3478 1154 ﬁduciam

1893 1187 2201 1256 dixit,dataa
2223 1189 2340 1260 (80)
2371 1189 2478 1244 sibi
2509 1187 2793 1261 potestatis
2819 1205 2851 1244 a
2880 1186 3120 1255 Christo,
3153 1185 3309 1257 cujus
3338 1187 3479 1243 Vicae

1893 1275 2006 1332 rius
2035 1285 2143 1343 est;
2178 1287 2241 1335 ut
2262 1277 2503 1333 vindicet
2532 1277 2588 1332 in
2620 1293 2712 1332 eos
2737 1276 2852 1349 qui,
2887 1275 2990 1332 sub
3018 1276 3244 1331 nomine
3273 1274 3481 1333 Christi

1892 1372 2132 1435 agentes,
2187 1380 2299 1421 non
2353 1364 2681 1432 obaudiunt,
2737 1373 2801 1421 ut
2853 1363 3126 1434 corrigant
3172 1363 3232 1418 in
3282 1361 3482 1434 quibus

1892 1453 2392 1525 reprehenduntur.
2416 1454 2529 1510 Hos
2554 1453 2692 1510 dicit
2721 1451 2816 1524 qui
2846 1467 2956 1509 non
2979 1450 3295 1522 recipiendo
3322 1449 3480 1523 spiri-

1892 1542 2045 1609 talia,
2085 1560 2205 1615 qua;
2242 1543 2311 1599 ab
2340 1543 2606 1614 Apostolo
2639 1540 2983 1608 dicebantur,
3014 1539 3094 1598 sic
3126 1555 3251 1595 eum
3280 1538 3482 1595 existi-

1894 1629 2137 1699 mabant,
2166 1632 2322 1704 quasi
2371 1632 2611 1689 carnalia
2640 1632 2977 1704 loqueretur,
3015 1644 3137 1702 quas
3166 1624 3484 1699 recipienda

1893 1734 2003 1776 non
2028 1730 2227 1777 essent.
2262 1720 2391 1777 Ideo
2406 1720 2572 1777 dicit:
2605 1744 2624 1767 ε
2645 1720 2786 1787 Quia
2799 1719 3138 1776 arbitrantur
3163 1733 3264 1773 nos
3291 1732 3481 1773 secun.

187 1803 489 1882 Probantes
536 1824 683 1881 enim
715 1831 949 1881 mentem
997 1839 1188 1881 eorum
1218 1823 1278 1880 in
1321 1821 1427 1880 hoc
1454 1838 1636 1895 opere,
1670 1838 1779 1879 ma-
1815 1838 1864 1901 Β
1892 1805 2024 1864 dum
2050 1823 2269 1901 οῇξηωη
2290 1807 2605 1901 anili“)???
2634 1831 2656 1858 ι
2687 1807 2818 1880 quia
2830 1806 2928 1881 qui
2953 1804 3163 1878 399m“
3189 1803 3478 1877 ερίΐίιειίιι

190 1913 457 1986 gniﬁcant
488 1914 547 1970 in
585 1912 662 1970 eis
699 1911 1018 1980 Dominum,
1049 1912 1208 1985 cujus
1250 1927 1343 1986 spe
1382 1910 1608 1981 ﬁrmati,
1642 1909 1783 1968 obe-

183 2000 349 2056 diunt
380 1999 680 2071 Evangelia
710 1998 916 2058 Christi
954 2001 1013 2056 in
1061 1998 1401 2072 subjectione
1431 2000 1633 2057 mentis
1666 2018 1679 2056 :
1712 2014 1781 2059 ne

188 2089 366 2144 velint
397 2104 490 2144 eos
518 2087 625 2144 sibi
654 2086 964 2156 humiliari,
993 2096 1056 2144 ut
1083 2088 1358 2162 praebeant
1388 2106 1508 2165 quae
1538 2104 1778 2146 necessa-

184 2176 270 2231 ria
299 2182 431 2231 sunt
456 2174 681 2231 sanctis.
713 2175 787 2230 Et
829 2174 938 2232 hoc
965 2175 1071 2231 erit
1109 2176 1167 2251 in
1198 2177 1553 2249 simplicitate
1582 2177 1782 2249 gratias

183 2281 347 2337 agere
393 2261 916 2320 communicationis
962 2264 1206 2333 illorum,
1237 2267 1680 2324 commendantes
1727 2283 1785 2324 se

181 2352 535 2411 orationibus
565 2351 787 2407 illorum
820 2360 873 2407 et
901 2350 1188 2409 desideriis
1217 2370 1425 2410 eorum.
1458 2355 1595 2423 Quis
1636 2354 1783 2410 enim

186 2457 301 2499 non
346 2438 534 2512 cupiat
563 2439 739 2496 oculis
768 2438 957 2495 videre
986 2440 1400 2499 necessitatibus
1429 2441 1542 2498 suis
1572 2449 1788 2514 propter

187 2530 290 2588 Dei
324 2544 524 2585 nomen
552 2527 829 2600 subjectos
847 2529 879 2585 ?
912 2529 1163 2603 Denique
1185 2530 1285 2586 Dei
1315 2530 1459 2587 dona
1488 2540 1786 2600 vocantur;

193 2620 311 2676 Deo
330 2617 475 2673 enim
501 2615 615 2684 dat,
647 2617 742 2689 qui
762 2617 851 2673 his
878 2616 1177 2686 ministrat;
1209 2619 1340 2689 quia
1359 2619 1453 2692 qui
1466 2618 1621 2693 jubet
1645 2618 1787 2690 ﬁeri,

193 2707 301 2781 ipsi
350 2707 661 2778 imputatur
696 2704 844 2778 quod
892 2704 1073 2762 datur.
1121 2705 1332 2763 Gratias
1361 2713 1544 2764 autem
1578 2709 1691 2764 Deo
1728 2708 1789 2764 in

193 2796 286 2853 his
314 2801 556 2867 agentes,
586 2803 641 2850 et
685 2810 846 2867 super
891 2793 1163 2851 ineffabili
1212 2794 1358 2851 dono
1391 2794 1527 2869 ejus.
1568 2798 1786 2854 Donum

194 2886 352 2943 enim
383 2884 500 2954 (79)
526 2882 627 2937 Dei
653 2890 753 2950 est,
795 2882 939 2956 quod
968 2883 1163 2943 incitat
1188 2882 1442 2942 homines
1470 2883 1539 2941 ad
1576 2884 1786 2945 bonum

193 2988 370 3047 opus;
403 2986 526 3042 spes
554 2969 700 3027 enim
744 2970 1013 3044 promissa
1054 2973 1272 3032 lacessit
1304 2971 1373 3029 ad
1414 2972 1784 3035 ministerium

191 3076 365 3137 supra
392 3058 624 3116 dictum.
1264 3070 1273 3075 ·

812 3165 1038 3226 CAPUT
1074 3167 1149 3226 X.

263 3263 452 3340 (Vere.
484 3262 563 3336 1.)
607 3285 626 3311 ι
657 3263 778 3337 Ipse
818 3271 1001 3322 autem
1048 3280 1149 3338 ego
1187 3265 1390 3323 Paulus
1426 3264 1654 3324 obsecro
1688 3279 1791 3324 vos

188 3373 287 3429 per
334 3353 814 3414 mansuetudinem
860 3361 916 3410 et
956 3353 1278 3413 modestiam
1326 3354 1556 3423 Christi,
1586 3356 1682 3427 qui
1719 3354 1788 3413 ad

188 3443 389 3501 faciem
421 3441 643 3515 quidem
674 3441 907 3499 humilis
935 3457 1057 3499 sum
1087 3443 1148 3499 in
1194 3442 1352 3500 vobis
1388 3461 1401 3501 :
1436 3443 1629 3500 absens
1658 3459 1791 3502 vero

193 3530 419 3589 conﬁdo
450 3531 509 3587 in
548 3529 727 3589 vobis.
752 3554 773 3579 ι
816 3530 933 3588 Hoc
974 3537 1074 3600 est,
1115 3531 1262 3605 quod
1289 3545 1441 3589 nunc
1473 3530 1629 3599 dicit,
1660 3533 1792 3603 quia

190 3621 320 3678 talis
360 3627 442 3678 est
470 3618 684 3689 absens,
707 3618 889 3695 qualis
913 3628 967 3676 et
994 3635 1250 3692 praesens.
1279 3620 1389 3678 Nec
1417 3618 1565 3679 enim
1594 3621 1791 3678 humi-

192 3708 264 3765 lis
288 3716 409 3765 erat
439 3707 506 3764 ad
545 3708 740 3765 faciem
761 3707 1075 3766 adulatione
1101 3717 1197 3767 aut
1233 3708 1575 3783 subjectione
1603 3710 1791 3770 alicu-

189 3799 284 3871 jus
324 3799 427 3869 rei,
449 3800 544 3874 qui
573 3801 935 3858 constantiam
963 3817 1114 3858 suam
1143 3802 1225 3860 sic
1252 3801 1547 3871 zelabatur,
1577 3810 1642 3860 ut
1676 3803 1790 3862 ali-

195 3886 423 3960 quando
464 3887 627 3945 etiam
659 3904 689 3945 s
718 3888 885 3946 licitis
915 3896 1259 3963 temperaret,
1300 3906 1369 3948 ne
1407 3890 1787 3951 inclinaretur.

190 3976 350 4033 Unde
379 3975 517 4033 dicit
544 3976 601 4035 in
628 3975 735 4034 alia
753 3977 1019 4049 epistola:
1059 3979 1281 4035 «Omnia
1308 3979 1451 4037 mihi
1474 3980 1660 4049 licent,
1692 3978 1789 4038 sed

187 4080 290 4136 ego
318 4063 423 4121 sub
452 4065 660 4123 nullius
709 4064 923 4139 redigar
969 4073 1265 4139 potestate.
1313 4069 1450 4127 Esca
1508 4070 1792 4137 ventri,“

191 4162 393 4210 venter
445 4153 582 4210 escis
616 4172 627 4208 :
660 4156 805 4210 Deus
859 4162 1040 4212 autem
1095 4156 1245 4213 hunc
1295 4164 1352 4215 et
1402 4158 1500 4216 has
1545 4159 1795 4219 destruet

192 4242 254 4313 (Ι
284 4243 419 4300 Cor.
452 4258 534 4307 vr,
567 4240 656 4308 12,
688 4242 799 4312 13).
829 4267 849 4291 ι
890 4243 1019 4299 Ideo
1057 4261 1184 4318 ergo
1224 4244 1417 4301 absens
1454 4246 1785 4317 obsecratur,

189 4338 242 4386 et
264 4328 604 4386 modestiam
634 4328 842 4385 Christi
878 4331 1211 4403 interponit;
1244 4349 1313 4386 ne
1341 4349 1575 4404 prmsens
1602 4332 1790 4392 durior

192 4417 529 4476 inveniatur
555 4431 717 4473 causa
746 4418 991 4474 virorum
1041 4434 1251 4487 eorum,
1284 4436 1443 4492 quam
1473 4432 1553 4478 est
1581 4424 1636 4478 in
1667 4425 1792 4497 epi-

189 4508 377 4576 stola;
410 4513 477 4562 ut
503 4515 913 4602 componentes
934 4522 1016 4602 se,
1040 4508 1138 4582 qui
1176 4509 1353 4566 adhuc
1398 4526 1509 4569 non
1544 4502 1790 4572 e‘menda-
1820 4541 1870 4602 Β

195 4605 416 4666 verant,
478 4596 763 4653 mollirent
809 4597 916 4655 sibi
971 4597 1205 4671 rigorem
1254 4601 1500 4673 Apostoli
1535 4613 1633 4661 :ut
1679 4621 1791 4662 mo-

199 4687 421 4746 deratos
452 4703 545 4744 eos
567 4687 878 4756 inveniens,
909 4704 1092 4762 pressa
1120 4690 1405 4747 severitate
1424 4692 1697 4750 laetaretur
1727 4695 1787 4751 in

195 4778 297 4833 eis.
330 4776 736 4835 Conﬁdentiam
767 4778 950 4851 itaque
978 4777 1238 4836 ﬁduciam
1269 4781 1573 4839 severitatis
1604 4782 1787 4855 signi—

196 4865 406 4933 ﬁcavit,
441 4881 603 4937 quam
635 4865 775 4922 forte
806 4865 864 4922 in
893 4868 1125 4939 epistola
1162 4878 1376 4926 tantum
1406 4870 1607 4929 habere
1638 4879 1789 4947 puta-

198 4952 380 5021 batur,
428 4969 540 5009 non
596 4962 779 5010 tamen
830 4970 1067 5028 praesens
1114 4957 1285 5024 facie;
1327 4959 1455 5031 quia
1508 4959 1568 5015 in
1614 4959 1792 5032 prima

200 5041 433 5113 epistola
472 5058 711 5111 severus,
744 5052 797 5100 et
836 5043 1005 5102 nimis
1040 5043 1252 5117 rigidus
1290 5046 1511 5103 videtur
1538 5063 1554 5115 ;
1586 5054 1640 5101 et
1667 5046 1791 5103 ideo

197 5140 513 5188 commonet
541 5149 610 5188 ne
639 5131 825 5189 eadem
855 5134 1143 5192 severitate
1170 5151 1408 5207 praesens
1426 5141 1633 5202 utatur,
1650 5134 1791 5192 sicut

206 5237 319 5276 non
348 5222 658 5294 sperabant.

214 5400 224 5411 υ
273 5331 392 5401 (78)
424 5330 583 5411 Rom.
614 5328 773 5411 _edi_t.,
821 5330 1200 5411 communionis
1240 5334 1427 5411 vestra:
1456 5328 1514 5382 in
1558 5327 1718 5401 ipsos,
1747 5334 1799 5384 cf

203 5402 262 5455 in
287 5419 488 5475 omnes,
520 5409 568 5456 et
603 5402 674 5475 ἑτιΔ
690 5403 930 5475 ipsorum
958 5405 1217 5470 oratione,
1251 5408 1354 5475 et_c.

240 5472 391 5553 ..(⁷9)
422 5475 582 5553 ⁸019-
615 5470 769 5543 odii,
824 5475 1017 5553 Gratia
1060 5479 1235 5530 autem
1275 5472 1382 5527 Deo
1413 5486 1569 5544 super
1599 5470 1797 5542 ineffa—

199 5541 299 5598 bili
322 5541 478 5598 dono.
512 5546 725 5599 Donum
751 5541 909 5614 enim,
943 5553 1046 5603 etc.

201 5615 695 5746 agmegonnulli
730 5610 903 5689 mss,
938 5617 1075 5677 hanc
1118 5631 1223 5675 esse
1257 5612 1628 5690 conﬁdentiam
1655 5610 1801 5667 dicit

343 5728 361 5758 ³
390 5728 499 5746 νυν.

1893 1902 2050 1967 putat
2077 1896 2176 1952 illa
2197 1896 2439 1955 carnalia
2471 1894 2611 1968 (81).

1965 1984 2145 2056 (Vera.
2166 1984 2249 2056 3.)
2279 2009 2298 2031 ι
2318 1986 2453 2043 Nam
2485 1983 2543 2040 in
2572 1998 2735 2042 carne
2762 1981 3130 2051 ambulantes,
3157 1998 3270 2039 non
3289 1997 3479 2039 securi»

1896 2074 2025 2133 dum
2050 2091 2269 2134 carnem
2303 2076 2625 2134 militamus.
2650 2101 2668 2127 ι
2712 2077 2828 2133 Hoc
2851 2085 2953 2144 est,
2977 2076 3033 2131 in
3061 2091 3287 2147 corpore
3316 2074 3479 2147 positi

1897 2164 2219 2235 spiritaliter
2237 2164 2480 2222 vivimus
2503 2182 2514 2220 :
2551 2164 2870 2237 spiritaliter
2884 2164 3031 2221 enim
3050 2163 3214 2231 vivit,
3238 2163 3333 2235 qui
3350 2163 3481 2220 facit

1897 2253 2040 2325 quod
2070 2254 2245 2325 placet
2265 2256 2396 2311 Deo.
2423 2254 2525 2311 Hic
2543 2270 2671 2326 ergo
2689 2253 2989 2311 secundum
3016 2268 3233 2310 carnem
3254 2252 3477 2320 militat,

1898 2343 1993 2414 qui
2019 2342 2304 2399 desideriis
2333 2343 2514 2400 carnis
2542 2342 2912 2414 obtemperat;
2940 2342 3122 2397 omnis
3150 2340 3299 2396 enim
3328 2330 3503 2395 error.

1900 2440 2023 2482 caro
2051 2425 2274 2484 dicitur.
2302 2427 2521 2484 Christo
2547 2435 2729 2486 autem
2757 2428 2873 2501 ipse
2892 2426 3115 2495 militat,
3141 2426 3237 2500 qui
3252 2424 3483 2483 obaudit

1902 2519 1951 2574 ei
1981 2521 2039 2575 in
2069 2521 2174 2575 ﬁde
2206 2531 2261 2578 et
2286 2522 2596 2596 disciplina.

1975 2612 2156 2683 (Vers.
2173 2611 2256 2683 4.)
2282 2635 2300 2660 ι
2314 2616 2479 2668 Arma
2496 2614 2644 2668 enim
2672 2614 2888 2671 militiae
2904 2621 3102 2670 nostrae
3114 2628 3225 2669 non
3246 2610 3485 2670 carnalia

1902 2707 2052 2769 sunt,
2074 2699 2167 2757 sed
2190 2700 2355 2756 fortia
2382 2702 2513 2756 Deo.
2538 2724 2556 2750 ι
2591 2699 2717 2757 Ideo
2744 2701 2928 2767 fortia,
2971 2701 3102 2774 quia
3131 2700 3479 2773 incorrupta;

1902 2793 2088 2851 omnia
2114 2793 2262 2850 enim
2292 2794 2535 2850 carnalia
2559 2801 2818 2865 corrupta
2849 2800 2995 2850 sunt.
3018 2795 3186 2851 Arma
3200 2809 3329 2867 ergo
3340 2794 3480 2861 ideo,

1902 2883 2032 2956 quia
2057 2890 2363 2956 repugnant
2391 2882 2565 2950 vitiis,
2597 2884 2815 2955 signum
2856 2879 3113 2939 habentia
3142 2883 3485 2955 imperatoris

1902 2974 1989 3030 sui
2020 2973 2247 3043 Christi,
2278 2974 2374 3047 qui
2400 2974 2571 3030 hostis
2598 2981 2680 3029 est
2703 2972 2995 3041 vitiorum;
3018 2972 3161 3028 sicut
3189 2973 3337 3028 enim
3370 2973 3486 3027 im-

1900 3071 2116 3136 perator
2140 3079 2238 3136 per
2264 3063 2470 3121 milites
2496 3080 2624 3119 suos
2642 3061 2890 3119 vindicat
2917 3077 3077 3118 suum
3107 3077 3333 3134 regnum
3362 3078 3374 3116 :
3408 3060 3485 3116 ita

1819 3184 1865 3246 ο
1901 3160 1955 3208 et
1991 3152 2241 3209 Salvator
2269 3168 2365 3224 per
2401 3168 2505 3208 nos
2531 3167 2721 3207 servos
2757 3166 2885 3209 suos
2917 3150 3162 3207 defendit
3190 3150 3358 3206 unius
3382 3148 3481 3205 Dei

1896 3241 2291 3312 professionem
2319 3248 2375 3296 et
2394 3240 2766 3312 disciplinam.

1968 3338 2153 3411 (Vere.
2186 3339 2269 3410 ὅ.)
2315 3360 2334 3385 ι
2360 3338 2445 3395 Ad
2464 3336 2893 3395 destructionem
2919 3335 3313 3405 munitionum,
3343 3334 3499 3407 cogi-‘

1901 3429 2133 3485 tationes
2154 3427 2582 3495 destruentes,et
2601 3441 2818 3482 omnem
2850 3427 3203 3481 altitudinem
3221 3425 3485 3480 extollen-

1900 3526 2009 3574 tem
2039 3535 2096 3575 se
2112 3518 2373 3574 adversus
2406 3516 2773 3589 cognitionem
2810 3516 2927 3570 Dei.
2958 3541 2977 3563 ι
3019 3516 3188 3570 Arma
3216 3514 3485 3585 spiritalia

1899 3605 2033 3663 ﬁdes
2062 3614 2144 3663 est
2198 3606 2529 3679 incorruptae
2578 3606 3004 3679 praedicationis.
3041 3605 3141 3660 Per
3183 3603 3301 3660 haec
3343 3604 3487 3659 Deus

1899 3694 2074 3753 vincit
2104 3694 2375 3767 principes
2402 3702 2457 3751 et
2485 3701 2799 3767 potestates,
2837 3710 2975 3766 quos
3020 3699 3233 3749 constat
3280 3699 3341 3747 ut
3380 3691 3484 3747 sibi

1899 3792 2161 3858 usurpent
2192 3784 2510 3858 imperium,
2528 3784 2721 3842 extolli
2742 3792 2936 3839 contra
2965 3781 3127 3837 ﬁdem
3152 3781 3379 3849 Christi,
3401 3798 3484 3837 eo-

1900 3874 2260 3949 gitationibus
2288 3891 2344 3932 se
2370 3874 2658 3931 hominum
2693 3873 3016 3937 inserentes,
3047 3879 3109 3925 ut
3138 3876 3367 3924 avocent
3397 3884 3488 3925 eos

1898 3981 1931 4022 a
1957 3966 2056 4022 Dei
2090 3969 2230 4027 196
2259 3964 2529 4031 dominio,
2568 3979 2703 4036 quas
2735 3961 3094 4032 cogitationes
3122 3958 3355 4015 destruit
3385 3975 3489 4015 ve-

1900 4065 2033 4121 ritas
2057 4063 2206 4121 ﬁdei.
2240 4064 2574 4120 Munitiones
2602 4077 2729 4132 ergo
2758 4060 3036 4133 principes
3064 4058 3201 4114 dicit
3239 4067 3291 4114 et
3328 4065 3490 4129 pote-

1900 4160 2082 4221 states,
2110 4161 2164 4209 et
2212 4152 2479 4224 spiritalia
2527 4150 2810 4224 nequitiae,
2861 4148 2955 4223 qui
3009 4165 3066 4205 se
3107 4148 3404 4216 extollunt,
3435 4157 3489 4205 et

1900 4251 2116 4299 armant
2143 4241 2453 4298 inﬁdelium
2487 4241 2701 4297 animos
2728 4239 2795 4296 ad
2827 4238 3310 4296 contradicendum
3336 4238 3488 4295 Chri-

1900 4340 1985 4390 sto
2013 4339 2243 4391 :contra
2276 4346 2410 4405 quos
2447 4338 2653 4404 pugnat
2680 4329 2779 4386 Dei
2813 4329 2921 4397 lex,
2954 4328 3224 4400 dissipans
3254 4328 3485 4384 consilia

1900 4436 2107 4478 eorum.
2142 4421 2251 4477 «Et
2273 4419 2330 4477 in
2351 4421 2725 4494 captivitatem
2749 4419 3055 4492 redigentes
3086 4434 3302 4473 onmem
3335 4417 3490 4472 intel-

1901 4513 2123 4583 lectum,
2155 4521 2209 4569 et
2237 4513 2595 4586 perducentes
2626 4511 2693 4568 ad
2724 4511 3093 4568 obedientiam
3124 4508 3331 4566 Christi
3349 4508 3488 4578 (82).

1901 4602 2155 4676 Captivat
2210 4604 2574 4671 intellectum,
2619 4601 2749 4657 dum
2782 4599 3248 4656 contradicentem
3283 4596 3492 4649 ratione

1899 4692 2106 4750 vincit:
2144 4701 2200 4749 et
2227 4692 2295 4749 ad
2328 4693 2492 4749 ﬁdem
2525 4688 2752 4753 Christi,
2781 4688 2871 4743 cui
2897 4688 3049 4759 prius
3078 4687 3491 4755 repugnaverat,
3584 4748 3594 4757 ο

1899 4779 2166 4836 humilem
2196 4788 2251 4835 et
2279 4784 2629 4834 mansuetum
2662 4774 2897 4828 inducit.

1971 4868 2153 4939 (Vers.
2188 4865 2267 4935 6.)
2315 4888 2332 4911 ι
2362 4865 2431 4917 Et
2462 4861 2636 4934 parati
2674 4861 2731 4913 in
2764 4859 3023 4913 omnibus
3053 4855 3336 4911 vindicare
3364 4872 3495 4912 om-

1894 4971 2027 5013 nem
2066 4950 2520 5014 inobedient’iam,
2562 4962 2689 5001 eum
2728 4946 2953 5015 impleta
2998 4944 3164 4998 fuerit
3212 4944 3495 5003 obauditio

1902 5052 2101 5101 vestra.
2133 5066 2151 5089 ι
2195 5038 2549 5095 Manifestum
2580 5040 2661 5089 est
2709 5033 2838 5105 quia
2888 5031 3133 5088 vindicat
3164 5031 3495 5090 inobedien-

1902 5132 2059 5200 tiam,
2090 5145 2216 5187 cum
2247 5127 2400 5181 illam
2449 5120 2780 5179 condemnat
2822 5137 2917 5194 per
2953 5120 3318 5177 obedientiam
3354 5123 3492 5193 (83),

1902 5230 2036 5278 tunc
2063 5218 2215 5274 illam
2247 5216 2553 5281 destruens,
2582 5211 2801 5285 quando
2828 5228 2920 5268 eos
2940 5210 3033 5283 qui
3064 5209 3347 5278 resistunt,
3366 5227 3497 5283 per-

1997 5327 2091 5396 81)
2122 5324 2222 5380 Ms.
2256 5322 2442 5396 Corb.,
2470 5321 2740 5396 putatpilli
2768 5319 3015 5396 camelqu
3050 5318 3274 5396 placere.

1997 5328 2061 5384 81
2122 5328 2222 5380 Ms.
2256 5328 2442 5391 Corb.,
2470 5328 2629 5393 putat
2654 5328 2739 5376 illi
2768 5328 3015 5375 camena
3050 5328 3274 5387 placere.

1974 5328 2091 5469 £82;
2120 5397 2276 5469 Rom.
2315 5395 2475 5469 edit.,_
2502 5394 2817 5469 intellectum
2844 5392 2913 5446 ad
2954 5387 3295 5469 obedientiam
3329 5386 3498 5469 (Thri-

1901 5456 1993 5524 διε)
2024 5456 2271 5537 Cirptipat
2327 5456 2769 5537 intellectum._At_
2818 5463 3081 5537 continuo
3124 5456 3499 5537 posthahetrr

1902 5540 1960 5595 in
1989 5531 2115 5595 cod:
2144 5536 2291 5604 Val.,
2325 5538 2451 5591 dum
2479 5534 2813 5595 contradicit,
2844 5533 2969 5585 dum
3019 5531 3286 5604 rationein
3316 5531 3496 5604 cincit.

1976 5609 2101 5682 (83)
2119 5606 2244 5682 Vet.
2276 5599 2410 5663 edit.
2444 5623 2507 5663 ac
2555 5621 2683 5682 mss.
2713 5618 2845 5682 _non
2874 5599 3500 5682 pan‘ci,‘obautld‘itio‘no-

1904 5667 2037 5739 strh.
2068 5667 2229 5747 Quod
2257 5693 2387 5734 vero
2415 5675 2687 5749 sequitur,
2710 5673 2771 5728 in
2797 5667 2919 5731 cod.
2956 5671 3120 5726 Corb.
3151 5669 3231 5722 sic
3258 5667 3497 5736 legitur;
