3952 6202
443 347 547 404 333

443 559 622 629 batur,
652 561 959 618 damnetur.

519 650 701 720 (Vers.
730 652 807 721 7.)
855 652 1017 717 cQuaa
1042 649 1341 707 secundum
1370 650 1564 705 faciem
1601 657 1748 718 sunt,
1781 650 2009 705 videte.-

443 740 601 795 Nunc
621 740 741 794 vult
783 755 873 793 eos
898 754 1017 810 quae
1047 739 1224 808 palam
1253 744 1401 804 sunt,
1440 737 1806 804 considerare,
1834 737 1890 793 id
1919 744 2021 808 est,

445 843 509 883 ea
536 845 655 901 quae
713 827 959 883 dicturus
1009 833 1115 891 est;
1153 825 1281 897 quia
1328 833 1457 881 sunt
1487 835 1669 898 aperta
1697 826 2017 898 dijudicare.

444 916 593 971 Dicit
620 930 778 985 ergo:
813 940 831 960 ε
851 915 905 969 Si
937 913 1060 985 quis
1084 913 1313 969 conﬁdit
1341 930 1397 970 se
1426 931 1540 971 esse
1570 931 1789 971 servum
1815 914 2022 974 Christi

445 1002 588 1073 (84),
624 1002 729 1058 hoc
763 1003 963 1074 cogitet
1011 1004 1209 1060 iterum
1257 1005 1402 1078 apud
1449 1023 1524 1075 se,
1572 1008 1701 1080 quia
1739 1006 1881 1064 sicut
1910 1006 2024 1077 ipse

443 1090 650 1149 Christi
678 1098 778 1159 est,
812 1093 887 1146 ita
915 1099 969 1146 et
988 1109 1105 1148 nos.
1137 1116 1157 1139 ιι
1191 1092 1265 1149 Iis
1298 1094 1560 1166 loquitur,
1590 1111 1819 1167 quorum
1852 1095 2026 1167 tangit

443 1180 778 1253 superbiam,
805 1182 898 1253 qui
929 1182 994 1238 de
1024 1200 1079 1238 se
1106 1194 1492 1254 praesumentes
1520 1184 1800 1242 inﬂatione
1829 1185 2021 1254 animi,

444 1268 628 1325 minus
657 1286 815 1340 quam
849 1270 1074 1341 dignum
1120 1280 1252 1340 erat,
1305 1272 1371 1327 de
1402 1274 1664 1344 Apostolo
1695 1273 2022 1342 sentiebant,

444 1358 599 1425 quasi
630 1373 739 1413 non
764 1366 981 1429 egerent
1020 1361 1303 1431 praeceptis
1331 1359 1468 1430 ejus.
1501 1362 1648 1427 Quos
1675 1370 2021 1429 commonet;

443 1453 507 1502 ut
536 1446 583 1501 si
612 1445 679 1502 de
703 1462 758 1502 se
787 1446 1143 1515 conﬁderent,
1167 1449 1294 1520 quia
1314 1458 1468 1504 erant
1497 1449 1639 1504 servi
1671 1448 1896 1517 Christi,
1915 1464 2024 1505 non

444 1534 634 1604 utique
665 1532 924 1590 deberent
950 1534 1017 1590 de
1046 1536 1309 1606 Apostolo
1329 1534 1583 1590 dubitare
1603 1554 1616 1602 ;
1636 1535 1729 1591 sed
1761 1543 1815 1591 et
1844 1535 1911 1591 de
1939 1551 2024 1604 eo,

445 1621 698 1693 quamvis
728 1622 902 1693 impar
931 1621 1021 1690 sit,
1041 1624 1127 1678 vel
1157 1624 1412 1679 similiter
1438 1622 1666 1691 sentire;
1691 1639 1815 1679 cum
1837 1622 2027 1696 utique

446 1710 619 1779 magis
662 1710 915 1779 praeferre
967 1710 1072 1766 sibi
1110 1710 1370 1767 deberent
1400 1712 1719 1784 magistrum
1760 1712 2023 1782 gentium.

447 1796 553 1853 Sed
579 1796 671 1852 hic
700 1797 825 1852 illos
853 1797 1221 1854 humilitatem
1254 1800 1309 1855 in
1331 1816 1387 1856 se
1411 1800 1587 1867 docet,
1619 1814 1838 1871 aequans
1866 1815 1921 1855 se
1950 1799 2030 1855 il-

446 1885 545 1952 lis;
580 1901 705 1941 cum
754 1894 892 1942 esset
920 1902 1015 1943 vas
1064 1887 1369 1955 electionis,
1398 1896 1453 1944 et
1490 1886 1745 1958 magister
1783 1886 2025 1958 gentium

445 1973 503 2029 in
535 1972 640 2029 ﬁde
669 1983 723 2030 et
750 1974 997 2030 veritate.
1032 1975 1147 2032 Hoc
1188 1977 1309 2032 vult
1347 1990 1473 2045 ergo
1505 1974 1631 2030 illos
1660 1974 2025 2043 considerare,

447 2064 591 2133 quod
634 2064 821 2137 utique
867 2066 1011 2121 clara
1057 2066 1179 2123 luce
1218 2065 1467 2134 videtur;
1502 2066 1632 2137 quia
1660 2065 1727 2122 de
1764 2066 2026 2137 Apostolo

449 2168 606 2209 nemo
653 2154 992 2211 credentium
1040 2170 1150 2211 non
1182 2155 1304 2226 plus
1343 2155 1789 2228 aestimet,'quam
1820 2155 1887 2212 de
1920 2172 1976 2211 se
2007 2172 2021 2211 :

446 2250 648 2311 quanto
680 2244 849 2316 magis
879 2260 1039 2300 nemo
1063 2245 1246 2300 minus
1277 2260 1440 2316 quam
1460 2243 1527 2299 de
1564 2260 1622 2299 se
1650 2242 1844 2299 debeat
1871 2243 2028 2300 aesti-

446 2346 592 2385 mare
614 2332 640 2386 ?
676 2332 787 2387 Hoc
833 2348 958 2403 ergo
1000 2340 1336 2389 contestatur
1372 2340 1426 2387 et
1456 2331 1640 2398 docet;
1674 2348 1744 2389 ne
1792 2332 2027 2387 elatione

446 2419 646 2474 mentis
677 2420 829 2475 bona:
860 2420 988 2475 vitm
1010 2420 1265 2476 meritum
1290 2419 1717 2491 perderent.Qui
1747 2420 1895 2476 enim
1922 2420 2026 2477 scit

442 2524 500 2563 se
530 2507 736 2577 aliquid
768 2524 899 2577 esse,
932 2509 1188 2565 humiliet
1215 2525 1291 2577 se,
1324 2516 1387 2565 ut
1416 2510 1653 2582 amplior
1679 2509 1794 2567 ﬁat.

516 2597 698 2667 (Vers.
739 2598 820 2669 8.)
871 2623 891 2647 ε
923 2600 1059 2656 Nam
1099 2600 1202 2657 etsi
1240 2600 1451 2670 aliquid
1488 2601 1724 2673 amplius
1762 2600 2025 2673 gloriatus

442 2685 600 2742 fuero
628 2684 696 2742 de
729 2695 991 2759 potestate
1020 2696 1226 2758 nostra,
1256 2705 1420 2764 quam
1459 2690 1610 2747 dedit
1638 2690 1798 2745 nobis
1825 2689 2026 2745 Domi-

445 2791 546 2831 nus
574 2775 632 2830 in
663 2775 1100 2846 aediﬁcationem,
1144 2797 1253 2836 non
1284 2780 1342 2834 in
1377 2778 1804 2835 destructionem
1833 2776 2021 2845 vestri,

443 2878 551 2916 non
585 2862 919 2918 erubescam.
952 2888 971 2911 ι
1016 2866 1173 2919 Nunc
1210 2865 1503 2933 signiﬁcat,
1538 2864 1665 2935 quia
1691 2863 1941 2935 superius
1967 2881 2023 2921 se

443 2947 781 3016 humiliavit,
830 2948 965 3017 ipsis
1009 2965 1065 3004 se
1113 2951 1515 3021 comparando;
1565 2968 1691 3008 cum
1739 2952 1785 3009 si
1823 2953 2023 3010 seeri-

440 3040 531 3104 gat
583 3033 722 3103 (85),
765 3048 876 3089 non
927 3034 1240 3101 erubescat;
1291 3038 1419 3108 quia
1455 3054 1487 3094 a
1527 3038 1765 3095 Domino
1815 3042 2025 3114 accepit

440 3128 758 3189 potestatem
808 3121 1160 3194 praedicandi,
1192 3131 1253 3180 ut
1299 3126 1493 3196 salvet,
1546 3143 1660 3184 non
1714 3136 1777 3184 ut
1833 3130 2023 3201 perdat

438 3209 813 3268 obaudientes.
847 3211 904 3268 Si
935 3229 1061 3283 ergo
1090 3211 1182 3270 hic
1210 3214 1305 3287 qui
1349 3230 1381 3271 a
1416 3217 1653 3273 Domino
1689 3211 1888 3275 missus
1917 3226 2017 3287 est,

436 3300 667 3359 inclinat
735 3319 812 3372 se,
864 3312 1143 3374 comparat
1221 3319 1278 3359 se
1359 3304 1742 3375 inferioribus;
1814 3315 2019 3380 quanto

437 3390 607 3462 magis
654 3391 716 3459 ii,
763 3392 858 3463 qui
908 3393 1117 3448 nullius
1148 3402 1304 3450 erant
1350 3396 1672 3466 testimonii,
1706 3413 2018 3470 comparare

435 3496 490 3536 se
522 3496 631 3534 non
661 3479 941 3546 deberent,
974 3496 1086 3535 non
1133 3480 1311 3539 dicam
1342 3486 1616 3556 praeferre,
1663 3486 1965 3557 majoribus
1989 3489 2018 3545 ?

420 3582 424 3587 ‘
509 3566 690 3633 (Vers.
722 3567 803 3635 9.)
866 3592 885 3615 ι
920 3566 992 3623 Ut
1033 3576 1212 3625 autem
1268 3587 1380 3627 non
1432 3574 1813 3629 existimemur
1861 3574 2017 3646 quasi

433 3663 635 3710 terrere
665 3671 763 3711 vos
810 3672 906 3727 per
950 3656 1225 3730 epistolas.
1258 3686 1279 3711 ι
1318 3660 1416 3716 Ille
1462 3669 1639 3732 potest
1690 3663 1865 3719 videri
1912 3672 2016 3719 ter-

432 3758 549 3797 rere
594 3759 689 3813 per
732 3743 1004 3816 epistolas,
1057 3747 1153 3820 qui
1196 3764 1372 3821 neque
1413 3750 1758 3805 auctoritatis
1783 3750 2013 3823 alicujus

431 3838 533 3898 est,
565 3848 741 3905 neque
768 3850 1005 3906 praesens
1032 3834 1293 3892 ﬁduciam
1324 3835 1489 3892 habet
1506 3837 1769 3909 arguendi
1788 3856 1801 3894 :
1820 3839 2012 3897 absens

429 3929 609 3977 autem
642 3921 765 3978 ideo
793 3924 976 3993 audet,
1009 3923 1138 3996 quia
1174 3941 1410 3997 praesens
1436 3925 1614 3983 timet.

501 4012 682 4080 (Vers.
714 4012 801 4081 10,
830 4013 943 4085 11.)
990 4036 1009 4059 ι
1039 4014 1179 4082 Quia
1214 4015 1460 4088 epistolze
1490 4015 1710 4089 quidem
1741 4033 1929 4091 graves
1955 4025 2009 4075 et

428 4102 595 4157 fortes
647 4111 794 4170 sunt,
841 4108 1129 4175 praesentia
1170 4117 1347 4166 autem
1397 4110 1641 4182 corporis
1678 4112 1916 4182 inﬁrma,
1953 4120 2010 4171 et

428 4201 608 4241 sermo
655 4191 1102 4259 contemptibilis.
1158 4195 1273 4250 Hoc
1314 4197 1546 4252 aestimet
1587 4200 1684 4272 qui
1739 4199 2006 4272 ejusmodi

427 4280 528 4339 est,
552 4272 680 4345 quia
710 4274 896 4344 quales
923 4292 1111 4333 sumus
1131 4280 1298 4336 verbo
1326 4298 1421 4354 per
1452 4284 1709 4353 epistolas
1735 4288 2002 4358 absentes,

427 4360 562 4415 tales
591 4375 779 4415 sumus
809 4370 861 4416 et
907 4371 1197 4432 praesentes
1243 4367 1301 4422 in
1345 4384 1524 4439 opere.
1570 4394 1589 4418 ι
1639 4371 1768 4428 Ideo
1811 4390 1921 4430 non
1950 4392 2006 4432 se

424 4447 595 4504 alium
643 4462 757 4503 esse
812 4449 1114 4518 absentem,
1164 4469 1324 4525 quam
1371 4472 1604 4529 praesens
1647 4469 1749 4527 est,
1779 4463 2001 4533 probat;

1471 342 1566 401 AD
1604 346 1835 403 OPERA
1875 345 1909 399 S
1970 347 2299 404 AMBROSII
2338 344 2711 404 APPENDIX.

443 469 597 529 ducit
626 470 691 528 ad
724 469 920 539 ﬁdem;
958 478 1019 527 ut
1047 470 1275 543 perlidia
1302 470 1369 526 ab
1395 469 1465 527 iis
1492 487 1523 526 a
1549 472 1748 543 quibus
1774 469 2028 527 defende-
2054 479 2105 536 Α

3619 345 3734 413 336

2204 474 2385 543 (Vers.
2422 473 2534 542 l2.)
2577 498 2595 519 ε
2624 474 2743 529 Non
2771 468 2917 528 enim
2968 464 3231 529 audemus
3260 473 3600 548 conjungere
3628 486 3729 534 aut

2135 578 2444 633 comparare
2476 561 2592 633 (86)
2625 577 2724 616 nos
2755 560 2898 633 ipsos
2946 560 3297 633 quibusdam,
3326 562 3423 635 qui
3475 579 3533 618 se
3572 565 3725 637 ipsos

2134 649 2537 705 commendant.
2570 675 2588 698 ι
2629 650 2696 704 Hi
2728 658 2857 707 sunt
2885 649 2977 723 qui
3035 666 3091 706 se
3120 651 3267 723 ipsos
3303 654 3720 726 commendant,

2135 737 2249 808 qui,
2274 753 2383 793 non
2405 744 2621 809 accepta
2649 745 2930 809 potestate,
2961 737 3235 795 dominari
3260 740 3476 810 volunt,
3508 745 3722 801 nomini
3768 774 3775 782 ε

2134 842 2233 882 suo
2277 825 2619 882 vindicantes
2650 825 3048 882 auctoritatem.
3091 826 3198 893 Qui
3244 827 3393 883 enim
3451 830 3716 903 mittitur,

2134 930 2245 971 non
2300 915 2426 983 sibi,
2474 914 2568 970 sed
2597 914 2646 969 ei
2692 931 2723 969 a
2748 931 2856 986 quo
2888 915 3150 982 mittitur,
3194 915 3443 973 vindicat
3483 928 3719 990 potesta-

2134 1008 2243 1057 tem
2280 1018 2418 1074 :per
2464 1000 2610 1074 quod
2652 1003 2812 1057 etiam
2861 1001 3101 1058 ostendit
3155 1018 3212 1059 se
3262 1018 3295 1058 a
3334 1004 3578 1063 Domino
3615 1007 3719 1065 dis-

2135 1099 2473 1161 pensatorem
2531 1090 2787 1145 electum.
2821 1088 2911 1146 Sic
2965 1105 3092 1161 ergo
3148 1105 3259 1146 non
3314 1092 3605 1166 conjungit
3643 1110 3719 1154 se.

2135 1187 2229 1234 aut
2274 1185 2549 1249 comparat
2597 1177 2666 1232 iis
2698 1177 2792 1249 qui
2844 1194 2955 1232 non
3003 1177 3155 1233 missi
3203 1179 3526 1251 pradicant,
3584 1182 3718 1240 dum

2136 1265 2276 1321 nihil
2308 1265 2454 1323 ultra
2480 1280 2795 1322 concessum
2827 1264 3108 1335 praisumit
3139 1265 3279 1337 (87).

2209 1401 2389 1471 (Vers.
2424 1400 2537 1471 13.)
2582 1426 2601 1447 ι
2629 1398 2733 1457 Sed
2764 1399 2867 1470 ipsi
2900 1400 2956 1455 in
2987 1399 3145 1457 nobis
3165 1403 3531 1474 nosmetipsos
3561 1421 3720 1460 men-

2136 1497 2403 1557 surantes,
2454 1498 2507 1545 et
2551 1495 2927 1559 comparantes
2976 1489 3340 1560 nosmetipsos
3386 1490 3569 1560 nobis,
3609 1510 3719 1551 non

2138 1579 2463 1634 immensum
2495 1576 2854 1648 gloriabimur
2888 1594 2899 1631 :
2932 1576 3025 1633 sed
3055 1578 3357 1635 secundum
3408 1595 3718 1639 mensuram

2137 1668 2334 1738 regulae
2363 1682 2524 1739 quam
2556 1666 2788 1738 partitus
2842 1673 2925 1724 est
2980 1665 3137 1723 nobis
3185 1668 3352 1736 Deus,
3410 1684 3722 1727 mensuram

2137 1754 2479 1826 pertingendi
2544 1770 2715 1828 usque
2766 1753 2836 1810 ad
2892 1770 3008 1811 vos.
3056 1779 3077 1804 ι
3139 1754 3309 1811 Tanta
3359 1771 3415 1813 se
3458 1761 3541 1813 uti
3576 1756 3720 1817 dicit

2054 1827 2102 1890 B
2136 1848 2416 1913 potestate,
2478 1827 2683 1915 quanta
2735 1857 2989 1898 concessa
3044 1848 3125 1899 est
3180 1841 3247 1898 ab
3295 1843 3557 1913 Auctore,
3619 1861 3721 1903 nec

2137 1943 2444 1984 mensuram
2478 1927 2679 1999 egredi.
2711 1926 2924 1986 Idcirco
2955 1945 3066 1985 non
3092 1929 3321 2003 superba
3354 1931 3476 1998 erit,
3510 1933 3722 2007 inquit,

2136 2017 2387 2088 gloriatio
2444 2024 2663 2085 nostra;
2706 2016 2926 2089 quando
2982 2034 3093 2074 non
3146 2016 3577 2090 transgredimur
3610 2030 3722 2079 ter-

2124 2105 2348 2161 minum
2404 2105 2543 2161 datas
2602 2106 2906 2177 potestatis.
2974 2104 3214 2163 Gloriam
3259 2123 3356 2179 pro
3392 2109 3719 2167 auctoritate

2136 2193 2337 2265 posuit,
2381 2210 2489 2266 qua
2525 2193 2780 2250 utebatur
2818 2195 2876 2250 in
2916 2194 3355 2269 correptionibus
3402 2201 3542 2259 197
3599 2214 3714 2270 pec-

2134 2298 2377 2346 catorum
2403 2307 2417 2357 ;
2466 2298 2529 2345 ut
2555 2291 2733 2347 salvos
2761 2307 2854 2347 eos
2882 2291 3100 2348 faceret.
3131 2292 3242 2348 Nec
3270 2300 3454 2350 tamen
3484 2295 3707 2366 gloriari

2135 2394 2190 2435 se
2206 2377 2341 2434 dicit
2356 2377 2412 2432 in
2435 2378 2753 2435 extollentia
2774 2379 3074 2451 potestatis,
3092 2377 3187 2435 sed
3204 2379 3275 2435 ad
3292 2380 3712 2439 aediﬁcationem

2134 2467 2375 2523 illorum.
2409 2466 2661 2523 Ostendit
2688 2468 2834 2523 enim
2882 2474 3223 2540 potestatem,
3257 2468 3325 2524 de
3354 2484 3464 2542 qua
3506 2470 3553 2526 si
3604 2471 3709 2541 glo-

2133 2556 2263 2612 riari
2292 2555 2476 2623 vellet,
2521 2572 2631 2612 non
2662 2555 2821 2611 illum
2868 2555 3096 2628 puderet
3125 2555 3278 2630 (88);
3311 2557 3442 2631 quia
3479 2558 3608 2615 data
3633 2566 3713 2616 est

2127 2647 2215 2709 illi
2246 2666 2277 2704 a
2302 2647 2557 2704 Domino.
2589 2648 2693 2703 Sed
2722 2648 2815 2704 hic
2842 2648 2921 2707 sic
2965 2650 3063 2705 illa
3108 2649 3306 2719 utitur,
3336 2660 3399 2709 ut
3443 2668 3555 2709 non
3599 2655 3706 2726 glo-

2132 2736 2305 2792 rietur
2333 2778 2349 2804 ,
2398 2735 2504 2791 nisi
2564 2735 2624 2791 in
2670 2736 2917 2808 profectu
2972 2737 3310 2795 credentium
3332 2783 3352 2809 ,
3411 2741 3715 2814 corripiens

2130 2830 2443 2881 constanter
2483 2825 2747 2890 vitiosos;
2782 2832 2842 2881 ut
2879 2824 3142 2897 glorietur
3170 2827 3228 2882 in
3259 2827 3434 2885 salute
3463 2829 3709 2899 illorum,

2130 2919 2193 2968 ut
2219 2918 2454 2984 potestas
2468 2910 2593 2968 data
2621 2912 2783 2968 saluti
2808 2912 3073 2985 proﬁciat,
3087 2930 3199 2971 non
3216 2915 3463 2973 elationi.
3488 2919 3707 2991 Duplici

2131 3015 2258 3071 ergo
2286 3014 2476 3071 genere
2496 3015 2606 3054 non
2636 3015 2692 3055 se
2721 2996 2778 3054 in
2817 2999 3146 3056 immensum
3186 3001 3408 3074 gloriari
3438 3011 3704 3071 testatur;

2131 3095 2184 3143 et
2206 3086 2335 3160 quia
2358 3087 2655 3144 secundum
2702 3087 2882 3144 datam
2930 3095 3272 3159 potestatem,
3302 3090 3446 3147 sicut
3472 3092 3643 3163 dixit,
3660 3100 3715 3151 et

2054 3175 2099 3237 C
2130 3175 2260 3247 quia
2286 3191 2395 3232 non
2427 3178 2573 3232 ultra
2603 3176 2749 3249 quod
2786 3176 3099 3248 praedicatio
3129 3175 3246 3249 ejus
3274 3188 3548 3251 personet,
3583 3182 3711 3239 vin-

2127 3261 2343 3321 dicabat
2370 3263 2473 3320 sibi
2502 3264 2900 3321 auctoritatem.
2948 3266 3025 3321 De
3071 3264 3159 3322 his
3199 3266 3343 3322 enim
3375 3268 3703 3338 conﬁdebat,

2127 3367 2264 3424 quos
2297 3352 2412 3424 ipse
2439 3353 2765 3409 fundaverat
2795 3353 2853 3408 in
2877 3353 2984 3409 ﬁde
3013 3351 3241 3410 Christi.
3272 3354 3541 3411 Partitum
3561 3356 3709 3414 enim

2126 3438 2261 3497 dicit
2291 3442 2612 3514 unicuique,
2641 3441 2710 3496 ad
2750 3457 2886 3513 quos
2927 3441 2984 3496 in
3013 3441 3400 3514 praedicatione
3429 3443 3709 3520 dirigere-

2125 3535 2249 3584 tur:
2282 3538 2344 3586 ut
2372 3530 2573 3603 singuli
2602 3530 2849 3602 proprias
2877 3530 3086 3603 aliquas
3115 3531 3366 3588 civitates
3417 3532 3703 3605 haberent,

2123 3619 2192 3676 de
2218 3636 2450 3693 quorum
2480 3621 2586 3681 ﬁde
2617 3622 2994 3693 gloriarentur.
3036 3622 3135 3678 Dei
3175 3623 3322 3680 enim
3363 3632 3505 3682 nutu
3531 3626 3704 3685 Macc-

2122 3706 2358 3765 donibus
2402 3709 2694 3781 praedicare
2729 3709 3023 3767 advocatus
3052 3716 3132 3766 est
3158 3708 3251 3767 hic
3278 3712 3579 3784 Apostolus
3611 3732 3624 3771 :
3652 3723 3706 3772 ct

2120 3803 2183 3852 ut
2209 3796 2511 3855 Corinthiis
2568 3798 2977 3871 evangelizaret,
3010 3814 3041 3853 a
3093 3798 3329 3855 Domino
3381 3800 3701 3861 admonitus

2118 3891 2218 3942 est.
2246 3885 2321 3942 Iis
2365 3901 2493 3958 ergo
2531 3887 2793 3944 audenter
2821 3886 3083 3976 loquitur,
3115 3902 3252 3960 quos
3280 3886 3394 3976 ipse
3424 3887 3705 3976 fundavit,

2117 3980 2173 4029 et
2215 3973 2285 4030 ad
2329 3990 2467 4047 quos
2504 3975 2604 4031 Dei
2657 3983 2796 4031 nutu
2844 3973 3093 4047 pervenit
3125 3991 3138 4030 :
3170 3975 3382 4032 caeteris
3428 3992 3540 4033 non
3598 3973 3702 4037 tali

2116 4059 2336 4128 ﬁducia;
2370 4062 2499 4135 quia
2518 4063 2577 4117 in
2600 4063 2777 4119 aliena
2796 4064 2982 4137 regula
2997 4069 3173 4130 erant,
3204 4061 3311 4121 hoc
3329 4071 3433 4133 est,
3456 4065 3519 4121 in
3545 4074 3707 4140 parte

2115 4148 2340 4206 alterius
2367 4151 2732 4222 evangelista.

2189 4287 2367 4358 (Vers.
2402 4287 2513 4359 14.)
2560 4311 2579 4336 ι
2605 4288 2726 4344 Non
2762 4288 2910 4344 enim
2958 4290 3112 4363 quasi
3167 4305 3280 4347 non
3322 4288 3701 4363 pertingentes

2113 4392 2284 4448 usque
2317 4374 2386 4431 ad
2414 4391 2531 4442 vos,
2563 4376 3076 4447 superextendimus
3103 4393 3238 4433 nos:
3268 4400 3287 4425 ι
3329 4376 3437 4433 hoc
3457 4385 3564 4447 est,
3590 4395 3705 4436 non

2114 4462 2266 4536 quasi
2295 4478 2405 4517 non
2433 4463 2844 4533 pervenerimus
2891 4480 3061 4537 usque
3097 4463 3164 4520 ad
3196 4481 3315 4533 vos,
3345 4476 3705 4537 superexten-

425 4536 555 4609 quia
590 4553 701 4592 non
733 4545 847 4593 erat
886 4549 1267 4613 praesumptor.
1303 4545 1352 4600 A
1388 4545 1625 4602 Domino
1661 4549 1806 4605 enim
1845 4560 2007 4623 pote-
2035 4536 2083 4578 υ
2113 4553 2296 4609 dimus
2354 4569 2454 4607 nos
2508 4553 2568 4607 in
2624 4552 3040 4625 praedicatione;
3102 4553 3195 4610 sed
3249 4536 3534 4620 destinati,
3589 4557 3704 4613 Deo

422 4633 614 4683 statem
646 4636 960 4700 acceperat;
1004 4629 1093 4684 cui
1147 4632 1293 4689 enim
1326 4650 1436 4689 non
1469 4642 1548 4690 est
1577 4634 1702 4693 data
1749 4648 2001 4713 potestas,
2113 4641 2363 4697 mittente
2392 4656 2511 4707 nos,
2524 4638 2591 4694 ad
2621 4656 2719 4694 vos
2749 4638 3123 4710 pervenimus.
3155 4641 3560 4712 Superextendi
3580 4642 3699 4715 (89)

420 4716 613 4773 absens
668 4726 845 4789 potest
909 4718 1125 4787 audere,
1187 4736 1424 4791 praesens
1488 4733 1670 4781 autem
1740 4728 2001 4800 pudorem
2031 4758 2034 4761 -
2110 4737 2313 4800 autem,
2345 4737 2426 4785 est
2456 4728 2597 4784 ultra
2626 4727 2847 4783 extendi
2879 4746 3040 4801 quam
3084 4730 3425 4799 conceditur,
3457 4733 3551 4789 sed
3585 4749 3696 4790 non

419 4803 643 4876 patitur.
674 4803 803 4861 Ideo
842 4806 1137 4876 Apostolus
1164 4822 1276 4863 non
1325 4810 1620 4881 erubescit,
1652 4811 1783 4870 dum
1823 4820 2004 4873 corri-
2110 4818 2290 4885 ultra;
2324 4817 2452 4889 quia
2480 4831 2789 4872 mensuram
2818 4815 2970 4874 dedit
3019 4819 3182 4885 Deus,
3216 4834 3379 4890 quam
3410 4828 3695 4877 servarent

417 4892 531 4965 pit;
564 4893 692 4966 quia
746 4893 947 4951 ﬁducia
997 4897 1278 4967 potestatis
1319 4897 1424 4958 hoc
1461 4901 1590 4974 agit.
1626 4902 1752 4961 Haec
1783 4914 2002 4978 propter
2109 4905 2451 4977 evangelistae
2483 4901 2622 4974 ejus,
2669 4920 2831 4977 quam
2888 4904 2979 4961 hic
3008 4920 3063 4959 se
3114 4904 3389 4961 custodire
3436 4914 3692 4965 testatur.

416 4981 519 5037 hos
550 4983 811 5054 loquitur,
844 4984 936 5055 qui
964 5001 1077 5041 non
1098 4987 1249 5043 missi
1280 4988 1649 5060 praedicabant
1677 4992 1996 5062 adulantes;
2107 4993 2235 5050 Ideo
2261 4993 2405 5048 enim
2459 4989 2565 5046 hoc
2610 4993 2868 5062 ostendit,
2900 5000 2963 5048 ut
3013 4990 3190 5047 sciant
3235 4994 3496 5064 quoniam
3524 5012 3558 5050 a
3585 4998 3697 5053 Deo

416 5069 544 5142 quia
571 5087 628 5127 se
657 5072 802 5143 ipsos
826 5074 1208 5132 commendare
1240 5078 1519 5137 volebant.
2106 5080 2175 5137 ad
2223 5080 2323 5136 hos
2376 5078 2615 5135 directus
2671 5087 2784 5147 est;
2844 5096 2905 5135 ac
2959 5094 3054 5150 per
3099 5077 3206 5137 hoc
3255 5079 3526 5139 obaudire
3568 5082 3697 5140 illos

410 5275 748 5359 Μαῃὶίεςιςιιῃη
780 5283 873 5347 est,
903 5278 996 5348 qui
1033 5279 1264 5337 vindicat
1296 5283 1659 5355 obedientiam,
1690 5284 1998 5345 condemnat
2173 5286 2289 5359 (87)
2321 5287 2452 5343 Mss.
2491 5283 2719 5359 aliquot,
2752 5285 2895 5339 ultra
2925 5300 3235 5359 consensum
3255 5287 3554 5356 praesumit.

410 5346 828 5425 iizohettielitiam.
1122 5423 1133 5425 4
1163 5423 1196 5425 υ
1642 5346 1656 5355 ’
2175 5346 2289 5425 (88)
2320 5346 2764 5422 Nonnulli‘mss”
2799 5372 2901 5408 non
2927 5356 3098 5410 solum
3121 5346 3364 5425 puderet.

482 5366 828 5404 ὀειιιεηιῖατηα
2199 5366 2269 5414 88
2320 5366 2584 5414 Nonnulli
2613 5373 2764 5422 mss.,
2799 5372 2901 5408 non
2927 5366 3098 5410 solum
3121 5366 3364 5425 puderet.

482 5416 597 5552 (81L)
633 5419 788 5474 Rom.
820 5420 976 5490 edit.,
1005 5423 1219 5490 conﬁdit
1247 5441 1299 5478 se
1326 5442 1431 5480 esse
1461 5428 1682 5485 Christi.
2173 5366 2290 5500 £89;
2322 5429 2447 5486 Vet.
2479 5427 2611 5483 edit.
2645 5442 2768 5483 cum
2817 5443 2945 5481 mss.
2999 5425 3348 5507 quibusdam,
3390 5443 3497 5507 non
3531 5430 3691 5499 quasi

506 5486 598 5552 85)
630 5488 832 5544 Eadem
862 5492 1017 5549 Ιὶοιη.
1042 5493 1197 5552 edit.,
1226 5512 1323 5548 cur
1345 5498 1391 5551 si
1411 5515 1463 5552 se
1481 5500 1670 5552 eriuat:
1692 5519 1834 5552 unus
1864 5519 1987 5552 ηις-.
2098 5517 2203 5552 non
2239 5501 2385 5552 missi
2416 5498 2742 5552 pervenimus
2794 5496 2865 5550 ad
2912 5512 2999 5550 vos
3052 5514 3110 5550 ut
3154 5498 3550 5552 m‘wdtcattoue.
3601 5499 3691 5552 sed

506 5486 598 5555 85)
630 5488 832 5572 Eadem
862 5486 1017 5549 Itoni.
1042 5486 1197 5561 edit.,
1226 5512 1323 5548 cur
1345 5498 1391 5551 si
1411 5515 1463 5553 se
1481 5500 1670 5570 erigat,-
1692 5519 1834 5560 unus
1863 5519 1988 5572 ms,,
2098 5486 2385 5572 nonariissi
2411 5498 2742 5572 pervenimus
2794 5496 2865 5550 ad
2912 5486 3032 5550 vos‘
3052 5496 3110 5572 in
3148 5486 3556 5572 prwdjcatioue:
3601 5499 3695 5572 sed

407 5553 455 5609 si
482 5571 535 5627 se
553 5553 809 5627 corrigat.

2099 5570 2344 5626 destinati
2374 5566 2431 5624 α’
2462 5568 2567 5623 Deo
2622 5567 2849 5622 mittente
2900 5582 2993 5622 nos
3030 5566 3104 5621 ad
3131 5566 3241 5623 vos.
3276 5568 3686 5638 Superemteudi,
3720 5592 3723 5595 ν

481 5624 597 5698 (86)
628 5624 785 5683 Rom.
816 5629 970 5700 edit.,
991 5635 1240 5692 audemus
1260 5637 1523 5708 conferre,
1540 5647 1635 5696 aut
1658 5659 1984 5716 comparare.

2100 5648 2184 5699 etc
2197 5684 2208 5698 ι
