3952 6202
300 243 398 302 337

299 456 494 512 missus
521 461 624 519 est,
653 448 906 506 resistere
932 444 1272 502 viderentur.

370 542 550 613 (Vers.
585 538 701 609 15.)
750 560 769 584 σ
814 534 949 591 Nam
980 549 1155 606 usque
1181 530 1251 587 ad
1297 545 1396 584 vos
1440 525 1795 599 pervenimus
1822 522 1882 577 iu

300 627 601 700 Evangelio
631 622 862 690 Christi,
903 637 1018 678 non
1048 621 1106 675 in
1137 620 1464 674 immensum
1498 613 1794 686 gloriantes
1821 609 1881 665 in

302 697 495 775 alienis
526 713 825 771 laboribus.
856 736 875 759 ι
939 710 1042 766 Hic
1072 706 1417 763 manifestius
1455 710 1695 775 apparet,
1730 697 1881 771 quod

304 809 458 876 dicit,
488 807 619 880 quia
648 806 761 877 ipse
789 804 915 859 illos
958 800 1306 856 fundaverat.
1352 797 1479 853 Ideo
1511 802 1657 850 tanta
1687 788 1888 847 ﬁducia

307 899 374 956 ad
403 876 810 966 hos'loquitur;
856 906 957 947 nec
984 888 1131 944 enim
1164 888 1344 943 labore
1371 883 1599 939 alterius
1627 876 1886 952 acquisiti

307 985 523 1040 fuerant
570 965 638 1036 ad
678 979 859 1045 ﬁdem,
888 977 1033 1032 sicut
1087 974 1145 1028 in
1174 972 1280 1027 alia
1308 970 1538 1043 epistola
1587 969 1695 1023 ait:
1771 989 1789 1011 ι
1826 965 1889 1020 In

309 1073 528 1132 Christo
558 1070 702 1126 enim
742 1084 835 1140 per
860 1062 1221 1135 Evangelium
1249 1077 1348 1133 ego
1376 1077 1475 1115 vos
1502 1058 1667 1131 genui
1690 1058 1746 1127 (Ι
1763 1055 1888 1110 Cor.

307 1178 385 1229 ιν,
420 1161 530 1229 15).
564 1182 583 1205 ι
622 1157 742 1212 Νοη
769 1171 895 1226 ergo
935 1160 1094 1209 extra
1128 1162 1443 1205 mensuram
1474 1146 1760 1218 gloriatur,
1796 1140 1892 1214 qui

306 1251 361 1307 in
387 1249 569 1305 labore
594 1264 695 1303 suo
710 1245 997 1316 gloriatur.

388 1362 408 1384 ι
444 1338 605 1408 Spem
635 1351 766 1389 vero
812 1332 1076 1389 habentes
1122 1327 1417 1386 crescentis
1454 1323 1582 1379 ﬁdei
1612 1327 1806 1377 vestrae
1835 1318 1893 1372 in

307 1426 462 1481 vobis
508 1420 868 1494 magniﬁcari.
915 1444 934 1468 ι
974 1418 1116 1486 Quia
1160 1416 1401 1472 fructum
1450 1410 1651 1468 laboris
1717 1412 1896 1478 sperat

308 1513 546 1587 quaesitae
578 1509 707 1565 ﬁdei
752 1523 969 1574 eorum,
1000 1505 1207 1562 idcirco
1254 1518 1366 1557 non
1407 1499 1740 1570 negligenter
1790 1494 1896 1548 hoc

314 1582 469 1673 agere
517 1615 572 1655 se
617 1595 924 1668 profitetur,
957 1608 1024 1648 ne
1054 1590 1233 1648 taediis
1261 1599 1314 1645 et
1346 1585 1612 1643 molestiis
1643 1582 1891 1646 cederet;

1349 223 1711 285 COMMENT.
1752 221 1825 279 IN
1860 219 2076 277 EPIST.
2116 219 2164 276 II
2201 221 2294 275 AD
2332 218 2488 276 COR.

299 365 489 426 debere
516 358 726 419 monita
750 357 907 431 eius;
953 370 1025 412 ne
1070 359 1504 418 contemnentes,
1530 350 1646 405 Deo
1692 363 1725 403 ει
1771 362 1879 420 quo
1906 350 1959 410 A
1990 363 2229 419 dentiam
2284 364 2486 417 meam!
2518 364 2609 419 sed
2650 372 2703 419 et
2731 362 2987 435 patimini
3038 376 3144 416 me.
3186 383 3205 407 ›

3456 211 3582 290 sas

3286 332 3584 431 Incipienst

1988 475 2119 514 vera
2171 458 2238 513 de
2290 474 2345 513 se
2395 459 2510 530 ipso
2578 474 2818 528 narrare,
2881 456 3024 514 198
3083 456 3432 529 insipientem
3515 442 3583 510 se‘

1991 547 2149 611 dicit,
2198 547 2325 618 quia
2375 548 2437 600 ad
2516 548 2728 602 laudem
2804 547 2920 617 ejus
2971 547 3195 603 videtur
3266 545 3566 616 pertinere.

1993 636 2220 707 PrOpter
2264 634 2410 706 quod
2457 633 2661 688 dictum
2703 642 2819 687 est:
2866 659 2883 679 ‹
2930 636 3049 690 Non
3081 641 3132 687 te
3175 634 3400 687 laudent
3430 630 3574 686 labia

1996 733 2109 791 tua,
2143 724 2235 779 sed
2278 721 2520 793 proximi
2555 720 2631 775 tui
2683 721 2868 791 (Prov.
2920 738 3103 787 xxvu,
3139 722 3219 790 2).
3264 745 3282 767 ιι
3327 720 3433 776 Sed
3484 718 3575 773 hic

1997 812 2185 868 dolore
2238 809 2590 881 compellitur
2647 815 2867 878 propter
2913 807 3014 861 hos
3072 808 3167 877 qui
3222 823 3347 861 cum
3400 806 3467 860 de
3512 820 3575 859 eo

1998 897 2136 953 bene
2174 912 2285 968 pra:
2332 895 2542 952 caeteris
2571 895 2775 949 sentire
2805 892 3093 959 deberent,
3124 891 3346 960 indigne
3373 890 3576 945 sentie—

1998 987 2152 1043 bant.

2076 1077 2257 1148 (Vers.
2280 1077 2361 1147 2.)
2409 1101 2426 1123 ι
2447 1075 2639 1131 Zelans
2658 1073 2804 1129 enim
2827 1088 2925 1127 vos
2944 1071 3040 1127 Dei
3062 1071 3198 1137 zelo;
3226 1067 3410 1139 paravi
3438 1066 3579 1121 enim

2002 1180 2102 1219 vos
2120 1163 2216 1218 uni
2233 1164 2354 1217 viro
2373 1162 2644 1233 virginem
2666 1167 2869 1215 castam
2891 1159 3164 1227 assignare
3181 1156 3438 1211 Christo.-
3456 1152 3583 1217 Quae

2005 1252 2290 1309 locuturus
2319 1259 2422 1317 est,
2454 1264 2637 1304 amore
2686 1263 2874 1303 eorum
2920 1245 3197 1300 dicturum
3231 1259 3285 1297 se
3316 1240 3581 1301 ostendit;

2004 1348 2067 1397 ut
2124 1355 2235 1394 non
2287 1338 2460 1410 magis
2488 1338 2557 1392 ad
2614 1335 2830 1391 laudem
2891 1332 3009 1404 ejus
3064 1332 3336 1404 proficiat,
3376 1330 3467 1384 scd
3522 1327 3589 1381 ad

2005 1428 2312 1501 profectum
2353 1426 2589 1481 horum:
2622 1433 2685 1480 ut
2734 1423 2948 1478 discant
2976 1419 3432 1493 quemadmodum
3489 1432 3591 1486 pa-

2006 1517 2150 1572 renti
2206 1532 2304 1572 suo
2364 1515 2423 1569 in
2449 1512 2752 1584 Evangelio
2790 1512 3046 1576 faveant;
3106 1509 3235 1580 quia
3264 1503 3591 1576 vituperatio

2005 1604 2175 1676 patris
2204 1604 2469 1659 detractio
2508 1603 2752 1656 ﬁliorum
2786 1608 2886 1665 est,
2918 1606 2969 1652 et
2996 1598 3113 1650 laus
3145 1594 3384 1649 iiliorum
3423 1590 3592 1661 gloria

314 1691 443 1763 quia
474 1684 811 1758 magniﬁca“
842 1699 899 1739 se
920 1679 1154 1739 credidit
1180 1677 1325 1751 39ml
1352 1679 1546 1764 Diam?"
1578 1674 1623 1764 s_i
1655 1686 1898 1764 aufée‘m‘
1926 1690 1973 1751 Β
2003 1674 2175 1764 patris
2203 1700 2285 1747 est
2341 1691 2532 1759 (Eccit'.
2586 1706 2667 1755 ut,
2705 1688 2816 1754 13).
2877 1684 3131 1754 Virgines
3162 1698 3288 1751 ergo
3328 1681 3447 1733 vult
3502 1694 3592 1731 eos

313 1757 406 1833 tur
447 1776 507 1830 in
549 1757 657 1830 ﬁde
700 1769 974 1826 auditores
1018 1765 1157 1838 ejus,
1205 1764 1347 1820 sicut
1392 1760 1529 1817 dicit
1580 1757 1894 1815 Dominus:

330 1887 349 1910 ι
380 1864 557 1928 Pater,
608 1860 749 1917 sicut
778 1854 976 1912 misisti
1006 1870 1092 1910 me
1134 1852 1194 1908 in
1222 1850 1371 1907 hunc
1399 1846 1689 1912 mundum,
1719 1851 1773 1898 et
1800 1857 1898 1913 ego

314 1950 438 2008 misi
469 1965 561 2005 eos
587 1949 647 2004 in
689 1947 837 2002 hunc
865 1942 1157 2010 mundum,
1189 1948 1241 1997 et
1267 1955 1366 2011 pro
1394 1937 1472 1993 eis
1501 1932 1783 1991 sanctiﬁco
1812 1944 1900 1984 me

312 2039 490 2112 ipsum
521 2037 701 2109 (Joau.
733 2050 874 2091 xvu.
906 2032 994 2101 18,
1028 2030 1140 2101 19).
1172 2053 1190 2075 ι
1247 2026 1363 2082 Hoc
1392 2024 1547 2112 dicit,
1578 2020 1709 2112 quia
1733 2017 1899 2112 testi-

312 2105 567 2185 monium
597 2122 846 2195 magistri
880 2128 961 2177 est
1006 2119 1067 2174 in
1117 2113 1404 2188 discipulis
1434 2105 1898 2171 obaudientibus;

318 2214 468 2272 unde
498 2213 579 2269 ait
601 2228 612 2265 :

392 2302 575 2374 (Vers.
637 2296 752 2368 16.)
798 2319 818 2344 ι
857 2295 921 2351 In
979 2291 1139 2349 vobis
1194 2286 1533 2361 magniﬁcari
1605 2280 1906 2374 secundum

315 2370 563 2465 regulam
622 2394 865 2444 nostram
924 2384 981 2438 in
1024 2377 1383 2446 abundantia,
1431 2382 1486 2431 et
1534 2379 1597 2428 ut
1651 2371 1818 2427 etiam
1848 2370 1908 2424 in

318 2477 659 2553 regionibus,
715 2491 837 2547 quae
891 2471 1039 2528 ultra
1095 2484 1196 2525 vos
1244 2474 1394 2535 sunt,
1448 2459 1835 2534 evangelizem.
1876 2479 1897 2504 ι

316 2551 517 2627 Laetior
559 2566 626 2622 de
656 2563 767 2620 ﬁde
807 2577 1021 2630 eorum,
1070 2559 1217 2616 ultra
1245 2572 1338 2612 eos
1382 2551 1807 2628 praedicatorum
1855 2560 1912 2602 se

317 2654 623 2714 necessario
651 2650 938 2725 proﬁtetur
965 2647 1033 2705 ad
1080 2643 1385 2718 augendam
1429 2639 1660 2713 gloriam
1700 2635 1911 2710 praedi-

318 2746 599 2810 cationis;
649 2724 743 2797 ubi
773 2738 955 2795 adhuc
1002 2751 1113 2792 non
1146 2735 1323 2789 fuerat
1369 2730 1744 2804 praedicatum.
1795 2749 1813 2772 ε
1842 2724 1914 2780 Ut

323 2848 438 2888 non
470 2831 525 2885 in
551 2829 728 2885 aliena
756 2826 940 2901 regula
970 2820 1282 2896 praeparatis
1319 2820 1638 2893 gloriemur.
1670 2840 1689 2863 ι
1724 2812 1912 2871 Mani-

324 2918 528 2974 festum
558 2923 638 2972 est
668 2915 794 2988 quia
823 2898 926 2968 vvir
962 2911 1201 2985 prudens
1248 2923 1358 2963 non
1409 2906 1468 2961 in
1524 2904 1613 2959 his
1658 2898 1911 2966 conﬁdit,

324 3024 507 3080 neque
547 3005 772 3078 gloriam
820 3008 1017 3075 sperat,
1050 3016 1169 3073 quae
1225 3000 1284 3054 in
1338 2996 1572 3053 aliorum
1630 2990 1913 3048 laboribus

327 3078 583 3156 constant
616 3094 754 3166 (90).
786 3092 914 3149 Ideo
942 3096 997 3145 et
1025 3086 1321 3159 Apostolus
1360 3100 1473 3141 non
1501 3079 1667 3137 audet
1703 3079 1765 3166 in
1780 3078 1911 3166 Ahos,

331 3185 427 3258 qui
469 3181 593 3237 aliis
627 3162 1063 3253 praedicantibus
1090 3172 1474 3237 crediderunt;
1504 3185 1573 3224 ne
1623 3167 1681 3221 in
1721 3162 1916 3219 alienis

331 3254 611 3332 laboribus
657 3267 881 3341 gloriari
912 3264 1192 3321 videretur
1224 3280 1238 3329 ;
1279 3260 1373 3318 sed
1403 3260 1509 3314 hoc
1554 3254 1834 3320 innititur,
1856 3257 1918 3306 ut

331 3362 414 3420 eis
466 3360 742 3433 praedicet,
796 3354 999 3427 quibus
1048 3367 1161 3407 non
1218 3357 1334 3406 erat
1387 3342 1793 3408 annuntiatum,
1858 3345 1922 3394 ut

333 3449 563 3524 gloriam
597 3445 778 3501 labore
816 3459 916 3497 suo
949 3448 1155 3515 quierat
1187 3438 1327 3510 (91).

411 3541 592 3615 (Vers.
650 3535 763 3607 17.)
811 3560 830 3582 ι
867 3532 973 3602 Qui
1009 3539 1190 3588 autem
1247 3528 1533 3603 gloriatur,
1581 3523 1639 3579 in
1685 3519 1921 3577 Domino

340 3606 622 3705 glorietur.
652 3649 670 3673 ι
714 3606 831 3680 Hoc
880 3621 1029 3679 dicto
1071 3616 1404 3691 signiﬁcavit
1434 3614 1605 3684 ipsam
1635 3606 1923 3666 conﬁden-

336 3699 471 3777 tiam
503 3726 554 3772 et
585 3713 812 3787 gloriam
849 3709 1087 3767 Domino
1116 3706 1375 3772 dandam,
1420 3701 1577 3774 cujus
1604 3699 1775 3772 gratia
1803 3704 1921 3763 est;

340 3815 404 3865 ut
430 3807 523 3879 qui
553 3806 611 3859 in
641 3809 904 3876 potestate
932 3798 1248 3869 evangelica
1276 3792 1527 3857 conﬁdit,
1560 3790 1673 3844 Deo
1700 3792 1922 3841 auctore

342 3874 584 3957 conﬁdat
607 3914 621 3963 ;
642 3874 729 3951 _ut
755 3900 993 3964 quaestus
1021 3887 1205 3945 omnis
1244 3882 1450 3957 negotii
1479 3877 1658 3936 divini
1688 3874 1925 3933 Domino

341 3987 402 4044 in
428 3988 644 4043 lucrum
674 3981 878 4038 veniat.
908 3978 1013 4035 Sed
1039 3977 1135 4050 qui
1166 3990 1277 4031 non
1306 3970 1507 4043 accipit
1537 3972 1865 4041 potestatem
1894 3978 1927 4017 a

340 4075 477 4141 Deo,
509 4086 623 4128 non
652 4075 830 4142 potest
858 4068 918 4122 in
964 4064 1202 4122 Domino
1232 4060 1493 4133 gloriari;
1526 4056 1656 4130 quia
1695 4050 1925 4125 gloriam

342 4177 499 4218 suam
539 4156 755 4230 quaerit.

428 4246 614 4319 (Vers.
659 4243 770 4315 l8.)
814 4266 833 4290 ι
867 4241 990 4298 Non
1017 4239 1164 4295 enim
1198 4235 1294 4309 qui
1321 4250 1377 4290 se
1428 4233 1610 4304 ipsum
1644 4244 1930 4287 commen-

344 4336 466 4405 dat,
499 4340 555 4391 et
597 4331 858 4405 probatus
888 4337 999 4385 est:
1034 4326 1129 4383 sed
1159 4340 1320 4397 quem
1348 4321 1618 4378 Dominus
1645 4334 1930 4376 commen—

347 4425 462 4483 dat.
495 4447 515 4472 ι
560 4421 770 4479 Verum
798 4425 898 4487 est,
928 4416 1057 4489 quia
1088 4413 1248 4468 illum
1276 4409 1542 4466 Dominus
1571 4407 1932 4475 commendat,

346 4523 402 4571 et
430 4515 525 4571 ille
554 4511 821 4585 probatus
849 4515 953 4573 est,
982 4521 1142 4579 quem
1174 4501 1400 4573 dignum
1433 4497 1612 4565 habet,
1644 4514 1708 4554 ac
1739 4495 1930 4562 mittit,

353 4612 410 4660 ut
436 4583 706 4676 praedicet
752 4597 959 4653 donum
1001 4593 1155 4665 ejus;
1190 4605 1347 4663 quem
1375 4594 1554 4644 autem
1602 4602 1712 4642 non
1741 4583 1933 4650 mittit,

355 4672 464 4749 non
494 4691 651 4746 illum
684 4683 1051 4745 commendat.
1094 4683 1212 4754 Ipse
1254 4685 1436 4735 autem
1465 4693 1522 4733 se
1565 4672 1930 4733 commendat.

354 4781 446 4853 qui
476 4796 588 4836 non
618 4778 818 4835 missus
854 4773 1115 4849 praedicat
1143 4788 1158 4836 ;
1198 4785 1261 4826 ac
1298 4783 1393 4841 per
1420 4767 1526 4824 hoc
1565 4764 1794 4822 idoneus
1823 4775 1935 4817 non

355 4878 453 4940 est,
475 4869 567 4928 sed
600 4872 965 4942 praesumptor
992 4869 1048 4918 et
1071 4858 1353 4932 reprobus.

951 5021 1180 5083 CAPUT
1218 5020 1315 5076 XI.

439 5176 619 5249 (Vers.
655 5174 734 5246 1.)
771 5195 787 5218 ε
832 5170 1047 5227 Utinam
1076 5162 1423 5224 sustineretis
1449 5157 1711 5233 pusillum
1741 5156 1945 5225 impru-

434 5405 557 5479 (90)
599 5403 787 5479 Codex
816 5399 1006 5479 Corb.,
1031 5394 1229 5479 quibus
1252 5392 1508 5479 oliorum,
1534 5384 1944 5479 llub‘or

596 5454 798 5548 636i};
826 5454 1195 5548 edibet'mss.
1228 5463 1456 5548 aliquot,
1491 5454 1677 5548 la‘hori.
1690 5468 1785 5548 8:1?
1814 5464 1951 5548 (Ilig-

375 5521 636 5615 ra‘tZiiiss
657 5521 856 5608 eoin;
867 5521 1049 5598 iiiioii
1071 5521 1170 5594 suo
1187 5521 1460 5611 acquirat,-
1480 5523 1682 5606 reliqui
1710 5521 1951 5584 demum,

2007 1796 2122 1837 esse
2151 1779 2207 1835 in
2264 1778 2409 1844 ﬁde;
2443 1776 2587 1832 unde
2636 1784 2690 1830 et
2744 1780 3089 1843 corruptores
3138 1768 3266 1824 ﬁdei
3295 1767 3499 1822 zelatur
3525 1765 3592 1818 ab

2008 1869 2115 1937 his,
2165 1876 2228 1923 ut
2283 1869 2341 1923 in
2388 1866 2478 1922 die
2502 1863 2701 1935 judicii
2734 1859 3196 1917 incontaminatos
3225 1872 3315 1910 eos
3360 1854 3595 1924 assignet

2004 1959 2180 2032 judici
2208 1958 2446 2016 Christo.
2504 1957 2643 2011 Hinc
2671 1964 2771 2023 est,
2832 1952 2975 2007 unde
3034 1959 3088 2005 et
3144 1949 3199 2003 in
3258 1943 3589 2016 Apocalypsi

2011 2049 2235 2105 Joannis
2264 2048 2497 2119 legitur:
2573 2069 2590 2091 ι
2618 2044 2686 2099 Hi
2733 2051 2884 2109 sunt,
2911 2039 3113 2112 inquit,
3167 2036 3261 2107 qui
3309 2050 3432 2091 cum
3466 2049 3595 2088 mu—

2013 2137 2242 2193 lieribus
2288 2153 2399 2192 non
2446 2144 2573 2191 sunt
2603 2134 2982 2206 coinquinati;
3014 2130 3256 2202 virgines
3292 2126 3437 2181 enim
3467 2140 3597 2195 per-

2015 2225 2453 2284 manserunt.'Hi
2492 2233 2804 2296 sequuntur
2846 2222 3060 2292 Agnum
3094 2230 3418 2291 quocunque
3447 2211 3599 2267 vadit

2020 2316 2206 2387 (Apoc.
2239 2330 2359 2381 xxv,
2389 2313 2468 2383 4).
2520 2336 2538 2359 ι
2583 2313 2644 2366 In
2677 2308 3003 2365 mulieribus
3049 2320 3285 2360 errorem
3316 2299 3597 2371 Signiﬁca-

2021 2404 2137 2469 vit;
2175 2404 2303 2474 quia
2331 2417 2484 2455 error
2515 2416 2606 2470 per
2634 2399 2919 2455 mulierem
2942 2396 3124 2465 coepit,
3154 2394 3296 2447 sicut
3315 2399 3367 2445 et
3391 2386 3599 2443 .lezahel

2023 2490 2310 2546 mulierem
2365 2488 2500 2543 dicit
2558 2494 2780 2558 propter
2812 2500 3039 2539 uxorem
3082 2480 3291 2545 Achab,
3338 2493 3456 2549 quae
3488 2476 3601 2529 zelo

2022 2578 2151 2633 Baal
2196 2575 2294 2633 Dei
2352 2574 2641 2647 prophetas
2698 2572 2902 2627 occidit
2959 2570 3071 2639 (111
3114 2570 3235 2635 Reg.
3268 2581 3431 2629 xviii,
3459 2562 3549 2631 40)
3586 2578 3599 2625 ;

2022 2683 2148 2724 cum
2206 2664 2548 2735 intelligatur
2618 2658 2949 2721 idololatria,
3001 2671 3107 2728 qua
3182 2658 3606 2721 corrumpuntur

2023 2771 2201 2812 mores
2246 2761 2301 2808 et
2346 2752 2475 2808 ﬁdei
2520 2751 2740 2805 veritas.
2774 2748 2909 2802 Nam
2946 2744 2990 2799 si
3023 2742 3279 2798 mulieres
3314 2736 3603 2806 intelligas,

2023 2853 2085 2900 ut
2136 2843 2259 2899 ideo
2313 2848 2467 2912 putes
2526 2838 2767 2908 virgines
2818 2835 3007 2899 dictas,
3068 2829 3195 2902 quia
3241 2841 3467 2896 corpora
3506 2840 3604 2878 sua

2021 2911 2452 2988 incontaminata
2494 2931 2871 2989 servaverunt,
2921 2918 3170 2977 excludis
3208 2916 3276 2971 ab
3307 2915 3407 2969 hac
3437 2911 3609 2982 gloria

1944 3029 1987 3089 ρ
2021 3026 2255 3084 sanctos;
2290 3016 2418 3089 quia
2469 3030 2660 3069 omnes
2713 3009 2967 3083 apostoli,
3025 3004 3267 3076 exceptis
3321 3002 3524 3056 Joanne
3554 3007 3607 3053 et

2028 3109 2218 3175 Paulo,
2264 3122 2466 3161 uxores
2517 3102 2845 3158 habuerunt.
2899 3099 2970 3151 Et
3024 3094 3149 3149 vide
3194 3107 3264 3145 an
3319 3087 3609 3144 conveniat

2029 3209 2282 3252 accusare
2344 3193 2565 3248 Petrum
2646 3187 2976 3257 apostolum,
3034 3180 3127 3251 qui
3205 3176 3413 3246 primus
3464 3175 3608 3228 inter

2031 3282 2306 3356 apostolos
2336 3287 2437 3347 est,
2470 3283 2674 3349 quanto
2704 3272 2877 3342 magis
2907 3270 3049 3323 inter
3073 3274 3295 3321 caeteros
3316 3264 3343 3318 ?

2107 3372 2288 3444 (Vers.
2322 3368 2400 3437 3.)
2449 3391 2464 3411 ι
2488 3348 2683 3419 ίΤὶιηρο
2714 3368 2892 3416 autem
2927 3374 3010 3424 ne,
3035 3357 3176 3411 sicut
3200 3366 3419 3421 serpens
3441 3348 3609 3401 Evam

2035 3443 2255 3517 seduxit
2283 3455 2481 3511 astutia
2510 3468 2626 3519 sua,
2668 3450 2746 3505 sic
2776 3464 2964 3503 sensus
2995 3443 3158 3498 vestri
3194 3443 3614 3507 corrumpantur

2035 3566 2067 3605 a
2092 3546 2337 3605 castitate
2363 3542 2477 3613 (9‘2)
2511 3557 2629 3614 quae
2659 3547 2740 3593 est
2771 3539 2827 3592 in
2868 3533 3086 3590 Christo
3127 3532 3271 3587 Jestt.
3308 3553 3324 3573 ι
3364 3523 3616 3581 Ostendit

2036 3654 2142 3711 qua
2192 3650 2350 3691 causa
2388 3613 2602 3702 cogitur
2648 3644 2775 3681 vera
2822 3626 2887 3680 de
2934 3640 2987 3679 se
3033 3618 3358 3693 protestari;
3403 3614 3469 3668 ad
3512 3613 3615 3668 hoc

2036 3727 2182 3784 enim
2241 3723 2464 3795 gloriam
2519 3719 2623 3775 sibi
2677 3718 2857 3771 datam
2916 3712 3218 3784 proﬁtetur,
3279 3722 3388 3760 non
3443 3713 3502 3758 ut
3562 3720 3616 3757 se

2036 3793 2263 3883 laudet;
2300 3814 2391 3869 sed
2448 3819 2509 3865 ιιι
2567 3810 2693 3863 illos
2747 3805 3013 3859 deformet
3073 3798 3164 3869 qui
3226 3795 3326 3850 sub
3396 3793 3617 3847 nomine

2038 3880 2243 3962 Christi
2304 3909 2495 3957 contra
2541 3895 2821 3952 Christum
2882 3885 3268 3961 praedicabant,
3333 3899 3365 3937 a
3422 3880 3620 3952 quibus

2038 3989 2314 4050 Corinthii
2355 3983 2755 4041 seducebantur
2786 3996 2799 4044 ;
2847 3984 2901 4031 et
2929 3975 3130 4029 veritas
3161 3971 3273 4026 haec
3313 3969 3398 4024 his
3430 3969 3618 4038 magis,

2040 4098 2203 4155 quam
2258 4078 2309 4132 ei
2353 4074 2657 4148 proﬁceret.
2710 4070 2824 4124 Hoc
2853 4066 2997 4122 enim
3051 4062 3181 4133 egit,
3237 4077 3303 4115 nc
3331 4059 3622 4115 audiantur

2041 4150 2371 4231 seductores,
2421 4178 2557 4235 quos
2584 4157 2803 4215 diabolo
2832 4150 3170 4225 comparavit
3202 4156 3419 4221 propter
3463 4154 3623 4201 astu-

2042 4258 2173 4314 tiam
2238 4252 2460 4311 malitize
2518 4265 2752 4314 eorum;
2815 4246 2943 4319 quia
2997 4257 3343 4312 corrumpere
3375 4237 3621 4293 ﬁdelium

1962 4379 2011 4437 D
2041 4345 2205 4404 corda
2224 4360 2255 4400 a
2284 4342 2512 4398 veritate
2543 4336 2749 4397 Christi
2796 4342 3084 4391 conantur.
3120 4331 3231 4385 lloc
3259 4326 3622 4399 ergotimens,

2041 4450 2251 4507 semper
2280 4430 2548 4488 sollicitus
2584 4427 2651 4483 de
2680 4426 2758 4482 eis
2781 4432 2881 4491 est,
2914 4438 2979 4477 ne
3008 4419 3304 4474 violentur.

2115 4497 2294 4595 (\i’ers.
2328 4521 2407 4593 4.)
2451 4544 2468 4566 ι
2498 4518 2631 4573 Nam
2657 4514 2703 4569 si
2732 4514 2780 4568 is
2808 4511 2900 4584 qui
2933 4508 3108 4571 venit,
3139 4505 3306 4558 alium
3345 4497 3627 4555 Christum

2037 4612 2326 4687 praedicat,
2380 4623 2540 4680 quem
2606 4617 2717 4656 non
2773 4594 3247 4668 praedicavimus:
3316 4592 3409 4639 aut
3456 4581 3627 4634 alium

3169 4675 3179 4684 .
3222 4672 3253 4687 _.
3482 4666 3625 4687 mn,

2049 4666 2317 4771 Spiritum
2353 4666 2622 4761 accipitis,
2657 4666 2817 4756 quem
2864 4695 2973 4734 non
3002 4672 3323 4744 accepistis:
3359 4676 3450 4722 aut
3479 4666 3632 4718 aliud

2047 4759 2432 4854 Evangelium,
2472 4759 2640 4845 quod
2688 4785 2799 4823 non
2828 4762 3147 4833 recepistis;
3209 4763 3353 4811 recte
3411 4759 3631 4824 patere-

2048 4843 2273 4931 mini.v»
2313 4869 2492 4935 Quare
2509 4843 2600 4917 ait
2647 4879 2658 4915 :
2723 4883 2740 4905 ι
2768 4859 2930 4912 Recte
2963 4847 3308 4923 pateremini,
3350 4870 3367 4890 ι»
3415 4846 3460 4899 si
3494 4843 3634 4899 alius

2050 4963 2209 5022 vobis
2237 4959 2489 5019 Christus
2530 4949 2855 5025 praedicatus
2887 4944 3098 5007 fuisset,
3133 4946 3226 4993 aut
3259 4936 3303 4992 si
3336 4937 3475 4991 alius
3504 4936 3637 5007 Spi-

2044 5055 2194 5112 ritus
2222 5050 2310 5108 vel
2366 5043 2517 5104 aliud
2546 5035 2909 5109 Evangelium
2943 5028 3206 5088 traditum
3237 5027 3395 5081 vobis
3424 5026 3633 5087 fuisset,

2053 5162 2180 5203 cum
2208 5143 2357 5200 dicat
2405 5132 2641 5192 Galatis:
2688 5152 2707 5177 ι
2734 5125 2792 5183 Si
2839 5123 2962 5197 quis
2996 5118 3152 5175 vobis
3175 5116 3297 5187 (93)
3329 5114 3635 5170 annuntia-

2062 5374 2238 5430 labore
2264 5389 2358 5426 suo
2382 5372 2604 5439 quierat.

2265 5417 2710 5513 vﬁriiiulligmss.
2721 5473 2736 5498 ,
2767 5430 3181 5513 corrumpuntur
3195 5419 3488 5513 a‘castitate

2683 5488 2814 5556 recte
2846 5488 3179 5577 pateremiui.
3220 5495 3337 5549 Non
3366 5492 3457 5545 hoc
3494 5488 3633 5551 dicit
