3952 6202
441 315 545 376 339

1469 301 1566 358 AD
1606 300 1838 360 OPERA
1876 302 1930 359 S.
1970 298 2299 361 AMBROSII
2341 298 2713 364 APPENDIX.

3643 302 3753 366 340

450 442 619 508 verit,
673 444 1034 509 praeterquam
1089 433 1237 507 quod
1292 427 1596 503 ἃοοθΡίείίεν
1657 426 2043 519 θηειιδθιηεξδίὲ
2157 461 2281 502 reus
2328 462 2437 501 non
2476 451 2555 500 est
2594 442 2737 516 apud
2790 442 2995 502 Deum:
3050 439 3144 519 qui
3199 445 3381 503 autem
3451 442 3748 505 scientiam

453 531 738 604 (Galat.1,
772 525 883 596 9)?
938 549 957 573 ι
1009 523 1067 579 Si
1099 522 1307 578 Galatis
1363 532 1681 591 perversum
1740 525 1851 572 erat
1898 516 2046 573 aliud

450 618 716 691 accipere.
750 630 912 687 quam
967 612 1036 668 ab
1065 610 1325 683 aPOSw'is
1355 609 1534 665 fuerat
1562 606 1825 663 “aditum
1853 625 1867 675 ⁵
1901 621 2046 679 quc-

448 710 615 767 modo
647 706 953 765 Corinthiis
982 712 1191 760 rectum
1216 711 1352 765 erat,
1383 701 1429 755 si
1462 701 1602 757 alius
1632 700 1883 757 Christus
1913 715 2044 772 prae-

450 800 666 858 dicatus
695 796 808 851 illis
835 793 1073 850 fuisset?
1104 792 1208 847 Sed
1238 791 1412 846 sciens
1444 790 1740 860 Apostolus
1766 806 2043 863 nunquam

449 888 622 944 alium
675 883 956 940 Christum
1014 895 1175 950 quam
1233 878 1407 946 hunc,
1462 878 1559 951 qui
1616 878 1915 935 cruciﬁxus
1944 887 2043 946 est,

450 970 775 1047 praedicari;
830 967 1037 1024 idcirco
1086 968 1193 1023 ait:
1270 990 1288 1014 ι
1320 968 1485 1024 Recte
1544 967 1890 1039 pateremini,
1923 992 1941 1016 ι
2000 968 2045 1023 si

448 1061 609 1118 vobis
666 1058 807 1114 alius
863 1056 1045 1128 potior
1098 1055 1353 1112 Christus
1411 1054 1477 1111 ab
1530 1054 1619 1123 iis,
1664 1057 1757 1128 qui
1794 1057 2044 1126 veniunt,

413 1165 417 1187 ί
450 1147 778 1223 prmdicatus
822 1144 1034 1200 fuisset.
1070 1144 1278 1201 Galatis
1325 1151 1511 1200 autem
1553 1143 1845 1201 anathema
1873 1144 2038 1214 dixit,

450 1240 498 1296 si
528 1237 681 1295 aliud
710 1235 983 1302 audirent,
1016 1234 1162 1307 quod
1192 1250 1305 1291 non
1335 1234 1527 1306 utique
1558 1233 1734 1305 majus
1764 1244 1922 1303 esset,
1953 1235 2046 1291 sed

451 1326 813 1385 contrarium.
878 1324 1045 1378 Porro
1119 1331 1299 1380 autem
1352 1322 1500 1393 (9i),
1554 1323 1754 1395 inquit,
1808 1325 1855 1379 si
1933 1324 2046 1395 ipse

453 1417 708 1475 Christus
736 1412 1065 1487 praedicatur
1084 1411 1152 1468 ab
1182 1412 1271 1481 iis,
1296 1411 1391 1483 qui
1420 1428 1452 1467 a
1483 1411 1646 1468 nobis
1664 1413 2045 1483 annuntiatur,

452 1514 509 1563 et
524 1506 630 1562 hoc
656 1503 1018 1575 Evangelium
1044 1519 1057 1567 ;
1091 1501 1187 1573 qui
1215 1516 1393 1557 causae
1425 1509 1524 1568 ost,
1554 1508 1616 1555 ut
1642 1517 1741 1556 nos
1762 1501 2048 1559 inferiores

452 1593 774 1663 habeamur,
822 1608 946 1649 cum
996 1590 1139 1646 nihil
1176 1591 1414 1663 amplius
1447 1590 1514 1645 ab
1546 1590 1657 1647 illis
1686 1590 2000 1649 addiscatur
2020 1592 2047 1648 ?

456 1684 720 1756 Superius
747 1681 815 1737 de
846 1680 1315 1753 pseudoapostolis
1334 1680 1581 1752 loquitur
1609 1679 1737 1736 ﬁdei
1766 1689 2050 1753 corrupto-

2156 535 2253 592 Dei
2280 552 2390 591 non
2423 534 2606 602 habet,
2641 550 2764 590 reus
2793 543 2873 591 est
2912 532 3269 607 ignorantiae;
3303 530 3433 608 quia
3465 550 3578 591 non
3618 535 3751 594 licet

2156 623 2429 696 ignorare,
2459 620 2698 678 maxime
2725 622 2869 696 quod
2900 623 3135 695 pertinet
3163 623 3232 680 ad
3263 624 3515 681 salutem.
3543 625 3747 692 Quam-

2156 711 2343 769 obrem
2402 711 2714 785 Apostolus,
2782 718 2960 784 spreta
3028 710 3357 785 eloquentia,
3424 709 3481 769 id
3528 714 3744 786 agebat,

2155 809 2220 860 ut
2271 801 2406 859 ﬁdes
2460 809 2595 858 teste
2645 802 2850 858 virtute
2901 800 3249 874 acceptabilis
3311 809 3488 871 esset;
3531 810 3598 859 ut
3635 818 3744 860 non

2156 889 2320 948 ﬁdem
2380 889 2691 964 eloquentia
2749 889 3178 958 commendaret,
3238 889 3329 946 sed
3393 888 3599 961 virtus,
3656 893 3743 948 cui

2156 978 2302 1038 cedit
2352 978 2683 1052 eloquentia.
2750 1001 2768 1026 ι
2823 979 2886 1035 In
2916 977 3174 1035 omnibus
3205 986 3386 1036 autem
3421 981 3743 1040 manifestus

2157 1085 2276 1126 sum
2329 1069 2507 1125 vobis.
2539 1093 2557 1116 ι
2612 1067 2961 1126 Manifestum
3006 1083 3062 1124 se
3104 1067 3242 1125 dicit
3277 1084 3391 1125 esse
3440 1069 3743 1128 Corinthiis

2156 1156 2215 1213 in
2246 1156 2541 1224 omnibus;
2597 1155 2724 1229 quia
2753 1171 2863 1213 non
2909 1154 3237 1228 ignorabant
3288 1156 3453 1215 etiam
3483 1158 3741 1233 loquendi

2155 1243 2356 1302 habere
2386 1245 2543 1301 illum
2574 1243 2848 1317 peritiam,
2888 1252 2942 1300 et
2970 1243 3076 1302 hoc
3104 1244 3335 1301 scientes
3363 1245 3459 1301 alii
3488 1247 3741 1304 favebant

2157 1335 2215 1392 in
2245 1351 2328 1403 eo,
2368 1352 2476 1408 quo
2526 1336 2689 1390 istum
2739 1335 3055 1391 inferiorem
3102 1334 3460 1392 nesciebant:
3514 1335 3740 1410 ideoque

2156 1432 2463 1482 commotus
2512 1424 2776 1497 loquitur,
2810 1424 2937 1496 quia
2993 1423 3099 1481 hoc
3130 1424 3284 1496 pejus
3313 1431 3465 1493 erat;
3498 1434 3562 1482 ut
3618 1442 3736 1482 cum

2158 1513 2360 1570 scirent
2390 1514 2548 1569 illum
2577 1513 2634 1567 in
2664 1511 2818 1569 nullo
2848 1513 3051 1581 deesse,
3070 1511 3429 1572 humiliarent
3458 1513 3613 1571 illum
3644 1531 3738 1571 cm-

2157 1604 2325 1671 teris;
2378 1618 2503 1661 cum
2560 1602 2831 1660 vidissent
2883 1616 2979 1674 per
3007 1617 3131 1659 eum
3162 1618 3274 1659 non
3306 1604 3481 1660 solum
3525 1602 3737 1676 impleri

2157 1690 2624 1766 praedicationem,
2656 1690 2749 1748 sed
2779 1697 2832 1747 et
2858 1691 3015 1764 signa
3066 1699 3122 1749 et
3149 1691 3397 1766 prodigia
3426 1691 3544 1749 ﬂeri
3572 1706 3739 1764 apos-

454 1773 634 1840 ribus,
686 1771 792 1827 hoc
842 1770 962 1825 loco
1025 1774 1204 1824 autem
1260 1767 1327 1825 de
1375 1769 1520 1824 veris
1549 1768 2046 1840 praedicatoribus;
2081 1784 2341 1849 Btolica,

461 1861 593 1934 quia
622 1859 775 1932 plebs
800 1856 1216 1915 Corinthiorum
1239 1856 1406 1913 variis
1420 1856 1699 1913 erroribus
1729 1858 2045 1928 fluctuabat,

452 1956 517 2005 ut
569 1946 740 2020 aliqui
797 1946 1043 2002 faverent
1094 1944 1582 2018 pseudoapostolis,
1639 1945 1864 2017 quidam
1909 1946 1989 2002 eis
2017 1962 2049 2001 a

457 2036 662 2111 quibus
692 2034 1011 2109 compositis
1051 2035 1233 2091 verbis
1261 2034 1449 2092 eadem
1480 2033 1794 2102 audiebant,
1826 2049 1946 2106 quas
1978 2033 2046 2089 ab

457 2126 722 2199 Apostolo
749 2125 1036 2182 audierant
1063 2141 1074 2180 :
1125 2124 1222 2180 alii
1253 2132 1433 2182 autem
1468 2123 1731 2196 apostolis
1764 2122 2041 2191 favebant,

455 2216 585 2286 quia
610 2230 735 2271 cum
758 2214 994 2270 Domino
1019 2214 1257 2282 fuerant,
1281 2213 1590 2286 apostolum
1623 2228 1783 2269 suum
1815 2212 2044 2268 Paulum

458 2301 850 2372 deiormantes,
880 2303 1010 2376 quia
1049 2304 1107 2360 in
1137 2319 1300 2361 carne
1329 2319 1442 2360 non
1488 2302 1692 2359 viderit
1721 2301 2043 2359 Dominum.

533 2403 716 2477 (Vers.
749 2405 831 2476 ὅ.)
877 2428 897 2453 ι
924 2405 1203 2462 Existimo
1233 2404 1379 2460 enim
1409 2418 1495 2459 me
1526 2404 1584 2459 in
1625 2403 1780 2460 nullo
1810 2399 2047 2458 inferio-

463 2508 581 2551 rem
610 2493 779 2551 fuisse
808 2494 878 2550 iis
925 2494 1020 2566 qui
1072 2493 1232 2549 valde
1261 2501 1390 2550 sunt
1420 2494 1675 2566 apostoli.
1709 2515 1727 2541 n
1772 2492 1889 2549 Non
1925 2491 2047 2547 vult

461 2584 693 2658 gratiam
722 2584 821 2642 Dei
851 2585 1167 2642 inferiorem
1198 2587 1255 2642 in
1300 2601 1357 2641 se
1385 2586 1561 2642 videri
1590 2602 1603 2653 ;
1637 2583 1764 2657 quia
1793 2580 2047 2637 similiter

457 2673 669 2743 docuit,
724 2683 779 2731 et
837 2674 1025 2731 eadem
1087 2675 1236 2743 fecit,
1289 2691 1408 2747 quae
1463 2674 1738 2731 faciebant
1793 2668 2043 2742 apostoli,

454 2761 551 2836 qui
580 2762 964 2835 propensiores
994 2763 1323 2819 videbantur
1345 2764 1497 2835 (95);
1530 2763 1658 2833 quia
1694 2759 1902 2830 priores
1929 2770 2048 2814 coe-

458 2857 654 2921 perant
683 2850 897 2915 docere,
938 2858 991 2903 et
1033 2850 1252 2904 fuerant
1284 2865 1409 2904 cum
1440 2848 1716 2903 Domino:
1748 2846 1893 2902 unde
1921 2860 2047 2903 ma-

450 2934 594 3006 joris
638 2934 978 2989 auctoritatis
1017 2949 1131 2988 esse
1162 2933 1530 3004 putabantur;
1563 2949 1685 2990 cum
1722 2933 1887 3004 hujus
1912 2949 2043 3006 apo-

463 3021 596 3077 stoli
625 3020 819 3075 electio
850 3019 1052 3090 insigni
1083 3019 1309 3091 probata
1328 3020 1493 3075 fuerit
1519 3021 1913 3089 testimonio,et
1932 3021 2046 3093 ipse

2232 1874 2414 1948 (Vers.
2448 1873 2528 1948 7.)
2572 1897 2592 1922 ι
2623 1876 2735 1930 Aut
2762 1870 3030 1946 numquid
3065 1878 3344 1945 peccatum
3366 1870 3494 1942 feci,
3533 1888 3621 1929 me
3647 1870 3739 1946 ip-

2158 1980 2279 2023 sum
2308 1961 2631 2032 humilians,
2666 1969 2729 2018 ut
2764 1977 2863 2018 vos
2893 1960 3215 2018 exaltemini
3243 1980 3256 2031 ;
3289 1962 3544 2034 quoniam
3577 1962 3741 2035 gratis

2157 2051 2517 2126 Evangelium
2546 2050 2645 2108 Dei
2672 2049 2965 2124 praedicavi
2992 2050 3052 2106 in
3074 2047 3271 2106 vobis?
3299 2075 3316 2098 ι
3354 2049 3632 2118 Quoniam
3660 2049 3744 2107 in-

2157 2142 2271 2200 ﬂati
2312 2147 2485 2210 erant,
2519 2156 2582 2197 eo
2609 2138 2756 2213 quod
2786 2143 3035 2210 sumptus
3069 2137 3137 2194 ab
3163 2137 3239 2194 eis
3272 2135 3513 2208 accipere
3539 2136 3738 2205 noluit,

2156 2242 2209 2289 et
2238 2240 2457 2305 propter
2480 2228 2586 2287 hoc
2606 2229 2743 2285 alios
2772 2229 2821 2284 ei
2851 2226 3261 2301 proponebant;
3295 2224 3500 2285 ideirco
3530 2250 3549 2274 ε
3578 2242 3728 2283 num-

2157 2321 2290 2396 quid
2318 2320 2562 2393 peccavi,
2586 2343 2604 2367 ι
2643 2317 2757 2385 ait;
2793 2317 2923 2390 quia
2950 2332 3037 2373 me
3066 2315 3381 2385 humiliavi,
3404 2320 3467 2373 ut
3497 2330 3586 2372 me
3608 2315 3739 2372 indi-

2157 2426 2323 2483 gnum
2382 2409 2449 2465 ad
2481 2402 2863 2479 accipiendum
2890 2403 3191 2480 judicarem
3218 2424 3231 2473 ;
3267 2400 3394 2478 quia
3447 2401 3579 2461 inde
3609 2404 3737 2460 mihi

2157 2496 2479 2566 irascimini,
2527 2508 2652 2553 cum
2692 2492 2797 2550 hoc
2851 2509 2962 2550 non
2990 2490 3198 2566 peccati
3252 2492 3341 2561 sit,
3381 2492 3475 2549 sed
3504 2492 3737 2566 gloriae?

2156 2589 2342 2662 Itaque
2367 2585 2445 2644 sic
2490 2601 2546 2642 se
2576 2582 2915 2651 humiliavit,
2946 2597 3070 2639 cum
3104 2582 3160 2638 id
3190 2581 3339 2655 quod
3367 2580 3473 2638 sibi
3502 2579 3737 2639 debeba-

2156 2684 2266 2745 tur,
2298 2690 2410 2732 non
2456 2670 2649 2745 exigit.
2681 2671 2939 2729 Debitum
2970 2669 3117 2727 enim
3148 2678 3283 2739 erat,
3314 2678 3378 2727 ut
3401 2676 3653 2743 sumptus
3674 2670 3736 2725 ab

2154 2767 2226 2825 iis
2278 2765 2568 2837 acciperet,
2617 2761 2816 2837 quibus
2853 2758 3181 2835 praedicabat
3226 2758 3595 2831 Evangelium
3624 2759 3735 2827 Dei,

2156 2858 2297 2913 sicut
2327 2854 2595 2912 Dominus
2627 2851 2887 2920 instituit,
2920 2850 3146 2908 dicens:
3191 2872 3211 2898 ι
3240 2850 3449 2924 Dignus
3498 2856 3582 2906 est
3608 2864 3738 2921 ope-

2154 2948 2331 3007 rarius
2360 2945 2609 3004 mercede
2635 2961 2733 3002 sua
2765 2942 2918 3015 (Luc.
2947 2959 3007 3010 x,
3041 2940 3134 3012 7);
3172 2964 3192 2990 ι
3221 2938 3391 2997 sedut
3423 2939 3494 2996 ad
3524 2939 3740 2996 utilita-

2152 3050 2265 3098 tem
2313 3053 2501 3093 eorum
2552 3032 2858 3107 proﬁceret,
2906 3028 3185 3088 refutavit.
3217 3026 3439 3086 Duabus
3482 3029 3633 3087 enim
3676 3044 3741 3085 ex

471 3106 713 3206 ἓωωξυδ
761 3105 877 3179 (96)
929 3107 1141 3206 ξιξθῖίῗτίδ
1173 3106 1526 3206 -Ῐῗδοτξινθτίξ
1576 3115 1631 3206 εἶτ
1658 3109 1954 3165 Dominum
1986 3108 2042 3164 in
2078 3145 2122 3206 ο
2156 3127 2333 3188 causis
2367 3105 2578 3181 oblatos
2627 3129 2879 3195 sumptus
2918 3118 3181 3178 refutavit
3211 3137 3227 3188 ;
3275 3133 3343 3174 ne
3374 3124 3427 3176 et
3471 3118 3741 3191 pseudoa-

463 3197 674 3268 templo
702 3211 863 3253 orans
887 3194 1107 3265 viderit,
1136 3204 1190 3252 et
1218 3196 1434 3253 locutus
1462 3196 1533 3253 sit
1560 3197 1632 3253 ei.

526 3301 711 3375 (Vers.
744 3300 824 3373 6.)
870 3326 890 3350 ι
917 3300 1024 3358 Sed
1070 3309 1124 3358 et
1155 3302 1201 3359 si
1256 3302 1541 3375 imperitus
1595 3315 1847 3361 sermone
1903 3316 2046 3373 sum,

460 3414 573 3456 non
603 3406 785 3455 tamen
814 3396 1062 3455 scientia.
1095 3424 1115 3447 ι
1162 3394 1302 3454 199
1333 3399 1447 3455 Hoc
1484 3415 1595 3456 non
1653 3398 1722 3457 ad
1774 3400 2048 3473 apostolos

455 3487 719 3561 pertinet,
750 3487 882 3559 quia
936 3502 1047 3542 non
1102 3494 1260 3543 erant
1308 3487 1647 3559 eloquentes,
1693 3496 1882 3561 utpote
1925 3490 2046 3546 sine

452 3576 655 3633 litteris
674 3620 690 3645 ,
719 3575 867 3648 pleni
889 3582 1072 3630 tamen
1110 3574 1321 3646 Spiritu
1349 3585 1538 3632 sancto
1563 3595 1575 3633 :
1609 3578 1702 3634 sed
1723 3576 1823 3634 hos
1852 3578 2045 3651 tangit,

458 3682 596 3740 quos
626 3664 989 3739 praeferebant
1020 3663 1318 3735 Corinthii,
1376 3682 1536 3722 causa
1563 3665 1803 3723 accurati
1832 3683 2047 3723 sermo-

456 3755 582 3823 nis;
622 3770 748 3812 cum
793 3753 851 3808 in
878 3752 1145 3824 religione
1179 3753 1266 3809 vis
1315 3752 1583 3810 sermonis
1611 3755 1914 3811 necessaria
1951 3755 2042 3823 sit,

450 3859 563 3899 non
617 3859 784 3899 sonus
830 3841 1009 3900 dulcis
1040 3842 1181 3915 (97).
1219 3843 1506 3911 Quomodo
1554 3849 1737 3899 tamen
1767 3859 1822 3900 se
1851 3842 2046 3900 humi-

443 3929 567 4000 liat,
588 3941 649 3987 ut
674 3931 994 4004 imperitum
1023 3948 1079 3988 se
1108 3949 1223 3989 esse
1253 3933 1400 3991 dicat
1428 3932 1487 3988 in
1518 3948 1771 3990 sermone
1792 3931 1820 3989 ?
1850 3932 1922 3989 Et
1948 3933 2043 3989 ubi

457 4028 542 4075 est
587 4020 749 4089 illud,
782 4020 929 4093 quod
970 4022 1162 4080 Festus
1190 4021 1268 4080 ait
1299 4043 1310 4079 :
1358 4046 1376 4070 ι
1406 4021 1591 4091 Paule,
1625 4021 1827 4095 inquit,
1858 4022 2041 4091 Paule,

454 4109 645 4164 multae
676 4111 872 4168 litterae
902 4121 955 4168 te
984 4112 1195 4170 faciunt
1228 4112 1519 4171 excordem
1551 4112 1669 4185 (98)
1705 4112 1844 4184 (Act.
1878 4129 2041 4179 xxvr,

458 4195 556 4267 24)
580 4195 629 4249 ?-
672 4196 789 4251 Hoc
825 4213 952 4269 ergo
982 4199 1189 4268 dicens,
1220 4216 1332 4256 non
1362 4217 1419 4259 se
1460 4203 1610 4276 loqui
1640 4203 1848 4259 nescire
1867 4201 2047 4259 voluit

457 4281 730 4353 intelligi:
766 4284 859 4338 sed
913 4293 1133 4356 propter
1162 4302 1252 4342 eos
1303 4290 1399 4360 qui
1449 4306 1560 4345 non
1592 4307 1686 4362 per
1734 4291 1918 4360 ﬁdem,
1949 4293 2037 4349 sed

458 4385 559 4443 per
595 4369 965 4443 eloquentiam
1021 4373 1392 4429 commendari
1447 4376 1724 4433 volebant.
1758 4379 1828 4433 Et
1888 4377 1947 4433 in
1977 4395 2041 4433 eo

2158 3216 2388 3292 postolis
2436 3211 2637 3270 similis
2683 3208 3044 3278 inveniretur,
3094 3207 3189 3282 qui
3236 3222 3346 3264 non
3401 3206 3472 3264 ad
3519 3207 3739 3280 gloriam

2155 3305 2278 3375 Dei,
2310 3303 2403 3361 sed
2433 3302 2501 3358 ad
2548 3317 2701 3357 suam
2740 3299 3034 3356 utilitatem
3083 3295 3471 3370 praedicabant,
3523 3304 3588 3354 ut
3633 3311 3739 3353 non

2158 3395 2498 3452 occasionem
2538 3391 2848 3462 acciperent
2878 3384 3267 3460 depraedandi;
3299 3385 3408 3442 alio
3449 3386 3602 3444 enim
3631 3403 3735 3444 non

2157 3484 2476 3555 accipiente,
2528 3496 2641 3536 non
2672 3486 2851 3552 potest
2895 3478 3034 3534 alter
3061 3476 3299 3533 multum
3349 3484 3651 3549 expetere:
3692 3486 3741 3534 et

2155 3592 2224 3633 ne
2280 3576 2437 3647 vigor
2490 3571 2819 3643 evangelicae
2875 3571 3158 3644 potestatis
3213 3578 3581 3643 torpesceret;
3652 3568 3738 3642 qui

2155 3666 2302 3721 enim
2351 3680 2383 3721 a
2413 3661 2768 3736 peccantibus
2796 3661 3016 3734 accipit,
3065 3658 3329 3734 arguendi
3358 3660 3737 3716 auctoritatem

2154 3755 2385 3812 amittit.
2428 3754 2518 3810 Sic
2544 3768 2670 3825 ergo
2701 3752 3038 3817 exaltantur,
3091 3767 3218 3809 cum
3249 3748 3372 3807 ideo
3408 3747 3478 3805 ab
3505 3748 3587 3805 eis
3632 3763 3740 3805 non

2154 3844 2442 3916 accipitur,
2472 3848 2536 3898 ut
2560 3842 2798 3915 correpti
2848 3839 3226 3910 emendentur,
3262 3856 3296 3896 a
3327 3846 3505 3896 morte
3544 3837 3739 3896 elevati

2153 3934 2221 3989 ad
2249 3933 2441 3989 vitam.

2226 4022 2406 4091 (Vers.
2433 4020 2515 4091 8.)
2563 4044 2582 4067 α
2609 4018 2762 4075 Alias
2809 4018 3083 4078 Ecclesias
3137 4014 3464 4091 exspoliavi,
3520 4027 3741 4091 accepto

2153 4109 2426 4181 stipendio
2453 4109 2521 4165 ad
2540 4110 2910 4166 ministerium
2932 4113 3198 4166 vestrum.
3229 4106 3448 4164 Etcum
3471 4107 3617 4178 apud
3647 4122 3743 4162 vos

2153 4213 2346 4265 essem,
2394 4203 2448 4252 et
2490 4212 2723 4268 egerem,
2771 4196 2912 4253 nulli
2964 4196 3145 4269 gravis
3170 4192 3275 4252 fui.
3307 4219 3327 4245 ι
3369 4192 3579 4251 Onerat
3606 4210 3736 4263 eos;

2151 4288 2391 4349 ostendit
2421 4286 2567 4343 enim
2620 4303 2730 4343 non
2786 4288 2964 4343 solum
3006 4286 3249 4343 noluisse
3303 4300 3362 4342 se
3397 4283 3647 4356 accipere
3673 4285 3740 4339 ab

2150 4378 2248 4446 eis,
2283 4377 2376 4434 sed
2406 4384 2459 4433 et
2505 4376 2573 4432 ab
2617 4375 2743 4432 aliis
2787 4375 3077 4447 accepisse,
3132 4381 3187 4430 et
3243 4370 3321 4430 eis
3375 4371 3734 4429 ministrasse.

443 4466 637 4556 tamen
667 4475 724 4516 se
776 4459 922 4517 dixit
951 4460 1270 4534 imperitum
1300 4463 1447 4536 quod
1477 4481 1586 4521 non
1617 4465 1781 4522 habet
1810 4466 2036 4535 crimen;
2074 4498 2122 4556 D
2149 4466 2221 4522 Et
2250 4475 2311 4522 ut
2344 4465 2581 4520 multum
2610 4463 2715 4521 hoc
2742 4461 2994 4520 ostendat
3016 4461 3203 4556 fuisse,
3235 4477 3343 4556 non
3377 4476 3597 4533 parum,
3629 4461 3731 4517 ait:

445 4548 507 4606 in
562 4564 628 4605 eo
674 4555 855 4605 autem
889 4549 1036 4622 quod
1077 4549 1344 4623 acquirrit
1373 4552 1601 4609 salutem
1639 4554 1779 4626 (99),
1809 4553 2039 4626 etcujus

448 4638 761 4712 ignorantia
810 4653 922 4693 non
969 4645 1115 4695 caret
1169 4636 1419 4709 crimine,
1461 4656 1571 4695 non
1618 4657 1675 4697 se
1719 4641 2033 4712 imperitum

445 4726 868 4802 pronuntiavit;
923 4725 1054 4799 quia
1082 4724 1177 4799 qui
1210 4725 1498 4800 imperitus
1543 4735 1626 4785 est
1676 4728 1735 4784 in
1763 4744 2030 4801 sermone,

434 4936 577 5005 quod
597 4941 793 4992 rectum
821 4935 892 4992 sit
917 4934 1087 4992 alium
1112 4935 1402 5006 Christum,
1438 4943 1535 4992 aut
1570 4938 1738 4995 alium
1772 4938 2033 5006 Spiritum

433 5006 687 5081 ilecipere,
711 5013 817 5081 aut
860 5007 1028 5081 aliam
1051 5008 1523 5081 pradicationem;
1577 5009 1771 5081 quippe
1792 5006 1919 5064 dum
1952 5012 2023 5066 ad

440 5074 662 5148 Galatas
691 5077 835 5148 dicat
862 5095 880 5133 :
908 5078 971 5148 Si,
996 5074 1113 5148 quis
1137 5079 1304 5145 vobis,
1333 5088 1439 5137 etc.

509 5145 625 5218 (94)
670 5147 820 5203 Idem
877 5145 1020 5204 codf
1059 5148 1245 5220 Corb.,
1305 5151 1587 5207 anathema
1660 5151 1745 5206 sit.
1800 5152 1910 5207 Hoc
1956 5159 2031 5207 est

430 5220 825 5302 autemiﬂecte
862 5220 1196 5302 pateremini,
1221 5222 1281 5302 si
1317 5223 1477 5302 aliud
1523 5222 1749 5302 augt-istis
1781 5223 1922 5292 quod
1951 5225 2029 5302 ad

433 5289 581 5362 nobis
613 5289 812 5345 dictum
862 5305 967 5343 non
997 5296 1074 5344 est
1093 5307 1109 5362 ,ζ
1127 5297 1235 5362 aut
1280 5293 1327 5345 si
1378 5289 1519 5347 alius
1572 5289 1814 5348 Christus
1854 5293 2029 5362 major

431 5359 496 5411 ab
545 5376 601 5414 eo
651 5376 801 5429 quem
840 5376 934 5413 nos
958 5361 1335 5430 prwdicamus,
1392 5363 1809 5417 annuntiaretur
1840 5359 2023 5419 vobis:

432 5434 527 5480 aut
550 5436 729 5498 potior
758 5430 992 5502 Spiritus
1020 5432 1176 5485 datus
1206 5433 1516 5502 eraticolore
1537 5434 1902 5502 persuasionis
1922 5453 1942 5499 ;
1970 5442 2025 5489 ut

426 5500 812 5624 admoneretis
840 5500 989 5556 nobis
1019 5502 1146 5556 tales
1182 5500 1574 5573 pradicatores.
1618 5504 1796 5560 Porro
1827 5511 2021 5575 autem,

494 5584 542 5624 ο.

434 5582 542 5624 θιο.

507 5638 626 5711 (95)
659 5639 816 5695 Rom.
848 5641 1005 5707 edit.,
1034 5642 1129 5711 qui
1147 5643 1379 5712 potiores
1406 5641 1737 5703 videbantur.

2161 4578 2180 4602 ι
2216 4554 2370 4610 Alias
2414 4552 2720 4624 exspoliavi
2771 4551 3045 4608 Ecclesias
3083 4548 3150 4606 ad
3206 4548 3580 4605 ministerium
3636 4567 3737 4606 ve-

2143 4651 2337 4699 strum.
2368 4667 2387 4692 ι
2430 4642 2551 4698 Νοη
2583 4657 2753 4713 parva
2780 4656 2908 4711 ergo
2934 4637 3204 4711 signiﬁcat
3231 4654 3287 4694 se
3316 4637 3376 4693 in
3407 4654 3502 4695 eos
3530 4639 3734 4712 impen-

2142 4732 2304 4803 disse;
2325 4749 2453 4791 cum
2475 4730 2620 4787 enim
2637 4730 2773 4788 dicit
2792 4728 3287 4800 exspoliavi,multa
3303 4736 3533 4801 accepta
3550 4736 3604 4785 et
3614 4727 3738 4786 data

2212 4940 2328 5011 (96)
2370 4939 2494 4996 Vet.
2526 4937 2763 5011 edittet
2790 4950 2919 4991 mss.
2952 4934 3183 5008 aliquot,
3234 4934 3414 4991 electio
3441 4947 3565 4990 cum
3588 4935 3737 4991 testi-

2140 5007 2314 5065 monio
2339 5011 2426 5076 sit,
2457 5016 2505 5063 et
2531 5007 2781 5078 amplius,
2811 5014 2916 5078 etc.

2210 5080 2336 5152 (97)
2368 5081 2486 5152 Non
2527 5075 2690 5152 sonus
2744 5076 2932 5152 dulcis.
2984 5075 3352 5152 Irt_omni_bus
3397 5082 3596 5152 autem.
3655 5078 3737 5133 Ita

2138 5145 2269 5206 mss.
2300 5145 2463 5207 Corb.
2521 5150 2607 5221 in,
2635 5165 2743 5221 quo
2774 5145 3043 5219 quidquid
3073 5146 3222 5203 inter
3250 5147 3369 5202 haec
3400 5146 3576 5203 verba
3606 5164 3731 5204 me-

2137 5222 2291 5278 dium
2320 5230 2420 5289 est,
2456 5220 2728 5276 omititur.

2210 5292 2325 5365 (98)
2368 5286 2491 5349 Vet.
2525 5290 2657 5347 edit.
2689 5305 2812 5345 cum
2851 5304 2980 5344 mss.
3040 5303 3153 5344 non
3187 5286 3396 5361 paucis,
3430 5295 3477 5345 te
3518 5288 3730 5361 faciunt

2134 5369 2417 5418 extorrem.

2207 5434 2323 5504 (99)
2365 5435 2447 5489 Ita
2472 5432 2603 5504 edit.
2639 5432 2793 5487 Rom.
2826 5437 2880 5504 et
2901 5446 3029 5504 mss.
3063 5431 3357 5504 nonnulli:
3389 5439 3513 5504 vet.
3548 5441 3731 5488 autem

2134 5500 2267 5560 edit.
2299 5500 2424 5561 cum
2453 5503 2576 5557 aliis
2596 5518 2726 5574 mss.
2760 5501 2936 5556 multo
2972 5501 3246 5574 pluribus,
3275 5500 3419 5574 quod
3439 5518 3562 5574 pan
3583 5510 3728 5559 caret

2132 5574 2369 5639 crimine,
2399 5580 2446 5629 et
2481 5571 2713 5642 acquirit
2751 5571 3009 5628 salutem}
3039 5641 3042 5642 ν
3068 5572 3272 5629 rectius
3293 5571 3481 5630 Laud.
3516 5574 3733 5631 sublata

2133 5644 2419 5715 negatione
2450 5641 2598 5714 legit,
2630 5642 2771 5713 quod
2796 5648 2941 5698 caret
2967 5641 3205 5699 crimina.
3235 5648 3341 5699 etc.
