3952 6202
480 268 584 329 343

1494 269 1593 325 AD
1628 264 1862 324 OPERA
1899 264 1955 322 S.
1996 261 2323 321 AMBROSII
2364 258 2744 319 APPENDIX.‘

3684 257 3783 315 344

560 393 741 467 (Vers.
774 392 887 465 18.)
920 418 939 442 ι
968 393 1108 462 Quia
1128 393 1291 450 multi
1314 390 1617 465 gloriantur
1636 390 1937 447 secundum
1961 407 2073 446 car-
2103 393 2154 452 Α
2183 388 2286 455 hae,
2329 387 2703 444 obtrectabant
2746 385 2998 460 eis,quod
3045 392 3223 444 essent
3270 385 3691 456 incircumcisi,
3720 403 3778 443 se

484 498 636 551 nem,
667 490 721 539 et
749 499 847 554 ego
878 482 1176 556 gloriabor.
1217 507 1236 532 ι
1278 482 1393 537 Hoc
1417 479 1570 545 dicit,
1607 478 1865 550 quoniam
1893 478 2071 551 aliqui

485 586 556 630 ex
615 568 817 626 Iudaeis
867 571 1144 626 credentes
1208 565 1607 641 praesumedant
1653 565 1756 621 sibi
1803 566 1949 638 quod
1978 581 2073 621 es-

466 652 611 718 sent
640 660 741 716 ﬁlii
770 659 1022 715 Abrahae.
1062 659 1175 714 Hoc
1204 668 1285 713 est
1334 656 1635 713 secundum
1680 672 1899 712 carnem
1947 658 2074 727 glo-

486 749 640 816 riari,
676 748 1015 803 nobilitatem
1045 745 1148 800 sibi
1185 744 1364 800 carnis
1393 743 1695 800 vindicare.
1748 743 1880 799 Inde
1923 744 2070 798 enim

444 818 447 849 ἶ
487 837 593 893 sibi
623 834 924 891 defendunt
955 833 1166 904 generis
1195 831 1643 903 praerogativam;
1678 831 1806 903 quia
1826 830 1926 885 ﬁlii
1956 831 2072 902 ejus

487 924 869 996 dicuntur,qui
893 929 1027 985 201
1052 925 1166 979 Deo
1195 923 1547 980 crediderint:
1571 921 1728 979 «Cum
1750 922 1934 976 anima
1952 936 2070 993 quae

446 1022 455 1085 ἓ
485 1023 814 1098 peccaverit,
838 1023 953 1095 ipsa
983 1022 1253 1077 moriatur
1276 1022 1491 1094 (Ezech.
1516 1020 1807 1092 xvm,20).
1833 1019 1923 1075 iSi
1945 1036 2071 1091 ergo

445 1146 451 1184 ς
488 1111 606 1169 haec
637 1111 810 1184 gloria
836 1120 936 1178 est,
972 1111 1172 1181 tnquit,
1196 1118 1248 1165 et
1277 1126 1375 1182 ego
1395 1108 1704 1181 gloriabor;
1736 1108 1864 1179 quia
1894 1116 1947 1162 et
1974 1122 2071 1177 ego

446 1180 447 1189 χ
489 1180 789 1258 ﬁliusvsum
837 1180 1090 1253 Abrahae.
1139 1196 1243 1253 Sed
1275 1180 1423 1252 nihil
1472 1196 1691 1268 prodest
1733 1195 1908 1250 ﬁlium
1958 1210 2071 1248 esse

485 1290 721 1347 Abrahae
755 1289 898 1361 apud
933 1290 1136 1355 Deum;
1169 1288 1296 1359 quia
1332 1287 1466 1342 ﬁdes
1494 1295 1576 1342 est
1604 1303 1725 1358 quae
1744 1287 1937 1350 salvat,
1962 1300 2071 1340 non

488 1392 728 1450 propago
757 1375 969 1447 generis
997 1375 1252 1431 Abrahae.
1283 1374 1517 1446 Ideoque
1547 1375 1720 1445 gloria
1750 1374 1867 1472 haec
1894 1371 2074 1472 carnis

487 1476 571 1524 est
595 1467 790 1539 gloria,
821 1477 882 1522 ut
911 1474 1040 1538 puta
1068 1466 1115 1521 si
1146 1466 1363 1522 dicatur
1388 1464 1593 1521 nobilis
1622 1464 1769 1520 ﬁlius
1809 1463 2069 1519 hominis.

559 1555 744 1626 (Vers.
778 1554 864 1623 19,
897 1554 1015 1625 20.)
1060 1575 1081 1600 α
1110 1553 1365 1609 Libenter
1394 1553 1540 1607 enim
1572 1551 1874 1618 sustinetis,
1930 1549 2076 1605 insi-

485 1644 700 1717 pientes
728 1643 835 1715 (li),
866 1659 991 1698 cum
1039 1642 1162 1697 sitis
1210 1643 1314 1713 ipsi
1356 1641 1643 1713 sapientes.
1678 1665 1696 1688 ι
1754 1639 2075 1710 Insipientes

489 1731 746 1802 appellat,
775 1733 870 1803 qui
900 1729 966 1784 de
991 1730 1172 1785 carnis
1204 1729 1626 1786 circumcisione
1654 1727 2029 1799 gloriabantur
2062 1744 2072 1780 :
2106 1737 2153 1797 Β

490 1824 545 1872 et
573 1818 701 1887 quia
735 1833 767 1872 a
796 1816 1101 1872 Corinthiis
1129 1817 1512 1888 portabantur,
1558 1823 1619 1870 ut
1666 1815 1888 1885 gloriosi
1930 1814 2079 1869 vide-

429 1904 447 1916 ‘
488 1915 714 1971 rentur;
758 1903 882 1959 ideo
929 1905 1226 1974 Apostolus
1271 1905 1437 1960 etiam
1487 1919 1545 1959 se
1587 1902 1847 1957 sustineri
1894 1902 1962 1956 ab
1992 1902 2079 1956 his

488 1993 652 2060 vult;
685 2000 746 2048 ut
773 1999 827 2047 et
856 1991 970 2063 ipse
997 1991 1103 2049 hoc
1133 2009 1189 2048 se
1222 2008 1339 2048 esse
1368 1990 1699 2056 ostenderet,
1732 1988 1879 2062 quod
1923 1997 2079 2044 erant

492 2081 652 2148 bi,et
680 2095 790 2136 non
824 2086 1006 2136 tamen
1050 2080 1272 2149 gloriari
1320 2095 1389 2135 ex
1438 2078 1539 2135 hac
1583 2084 1732 2149 parte
1777 2078 2077 2134 secundum

491 2171 670 2226 Deum
696 2185 711 2234 ;
743 2168 889 2223 unde
917 2169 1148 2239 gloriam
1179 2168 1322 2224 hanc
1349 2166 1725 2237 insipientiam
1754 2166 2079 2223 vocat.Glo-

492 2257 627 2314 riari
663 2256 807 2313 enim
838 2273 895 2313 se
924 2257 1061 2314 dicit
1087 2257 1388 2314 secundum
1409 2272 1624 2313 carnem
1651 2274 1664 2322 ;
1697 2255 1793 2312 sed
1816 2257 1921 2313 hoc
1941 2257 2079 2314 stul-

494 2353 615 2400 tum
664 2358 777 2400 esse
806 2344 1112 2416 proﬁtetur,
1144 2352 1207 2400 ut
1234 2353 1289 2401 et
1317 2344 1546 2416 gloriam
1575 2344 1719 2400 hanc
1755 2345 1991 2399 inaniret
2027 2352 2081 2400 et

495 2448 553 2490 se
580 2440 828 2488 coactum
861 2434 918 2487 in
946 2433 1163 2489 laudem
1210 2434 1392 2489 carnis
1423 2432 1664 2505 erupisse
1701 2434 1877 2490 docet.
1910 2433 2081 2505 Igitur

496 2520 714 2577 insania
741 2530 823 2577 est
854 2522 989 2579 haec.
1020 2522 1157 2579 Nam
1187 2522 1460 2596 quomodo
1490 2522 1787 2595 prudentes
1816 2530 1963 2589 sunt,
1985 2522 2080 2595 qui

498 2626 642 2681 saepe
670 2610 1193 2682 reprehenduntur?
1222 2627 1404 2667 nonne
1435 2611 1557 2684 plus
1586 2611 1726 2684 sapit
1766 2611 2082 2682 insipientia

468 2706 469 2713 ‘
494 2699 769 2770 Apostoli,
801 2714 963 2771 quam
994 2698 1190 2756 horum
1222 2700 1542 2772 prudentia?
1570 2700 1672 2757 Hic
1698 2700 1843 2755 enim
1867 2699 2081 2769 sapiens

499 2788 737 2844 sustinet
765 2787 1160 2859 imprudentes,
1204 2791 1301 2860 qui
1348 2788 1609 2860 patientia
1645 2805 1744 2844 sua
1775 2790 1857 2859 (5)
1893 2787 2081 2844 sull'ert

494 2888 609 2938 eos,
656 2881 714 2926 ut
760 2875 972 2943 possint
1019 2876 1325 2944 prolicere;
1382 2891 1450 2929 ne
1506 2891 1809 2945 provocans
1855 2892 1947 2931 eos
1987 2883 2080 2930 aut

494 2958 782 3028 adjiciens,
816 2960 1028 3030 pejores
1057 2961 1183 3017 illos
1210 2962 1392 3029 faciat,
1424 2970 1519 3018 aut
1546 2974 1690 3020 certe
1719 2966 1775 3020 in
1805 2966 1916 3021 illis
1945 2981 2082 3037 pro-

496 3044 661 3100 ﬁcere
689 3059 801 3099 non
830 3046 1086 3116 potuerit;
1121 3062 1277 3102 suam
1306 3048 1625 3104 modestiam
1659 3051 1916 3107 custodit.
1959 3052 2080 3107 Ho-

468 3136 619 3188 rum
652 3132 712 3188 in
741 3131 1048 3191 Corinthiis
1076 3134 1218 3193 nihil
1250 3145 1349 3193 est.
1383 3137 1668 3206 Quomodo
1696 3155 1823 3211 ergo
1849 3141 2082 3199 libenter

491 3220 765 3279 sufferunt
812 3223 1209 3296 imprudentes,
1255 3242 1379 3282 cum
1434 3225 1541 3299 ipsi
1583 3227 1696 3282 sint
1744 3228 2013 3298 sapientes
2063 3249 2077 3299 ;

492 3308 604 3365 nisi
634 3311 764 3383 quia
794 3327 904 3368 non
931 3312 1012 3369 sic
1039 3315 1161 3370 vult
1187 3313 1444 3387 intelligi,
1472 3316 1617 3371 sicut
1643 3324 1840 3371 sonant
1869 3317 2034 3373 verba
2053 3318 2081 3375 ?

464 3396 613 3454 Hoc
658 3397 719 3453 in
762 3414 928 3456 sensu
971 3409 1026 3458 et
1070 3403 1517 3472 pronuntiatione
1561 3411 1688 3471 est;
1738 3405 1866 3476 quia
1893 3406 2078 3462 eadem

491 3484 716 3555 quidem
748 3486 916 3541 verba
944 3500 1055 3540 non
1086 3489 1337 3544 eumdem
1389 3490 1593 3547 habent
1640 3508 1882 3557 sensum,
1923 3494 2081 3549 aliter

498 3570 825 3639 pronuntiat
856 3570 937 3638 (6)
966 3588 981 3635 ;
1012 3578 1075 3626 ut
1104 3573 1400 3644 aliquando
1427 3577 1735 3645 conﬁrmet,
1784 3579 2080 3651 aliquando

493 3660 676 3724 neget,
709 3656 855 3726 quod
884 3655 1037 3711 dicit.
1068 3657 1136 3712 Hi
1167 3659 1315 3713 enim
1348 3668 1410 3715 ut
1429 3663 1741 3732 prudentes,
1760 3664 2079 3736 insipientes

493 3740 827 3799 suﬁ'erebant
874 3742 1041 3800 falsos
1085 3747 1378 3817 apostolos.
1439 3770 1458 3794 ι
1495 3748 1788 3805 Sustinetis
1831 3753 1999 3822 enim,
2031 3756 2078 3811 si

459 3884 465 3889 .
495 3830 623 3906 quis
648 3848 747 3888 vos
775 3833 836 3890 in
872 3832 1193 3891 servitutem
1238 3834 1437 3908 redigit
1469 3855 1482 3893 :
1513 3861 1532 3886 ι
1574 3837 1689 3895 Hoc
1734 3854 1925 3895 verum
1963 3851 2073 3910 est;

495 3921 629 3992 quia
655 3920 1044 3994 redigebantur
1070 3923 1128 3979 in
1158 3924 1503 3993 servitutem,
1534 3939 1647 3981 non
1690 3943 1785 3998 per
1830 3929 2078 4001 pruden-

493 4008 656 4077 tiam,
690 4010 784 4067 sed
813 4027 910 4084 per
938 4012 1266 4080 stultitiam;
1300 4022 1362 4070 ut
1390 4013 1796 4071 famularentur
1820 4018 2076 4088 pseudoa-

458 4098 738 4167 .postolis.
786 4122 805 4145 ε
834 4100 891 4155 Si
921 4101 1045 4171 quis
1073 4100 1317 4156 devorat.
1352 4126 1370 4151 ι
1408 4102 1519 4159 Nec
1565 4102 1671 4159 hoc
1715 4103 1914 4160 falsum
1955 4115 2072 4174 est;

458 4196 464 4245 ζ
493 4181 623 4253 quia
651 4186 895 4240 contenti
917 4195 1071 4241 erant
1099 4188 1350 4243 devorari
1380 4205 1465 4245 res
1492 4205 1617 4247 suas
1645 4207 1674 4246 a
1711 4192 1864 4249 falsis
1891 4193 2071 4250 docto-

488 4267 667 4324 ribus.
709 4291 730 4318 ι
757 4271 815 4326 Si
843 4272 967 4343 quis
996 4275 1213 4345 accipit.
1244 4299 1263 4323 ›
1298 4278 1559 4348 Accipere
1586 4288 1667 4335 est
1687 4282 1924 4354 aliquem
1946 4283 2074 4340 dolo

486 4369 712 4426 capere;
776 4357 1008 4429 ideoque
1034 4361 1307 4432 signiﬁcat
1334 4364 1434 4419 hos
1459 4368 1576 4438 capi
1619 4384 1651 4423 a
1694 4368 1898 4426 dolosis
1949 4389 2074 4429 ma-

2110 3079 2155 3141 C

2186 476 2556 549 praeferentes,
2600 474 2700 530 hos
2728 474 3105 531 humiliantes.

2258 565 2440 632 (Vers.
2486 563 2602 634 21.)
2668 586 2688 609 ‹
2726 563 3036 620 Secundum
3079 562 3486 633 ignobilitatem
3538 564 3693 624 dico.
3747 592 3764 614 .

2182 651 2585 722 Ignobilitatem
2642 650 2779 707 dicit
2825 651 2947 718 hoc,
2996 650 3143 722 quod
3190 668 3354 723 supra
3402 653 3486 723 (ν.
3524 655 3619 727 18)
3654 656 3772 713 ait:

2196 762 2216 785 ι
2245 739 2316 792 Et
2343 755 2443 809 ego
2473 738 2747 809 gloriabor
2771 738 3068 794 secundum
3100 755 3342 796 carnem.
3383 765 3402 787 ι
3464 742 3592 797 Νοιι
3625 744 3771 799 enim

2182 823 2319 880 dicit
2356 826 2423 880 ad
2453 826 2666 882 laudem
2696 827 2984 899 pertinere,
3018 827 3148 899 quia
3176 827 3431 884 inﬁrmus
3482 846 3597 885 non
3639 840 3769 900 erat,

2182 912 2240 968 in
2268 929 2375 985 quo
2399 930 2456 970 se
2479 913 2779 982 jactabant,
2812 931 2947 986 quos
3004 915 3221 971 occulte
3268 917 3464 988 tangit.
3523 918 3682 974 Unde
3721 928 3770 975 et

2180 998 2379 1070 adjecit
2410 1017 2421 1055 :
2478 1025 2496 1047 ι
2522 1002 2686 1067 Quasi
2716 1018 2814 1057 nos
2844 1001 3048 1056 inﬁrmi
3078 1003 3344 1059 fuerimus
3365 1004 3423 1058 in
3444 1005 3551 1061 hac
3566 1019 3758 1078 parte.»

2179 1086 2528 1142 Manifestum
2575 1098 2658 1145 est
2702 1089 2831 1161 quia
2877 1105 2987 1145 non
3039 1091 3239 1146 eratin
3272 1092 3374 1148 hac
3403 1095 3581 1164 gloria
3610 1096 3767 1150 inﬁr-

2182 1189 2323 1241 mus,
2379 1175 2436 1230 in
2488 1193 2595 1248 qua
2641 1193 2696 1232 se
2750 1178 3108 1248 praeferebant
3138 1181 3219 1251 (8)
3261 1182 3546 1238 credentes
3576 1184 3763 1251 Judaei,

2183 1279 2319 1335 quos
2347 1264 2403 1318 lii
2436 1266 2803 1335 patiebantur,
2835 1268 2989 1338 quasi
3022 1268 3318 1338 Apostolus
3357 1286 3551 1327 eorum
3584 1274 3641 1328 in
3673 1275 3765 1330 hac

2181 1369 2241 1410 re
2286 1362 2425 1409 esset
2467 1354 2787 1421 dissimilis;
2837 1357 2966 1428 quia
3012 1365 3065 1411 et
3111 1357 3228 1428 ipse
3280 1367 3395 1415 erat
3442 1360 3510 1415 de
3564 1364 3764 1421 semine

2182 1440 2438 1508 Abrahae,
2465 1457 2526 1497 ac
2557 1458 2650 1513 per
2677 1442 2781 1497 hoc
2813 1442 3064 1498 inﬁrmus
3087 1460 3196 1499 non
3228 1455 3341 1502 erat
3382 1449 3440 1503 in
3496 1448 3600 1507 hac
3645 1454 3764 1523 glo—

2182 1528 2264 1584 ria
2286 1528 2465 1583 carnis
2496 1530 2599 1600 (9).
2644 1530 2854 1584 Inﬁrmi
2898 1539 3079 1586 autem
3128 1531 3186 1587 hi
3223 1533 3639 1608 judicabantur,
3673 1540 3759 1612 qui

2184 1618 2441 1688 applicati
2480 1618 2695 1674 fuerant
2749 1620 2932 1691 generi
2983 1620 3236 1677 Abrahae.
3282 1624 3375 1679 Isti
3417 1626 3557 1681 enim
3611 1629 3765 1700 quasi

2184 1704 2392 1760 inﬁrmi
2422 1706 2478 1760 in
2508 1722 2572 1761 eo
2601 1707 2746 1779 quod
2776 1709 2861 1762 illi
2896 1725 2951 1764 se
3002 1711 3378 1780 praeferebant,
3408 1730 3468 1769 eo
3498 1718 3650 1787 quod
3676 1734 3766 1773 es-

2189 1802 2309 1849 sent
2354 1795 2633 1863 Israelitze,
2683 1797 2741 1851 in
2790 1797 2894 1853 hoc
2938 1798 3055 1869 ipso
3103 1801 3296 1856 volunt
3342 1819 3399 1859 se
3426 1806 3669 1862 sullerri.
3703 1808 3764 1863 Ut

2188 1881 2499 1937 ostenderet
2528 1884 2584 1937 in
2617 1884 2718 1940 hac
2753 1886 2925 1955 gloria
2952 1887 3133 1942 carnis
3175 1905 3283 1944 non
3327 1907 3383 1946 se
3436 1910 3554 1949 esse
3601 1895 3766 1951 dissi-

2188 1970 2349 2024 miles
2376 1978 2427 2025 et
2464 1971 2713 2028 inﬁrmos
2745 1973 2888 2042 (10),
2917 1991 3042 2030 cum
3070 1976 3136 2032 de
3174 1994 3267 2032 sua
3310 1994 3470 2034 causa
3498 1983 3765 2054 loquitur,

2188 2057 2505 2115 subinducit
2552 2069 2603 2115 et
2658 2062 2919 2118 Barnabas
2963 2081 3240 2136 personam
3287 2068 3421 2123 socii
3458 2071 3572 2139 sui,
3624 2074 3766 2129 Unde

2188 2155 2243 2202 et
2267 2147 2324 2201 in
2355 2149 2531 2218 prima
2561 2148 2697 2205 dicit
2734 2152 2965 2223 epistola
2994 2170 3006 2208 :
3063 2179 3081 2200 ι
3122 2157 3230 2209 Aut
3262 2171 3357 2227 ego
3384 2158 3540 2214 solus
3572 2171 3627 2217 et
3644 2162 3763 2217 Bar-

2189 2237 2356 2293 nabas
2384 2253 2493 2293 non
2521 2238 2782 2296 habemus
2813 2250 3128 2313 potestatem
3152 2244 3255 2300 hoc
3275 2247 3536 2317 operandi
3567 2251 3621 2318 (1
3645 2252 3760 2308 Cor.

2190 2341 2270 2393 rx,
2301 2325 2401 2397 6)?
2430 2351 2449 2374 ι
2491 2328 2611 2383 Non
2643 2346 2770 2401 ergo
2798 2331 3037 2387 minores
3066 2340 3220 2387 erant
3248 2334 3304 2388 in
3338 2334 3441 2391 hac
3488 2338 3684 2409 gloria,
3712 2340 3762 2393 in

2189 2431 2295 2488 qua
2323 2431 2379 2471 se
2407 2416 2577 2473 Judaei
2598 2418 2897 2490 jactabant,
2949 2422 3041 2476 sed
3089 2439 3197 2478 non
3246 2423 3373 2480 inde
3419 2428 3760 2498 plaudebant.

2186 2504 2436 2577 Denique
2468 2506 2621 2563 dicit.
2669 2532 2686 2553 ι
2716 2510 2778 2564 In
2827 2525 2934 2582 quo
2977 2511 3099 2583 quis
3148 2512 3307 2569 rudet
3335 2514 3363 2570 ?
3389 2516 3451 2570 In
3496 2517 3765 2590 insipien-

2188 2593 2321 2648 tiam
2352 2595 2497 2662 dico,
2533 2596 2709 2651 audeo
2731 2605 2783 2652 et
2807 2615 2904 2669 ego
2932 2617 2945 2665 ;
2978 2624 2995 2646 ›
3040 2600 3145 2656 hoc
3185 2609 3286 2666 est,
3317 2619 3427 2658 non
3468 2604 3639 2661 fuisse
3681 2608 3765 2662 in-

2186 2678 2409 2735 ﬁrmum
2444 2682 2501 2735 in
2533 2684 2722 2753 gloria,
2751 2700 2856 2756 qua
2886 2702 2941 2741 se
2978 2686 3256 2757 jactabant
3308 2691 3609 2761 Israelitae;
3674 2711 3762 2750 nec

2190 2767 2414 2839 quidem
2470 2769 2527 2824 in
2575 2770 2677 2826 hac
2720 2789 2774 2828 re
2814 2774 3133 2844 prudentem
3184 2776 3460 2847 indicari;
3524 2782 3765 2853 praeferre

2190 2858 2337 2911 enim
2359 2873 2415 2913 se
2447 2860 2643 2915 nolunt
2677 2863 2990 2933 prudentes.
3018 2867 3081 2921 In
3129 2867 3501 2938 insipientiam
3552 2886 3681 2943 ergo
3716 2886 3765 2927 se

2190 2942 2328 3000 dicit
2382 2947 2583 3004 audere
2632 2950 2687 3005 in
2737 2968 2801 3007 eo
2851 2953 2995 3024 quod
3043 2955 3246 3011 audent
3276 2957 3314 3010 ii
3360 2958 3455 3030 qui
3485 2974 3543 3014 se
3568 2942 3766 3030 jactant

2188 3050 2253 3090 eo
2281 3036 2426 3107 quod
2456 3037 2566 3093 sint
2594 3039 2695 3094 ﬁlii
2728 3041 2996 3109 Abrahae;
3031 3052 3091 3099 ut
3136 3045 3364 3115 gloriam
3409 3063 3600 3104 eorum
3650 3054 3767 3106 ina—

2189 3122 2307 3178 niat
2341 3140 2353 3178 :
2389 3123 2793 3196 imprudentem
2824 3147 2879 3185 se
2914 3134 3268 3203 pronuntiat;
3302 3151 3370 3190 ne
3399 3136 3482 3191 illi
3526 3140 3769 3209 pruden-

2189 3218 2270 3266 tes
2302 3211 2621 3269 viderentur
2650 3216 2705 3270 in
2741 3216 2842 3273 hac
2872 3228 3041 3290 parte,
3073 3229 3167 3276 aut
3197 3222 3426 3279 nobiles.

2263 3302 2443 3373 (Vers.
2480 3302 2595 3374 22.)
2639 3328 2657 3349 ι
2680 3304 2889 3362 Hebraei
2920 3316 3066 3375 sunt,
3089 3318 3142 3365 et
3168 3327 3265 3383 ego
3297 3330 3309 3367 :
3343 3313 3607 3371 Israelita;
3625 3325 3765 3381 sunt,

2189 3402 2243 3451 et
2270 3412 2369 3467 ego
2402 3415 2414 3452 :
2448 3414 2631 3455 semen
2674 3402 2907 3460 Abrahm
2950 3415 3099 3471 sunt,
3134 3415 3188 3462 et
3232 3425 3348 3480 ego.
3381 3435 3399 3459 ›
3461 3412 3527 3466 In
3558 3412 3647 3468 his
3674 3431 3768 3486 pa-

2190 3501 2303 3541 rem
2333 3503 2388 3541 se
2414 3503 2625 3555 eorum,
2660 3489 2727 3545 de
2767 3493 2966 3563 quibus
2987 3510 3149 3566 supra
3179 3497 3533 3568 signiﬁcavit,
3585 3511 3770 3557 osten—

2188 3572 2271 3660 dit
2292 3590 2316 3660 εγ
2364 3583 2426 3630 ut
2482 3575 2843 3634 detractiones
2896 3597 3104 3650 eorum,
3154 3585 3351 3655 quibus
3388 3586 3653 3660 indignus
3705 3590 3767 3646 ab

2188 3657 2276 3714 his
2298 3659 2668 3732 judicabatur,
2700 3667 2860 3723 falsas
2890 3670 3213 3728 ostenderet.

2262 3747 2442 3818 (Vers.
2473 3750 2588 3823 23.)
2639 3776 2657 3800 ι
2684 3755 2923 3811 Ministri
2956 3757 3158 3816 Christi
3191 3770 3337 3830 sunt,
3368 3770 3422 3818 et
3473 3780 3573 3836 ego
3621 3768 3768 3823 velut

2187 3836 2453 3909 insipiens
2482 3840 2625 3911 dico,
2663 3846 2784 3916 plus
2809 3864 2925 3919 ego.
2962 3874 2980 3898 ι
3026 3850 3167 3907 Vera
3196 3852 3266 3908 de
3295 3870 3352 3908 se
3378 3854 3591 3925 dieens,
3625 3859 3770 3914 insi-

2186 3926 2424 3997 pientem
2480 3947 2537 3987 se
2581 3938 2920 4007 pronuntiat,
2972 3948 3034 3997 ut
3082 3942 3420 4016 intelligatur
3462 3950 3768 4005 coactusin

2187 4016 2400 4072 laudem
2425 4036 2578 4076 suam
2610 4030 2939 4100 prorupisse.
2970 4031 3101 4087 Nam
3143 4049 3237 4105 qui
3258 4043 3449 4106 sponte
3490 4053 3555 4093 ea
3581 4040 3766 4108 refert,

2186 4107 2329 4165 202
2359 4122 2478 4178 quae
2512 4109 2578 4165 ad
2605 4111 2820 4170 laudem
2852 4116 2968 4188 ejus
3020 4121 3329 4191 proﬁciant,
3362 4107 3767 4196 imprudentem

2183 4215 2240 4292 se
2268 4216 2378 4256 non
2409 4200 2562 4292 dicit.
2597 4206 2847 4267 Ostendit
2891 4229 3017 4287 ergo
3068 4235 3188 4290 quae
3235 4219 3365 4283 sint,
3394 4235 3514 4292 quae
3568 4223 3769 4279 faciant

2183 4287 2341 4344 illum
2371 4290 2688 4352 ministrum
2716 4300 2921 4356 Christi
2955 4287 3123 4376 magis
3149 4323 3281 4374 esse,
3314 4287 3478 4379 quam
3508 4319 3643 4365 sunt
3671 4327 3770 4366 re-

2183 4375 2320 4447 liqui
2362 4381 2761 4450 przedicatores.
2813 4389 3105 4448 Occasione
3152 4396 3297 4451 enim
3329 4375 3593 4464 “inventa,
3637 4415 3768 4455 om-

485 4442 695 4555 gistiis,
729 4452 781 4500 et
809 4445 951 4555 farre
969 4447 1137 4555 lquod
1166 4464 1278 4503 non
1305 4452 1529 4555 capedit
1559 4455 1700 4555 (1).:
1731 4456 1787 4511 Si
1817 4458 1938 4555 quis
1966 4476 2073 4555 eit-
2102 4442 2151 4487 υ
2180 4442 2335 4520 nium
2362 4442 2561 4542 -tangit
2613 4490 2889 4544 personas,
2922 4481 3085 4537 etiam
3118 4487 3514 4555 apostolorum,
3574 4442 3767 4545 dolens

482 4531 725 4588 tollitur.
753 4556 773 4580 ι
815 4533 1157 4591 Extollentia
1181 4537 1437 4607 superbia
1454 4547 1553 4595 est.
1578 4539 1689 4596 Hos
1717 4557 1842 4614 ergo
1870 4548 2063 4617 tangit,

482 4618 580 4692 qui
613 4620 832 4691 superbi
859 4630 1035 4691 erant,
1059 4624 1199 4680 male
1229 4632 1479 4682 taxantes
1504 4629 1825 4699 Apostoluu:
1851 4650 1866 4698 ;
1900 4644 1954 4690 et
1978 4635 2065 4691 his

479 4722 593 4764 non
622 4708 1001 4781 displicebant.
1041 4735 1061 4759 «
1092 4712 1150 4768 Si
1179 4713 1302 4786 quis
1328 4713 1397 4776 in,
1416 4715 1608 4772 faciem
1637 4734 1735 4774 vos
1764 4720 1943 4779 caedit.
1968 4725 2063 4781 aIn

480 4794 682 4852 faciem
709 4798 959 4868 caeditur,
986 4800 1047 4857 in
1075 4801 1233 4873 cujus
1257 4818 1317 4858 os
1341 4802 1545 4875 injuria
1585 4804 1876 4880 irrogatur.
1906 4811 2063 4871 Nunc

478 4880 583 4942 hos
609 4886 900 4958 signiﬁcat,
932 4889 1026 4963 qui
1055 4906 1119 4946 eo
1148 4890 1296 4964 quod
1323 4901 1500 4949 essent
1528 4892 1596 4950 de
1644 4911 1837 4967 genere
1876 4899 2061 4958 Abra-

416 5033 419 5037 ’
486 5105 499 5114 _
548 5034 640 5114 (fit)
659 5037 941 5114 Quidquid
965 5042 1259 5114 intercedit
1285 5045 1430 5100 inter
1459 5045 1578 5105 haec
1607 5048 2060 5114 verba,sustinetis

475 5105 794 5186 insipientes,
819 5105 881 5167 ‘et
909 5113 1016 5168 alia
1045 5114 1162 5182 illa,
1193 5115 1371 5171 ironia
1395 5123 1469 5171 est
1493 5119 1618 5185 haec,
1651 5118 1712 5174 in
1737 5105 1861 5177 cod.
1891 5105 2055 5182 csa;

475 5175 836 5238 desideratur.

547 5250 630 5326 (fi)
651 5250 917 5326 lft'onnulli
947 5268 1100 5326 mss.,
1138 5256 1231 5326 qui
1259 5257 1519 5326 sapientia
1548 5275 1671 5317 sua.

544 5323 629 5403 )
807 5323 1036 5403 aliquot,
1058 5322 1247 5379 halient
1274 5322 1482 5381 sénsum
1508 5330 1668 5403 aliter
1683 5337 2053 5403 pronuntiata.

545 5392 629 5479 (ἕ)
658 5391 739 5469 Ita
769 5401 878 5479 vet.
900 5391 1043 5448 ‘edit.
1079 5404 1133 5449 et
1153 5411 1321 5479 ἰιιειεἈ
1346 5409 1578 5479 excepto
1618 5391 1804 5479 σάφ’,
1837 5406 1896 5460 in
1912 5391 2052 5479 9&6;

473 5460 697 5547 ituﬁert',
716 5463 853 5531 quod
878 5479 988 5547 non
1017 5466 1243 5535 expetit;
1282 5460 1438 5522 Rom.
1473 5460 1606 5526 edit.
1638 5460 1869 5544 sola,'at
1893 5460 2053 5547 [ἓν-ἧς

468 5540 573 5601 quo
603 5545 704 5583 non
728 5533 953 5607 expedit.

2178 4557 2306 4643 quia
2350 4557 2450 4611 Dei
2500 4561 2670 4631 gratia
2714 4568 2896 4622 minor
2941 4568 2999 4623 in
3042 4570 3145 4627 hoc
3197 4572 3586 4643 judicabatur;
3640 4594 3767 4633 cum

2174 4641 2363 4700 eadem
2418 4660 2736 4718 operaretur
2792 4671 2909 4726 quae
2972 4660 3155 4715 caeteri
3202 4641 3466 4733 apostoli,
3522 4641 3581 4721 et
3634 4665 3766 4721 ﬁdei

2171 4744 2332 4786 causa
2375 4734 2582 4807 majora
2623 4740 2793 4797 exitia
2840 4744 3114 4803 toleraret.
3141 4749 3294 4804 Unde
3343 4759 3399 4806 et
3427 4751 3486 4805 in
3515 4752 3627 4808 alia
3652 4752 3765 4825 epi-

2170 4818 2518 4981 stolalgicit:
2564 4850 2582 4873 ι
2613 4828 2743 4886 Plus
2773 4830 2886 4887 illis
2925 4834 3182 4892 omnibus
3230 4837 3478 4893 laboravi
3529 4840 3589 4909 (Ι
3634 4818 3763 4899 Ger.

2170 4919 2266 4974 xv,
2407 4953 2419 4967 .
2451 4935 2472 4961 ι

2168 4919 2266 4974 κν,
2307 4919 2419 4974 10).
2451 4935 2472 4961 ι

2249 5056 2516 5149 ίβλβρτὶξ.
2567 5066 2712 5149 00d.,
2770 5070 2827 5125 in
2881 5088 2987 5149 qua
3031 5090 3098 5149 se
3134 5073 3492 5149 prce/erebum
3534 5077 3762 5149 Iudaeis,

2166 5138 2295 5210 quia
2319 5138 2492 5210 etipsi
2517 5145 2671 5210 erant
2691 5156 2757 5194 ea:
2794 5138 2985 5196 seniine
3027 5138 3278 5210 Abrahae,
3329 5147 3416 5200 sed
3469 5163 3581 5201 non
3637 5138 3762 5206 inde

2528 5208 2760 5286 Denique
2778 5212 2949 5286 dicit:
2973 5214 3037 5268 In
3063 5231 3164 5285 quo
3193 5203 3310 5286 quis
3336 5216 3515 5285 audet,
3558 5226 3666 5275 etc.

2240 5274 2477 5362 (SjiMs's.
2508 5274 2782 5362 nonnulli,
2831 5283 3002 5362 inﬁmi
3033 5274 3149 5362 non
3196 5274 3349 5340 Erant
3373 5288 3430 5342 in
3456 5274 3557 5349 huc
3577 5274 3763 5362 gleria

2166 5346 2346 5420 carnis
2372 5346 2615 5420 ,‘ALaudq
2645 5346 2816 5420 gloria
2845 5346 3061 5410 Christi.

2176 5483 2186 5493 _
2235 5414 2356 5498 μθ)
2384 5414 2612 5483 Quidam
2645 5414 2800 5498 inse,
2840 5431 2897 5478 ut
2931 5427 3341 5482 ostenderent...
3378 5428 3670 5489 dissimiles
3709 5438 3761 5493 et

2164 5488 2441 5564 infirmos;
2483 5492 2759 5564 nonnulli,
2786 5488 2868 5564 fut
2905 5497 3276 5553 ostenderet...
3327 5488 3665 5563 dissimilem.
3712 5488 3767 5564 Et

2165 5556 2435 5624 inﬁrmum
2458 5575 2479 5621 ;
2507 5561 2703 5635 reliqui
2734 5556 2787 5617 et
2814 5563 2946 5620 edit.
2978 5575 3039 5621 ut
3074 5566 3130 5621 in
3159 5574 3337 5623 textu.
