3952 6202
250 252 351 311 315

1315 251 1674 309 COMMENT.
1716 253 1788 309 IN
1818 252 2033 310 EPIST.
2064 253 2115 309 II
2143 253 2239 308 AD
2277 253 2431 312 COR.

3415 258 3517 317 346

329 401 349 425 α
375 380 435 433 In
476 377 755 435 laboribus
801 378 1076 450 plurimis.
1108 403 1128 427 ι
1183 378 1312 435 Ideo
1364 378 1424 433 in
1465 378 1713 450 pluribus
1744 378 1820 433 ait
1847 380 1898 438 A
1934 377 2079 450 quod
2108 377 2258 433 aliud
2304 379 2409 436 fuit
2452 379 2751 453 periculum
2799 383 2860 440 in
2906 380 3095 441 mari?
3142 382 3249 440 Sed
3296 382 3404 439 hoc
3437 390 3516 439 est

246 466 540 535 laboribus,
572 467 704 540 quia
747 474 801 522 et
839 467 924 522 illi
965 468 1376 536 laboraverunt,
1419 467 1514 523 sed
1554 484 1663 523 non
1694 475 1826 524 tan-

244 560 382 609 tum.
414 555 514 612 llic
551 556 699 610 enim
738 571 771 610 a
821 570 979 609 mane
1006 572 1178 628 usque
1227 557 1295 611 ad
1343 556 1588 628 quintam
1634 555 1826 611 horam

244 641 453 698 victum
496 642 753 698 manibus
782 643 1081 716 quaerebat,
1131 652 1185 698 et
1224 644 1297 699 ita
1330 643 1529 700 exinde
1557 659 1727 715 usque
1761 643 1828 699 ad

242 728 514 787 decimam
567 730 760 786 horam
803 731 1120 802 disputabat
1162 732 1380 802 publice
1421 738 1575 786 tanto
1624 732 1825 798 labore,

244 830 307 875 ut
335 822 837 879 contradicentibus
874 825 1141 880 suaderet.
1186 848 1204 869 ι
1234 824 1295 878 In
1316 824 1621 880 carceribus
1645 823 1830 879 abun-

243 906 486 964 dantius.
517 933 536 956 ι
578 908 837 980 Apertum
882 917 963 965 est
1008 911 1345 982 frequentius
1394 911 1558 965 istum
1599 911 1827 966 missum

246 994 417 1052 fuisse
463 996 521 1052 in
574 1013 840 1054 carcerem
896 1014 1058 1069 quam
1107 998 1251 1054 illos.
1298 1000 1406 1054 «In
1446 998 1619 1071 plagis
1665 1015 1829 1070 supra

246 1083 493 1140 modum.
524 1110 544 1133 ι
606 1085 731 1141 Ideo
777 1102 939 1156 supra
986 1085 1234 1151 modum,
1286 1087 1416 1159 quia
1466 1087 1611 1142 ultra
1663 1103 1826 1159 quam

244 1172 507 1240 oportuit.
538 1174 672 1229 Nam
717 1181 769 1228 et
812 1174 895 1228 illi
938 1176 1061 1229 caesi
1102 1181 1248 1242 sunt,
1300 1174 1395 1229 sed
1442 1191 1551 1229 non
1590 1183 1823 1229 tantum.

256 1280 276 1303 ι
307 1259 369 1313 In
407 1261 675 1316 mortibus
721 1261 936 1332 saepius.
971 1287 990 1310 ι
1034 1262 1239 1319 Verum
1287 1269 1387 1330 est,
1418 1262 1548 1334 quia
1579 1261 1671 1319 hic
1704 1261 1827 1318 fre-

244 1348 501 1419 quentius
528 1349 771 1421 pericula
797 1351 1080 1418 sustinuit,
1111 1367 1273 1423 quam
1304 1351 1506 1409 caeteri.

319 1436 498 1507 (Vers.
548 1438 663 1509 24.)
726 1463 744 1485 ι
790 1440 840 1494 Α
879 1438 1081 1494 Judaeis
1120 1439 1412 1512 quinquies
1450 1437 1825 1512 quadraginta,

242 1539 357 1580 una
412 1525 595 1581 minus
645 1527 857 1599 accepi.
900 1552 919 1575 ι
986 1527 1102 1582 Iloc
1147 1527 1303 1596 dicit,
1358 1528 1487 1601 quia
1541 1527 1829 1601 quinquies

242 1613 552 1684 ﬂagellatus
590 1623 671 1670 est
716 1632 750 1670 a
792 1614 994 1671 Iudaeis
1050 1616 1350 1672 secundum
1404 1618 1573 1689 legem
1604 1615 1826 1689 Moysis,

1934 468 2261 539 periculum,
2306 469 2518 541 quando
2549 471 2606 526 in
2634 475 2792 539 mari,
2821 473 2928 531 hoc
2954 482 3056 543 est,
3087 475 3145 529 in
3174 473 3324 540 navi,
3357 472 3515 529 mili-

1938 564 2019 613 tes
2041 557 2412 628 cogitaverant
2441 576 2625 614 omnes
2652 562 2928 618 custodias
2970 564 3255 630 occidere;
3296 579 3366 618 ne
3391 562 3515 636 quis

1938 655 2162 725 enatans
2194 645 2470 717 effugeret.
2516 645 2671 713 Quod
2699 650 3002 719 periculum
3040 652 3290 707 centurio
3318 650 3514 722 prohi-

1937 732 2061 789 buit
2090 733 2304 801 inferri,
2338 750 2407 789 ne
2453 734 2653 789 Paulus
2682 736 3037 805 occideretur,
3066 746 3130 793 ut
3172 755 3296 794 eum
3323 739 3511 794 vivum

1938 821 2165 877 Romam
2196 822 2532 893 perduceret.
2572 847 2590 869 ι
2623 823 2888 878 Periculis
2913 823 2970 878 in
3000 824 3143 880 ﬁctis
3170 824 3447 881 fratribus.
3482 849 3502 872 ι

1939 909 2084 964 Falsi
2122 910 2315 966 fratres
2357 910 2397 966 ii
2445 919 2593 977 sunt,
2625 909 2692 965 de
2734 910 2935 982 quibus
2970 910 3108 966 dicit
3136 911 3205 967 ad
3246 912 3461 969 Galatas
3501 933 3513 970 :

1951 1020 1971 1044 ι
2008 999 2235 1070 Propter
2274 998 2720 1056 subintroductos
2757 1007 2937 1054 autem
2984 997 3150 1054 falsos
3189 998 3398 1066 fratres,
3427 1000 3519 1072 qui

1937 1085 2387 1141 subintraverunt
2416 1088 2701 1158 explorare
2732 1086 3039 1143 libertatem
3070 1094 3331 1153 nostram,
3361 1103 3518 1159 quam

1936 1171 2200 1231 habemus
2244 1176 2300 1231 in
2342 1174 2562 1232 Christo
2588 1176 2715 1232 Jesu
2754 1175 2962 1246 (Galat.
2996 1192 3057 1242 ιι,
3086 1174 3168 1246 li).
3210 1201 3230 1225 ι
3279 1176 3347 1231 Hi
3377 1177 3522 1233 enim

1936 1262 2135 1333 partim
2183 1262 2483 1320 Christiani
2527 1270 2701 1330 erant,
2747 1262 2949 1334 partim
2984 1261 3180 1331 Judaei,
3225 1262 3283 1317 in
3332 1270 3524 1320 neutro

1937 1349 2184 1422 perfecti,
2221 1351 2316 1423 qui
2360 1351 2477 1407 zelo
2524 1351 2659 1423 legis
2705 1352 2972 1423 Apostolo
3010 1351 3280 1408 invidiam
3309 1352 3525 1408 excita-

1938 1436 2092 1505 bant,
2123 1454 2187 1494 eo
2229 1440 2396 1511 quod,
2430 1438 2725 1511 pradicato
2768 1437 3009 1508 Christo,
3056 1440 3226 1511 legem
3259 1439 3371 1512 jam
3402 1454 3527 1497 ces-

1938 1542 2058 1583 sare
2085 1528 2320 1585 dicebat.
2341 1528 2591 1601 Denique
2606 1527 2693 1584 his
2722 1527 3160 1599 perurgentibus,
3179 1527 3526 1585 Timotheum

1937 1617 2254 1688 compulsus
2300 1624 2383 1673 est
2422 1615 2833 1672 circumcidere.
2866 1615 3053 1671 Fictus
3094 1632 3222 1687 ergo
3251 1615 3529 1673 Christia-

243 1702 523 1773 accipiens
552 1703 735 1775 plagas
763 1703 987 1774 triginta
1014 1717 1234 1771 novem,
1264 1704 1407 1760 sicut
1443 1703 1706 1776 scriptum
1747 1712 1897 1777 estB
1936 1718 2041 1758 nus
2101 1709 2203 1769 est,
2252 1703 2347 1775 qui
2394 1701 2745 1758 aemulatione
2802 1701 2937 1772 legis
2985 1701 3329 1772 persequitur
3372 1699 3524 1757 Chri-

242 1789 307 1844 in
338 1791 762 1847 Deuteronomio
793 1792 968 1862 (Deut.
1002 1808 1138 1860 xxv,
1166 1792 1245 1862 3).
1278 1791 1436 1860 Quod
1467 1807 1561 1863 per
1584 1791 1827 1865 quinque

240 1890 375 1948 ergo
407 1878 552 1933 vices
582 1879 782 1933 factum
813 1886 912 1945 est,
943 1878 1033 1935 hic
1051 1880 1366 1935 summatim
1396 1880 1580 1938 refert.

318 1964 498 2036 (Vers.
533 1966 647 2035 25.)
685 1990 703 2012 ε
731 1966 835 2021 Ter
856 1966 1024 2037 virgis
1058 1983 1228 2024 caesus
1254 1984 1397 2025 sum.
1423 1994 1442 2017 ι
1486 1969 1600 2026 Hoc
1626 1986 1660 2025 a
1686 1985 1827 2042 gen-

241 2052 391 2109 tibus
420 2070 608 2125 passus
655 2061 755 2109 est.
809 2076 828 2099 ι
871 2054 1048 2110 Semel
1093 2056 1365 2127 lapidatus
1409 2073 1551 2113 sum.
1584 2083 1604 2107 ι
1647 2059 1695 2113 Α
1720 2058 1826 2112 Ju-

238 2141 379 2197 daais
408 2140 683 2212 lapidatus
727 2147 808 2195 est
860 2141 917 2195 in
963 2142 1183 2198 civitate
1220 2144 1497 2214 Lycaonia
1528 2144 1668 2216 (Act.
1707 2161 1824 2211 XIV,

240 2232 365 2302 18).
428 2253 447 2277 ε
495 2230 599 2285 Ter
646 2229 991 2300 naufragium
1033 2229 1157 2284 feci.
1190 2256 1209 2278 ι
1250 2231 1356 2297 Qui
1393 2232 1545 2287 omni
1589 2241 1832 2304 tempore

238 2320 452 2390 legitur
480 2319 783 2389 navigasse,
833 2317 1078 2373 ad\ersis
1105 2319 1359 2388 procellis
1406 2320 1567 2376 facile
1611 2320 1717 2375 fuit
1752 2328 1834 2375 ter

237 2407 596 2479 naufragium
637 2407 832 2462 facere.
879 2429 897 2451 ε
922 2406 1093 2463 Nocte
1113 2415 1166 2463 et
1197 2406 1286 2462 die
1322 2408 1381 2463 in
1411 2407 1683 2479 profundo
1714 2425 1836 2465 ma-

238 2495 322 2551 ris
377 2495 480 2551 fui.
514 2520 533 2544 ι
585 2495 702 2551 Hoc
730 2495 935 2551 factum
985 2502 1086 2561 est,
1120 2495 1338 2567 quando
1395 2495 1594 2550 missus
1621 2502 1701 2550 est
1735 2496 1836 2552 Ro-

242 2607 394 2647 mam
462 2591 603 2663 (Act.
678 2607 875 2658 xxvu,
940 2590 1006 2647 12
1071 2592 1241 2662 seq.),
1314 2608 1439 2647 cum
1519 2594 1839 2663 appellasset

240 2681 540 2738 Caesarem.
605 2680 758 2736 Tunc
809 2678 1185 2750 desperatione
1240 2679 1368 2735 vitae
1425 2680 1483 2735 in
1538 2682 1668 2748 alto,
1734 2682 1836 2739 hoc

239 2776 352 2836 est,
404 2768 461 2822 in
511 2766 784 2839 profundo
836 2767 1002 2821 maris
1039 2766 1166 2831 fuit,
1210 2774 1445 2822 mortem
1487 2775 1611 2823 ante
1649 2769 1836 2825 oculos

239 2855 484 2911 habens.
516 2854 606 2909 Sic
634 2854 778 2908 enim
816 2854 1078 2925 scriptum
1122 2860 1203 2907 est
1247 2852 1304 2908 in
1350 2852 1467 2925 ipso
1499 2855 1617 2910 loco
1649 2873 1661 2910 :
1709 2880 1728 2903 ι
1756 2857 1838 2912 Ita

236 2953 308 3001 ut
340 2944 751 3015 desperaremus
796 2959 893 2998 nos
930 2943 1093 2998 etiam
1127 2942 1314 2997 vivere
1347 2941 1431 3014 (II
1462 2943 1588 2999 Cor.
1620 2960 1657 3011 ι,
1688 2944 1770 3016 8).
1801 2969 1822 2993 ι

1935 1790 2173 1847 stianum
2208 1808 2220 1845 :
2255 1798 2309 1846 et
2338 1789 2429 1846 hic
2476 1798 2559 1846 est
2599 1788 2772 1844 falsus
2820 1789 3006 1843 frater.
3038 1787 3096 1843 Si
3124 1787 3273 1843 enim
3309 1793 3525 1843 tantum

1936 1878 2109 1935 Judaei
2155 1887 2310 1935 erant
2350 1877 2432 1949 hi,
2465 1884 2521 1934 et
2562 1886 2782 1950 propter
2827 1876 3169 1933 Judaismum
3209 1876 3404 1933 fratres
3432 1892 3524 1932 eos

1936 1965 2099 2023 falsos
2138 1967 2396 2039 appellat,
2428 1964 2561 2039 quid
2604 1981 2741 2037 opus
2768 1971 2884 2020 erat
2921 1962 3166 2021 iterare?
3207 1963 3325 2019 1am
3373 1963 3521 2019 enim

1937 2054 2185 2126 superius
2228 2055 2419 2111 dixit:
2470 2078 2489 2101 -
2532 2053 2795 2110 Periculis
2841 2068 2911 2108 ex
2953 2068 3163 2125 genere.
3214 2078 3233 2100 ι
3293 2052 3398 2108 Sed
3433 2067 3527 2108 se-

1939 2143 2179 2198 cundum
2228 2158 2449 2198 carnem
2482 2158 2595 2197 non
2646 2149 2774 2197 sunt
2815 2140 2938 2197 falsi
2968 2141 3182 2210 fratres,
3222 2139 3280 2196 in
3309 2139 3527 2197 Christo

1940 2238 2118 2284 autem
2159 2229 2283 2285 falsi
2336 2239 2502 2295 sunt;
2553 2228 2682 2301 quia
2723 2245 2834 2285 non
2875 2236 2991 2284 tota
3018 2236 3199 2284 mente
3228 2227 3527 2285 Christiani

1943 2324 2090 2372 sunt.
2132 2317 2377 2374 Fuerunt
2422 2324 2477 2373 et
2526 2316 2622 2371 alii
2668 2316 2796 2372 falsi
2834 2315 3048 2384 fratres,
3077 2317 3222 2373 sicut
3254 2317 3450 2373 Demas
3474 2325 3530 2374 et

1946 2413 2307 2484 Hermogenes
2337 2414 2422 2483 (11
2458 2414 2592 2469 Tim.
2635 2429 2714 2479 IV,
2742 2413 2824 2484 9).

2021 2501 2200 2572 (Vers.
2240 2501 2355 2571 27.)
2402 2524 2421 2547 ι
2450 2501 2512 2555 In
2545 2499 2727 2555 labore
2760 2506 2815 2554 et
2852 2501 3119 2555 molestia.
3154 2523 3175 2547 ι
3217 2499 3420 2556 Verum
3450 2510 3532 2557 est

1948 2589 2076 2662 quia
2104 2596 2279 2660 potest
2322 2603 2436 2645 esse
2484 2587 2640 2662 labor
2672 2587 2789 2643 sine
2827 2587 3078 2643 molestia
3107 2604 3119 2642 :
3153 2586 3247 2643 sed
3290 2586 3383 2642 hic
3410 2588 3531 2643 ideo

1946 2676 2204 2739 addidit:
2255 2700 2273 2722 ε
2301 2677 2372 2731 Et
2414 2674 2683 2743 molestia,
2722 2700 2742 2723 ι
2784 2682 2846 2731 ut
2890 2674 3125 2731 laborem
3168 2678 3311 2735 203
3353 2674 3530 2745 ipsum

1947 2773 2239 2829 exitiosum
2290 2771 2600 2827 ostenderet
2629 2770 2769 2841 (12).
2820 2793 2839 2818 ι
2887 2772 2948 2827 In
2988 2770 3196 2842 vigiliis
3248 2769 3454 2826 multis.
3497 2794 3516 2818 ι

1944 2862 2130 2918 Multae
2181 2860 2404 2915 fuerunt
2451 2858 2568 2930 ejus
2614 2858 2819 2930 vigiliae
2852 2877 2864 2914 :
2898 2858 2991 2913 sed
3034 2858 3153 2913 aliae
3184 2857 3528 2925 voluntarias,

1944 2950 2127 3004 alterae
2172 2964 2241 3004 ex
2286 2946 2643 3011 necessitate;
2698 2946 2755 3001 in
2812 2961 3062 3017 pressura
3108 2946 3257 3001 enim
3297 2945 3526 3017 positus,

319 3032 505 3103 (Vers.
541 3029 655 3100 26.)
722 3052 740 3076 ι
788 3030 850 3085 In
898 3029 1187 3085 itineribus
1242 3045 1401 3101 saepe.
1447 3054 1467 3077 ι
1518 3031 1676 3087 Nunc
1729 3031 1837 3087 alia
1865 3049 1916 3112 ο
1945 3052 2161 3092 necesse
2204 3044 2319 3092 erat
2373 3042 2435 3090 ut
2488 3033 2743 3104 vigilaret
2785 3033 2882 3089 Dei
2932 3049 3179 3106 quaerens
3205 3033 3526 3091 auxilium:

240 3128 518 3177 memorat
568 3119 832 3191 pericula,
863 3126 924 3173 ut
981 3127 1124 3173 terra
1170 3117 1415 3189 marique
1468 3133 1568 3188 pro
1619 3118 1839 3176 Christo

240 3216 510 3265 vexatum
552 3224 608 3263 se
657 3206 955 3263 secundum
988 3221 1207 3262 carnem
1247 3204 1515 3261 ostendat.
1563 3229 1582 3253 ι
1610 3207 1840 3264 Pericu-

238 3299 335 3366 lis,
388 3297 483 3363 ait,
511 3295 825 3351 ﬂuminum.
871 3320 889 3342 ι
940 3294 997 3350 Si
1044 3294 1306 3348 itinerum
1346 3292 1587 3364 pericula
1627 3296 1840 3366 recitat,

240 3386 386 3460 quid
433 3393 512 3440 est
564 3394 626 3440 ut
663 3383 852 3440 dicat:
901 3405 920 3429 σ
956 3381 1225 3437 Periculis
1276 3380 1618 3437 ﬂuminum?
1660 3408 1679 3431 ι
1737 3383 1842 3439 Sed

238 3476 434 3533 hieme
461 3476 566 3531 iter
595 3475 823 3541 faciens;
860 3473 987 3546 quia
1015 3473 1208 3545 utique
1238 3471 1440 3527 imbres
1458 3472 1661 3527 assidui
1691 3483 1840 3543 sunt,

240 3563 655 3638 egredientibus
734 3561 1056 3618 fluminibus
1133 3560 1452 3616 incurrebat
1513 3562 1836 3632 periculum.

255 3677 277 3702 ο
305 3651 577 3709 Periculis
622 3652 913 3707 latronum.
949 3675 968 3698 ι
1030 3649 1170 3708 Cum
1227 3649 1285 3704 in
1333 3648 1556 3705 civitate
1588 3648 1840 3707 diabolus

241 3764 376 3804 eum
403 3746 649 3802 occidere
679 3763 786 3801 non
820 3754 1016 3817 posset,
1051 3745 1290 3800 latrones
1338 3742 1419 3797 illi
1459 3741 1733 3798 excitabat
1778 3742 1839 3797 in

239 3838 361 3902 via,
393 3851 519 3890 cum
550 3834 691 3889 nihil
723 3834 908 3903 ferret,
944 3850 1063 3906 quae
1090 3833 1325 3887 latrones
1352 3837 1631 3902 cuperent.
1678 3852 1696 3875 ε
1729 3830 1838 3885 Pe-

238 3924 442 3981 riculis
470 3939 539 3977 ex
588 3938 798 3995 genere.
830 3946 848 3969 ι
891 3922 1202 3977 Iudaeorum
1249 3919 1385 3976 dicit
1413 3918 1836 3991 persecutiones,

239 4013 345 4085 qui
378 4012 576 4066 fratres
604 4010 723 4081 ejus
767 4018 920 4065 erant
969 4011 1267 4066 secundum
1295 4023 1510 4064 carnem
1536 4026 1549 4074 ;
1581 4006 1841 4062 dolebant

238 4102 421 4166 enim,
454 4098 583 4170 quia
630 4097 843 4153 deserta
884 4097 998 4169 lege
1039 4099 1155 4168 (ll)
1188 4097 1256 4152 ad
1284 4095 1645 4166 Evangelium
1675 4094 1837 4150 Chri-

236 4189 317 4244 sti
373 4202 435 4242 se
491 4191 853 4238 converterat.
900 4184 1210 4238 «Periculis
1274 4198 1343 4237 ex
1398 4181 1671 4252 gentibus.
1720 4206 1737 4227 -
1791 4182 1841 4236 A

237 4273 515 4349 gentibus
575 4270 979 4340 persecutiones
1033 4285 1222 4341 passus
1263 4275 1344 4322 est
1374 4276 1591 4339 propter
1630 4276 1842 4338 myste-

1945 3130 2137 3178 etnon
2178 3124 2357 3178 solum
2409 3121 2624 3187 diebus,
2654 3121 2747 3175 sed
2790 3128 2846 3174 et
2886 3119 3140 3175 noctibus
3180 3119 3419 3186 doceret,
3444 3121 3532 3175 si-

1947 3218 2042 3267 cut
2068 3209 2207 3266 dicit
2244 3209 2303 3263 in
2334 3208 2567 3264 Actibus
2603 3207 2995 3278 apostolorum.
3040 3228 3059 3251 ι
3090 3206 3151 3260 In
3179 3205 3322 3261 fame
3349 3213 3404 3260 et
3438 3206 3532 3262 siti

1953 3297 2094 3369 (Act.
2126 3315 2224 3365 xx,
2249 3297 2364 3364 31).
2396 3321 2415 3343 ι
2473 3297 2711 3367 Fugatus
2758 3294 3071 3366 frequenter
3098 3308 3130 3348 a
3171 3292 3374 3349 Iudaeis
3400 3309 3533 3364 per-

1950 3384 2324 3459 sequentibus,
2372 3397 2590 3438 necesse
2631 3389 2747 3437 erat
2790 3388 2853 3436 ut
2904 3380 3103 3436 famem
3161 3386 3435 3452 pateretur
3478 3390 3533 3445 et

1949 3474 2098 3530 sitim
2144 3487 2240 3543 per
2295 3469 2559 3541 inopiam.
2606 3491 2624 3515 ι
2655 3470 2715 3524 1η
2764 3464 2994 3538 jejuniis
3047 3482 3205 3539 saepe.
3250 3489 3272 3514 ι
3325 3468 3533 3539 Saepius

1943 3560 2234 3633 jejunavit,
2264 3566 2327 3614 ut
2383 3557 2479 3614 Dei
2534 3553 2870 3612 adminiculo
2924 3555 3134 3627 protegi
3192 3563 3527 3614 mereretur:

1941 3647 2154 3720 jejunat
2200 3646 2367 3712 enim,
2417 3644 2513 3716 qui
2566 3643 2697 3698 dum
2739 3641 2901 3697 habet
2955 3642 3104 3714 quod
3160 3641 3304 3710 edat,
3352 3643 3533 3699 absti-

1947 3743 2040 3792 net
2078 3734 2217 3806 (13).
2264 3757 2282 3778 ι
2314 3733 2376 3787 In
2406 3732 2607 3802 frigore
2654 3737 2709 3785 et
2736 3729 3005 3785 nuditate.
3030 3753 3049 3778 ι
3091 3730 3153 3784 In
3182 3729 3385 3800 frigore
3425 3729 3534 3785 fuit

1948 3831 2002 3880 et
2028 3823 2300 3888 nuditate,
2330 3820 2549 3893 quando
2588 3818 2936 3887 naufragium
2988 3831 3179 3886 passus
3211 3822 3313 3870 est.
3357 3815 3535 3870 Deni-

1948 3927 2051 3985 que
2082 3912 2260 3982 ignem
2301 3910 2569 3974 fecerunt,
2601 3907 2699 3972 ait,
2730 3913 2784 3959 et
2823 3904 3130 3957 refecerunt
3163 3917 3284 3969 nos,
3315 3909 3535 3974 propter

1947 3998 2192 4070 pluviam
2222 3996 2602 4050 imminentem
2649 3998 2703 4045 et
2740 3988 2932 4060 frigus,
2973 3987 3196 4043 Barbari
3241 3989 3301 4044 in
3354 3989 3536 4047 insula

1948 4085 2148 4142 Melitae
2189 4084 2329 4155 (Act.
2361 4096 2565 4146 xxviii,
2596 4078 2677 4149 2).

2023 4171 2204 4243 (Vers.
2246 4167 2364 4239 28.)
2418 4191 2435 4213 ι
2466 4168 2667 4223 Praeter
2696 4165 2792 4220 illa
2830 4181 2948 4237 quae
3004 4162 3348 4221 extrinsecus
3382 4171 3532 4236 sunt,

1949 4259 2215 4317 instantia
2261 4274 2404 4325 mea,
2450 4256 2767 4329 quotidiana
2796 4253 3114 4310 sollicitudo
3145 4254 3393 4310 omnium
3416 4255 3536 4312 Ec-

238 4341 396 4420 ;ium
430 4357 832 4414 incarnationis
881 4356 1100 4411 Domini
1154 4356 1327 4410 nostri
1364 4354 1488 4409 Jesu
1527 4352 1753 4423 Christi,
1789 4361 1843 4410 et
1869 4382 1916 4441 Β
1949 4349 2259 4406 clesiarum.
2291 4371 2309 4392 ι
2340 4344 2680 4441 Sollicitudo
2708 4344 2844 4441 huic,
2868 4358 3039 4441 quam
3070 4341 3212 4441 dicit
3249 4342 3537 4441 quotidia-

241 4453 420 4509 unius
445 4447 546 4504 Dei
578 4445 1048 4518 praedicationem.
1099 4468 1116 4491 ι
1150 4443 1412 4500 Periculis
1451 4443 1507 4497 in
1536 4442 1777 4500 civitate.
1809 4467 1831 4493 ι

242 4540 435 4611 Usque
479 4534 616 4590 adeo
658 4534 962 4606 periculum
1012 4533 1117 4588 fuit
1162 4532 1221 4587 in
1263 4530 1504 4596 civitate,
1536 4537 1596 4586 ut
1624 4547 1720 4603 per
1752 4532 1842 4587 fe-

243 4637 492 4683 nestram
536 4622 798 4693 effugeret
842 4637 1036 4677 manus
1078 4619 1402 4676 insidiantes
1445 4618 1549 4675 sibi
1586 4620 1726 4691 (Act.
1758 4635 1839 4688 1x,

246 4717 370 4789 25).
416 4737 436 4760 ι
465 4712 731 4769 Periculis
769 4712 826 4765 in
857 4710 1089 4767 deserto.
1120 4735 1139 4758 ι
1184 4709 1494 4765 Periculum
1541 4708 1647 4765 hoc
1670 4725 1702 4763 a
1736 4709 1844 4764 Ju-

248 4804 388 4860 daeis
416 4801 525 4856 fuit
556 4809 925 4873 procuratum,
960 4799 1177 4873 quando
1229 4815 1376 4866 eum,
1412 4796 1572 4853 factis
1601 4795 1839 4864 insidiis,

247 4895 315 4950 in
350 4894 444 4949 via
466 4891 723 4946 volebant
751 4889 997 4945 occidere
1032 4889 1172 4960 (Act.
1204 4905 1382 4955 xxvn,
1410 4886 1525 4957 43).
1569 4909 1587 4932 ι
1614 4886 1844 4942 Pericu-

247 4981 326 5037 lis
354 4982 413 5036 in
453 4979 611 5034 mari.
644 5001 662 5025 ι
718 4978 836 5032 Jam
882 4977 1132 5049 superius
1178 4975 1324 5031 dixit
1365 4992 1377 5029 :
1435 4998 1455 5023 ι
1483 4973 1587 5027 Ter
1615 4972 1846 5028 naufra-

250 5069 408 5142 gium
452 5068 581 5136 feci,
612 5074 772 5122 nocte
816 5075 870 5123 et
909 5065 999 5122 die
1045 5067 1105 5121 in
1147 5061 1425 5136 profundo
1465 5059 1631 5116 maris
1666 5059 1782 5128 fui;
1815 5086 1835 5108 ι

332 5262 449 5334 (Η)
482 5262 572 5318 Sic
614 5262 772 5334 Rom.
826 5260 985 5327 edit.,
1033 5276 1159 5334 cum
1195 5252 1689 5334 mss._nonnullis;
1736 5259 1845 5332 vet.

251 5324 390 5389 edit.
425 5324 549 5388 cum
601 5333 724 5387 allis
772 5348 927 5400 mss.,
960 5324 1090 5403 quia
1128 5336 1304 5401 spreta
1337 5328 1481 5397 lege;
1510 5324 1696 5390 Corb.,
1725 5324 1851 5392 quia

249 5404 678 5478 adversadlege;
747 5473 761 5478 _
1074 5474 1087 5478 _
1175 5474 1185 5478 _
1306 5470 1367 5478 __,
1448 5468 1494 5478 ,,

332 5474 445 5547 (12)
476 5464 584 5530 Μδῖ
640 5473 828 5547 Corb.,
884 5479 931 5527 et
981 5474 1240 5547 molestia.
1296 5470 1394 5526 Hic
1438 5468 1553 5523 ideo
1599 5464 1768 5547 addit,
1807 5468 1855 5547 et

251 5536 591 5614 molestiam;
644 5551 705 5600 ut
746 5536 975 5601 laborem
1025 5546 1261 5617 ipsorum
1295 5556 1508 5614 gravem
1546 5536 1849 5594 ostenderet.

1952 4452 2102 4504 nam,
2132 4436 2199 4491 de
2239 4433 2555 4490 traditionis
2580 4449 2683 4488 usu
2714 4431 2830 4503 (14)
2854 4431 3157 4499 descendit,
3188 4438 3252 4485 ut
3279 4429 3536 4487 omnibus

1950 4524 2144 4581 diebus
2195 4523 2551 4580 commissum
2607 4520 2711 4577 sibi
2767 4520 3029 4591 populum
3090 4518 3326 4573 instruat
3370 4535 3383 4573 :
3437 4518 3538 4574 illa

1949 4621 2130 4669 autem
2177 4628 2296 4684 qua:
2349 4625 2515 4681 supra
2546 4615 2831 4671 memorat,
2882 4603 3255 4675 superindicta
3291 4610 3440 4668 sunt,
3465 4616 3537 4659 ne

1949 4702 2200 4758 cessitate
2244 4705 2492 4769 cogente.
2541 4695 2668 4749 Dies
2714 4693 2860 4775 enim
2911 4692 3000 4775 ad;
3035 4703 3198 4759 opera
3248 4687 3406 4775 datus
3432 4695 3534 4775 est,

1952 4802 2064 4842 nox
2092 4784 2161 4838 ad
2198 4784 2444 4853 requiem
2478 4796 2491 4832 :
2528 4776 2622 4831 sed
2676 4776 2805 4847 quia
2844 4773 3082 4828 instabat
3122 4771 3431 4841 necessitas,
3474 4771 3539 4834 ut

1953 4871 2209 4929 omnibus
2236 4873 2598 4929 succurreret,
2629 4861 2793 4916 etiam
2820 4867 2984 4914 noctu
3011 4856 3257 4913 docebat.
3289 4858 3357 4915 Se
3387 4859 3537 4919 enim

1954 4959 2192 5030 afﬂigere
2252 4969 2364 5010 non
2419 4948 2740 5015 dubitabat,
2781 4959 2851 5001 ne
2904 4944 3006 5001 Dei
3065 4944 3236 5015 gratia
3287 4954 3427 5005 esset
3474 4947 3539 5007 in

1955 5048 2090 5105 otio.

1962 5198 1983 5221 θ
2031 5243 2147 5315 (13)
2177 5240 2298 5297 Non
2330 5234 2488 5308 pauci
2534 5250 2688 5301 mss.,
2721 5236 2815 5305 qui
2850 5250 2959 5289 non
2985 5229 3137 5289 habet
3156 5228 3298 5301 quod
3327 5227 3467 5296 edat,
3489 5234 3545 5290 κ

1957 5318 2269 5457 abilliﬁtlta
2308 5379 2553 5452 plerique
2589 5376 2892 5457 mss.;"alii
2944 5379 3182 5457 vero,_et
3217 5379 3341 5457 vet.
3377 5370 3536 5443 edit.,

1959 5441 2327 5526 detractionis.
2352 5441 2492 5526 usit}
2562 5447 2711 5526 cod._
2745 5447 2896 5526 νεα..
2960 5447 3022 5502 de
3081 5441 3368 5501 tractiom'l
3417 5441 3544 5510 usu,-

1959 5531 2119 5591 Rom.
2152 5522 2282 5582 edit.
2292 5563 2307 5595 ,
2336 5522 2398 5577 de
2426 5521 2830 5597 dispensationis
2856 5533 2976 5579 usu.
