  <div class='ocr_page' id='page_1' title='image "/cluster/home/n/w/nwhite01/storage/ocr_20150623/17/uva.x000826553/181.png"; bbox 0 0 3952 6202; ppageno 0'>
   <div class='ocr_carea' id='block_1_1' title="bbox 477 348 580 410">
    <p class='ocr_par' dir='ltr' id='par_1_1' title="bbox 477 348 580 410">
     <span class='ocr_line' id='line_1_1' title="bbox 477 348 580 410; baseline -0.029 0"><span class='ocrx_word' id='word_1_1' title='bbox 477 348 580 410; x_wconf 64' lang='lat'>3&amp;7</span> 
     </span>
    </p>
   </div>
   <div class='ocr_carea' id='block_1_2' title="bbox 1492 316 2734 385">
    <p class='ocr_par' dir='ltr' id='par_1_2' title="bbox 1492 316 2734 385">
     <span class='ocr_line' id='line_1_2' title="bbox 1492 316 2734 385; baseline -0.01 0"><span class='ocrx_word' id='word_1_2' title='bbox 1492 329 1585 385; x_wconf 83' lang='lat' dir='ltr'>AD</span> <span class='ocrx_word' id='word_1_3' title='bbox 1626 328 1857 384; x_wconf 72' lang='lat' dir='ltr'>OPERA</span> <span class='ocrx_word' id='word_1_4' title='bbox 1896 326 1949 382; x_wconf 91' lang='lat' dir='ltr'>S.</span> <span class='ocrx_word' id='word_1_5' title='bbox 1994 320 2322 381; x_wconf 54' lang='lat' dir='ltr'>ANIDROSII</span> <span class='ocrx_word' id='word_1_6' title='bbox 2363 316 2734 376; x_wconf 58' lang='lat' dir='ltr'>APPENDIX.</span> 
     </span>
    </p>
   </div>
   <div class='ocr_carea' id='block_1_3' title="bbox 3675 306 3791 371">
    <p class='ocr_par' dir='ltr' id='par_1_3' title="bbox 3675 306 3791 371">
     <span class='ocr_line' id='line_1_3' title="bbox 3675 306 3791 371; baseline -0.017 0"><span class='ocrx_word' id='word_1_7' title='bbox 3675 306 3791 371; x_wconf 67' lang='grc'>348</span> 
     </span>
    </p>
   </div>
   <div class='ocr_carea' id='block_1_4' title="bbox 546 429 3787 542">
    <p class='ocr_par' dir='ltr' id='par_1_4' title="bbox 546 429 3787 542">
     <span class='ocr_line' id='line_1_4' title="bbox 546 429 3787 542; baseline -0.011 -17"><span class='ocrx_word' id='word_1_8' title='bbox 546 467 723 542; x_wconf 79' lang='lat' dir='ltr'>(Vere.</span> <span class='ocrx_word' id='word_1_9' title='bbox 755 460 875 533; x_wconf 70' lang='lat'>29.)</span> <span class='ocrx_word' id='word_1_10' title='bbox 919 481 940 507; x_wconf 75' lang='grc' dir='ltr'>ι</span> <span class='ocrx_word' id='word_1_11' title='bbox 967 456 1104 527; x_wconf 84' lang='lat' dir='ltr'>Quis</span> <span class='ocrx_word' id='word_1_12' title='bbox 1146 454 1474 518; x_wconf 88' lang='lat' dir='ltr'>inﬁrmatur,</span> <span class='ocrx_word' id='word_1_13' title='bbox 1523 458 1575 505; x_wconf 90' lang='lat' dir='ltr'>et</span> <span class='ocrx_word' id='word_1_14' title='bbox 1613 466 1710 519; x_wconf 85' lang='lat' dir='ltr'>ego</span> <span class='ocrx_word' id='word_1_15' title='bbox 1749 464 1859 503; x_wconf 89' lang='lat' dir='ltr'>non</span> <span class='ocrx_word' id='word_1_16' title='bbox 1890 448 2056 503; x_wconf 92' lang='lat' dir='ltr'>inﬁr-</span> <span class='ocrx_word' id='word_1_17' title='bbox 2085 453 2132 510; x_wconf 72' lang='grc' dir='ltr'><strong>Α</strong></span> <span class='ocrx_word' id='word_1_18' title='bbox 2163 443 2387 498; x_wconf 79' lang='lat' dir='ltr'>insidias</span> <span class='ocrx_word' id='word_1_19' title='bbox 2418 439 2700 495; x_wconf 80' lang='lat' dir='ltr'>tendentes</span> <span class='ocrx_word' id='word_1_20' title='bbox 2746 432 3029 537; x_wconf 53' lang='lat' dir='ltr'>apostolo,</span> <span class='ocrx_word' id='word_1_21' title='bbox 3063 432 3289 504; x_wconf 89' lang='lat' dir='ltr'>implere</span> <span class='ocrx_word' id='word_1_22' title='bbox 3329 429 3512 532; x_wconf 78' lang='lat' dir='ltr'>voluit</span> <span class='ocrx_word' id='word_1_23' title='bbox 3543 443 3654 503; x_wconf 84' lang='lat' dir='ltr'>per</span> <span class='ocrx_word' id='word_1_24' title='bbox 3683 448 3787 504; x_wconf 84' lang='lat' dir='ltr'>po-</span> 
     </span>
    </p>
   </div>
   <div class='ocr_carea' id='block_1_5' title="bbox 475 538 2057 623">
    <p class='ocr_par' dir='ltr' id='par_1_5' title="bbox 475 538 2057 623">
     <span class='ocr_line' id='line_1_5' title="bbox 475 538 2057 623; baseline -0.016 -7"><span class='ocrx_word' id='word_1_25' title='bbox 475 538 642 615; x_wconf 77' lang='lat' dir='ltr'>mor?</span> <span class='ocrx_word' id='word_1_26' title='bbox 671 579 689 603; x_wconf 76' lang='grc' dir='ltr'>ιι</span> <span class='ocrx_word' id='word_1_27' title='bbox 732 550 983 623; x_wconf 89' lang='lat' dir='ltr'>Compati</span> <span class='ocrx_word' id='word_1_28' title='bbox 1018 564 1074 602; x_wconf 86' lang='lat' dir='ltr'>se</span> <span class='ocrx_word' id='word_1_29' title='bbox 1111 545 1245 601; x_wconf 89' lang='lat' dir='ltr'>dicit</span> <span class='ocrx_word' id='word_1_30' title='bbox 1285 540 1556 607; x_wconf 87' lang='lat' dir='ltr'>omnibus,</span> <span class='ocrx_word' id='word_1_31' title='bbox 1590 547 1643 593; x_wconf 94' lang='lat' dir='ltr'>et</span> <span class='ocrx_word' id='word_1_32' title='bbox 1681 538 1969 592; x_wconf 89' lang='lat' dir='ltr'>condolere</span> <span class='ocrx_word' id='word_1_33' title='bbox 1994 553 2057 591; x_wconf 92' lang='lat' dir='ltr'>eo</span> 
     </span>
    </p>
   </div>
   <div class='ocr_carea' id='block_1_6' title="bbox 476 626 2058 712">
    <p class='ocr_par' dir='ltr' id='par_1_6' title="bbox 476 626 2058 712">
     <span class='ocr_line' id='line_1_6' title="bbox 476 626 2058 712; baseline -0.015 -9"><span class='ocrx_word' id='word_1_34' title='bbox 476 647 691 711; x_wconf 75' lang='lat' dir='ltr'>allectu,</span> <span class='ocrx_word' id='word_1_35' title='bbox 747 652 856 712; x_wconf 90' lang='lat' dir='ltr'>quo</span> <span class='ocrx_word' id='word_1_36' title='bbox 923 634 1207 709; x_wconf 77' lang='lat' dir='ltr'>provideat</span> <span class='ocrx_word' id='word_1_37' title='bbox 1262 629 1477 684; x_wconf 84' lang='lat' dir='ltr'>vulneri</span> <span class='ocrx_word' id='word_1_38' title='bbox 1538 626 1883 682; x_wconf 78' lang='lat' dir='ltr'>medicinam.</span> <span class='ocrx_word' id='word_1_39' title='bbox 1946 626 2058 681; x_wconf 88' lang='lat' dir='ltr'>Hoc</span> 
     </span>
    </p>
   </div>
   <div class='ocr_carea' id='block_1_7' title="bbox 477 715 2059 798">
    <p class='ocr_par' dir='ltr' id='par_1_7' title="bbox 477 715 2059 798">
     <span class='ocr_line' id='line_1_7' title="bbox 477 715 2059 798; baseline -0.016 -6"><span class='ocrx_word' id='word_1_40' title='bbox 477 744 656 793; x_wconf 84' lang='lat' dir='ltr'>autem</span> <span class='ocrx_word' id='word_1_41' title='bbox 686 731 808 787; x_wconf 88' lang='lat' dir='ltr'>ideo</span> <span class='ocrx_word' id='word_1_42' title='bbox 848 724 1217 798; x_wconf 75' lang='lat' dir='ltr'>prosequitUr,</span> <span class='ocrx_word' id='word_1_43' title='bbox 1249 726 1308 773; x_wconf 88' lang='lat' dir='ltr'>ut</span> <span class='ocrx_word' id='word_1_44' title='bbox 1335 715 1585 772; x_wconf 76' lang='lat' dir='ltr'>ostendat</span> <span class='ocrx_word' id='word_1_45' title='bbox 1614 726 1720 788; x_wconf 89' lang='lat' dir='ltr'>qua</span> <span class='ocrx_word' id='word_1_46' title='bbox 1745 731 1876 770; x_wconf 87' lang='lat' dir='ltr'>cura</span> <span class='ocrx_word' id='word_1_47' title='bbox 1900 727 2059 770; x_wconf 86' lang='lat' dir='ltr'>com—</span> 
     </span>
    </p>
   </div>
   <div class='ocr_carea' id='block_1_8' title="bbox 477 809 2061 879">
    <p class='ocr_par' dir='ltr' id='par_1_8' title="bbox 477 809 2061 879">
     <span class='ocr_line' id='line_1_8' title="bbox 477 809 2061 879; baseline -0.015 1"><span class='ocrx_word' id='word_1_48' title='bbox 477 824 697 879; x_wconf 81' lang='lat' dir='ltr'>missam</span> <span class='ocrx_word' id='word_1_49' title='bbox 755 815 860 871; x_wconf 93' lang='lat' dir='ltr'>sibi</span> <span class='ocrx_word' id='word_1_50' title='bbox 906 809 1204 868; x_wconf 83' lang='lat' dir='ltr'>Ecclesium</span> <span class='ocrx_word' id='word_1_51' title='bbox 1254 812 1472 861; x_wconf 87' lang='lat' dir='ltr'>tueatur</span> <span class='ocrx_word' id='word_1_52' title='bbox 1525 812 1579 860; x_wconf 90' lang='lat' dir='ltr'>et</span> <span class='ocrx_word' id='word_1_53' title='bbox 1629 812 1795 875; x_wconf 83' lang='lat' dir='ltr'>regat,</span> <span class='ocrx_word' id='word_1_54' title='bbox 1851 819 1914 858; x_wconf 90' lang='lat' dir='ltr'>ac</span> <span class='ocrx_word' id='word_1_55' title='bbox 1970 813 2061 872; x_wconf 84' lang='lat' dir='ltr'>per</span> 
     </span>
    </p>
   </div>
   <div class='ocr_carea' id='block_1_9' title="bbox 477 891 2061 967">
    <p class='ocr_par' dir='ltr' id='par_1_9' title="bbox 477 891 2061 967">
     <span class='ocr_line' id='line_1_9' title="bbox 477 891 2061 967; baseline -0.014 0"><span class='ocrx_word' id='word_1_56' title='bbox 477 912 582 967; x_wconf 86' lang='lat' dir='ltr'>hoc</span> <span class='ocrx_word' id='word_1_57' title='bbox 619 909 675 961; x_wconf 88' lang='lat' dir='ltr'>in</span> <span class='ocrx_word' id='word_1_58' title='bbox 723 904 877 959; x_wconf 91' lang='lat' dir='ltr'>nullo</span> <span class='ocrx_word' id='word_1_59' title='bbox 907 913 965 956; x_wconf 83' lang='lat' dir='ltr'>se</span> <span class='ocrx_word' id='word_1_60' title='bbox 1016 898 1286 953; x_wconf 85' lang='lat' dir='ltr'>minorem</span> <span class='ocrx_word' id='word_1_61' title='bbox 1332 894 1529 950; x_wconf 84' lang='lat' dir='ltr'>debere</span> <span class='ocrx_word' id='word_1_62' title='bbox 1573 891 1811 965; x_wconf 83' lang='lat' dir='ltr'>judicari</span> <span class='ocrx_word' id='word_1_63' title='bbox 1855 891 2061 948; x_wconf 78' lang='lat' dir='ltr'>caeteris</span> 
     </span>
    </p>
   </div>
   <div class='ocr_carea' id='block_1_10' title="bbox 478 981 2062 1069">
    <p class='ocr_par' dir='ltr' id='par_1_10' title="bbox 478 981 2062 1069">
     <span class='ocr_line' id='line_1_10' title="bbox 478 981 2062 1069; baseline -0.011 -16"><span class='ocrx_word' id='word_1_64' title='bbox 478 994 773 1069; x_wconf 86' lang='lat' dir='ltr'>apostolis;</span> <span class='ocrx_word' id='word_1_65' title='bbox 837 991 1038 1061; x_wconf 86' lang='lat' dir='ltr'>quippe</span> <span class='ocrx_word' id='word_1_66' title='bbox 1103 986 1198 1058; x_wconf 89' lang='lat' dir='ltr'>qui</span> <span class='ocrx_word' id='word_1_67' title='bbox 1263 983 1561 1040; x_wconf 87' lang='lat' dir='ltr'>secundum</span> <span class='ocrx_word' id='word_1_68' title='bbox 1619 983 1764 1054; x_wconf 91' lang='lat' dir='ltr'>quod</span> <span class='ocrx_word' id='word_1_69' title='bbox 1829 981 2062 1069; x_wconf 82' lang='lat' dir='ltr'>declara-</span> 
     </span>
    </p>
   </div>
   <div class='ocr_carea' id='block_1_11' title="bbox 477 1068 2065 1155">
    <p class='ocr_par' dir='ltr' id='par_1_11' title="bbox 477 1068 2065 1155">
     <span class='ocr_line' id='line_1_11' title="bbox 477 1068 2065 1155; baseline -0.013 -13"><span class='ocrx_word' id='word_1_70' title='bbox 477 1068 561 1143; x_wconf 84' lang='lat' dir='ltr'>vit</span> <span class='ocrx_word' id='word_1_71' title='bbox 617 1083 756 1155; x_wconf 75' lang='lat'>(15),</span> <span class='ocrx_word' id='word_1_72' title='bbox 815 1080 939 1151; x_wconf 85' lang='lat' dir='ltr'>plus</span> <span class='ocrx_word' id='word_1_73' title='bbox 985 1076 1098 1132; x_wconf 90' lang='lat' dir='ltr'>illis</span> <span class='ocrx_word' id='word_1_74' title='bbox 1152 1073 1408 1131; x_wconf 86' lang='lat' dir='ltr'>omnibus</span> <span class='ocrx_word' id='word_1_75' title='bbox 1466 1071 1815 1127; x_wconf 89' lang='lat' dir='ltr'>laboraverit.</span> <span class='ocrx_word' id='word_1_76' title='bbox 1864 1068 2065 1139; x_wconf 70' lang='lat' dir='ltr'>Majore</span> 
     </span>
    </p>
   </div>
   <div class='ocr_carea' id='block_1_12' title="bbox 478 1159 2067 1234">
    <p class='ocr_par' dir='ltr' id='par_1_12' title="bbox 478 1159 2067 1234">
     <span class='ocr_line' id='line_1_12' title="bbox 478 1159 2067 1234; baseline -0.012 -4"><span class='ocrx_word' id='word_1_77' title='bbox 478 1175 624 1233; x_wconf 82' lang='lat' dir='ltr'>enim</span> <span class='ocrx_word' id='word_1_78' title='bbox 666 1168 880 1227; x_wconf 77' lang='lat' dir='ltr'>invidia</span> <span class='ocrx_word' id='word_1_79' title='bbox 930 1163 1214 1222; x_wconf 73' lang='lat' dir='ltr'>laborabat</span> <span class='ocrx_word' id='word_1_80' title='bbox 1259 1161 1400 1234; x_wconf 89' lang='lat' dir='ltr'>apud</span> <span class='ocrx_word' id='word_1_81' title='bbox 1447 1160 1662 1217; x_wconf 71' lang='lat' dir='ltr'>Iudaeos</span> <span class='ocrx_word' id='word_1_82' title='bbox 1716 1177 1814 1232; x_wconf 89' lang='lat' dir='ltr'>pro</span> <span class='ocrx_word' id='word_1_83' title='bbox 1860 1159 2067 1215; x_wconf 83' lang='lat' dir='ltr'>caeteris</span> 
     </span>
    </p>
   </div>
   <div class='ocr_carea' id='block_1_13' title="bbox 480 1250 2067 1337">
    <p class='ocr_par' dir='ltr' id='par_1_13' title="bbox 480 1250 2067 1337">
     <span class='ocr_line' id='line_1_13' title="bbox 480 1250 2067 1337; baseline -0.013 -15"><span class='ocrx_word' id='word_1_84' title='bbox 480 1261 779 1337; x_wconf 81' lang='lat' dir='ltr'>apostolis;</span> <span class='ocrx_word' id='word_1_85' title='bbox 813 1257 944 1329; x_wconf 89' lang='lat' dir='ltr'>quia</span> <span class='ocrx_word' id='word_1_86' title='bbox 973 1270 1099 1311; x_wconf 90' lang='lat' dir='ltr'>cum</span> <span class='ocrx_word' id='word_1_87' title='bbox 1153 1257 1567 1325; x_wconf 81' lang='lat' dir='ltr'>persequeretur</span> <span class='ocrx_word' id='word_1_88' title='bbox 1613 1250 1934 1315; x_wconf 82' lang='lat' dir='ltr'>Ecclesiam,</span> <span class='ocrx_word' id='word_1_89' title='bbox 1983 1262 2067 1302; x_wconf 82' lang='lat' dir='ltr'>su-</span> 
     </span>
    </p>
   </div>
   <div class='ocr_carea' id='block_1_14' title="bbox 480 1335 2068 1411">
    <p class='ocr_par' dir='ltr' id='par_1_14' title="bbox 480 1335 2068 1411">
     <span class='ocr_line' id='line_1_14' title="bbox 480 1335 2068 1411; baseline -0.014 -3"><span class='ocrx_word' id='word_1_90' title='bbox 480 1335 598 1410; x_wconf 78' lang='lat' dir='ltr'>bito</span> <span class='ocrx_word' id='word_1_91' title='bbox 627 1349 970 1411; x_wconf 84' lang='lat' dir='ltr'>immutatus,</span> <span class='ocrx_word' id='word_1_92' title='bbox 1015 1343 1191 1398; x_wconf 87' lang='lat' dir='ltr'>factus</span> <span class='ocrx_word' id='word_1_93' title='bbox 1239 1349 1319 1395; x_wconf 90' lang='lat' dir='ltr'>est</span> <span class='ocrx_word' id='word_1_94' title='bbox 1345 1340 1598 1396; x_wconf 88' lang='lat' dir='ltr'>defensor</span> <span class='ocrx_word' id='word_1_95' title='bbox 1627 1337 1892 1409; x_wconf 84' lang='lat' dir='ltr'>ejusdem,</span> <span class='ocrx_word' id='word_1_96' title='bbox 1924 1335 2068 1390; x_wconf 73' lang='lat' dir='ltr'>testi-</span> 
     </span>
    </p>
   </div>
   <div class='ocr_carea' id='block_1_15' title="bbox 482 1425 2071 1507">
    <p class='ocr_par' dir='ltr' id='par_1_15' title="bbox 482 1425 2071 1507">
     <span class='ocr_line' id='line_1_15' title="bbox 482 1425 2071 1507; baseline -0.013 -10"><span class='ocrx_word' id='word_1_97' title='bbox 482 1440 654 1497; x_wconf 86' lang='lat' dir='ltr'>ﬁcans</span> <span class='ocrx_word' id='word_1_98' title='bbox 676 1444 837 1507; x_wconf 86' lang='lat' dir='ltr'>atque</span> <span class='ocrx_word' id='word_1_99' title='bbox 856 1430 1191 1490; x_wconf 81' lang='lat' dir='ltr'>conﬁrmans</span> <span class='ocrx_word' id='word_1_100' title='bbox 1220 1428 1366 1501; x_wconf 89' lang='lat' dir='ltr'>quod</span> <span class='ocrx_word' id='word_1_101' title='bbox 1394 1426 1698 1493; x_wconf 81' lang='lat' dir='ltr'>Christum,</span> <span class='ocrx_word' id='word_1_102' title='bbox 1730 1441 1889 1498; x_wconf 87' lang='lat' dir='ltr'>quem</span> <span class='ocrx_word' id='word_1_103' title='bbox 1925 1425 2071 1495; x_wconf 85' lang='lat' dir='ltr'>prius</span> 
     </span>
    </p>
   </div>
   <div class='ocr_carea' id='block_1_16' title="bbox 482 1515 2071 1583">
    <p class='ocr_par' dir='ltr' id='par_1_16' title="bbox 482 1515 2071 1583">
     <span class='ocr_line' id='line_1_16' title="bbox 482 1515 2071 1583; baseline -0.011 0"><span class='ocrx_word' id='word_1_104' title='bbox 482 1534 547 1583; x_wconf 88' lang='lat' dir='ltr'>nt</span> <span class='ocrx_word' id='word_1_105' title='bbox 574 1524 856 1581; x_wconf 88' lang='lat' dir='ltr'>hominem</span> <span class='ocrx_word' id='word_1_106' title='bbox 915 1525 1197 1574; x_wconf 86' lang='lat' dir='ltr'>mortuum</span> <span class='ocrx_word' id='word_1_107' title='bbox 1254 1516 1575 1582; x_wconf 64' lang='lat' dir='ltr'>aestimabat,</span> <span class='ocrx_word' id='word_1_108' title='bbox 1615 1515 1683 1570; x_wconf 85' lang='lat' dir='ltr'>de</span> <span class='ocrx_word' id='word_1_109' title='bbox 1726 1516 1864 1570; x_wconf 68' lang='lat' dir='ltr'>coelo</span> <span class='ocrx_word' id='word_1_110' title='bbox 1889 1524 2071 1569; x_wconf 89' lang='lat' dir='ltr'>secum</span> 
     </span>
    </p>
   </div>
   <div class='ocr_carea' id='block_1_17' title="bbox 484 1601 2076 1693">
    <p class='ocr_par' dir='ltr' id='par_1_17' title="bbox 484 1601 2076 1693">
     <span class='ocr_line' id='line_1_17' title="bbox 484 1601 2076 1693; baseline -0.013 -19"><span class='ocrx_word' id='word_1_111' title='bbox 484 1624 729 1693; x_wconf 81' lang='lat' dir='ltr'>1ocutum</span> <span class='ocrx_word' id='word_1_112' title='bbox 772 1610 1007 1668; x_wconf 85' lang='lat' dir='ltr'>audierit</span> <span class='ocrx_word' id='word_1_113' title='bbox 1051 1610 1191 1681; x_wconf 83' lang='lat' dir='ltr'>(Act.</span> <span class='ocrx_word' id='word_1_114' title='bbox 1224 1623 1306 1673; x_wconf 82' lang='lat' dir='ltr'>rx,</span> <span class='ocrx_word' id='word_1_115' title='bbox 1344 1605 1378 1661; x_wconf 85' lang='lat'><strong><em>6</em></strong></span> <span class='ocrx_word' id='word_1_116' title='bbox 1406 1622 1510 1675; x_wconf 72' lang='lat' dir='ltr'>seq.</span> <span class='ocrx_word' id='word_1_117' title='bbox 1540 1605 1583 1676; x_wconf 93' lang='lat'>).</span> <span class='ocrx_word' id='word_1_118' title='bbox 1615 1601 1784 1674; x_wconf 87' lang='lat' dir='ltr'>Cujus</span> <span class='ocrx_word' id='word_1_119' title='bbox 1820 1603 2076 1659; x_wconf 84' lang='lat' dir='ltr'>testimo-</span> 
     </span>
    </p>
   </div>
   <div class='ocr_carea' id='block_1_18' title="bbox 483 1693 2073 1768">
    <p class='ocr_par' dir='ltr' id='par_1_18' title="bbox 483 1693 2073 1768">
     <span class='ocr_line' id='line_1_18' title="bbox 483 1693 2073 1768; baseline -0.011 -5"><span class='ocrx_word' id='word_1_120' title='bbox 483 1705 639 1763; x_wconf 90' lang='lat' dir='ltr'>nium</span> <span class='ocrx_word' id='word_1_121' title='bbox 699 1700 1006 1760; x_wconf 87' lang='lat' dir='ltr'>necessario</span> <span class='ocrx_word' id='word_1_122' title='bbox 1053 1697 1213 1753; x_wconf 90' lang='lat' dir='ltr'>multi</span> <span class='ocrx_word' id='word_1_123' title='bbox 1249 1700 1628 1768; x_wconf 87' lang='lat' dir='ltr'>sequerentur,</span> <span class='ocrx_word' id='word_1_124' title='bbox 1678 1693 1910 1748; x_wconf 86' lang='lat' dir='ltr'>scientes</span> <span class='ocrx_word' id='word_1_125' title='bbox 1951 1704 2073 1746; x_wconf 88' lang='lat' dir='ltr'>eum</span> 
     </span>
    </p>
   </div>
   <div class='ocr_carea' id='block_1_19' title="bbox 2167 523 3788 599">
    <p class='ocr_par' dir='ltr' id='par_1_19' title="bbox 2167 523 3788 599">
     <span class='ocr_line' id='line_1_19' title="bbox 2167 523 3788 599; baseline -0.008 -9"><span class='ocrx_word' id='word_1_126' title='bbox 2167 533 2417 599; x_wconf 88' lang='lat' dir='ltr'>tentiam,</span> <span class='ocrx_word' id='word_1_127' title='bbox 2448 532 2647 587; x_wconf 89' lang='lat' dir='ltr'>malam</span> <span class='ocrx_word' id='word_1_128' title='bbox 2669 526 3056 599; x_wconf 83' lang='lat' dir='ltr'>cogitationem</span> <span class='ocrx_word' id='word_1_129' title='bbox 3079 536 3289 589; x_wconf 86' lang='lat' dir='ltr'>eorum,</span> <span class='ocrx_word' id='word_1_130' title='bbox 3321 530 3385 577; x_wconf 91' lang='lat' dir='ltr'>ut</span> <span class='ocrx_word' id='word_1_131' title='bbox 3416 523 3532 595; x_wconf 87' lang='lat' dir='ltr'>ipse</span> <span class='ocrx_word' id='word_1_132' title='bbox 3566 523 3616 578; x_wconf 92' lang='lat' dir='ltr'>si</span> <span class='ocrx_word' id='word_1_133' title='bbox 3654 538 3788 594; x_wconf 84' lang='lat' dir='ltr'>pos-</span> 
     </span>
    </p>
   </div>
   <div class='ocr_carea' id='block_1_20' title="bbox 2168 609 3788 690">
    <p class='ocr_par' dir='ltr' id='par_1_20' title="bbox 2168 609 3788 690">
     <span class='ocr_line' id='line_1_20' title="bbox 2168 609 3788 690; baseline -0.008 -11"><span class='ocrx_word' id='word_1_134' title='bbox 2168 631 2267 690; x_wconf 90' lang='lat' dir='ltr'>set,</span> <span class='ocrx_word' id='word_1_135' title='bbox 2302 637 2427 677; x_wconf 89' lang='lat' dir='ltr'>eum</span> <span class='ocrx_word' id='word_1_136' title='bbox 2456 616 2960 690; x_wconf 82' lang='lat' dir='ltr'>comprehenderet,</span> <span class='ocrx_word' id='word_1_137' title='bbox 2991 619 3046 668; x_wconf 87' lang='lat' dir='ltr'>et</span> <span class='ocrx_word' id='word_1_138' title='bbox 3086 621 3148 667; x_wconf 90' lang='lat' dir='ltr'>ut</span> <span class='ocrx_word' id='word_1_139' title='bbox 3186 609 3391 666; x_wconf 74' lang='lat' dir='ltr'>Iudaeis</span> <span class='ocrx_word' id='word_1_140' title='bbox 3420 612 3695 681; x_wconf 81' lang='lat' dir='ltr'>placeret,</span> <span class='ocrx_word' id='word_1_141' title='bbox 3729 620 3788 667; x_wconf 86' lang='lat' dir='ltr'>et</span> 
     </span>
    </p>
   </div>
   <div class='ocr_carea' id='block_1_21' title="bbox 2169 700 3784 780">
    <p class='ocr_par' dir='ltr' id='par_1_21' title="bbox 2169 700 3784 780">
     <span class='ocr_line' id='line_1_21' title="bbox 2169 700 3784 780; baseline -0.007 -13"><span class='ocrx_word' id='word_1_142' title='bbox 2169 719 2231 767; x_wconf 92' lang='lat' dir='ltr'>ut</span> <span class='ocrx_word' id='word_1_143' title='bbox 2258 710 2494 780; x_wconf 81' lang='lat' dir='ltr'>diligens</span> <span class='ocrx_word' id='word_1_144' title='bbox 2528 706 2586 762; x_wconf 92' lang='lat' dir='ltr'>in</span> <span class='ocrx_word' id='word_1_145' title='bbox 2614 705 2794 760; x_wconf 76' lang='lat' dir='ltr'>ofﬁcio</span> <span class='ocrx_word' id='word_1_146' title='bbox 2825 703 2929 759; x_wconf 82' lang='lat' dir='ltr'>sibi</span> <span class='ocrx_word' id='word_1_147' title='bbox 2958 701 3169 758; x_wconf 78' lang='lat' dir='ltr'>credito</span> <span class='ocrx_word' id='word_1_148' title='bbox 3199 700 3501 768; x_wconf 84' lang='lat' dir='ltr'>videretur,</span> <span class='ocrx_word' id='word_1_149' title='bbox 3545 703 3591 757; x_wconf 87' lang='lat' dir='ltr'>si</span> <span class='ocrx_word' id='word_1_150' title='bbox 3644 714 3784 757; x_wconf 87' lang='lat' dir='ltr'>eum</span> 
     </span>
    </p>
   </div>
   <div class='ocr_carea' id='block_1_22' title="bbox 2170 789 3781 871">
    <p class='ocr_par' dir='ltr' id='par_1_22' title="bbox 2170 789 3781 871">
     <span class='ocr_line' id='line_1_22' title="bbox 2170 789 3781 871; baseline -0.006 -17"><span class='ocrx_word' id='word_1_151' title='bbox 2170 814 2330 871; x_wconf 86' lang='lat' dir='ltr'>quem</span> <span class='ocrx_word' id='word_1_152' title='bbox 2378 795 2596 868; x_wconf 89' lang='lat' dir='ltr'>publice</span> <span class='ocrx_word' id='word_1_153' title='bbox 2625 793 3059 867; x_wconf 84' lang='lat' dir='ltr'>perturbatorcm</span> <span class='ocrx_word' id='word_1_154' title='bbox 3089 789 3325 857; x_wconf 82' lang='lat' dir='ltr'>audiret,</span> <span class='ocrx_word' id='word_1_155' title='bbox 3363 803 3530 845; x_wconf 87' lang='lat' dir='ltr'>causa</span> <span class='ocrx_word' id='word_1_156' title='bbox 3565 789 3781 863; x_wconf 83' lang='lat' dir='ltr'>quietis</span> 
     </span>
    </p>
   </div>
   <div class='ocr_carea' id='block_1_23' title="bbox 2173 879 3781 956">
    <p class='ocr_par' dir='ltr' id='par_1_23' title="bbox 2173 879 3781 956">
     <span class='ocr_line' id='line_1_23' title="bbox 2173 879 3781 956; baseline -0.007 -12"><span class='ocrx_word' id='word_1_157' title='bbox 2173 886 2501 944; x_wconf 86' lang='lat' dir='ltr'>interﬁceret</span> <span class='ocrx_word' id='word_1_158' title='bbox 2534 884 2673 956; x_wconf 87' lang='lat'>(18).</span> <span class='ocrx_word' id='word_1_159' title='bbox 2721 884 2837 938; x_wconf 80' lang='lat' dir='ltr'>Hoc</span> <span class='ocrx_word' id='word_1_160' title='bbox 2892 882 3035 936; x_wconf 90' lang='lat' dir='ltr'>inter</span> <span class='ocrx_word' id='word_1_161' title='bbox 3090 880 3209 950; x_wconf 86' lang='lat' dir='ltr'>ipsa</span> <span class='ocrx_word' id='word_1_162' title='bbox 3263 879 3590 951; x_wconf 86' lang='lat' dir='ltr'>primordia,</span> <span class='ocrx_word' id='word_1_163' title='bbox 3636 888 3781 934; x_wconf 88' lang='lat' dir='ltr'>tunc</span> 
     </span>
    </p>
   </div>
   <div class='ocr_carea' id='block_1_24' title="bbox 2175 968 3778 1049">
    <p class='ocr_par' dir='ltr' id='par_1_24' title="bbox 2175 968 3778 1049">
     <span class='ocr_line' id='line_1_24' title="bbox 2175 968 3778 1049; baseline -0.006 -16"><span class='ocrx_word' id='word_1_164' title='bbox 2175 975 2390 1049; x_wconf 87' lang='lat' dir='ltr'>quando</span> <span class='ocrx_word' id='word_1_165' title='bbox 2424 972 2673 1046; x_wconf 87' lang='lat' dir='ltr'>apparuit</span> <span class='ocrx_word' id='word_1_166' title='bbox 2697 972 2779 1026; x_wconf 91' lang='lat' dir='ltr'>illi</span> <span class='ocrx_word' id='word_1_167' title='bbox 2814 971 2873 1026; x_wconf 90' lang='lat' dir='ltr'>in</span> <span class='ocrx_word' id='word_1_168' title='bbox 2902 968 2993 1025; x_wconf 88' lang='lat' dir='ltr'>via</span> <span class='ocrx_word' id='word_1_169' title='bbox 3027 968 3295 1024; x_wconf 84' lang='lat' dir='ltr'>Dominus</span> <span class='ocrx_word' id='word_1_170' title='bbox 3338 970 3497 1024; x_wconf 88' lang='lat' dir='ltr'>eunti</span> <span class='ocrx_word' id='word_1_171' title='bbox 3547 971 3778 1025; x_wconf 83' lang='lat' dir='ltr'>Damas-</span> 
     </span>
    </p>
   </div>
   <div class='ocr_carea' id='block_1_25' title="bbox 2176 1056 3777 1133">
    <p class='ocr_par' dir='ltr' id='par_1_25' title="bbox 2176 1056 3777 1133">
     <span class='ocr_line' id='line_1_25' title="bbox 2176 1056 3777 1133; baseline -0.008 -9"><span class='ocrx_word' id='word_1_172' title='bbox 2176 1083 2320 1133; x_wconf 87' lang='lat' dir='ltr'>cum,</span> <span class='ocrx_word' id='word_1_173' title='bbox 2353 1064 2560 1121; x_wconf 88' lang='lat' dir='ltr'>incensi</span> <span class='ocrx_word' id='word_1_174' title='bbox 2585 1071 2713 1118; x_wconf 89' lang='lat' dir='ltr'>sunt</span> <span class='ocrx_word' id='word_1_175' title='bbox 2741 1059 2937 1130; x_wconf 87' lang='lat' dir='ltr'>Judaei,</span> <span class='ocrx_word' id='word_1_176' title='bbox 2972 1060 3218 1115; x_wconf 84' lang='lat' dir='ltr'>videntes</span> <span class='ocrx_word' id='word_1_177' title='bbox 3246 1070 3396 1126; x_wconf 88' lang='lat' dir='ltr'>eum,</span> <span class='ocrx_word' id='word_1_178' title='bbox 3427 1056 3523 1131; x_wconf 88' lang='lat' dir='ltr'>qui</span> <span class='ocrx_word' id='word_1_179' title='bbox 3555 1058 3777 1112; x_wconf 37' lang='lat' dir='ltr'>vinctas</span> 
     </span>
    </p>
   </div>
   <div class='ocr_carea' id='block_1_26' title="bbox 2176 1146 3772 1218">
    <p class='ocr_par' dir='ltr' id='par_1_26' title="bbox 2176 1146 3772 1218">
     <span class='ocr_line' id='line_1_26' title="bbox 2176 1146 3772 1218; baseline -0.008 -6"><span class='ocrx_word' id='word_1_180' title='bbox 2176 1155 2457 1213; x_wconf 89' lang='lat' dir='ltr'>credentes</span> <span class='ocrx_word' id='word_1_181' title='bbox 2494 1153 2552 1207; x_wconf 91' lang='lat' dir='ltr'>in</span> <span class='ocrx_word' id='word_1_182' title='bbox 2604 1151 2884 1207; x_wconf 88' lang='lat' dir='ltr'>Christum</span> <span class='ocrx_word' id='word_1_183' title='bbox 2933 1154 3157 1204; x_wconf 77' lang='lat' dir='ltr'>venerat</span> <span class='ocrx_word' id='word_1_184' title='bbox 3198 1152 3346 1209; x_wconf 76' lang='lat'>204</span> <span class='ocrx_word' id='word_1_185' title='bbox 3384 1146 3684 1218; x_wconf 88' lang='lat' dir='ltr'>perducere</span> <span class='ocrx_word' id='word_1_186' title='bbox 3716 1147 3772 1200; x_wconf 90' lang='lat' dir='ltr'>in</span> 
     </span>
    </p>
   </div>
   <div class='ocr_carea' id='block_1_27' title="bbox 2178 1243 3770 1319">
    <p class='ocr_par' dir='ltr' id='par_1_27' title="bbox 2178 1243 3770 1319">
     <span class='ocr_line' id='line_1_27' title="bbox 2178 1243 3770 1319; baseline -0.008 -12"><span class='ocrx_word' id='word_1_187' title='bbox 2178 1251 2472 1308; x_wconf 83' lang='lat' dir='ltr'>Jerusalem</span> <span class='ocrx_word' id='word_1_188' title='bbox 2526 1247 2666 1319; x_wconf 81' lang='lat' dir='ltr'>(Act.</span> <span class='ocrx_word' id='word_1_189' title='bbox 2725 1260 2817 1314; x_wconf 85' lang='lat' dir='ltr'>1x,</span> <span class='ocrx_word' id='word_1_190' title='bbox 2877 1246 2911 1302; x_wconf 80' lang='grc'>2</span> <span class='ocrx_word' id='word_1_191' title='bbox 2976 1244 3133 1316; x_wconf 78' lang='lat' dir='ltr'>seq.),</span> <span class='ocrx_word' id='word_1_192' title='bbox 3191 1243 3490 1317; x_wconf 70' lang='lat' dir='ltr'>praedicare</span> <span class='ocrx_word' id='word_1_193' title='bbox 3544 1249 3770 1306; x_wconf 78' lang='lat' dir='ltr'>sectam,</span> 
     </span>
    </p>
   </div>
   <div class='ocr_carea' id='block_1_28' title="bbox 2181 1333 3775 1411">
    <p class='ocr_par' dir='ltr' id='par_1_28' title="bbox 2181 1333 3775 1411">
     <span class='ocr_line' id='line_1_28' title="bbox 2181 1333 3775 1411; baseline -0.007 -18"><span class='ocrx_word' id='word_1_194' title='bbox 2181 1356 2341 1411; x_wconf 90' lang='lat' dir='ltr'>quam</span> <span class='ocrx_word' id='word_1_195' title='bbox 2388 1343 2611 1393; x_wconf 83' lang='lat' dir='ltr'>venerat</span> <span class='ocrx_word' id='word_1_196' title='bbox 2649 1334 3013 1391; x_wconf 76' lang='lat' dir='ltr'>condemnem</span> <span class='ocrx_word' id='word_1_197' title='bbox 3049 1351 3061 1388; x_wconf 90' lang='lat'><strong>:</strong></span> <span class='ocrx_word' id='word_1_198' title='bbox 3100 1340 3153 1388; x_wconf 88' lang='lat' dir='ltr'>et</span> <span class='ocrx_word' id='word_1_199' title='bbox 3184 1333 3264 1389; x_wconf 90' lang='lat' dir='ltr'>sic</span> <span class='ocrx_word' id='word_1_200' title='bbox 3293 1333 3497 1388; x_wconf 83' lang='lat' dir='ltr'>factum</span> <span class='ocrx_word' id='word_1_201' title='bbox 3534 1338 3615 1387; x_wconf 85' lang='lat' dir='ltr'>est</span> <span class='ocrx_word' id='word_1_202' title='bbox 3645 1339 3705 1385; x_wconf 88' lang='lat' dir='ltr'>ut</span> <span class='ocrx_word' id='word_1_203' title='bbox 3742 1345 3775 1382; x_wconf 90' lang='lat' dir='ltr'>a</span> 
     </span>
    </p>
   </div>
   <div class='ocr_carea' id='block_1_29' title="bbox 2182 1415 3775 1498">
    <p class='ocr_par' dir='ltr' id='par_1_29' title="bbox 2182 1415 3775 1498">
     <span class='ocr_line' id='line_1_29' title="bbox 2182 1415 3775 1498; baseline -0.006 -15"><span class='ocrx_word' id='word_1_204' title='bbox 2182 1427 2468 1498; x_wconf 83' lang='lat' dir='ltr'>discipulis</span> <span class='ocrx_word' id='word_1_205' title='bbox 2499 1438 2595 1496; x_wconf 87' lang='lat' dir='ltr'>per</span> <span class='ocrx_word' id='word_1_206' title='bbox 2639 1424 2931 1479; x_wconf 86' lang='lat' dir='ltr'>fenestram</span> <span class='ocrx_word' id='word_1_207' title='bbox 2982 1436 3077 1493; x_wconf 87' lang='lat' dir='ltr'>per</span> <span class='ocrx_word' id='word_1_208' title='bbox 3123 1437 3343 1476; x_wconf 89' lang='lat' dir='ltr'>murum</span> <span class='ocrx_word' id='word_1_209' title='bbox 3375 1425 3434 1476; x_wconf 90' lang='lat' dir='ltr'>in</span> <span class='ocrx_word' id='word_1_210' title='bbox 3462 1426 3645 1493; x_wconf 86' lang='lat' dir='ltr'>sporta</span> <span class='ocrx_word' id='word_1_211' title='bbox 3681 1415 3775 1473; x_wconf 84' lang='lat' dir='ltr'>de-</span> 
     </span>
    </p>
   </div>
   <div class='ocr_carea' id='block_1_30' title="bbox 2187 1507 3778 1585">
    <p class='ocr_par' dir='ltr' id='par_1_30' title="bbox 2187 1507 3778 1585">
     <span class='ocr_line' id='line_1_30' title="bbox 2187 1507 3778 1585; baseline -0.006 -14"><span class='ocrx_word' id='word_1_212' title='bbox 2187 1516 2382 1571; x_wconf 83' lang='lat' dir='ltr'>missus</span> <span class='ocrx_word' id='word_1_213' title='bbox 2420 1514 2696 1585; x_wconf 84' lang='lat' dir='ltr'>ell&#39;ugeret.</span> <span class='ocrx_word' id='word_1_214' title='bbox 2731 1512 2888 1578; x_wconf 87' lang='lat' dir='ltr'>Quod</span> <span class='ocrx_word' id='word_1_215' title='bbox 2917 1508 3142 1584; x_wconf 87' lang='lat' dir='ltr'>quidam</span> <span class='ocrx_word' id='word_1_216' title='bbox 3175 1511 3399 1581; x_wconf 81' lang='lat' dir='ltr'>indigne</span> <span class='ocrx_word' id='word_1_217' title='bbox 3428 1511 3633 1566; x_wconf 87' lang='lat' dir='ltr'>factum</span> <span class='ocrx_word' id='word_1_218' title='bbox 3674 1507 3778 1562; x_wconf 90' lang='lat' dir='ltr'>di—</span> 
     </span>
    </p>
   </div>
   <div class='ocr_carea' id='block_1_31' title="bbox 2186 1596 3775 1679">
    <p class='ocr_par' dir='ltr' id='par_1_31' title="bbox 2186 1596 3775 1679">
     <span class='ocr_line' id='line_1_31' title="bbox 2186 1596 3775 1679; baseline -0.009 -14"><span class='ocrx_word' id='word_1_219' title='bbox 2186 1616 2347 1674; x_wconf 91' lang='lat' dir='ltr'>cunt;</span> <span class='ocrx_word' id='word_1_220' title='bbox 2382 1606 2513 1679; x_wconf 87' lang='lat' dir='ltr'>quia</span> <span class='ocrx_word' id='word_1_221' title='bbox 2544 1621 2654 1662; x_wconf 92' lang='lat' dir='ltr'>non</span> <span class='ocrx_word' id='word_1_222' title='bbox 2693 1603 2793 1660; x_wconf 89' lang='lat' dir='ltr'>Dei</span> <span class='ocrx_word' id='word_1_223' title='bbox 2822 1602 3033 1659; x_wconf 86' lang='lat' dir='ltr'>auxilio</span> <span class='ocrx_word' id='word_1_224' title='bbox 3065 1603 3327 1660; x_wconf 88' lang='lat' dir='ltr'>liberatus</span> <span class='ocrx_word' id='word_1_225' title='bbox 3356 1607 3455 1657; x_wconf 90' lang='lat' dir='ltr'>est.</span> <span class='ocrx_word' id='word_1_226' title='bbox 3490 1601 3592 1657; x_wconf 86' lang='lat' dir='ltr'>Sed</span> <span class='ocrx_word' id='word_1_227' title='bbox 3622 1596 3775 1670; x_wconf 83' lang='lat' dir='ltr'>quod</span> 
     </span>
    </p>
   </div>
   <div class='ocr_carea' id='block_1_32' title="bbox 2186 1685 3774 1764">
    <p class='ocr_par' dir='ltr' id='par_1_32' title="bbox 2186 1685 3774 1764">
     <span class='ocr_line' id='line_1_32' title="bbox 2186 1685 3774 1764; baseline -0.008 -11"><span class='ocrx_word' id='word_1_228' title='bbox 2186 1699 2252 1754; x_wconf 89' lang='lat' dir='ltr'>ab</span> <span class='ocrx_word' id='word_1_229' title='bbox 2282 1695 2597 1753; x_wconf 90' lang='lat' dir='ltr'>hominibus</span> <span class='ocrx_word' id='word_1_230' title='bbox 2624 1691 2743 1748; x_wconf 86' lang='lat' dir='ltr'>ﬁeri</span> <span class='ocrx_word' id='word_1_231' title='bbox 2794 1693 2996 1764; x_wconf 90' lang='lat' dir='ltr'>potuit,</span> <span class='ocrx_word' id='word_1_232' title='bbox 3027 1691 3161 1763; x_wconf 90' lang='lat' dir='ltr'>quid</span> <span class='ocrx_word' id='word_1_233' title='bbox 3205 1706 3339 1763; x_wconf 85' lang='lat' dir='ltr'>opus</span> <span class='ocrx_word' id='word_1_234' title='bbox 3388 1698 3523 1758; x_wconf 88' lang='lat' dir='ltr'>erat,</span> <span class='ocrx_word' id='word_1_235' title='bbox 3572 1694 3636 1742; x_wconf 87' lang='lat' dir='ltr'>ut</span> <span class='ocrx_word' id='word_1_236' title='bbox 3670 1685 3774 1742; x_wconf 86' lang='lat' dir='ltr'>Dei</span> 
     </span>
    </p>
   </div>
   <div class='ocr_carea' id='block_1_33' title="bbox 483 1774 3775 1863">
    <p class='ocr_par' dir='ltr' id='par_1_33' title="bbox 483 1774 3775 1863">
     <span class='ocr_line' id='line_1_33' title="bbox 483 1774 3775 1863; baseline -0.007 -10"><span class='ocrx_word' id='word_1_237' title='bbox 483 1793 553 1850; x_wconf 82' lang='lat' dir='ltr'>de</span> <span class='ocrx_word' id='word_1_238' title='bbox 576 1798 919 1863; x_wconf 81' lang='lat' dir='ltr'>persecutore</span> <span class='ocrx_word' id='word_1_239' title='bbox 965 1801 1079 1842; x_wconf 87' lang='lat' dir='ltr'>non</span> <span class='ocrx_word' id='word_1_240' title='bbox 1108 1784 1298 1857; x_wconf 80' lang='lat' dir='ltr'>utique</span> <span class='ocrx_word' id='word_1_241' title='bbox 1341 1785 1456 1839; x_wconf 74' lang='lat' dir='ltr'>sine</span> <span class='ocrx_word' id='word_1_242' title='bbox 1504 1783 1715 1839; x_wconf 77' lang='lat' dir='ltr'>ratione</span> <span class='ocrx_word' id='word_1_243' title='bbox 1742 1781 1947 1837; x_wconf 85' lang='lat' dir='ltr'>factum</span> <span class='ocrx_word' id='word_1_244' title='bbox 1990 1780 2078 1836; x_wconf 87' lang='lat' dir='ltr'>de-</span> <span class='ocrx_word' id='word_1_245' title='bbox 2112 1802 2158 1862; x_wconf 79' lang='grc' dir='ltr'>Β</span> <span class='ocrx_word' id='word_1_246' title='bbox 2187 1786 2443 1855; x_wconf 82' lang='lat' dir='ltr'>suﬂ&#39;ragio</span> <span class='ocrx_word' id='word_1_247' title='bbox 2493 1784 2839 1849; x_wconf 78' lang='lat' dir='ltr'>liberaretur;</span> <span class='ocrx_word' id='word_1_248' title='bbox 2875 1794 3002 1837; x_wconf 90' lang='lat' dir='ltr'>cum</span> <span class='ocrx_word' id='word_1_249' title='bbox 3051 1780 3149 1837; x_wconf 86' lang='lat' dir='ltr'>Dei</span> <span class='ocrx_word' id='word_1_250' title='bbox 3197 1776 3513 1851; x_wconf 77' lang='lat' dir='ltr'>suffragium</span> <span class='ocrx_word' id='word_1_251' title='bbox 3543 1783 3679 1832; x_wconf 89' lang='lat' dir='ltr'>tunc</span> <span class='ocrx_word' id='word_1_252' title='bbox 3701 1774 3775 1830; x_wconf 81' lang='lat' dir='ltr'>sit</span> 
     </span>
    </p>
   </div>
   <div class='ocr_carea' id='block_1_34' title="bbox 485 1871 2080 1943">
    <p class='ocr_par' dir='ltr' id='par_1_34' title="bbox 485 1871 2080 1943">
     <span class='ocr_line' id='line_1_34' title="bbox 485 1871 2080 1943; baseline -0.009 -3"><span class='ocrx_word' id='word_1_253' title='bbox 485 1884 780 1940; x_wconf 72' lang='lat' dir='ltr'>tonsorem.</span> <span class='ocrx_word' id='word_1_254' title='bbox 818 1881 930 1936; x_wconf 85' lang='lat' dir='ltr'>Hac</span> <span class='ocrx_word' id='word_1_255' title='bbox 950 1890 1112 1935; x_wconf 85' lang='lat' dir='ltr'>causa</span> <span class='ocrx_word' id='word_1_256' title='bbox 1136 1875 1593 1932; x_wconf 82' lang='lat' dir='ltr'>excruciabantur</span> <span class='ocrx_word' id='word_1_257' title='bbox 1618 1871 1811 1938; x_wconf 84' lang='lat' dir='ltr'>Judaei,</span> <span class='ocrx_word' id='word_1_258' title='bbox 1845 1879 1898 1927; x_wconf 90' lang='lat' dir='ltr'>et</span> <span class='ocrx_word' id='word_1_259' title='bbox 1922 1884 2080 1943; x_wconf 79' lang='lat' dir='ltr'>quae-</span> 
     </span>
    </p>
   </div>
   <div class='ocr_carea' id='block_1_35' title="bbox 488 1956 2080 2041">
    <p class='ocr_par' dir='ltr' id='par_1_35' title="bbox 488 1956 2080 2041">
     <span class='ocr_line' id='line_1_35' title="bbox 488 1956 2080 2041; baseline -0.008 -13"><span class='ocrx_word' id='word_1_260' title='bbox 488 1970 685 2028; x_wconf 81' lang='lat' dir='ltr'>rebant</span> <span class='ocrx_word' id='word_1_261' title='bbox 713 1984 838 2026; x_wconf 90' lang='lat' dir='ltr'>eum</span> <span class='ocrx_word' id='word_1_262' title='bbox 886 1980 1099 2041; x_wconf 86' lang='lat' dir='ltr'>semper</span> <span class='ocrx_word' id='word_1_263' title='bbox 1145 1964 1471 2021; x_wconf 88' lang='lat' dir='ltr'>interﬁcere.</span> <span class='ocrx_word' id='word_1_264' title='bbox 1519 1987 1537 2009; x_wconf 75' lang='grc' dir='ltr'><strong><em>α</em></strong></span> <span class='ocrx_word' id='word_1_265' title='bbox 1567 1960 1702 2028; x_wconf 88' lang='lat' dir='ltr'>Quis</span> <span class='ocrx_word' id='word_1_266' title='bbox 1735 1956 2080 2016; x_wconf 86' lang='lat' dir='ltr'>scandaliza-</span> 
     </span>
    </p>
   </div>
   <div class='ocr_carea' id='block_1_36' title="bbox 488 2047 2081 2131">
    <p class='ocr_par' dir='ltr' id='par_1_36' title="bbox 488 2047 2081 2131">
     <span class='ocr_line' id='line_1_36' title="bbox 488 2047 2081 2131; baseline -0.008 -14"><span class='ocrx_word' id='word_1_267' title='bbox 488 2068 605 2128; x_wconf 89' lang='lat' dir='ltr'>tur,</span> <span class='ocrx_word' id='word_1_268' title='bbox 659 2066 714 2115; x_wconf 89' lang='lat' dir='ltr'>et</span> <span class='ocrx_word' id='word_1_269' title='bbox 770 2074 869 2131; x_wconf 85' lang='lat' dir='ltr'>ego</span> <span class='ocrx_word' id='word_1_270' title='bbox 919 2071 1033 2112; x_wconf 90' lang='lat' dir='ltr'>non</span> <span class='ocrx_word' id='word_1_271' title='bbox 1086 2055 1312 2110; x_wconf 57' lang='lat' dir='ltr'>urorts</span> <span class='ocrx_word' id='word_1_272' title='bbox 1364 2048 1733 2108; x_wconf 86' lang='lat' dir='ltr'>Scandalizari</span> <span class='ocrx_word' id='word_1_273' title='bbox 1782 2055 1864 2105; x_wconf 90' lang='lat' dir='ltr'>est</span> <span class='ocrx_word' id='word_1_274' title='bbox 1901 2047 2081 2104; x_wconf 91' lang='lat' dir='ltr'>carnis</span> 
     </span>
    </p>
   </div>
   <div class='ocr_carea' id='block_1_37' title="bbox 487 2137 2077 2224">
    <p class='ocr_par' dir='ltr' id='par_1_37' title="bbox 487 2137 2077 2224">
     <span class='ocr_line' id='line_1_37' title="bbox 487 2137 2077 2224; baseline -0.008 -20"><span class='ocrx_word' id='word_1_275' title='bbox 487 2146 602 2224; x_wconf 87' lang='lat' dir='ltr'>pati</span> <span class='ocrx_word' id='word_1_276' title='bbox 634 2146 989 2213; x_wconf 90' lang='lat' dir='ltr'>desiderium,</span> <span class='ocrx_word' id='word_1_277' title='bbox 1020 2150 1284 2217; x_wconf 89' lang='lat' dir='ltr'>quantum</span> <span class='ocrx_word' id='word_1_278' title='bbox 1314 2139 1383 2195; x_wconf 85' lang='lat' dir='ltr'>ad</span> <span class='ocrx_word' id='word_1_279' title='bbox 1438 2137 1587 2194; x_wconf 89' lang='lat' dir='ltr'>hunc</span> <span class='ocrx_word' id='word_1_280' title='bbox 1616 2137 1796 2193; x_wconf 89' lang='lat' dir='ltr'>locum</span> <span class='ocrx_word' id='word_1_281' title='bbox 1825 2137 2077 2209; x_wconf 89' lang='lat' dir='ltr'>pertinet.</span> 
     </span>
    </p>
   </div>
   <div class='ocr_carea' id='block_1_38' title="bbox 489 2224 2082 2309">
    <p class='ocr_par' dir='ltr' id='par_1_38' title="bbox 489 2224 2082 2309">
     <span class='ocr_line' id='line_1_38' title="bbox 489 2224 2082 2309; baseline -0.009 -15"><span class='ocrx_word' id='word_1_282' title='bbox 489 2236 563 2294; x_wconf 91' lang='lat' dir='ltr'>Et</span> <span class='ocrx_word' id='word_1_283' title='bbox 616 2238 745 2309; x_wconf 85' lang='lat' dir='ltr'>quia</span> <span class='ocrx_word' id='word_1_284' title='bbox 800 2235 965 2291; x_wconf 89' lang='lat' dir='ltr'>etiam</span> <span class='ocrx_word' id='word_1_285' title='bbox 1023 2230 1188 2287; x_wconf 88' lang='lat' dir='ltr'>inviti</span> <span class='ocrx_word' id='word_1_286' title='bbox 1235 2229 1413 2286; x_wconf 88' lang='lat' dir='ltr'>solent</span> <span class='ocrx_word' id='word_1_287' title='bbox 1470 2224 1853 2294; x_wconf 86' lang='lat' dir='ltr'>scandalizari,</span> <span class='ocrx_word' id='word_1_288' title='bbox 1912 2224 2082 2282; x_wconf 90' lang='lat' dir='ltr'>illecti</span> 
     </span>
    </p>
   </div>
   <div class='ocr_carea' id='block_1_39' title="bbox 492 2316 2085 2396">
    <p class='ocr_par' dir='ltr' id='par_1_39' title="bbox 492 2316 2085 2396">
     <span class='ocr_line' id='line_1_39' title="bbox 492 2316 2085 2396; baseline -0.009 -13"><span class='ocrx_word' id='word_1_289' title='bbox 492 2327 671 2383; x_wconf 82' lang='lat' dir='ltr'>forma</span> <span class='ocrx_word' id='word_1_290' title='bbox 699 2331 793 2381; x_wconf 90' lang='lat' dir='ltr'>aut</span> <span class='ocrx_word' id='word_1_291' title='bbox 817 2321 1231 2396; x_wconf 88' lang='lat' dir='ltr'>pulchritudine</span> <span class='ocrx_word' id='word_1_292' title='bbox 1267 2317 1535 2389; x_wconf 82' lang='lat' dir='ltr'>corporis,</span> <span class='ocrx_word' id='word_1_293' title='bbox 1564 2323 1660 2371; x_wconf 89' lang='lat' dir='ltr'>aut</span> <span class='ocrx_word' id='word_1_294' title='bbox 1688 2316 1920 2389; x_wconf 72' lang='lat' dir='ltr'>propriae</span> <span class='ocrx_word' id='word_1_295' title='bbox 1958 2330 2085 2371; x_wconf 88' lang='lat' dir='ltr'>car-</span> 
     </span>
    </p>
   </div>
   <div class='ocr_carea' id='block_1_40' title="bbox 489 2405 2082 2485">
    <p class='ocr_par' dir='ltr' id='par_1_40' title="bbox 489 2405 2082 2485">
     <span class='ocr_line' id='line_1_40' title="bbox 489 2405 2082 2485; baseline -0.009 -12"><span class='ocrx_word' id='word_1_296' title='bbox 489 2416 580 2473; x_wconf 88' lang='lat' dir='ltr'>nis</span> <span class='ocrx_word' id='word_1_297' title='bbox 607 2417 816 2472; x_wconf 84' lang='lat' dir='ltr'>calore:</span> <span class='ocrx_word' id='word_1_298' title='bbox 842 2410 1139 2485; x_wconf 80' lang='lat' dir='ltr'>Apostolus</span> <span class='ocrx_word' id='word_1_299' title='bbox 1170 2406 1551 2465; x_wconf 88' lang='lat' dir='ltr'>necessitatem</span> <span class='ocrx_word' id='word_1_300' title='bbox 1595 2405 1852 2461; x_wconf 77' lang='lat' dir='ltr'>humanae</span> <span class='ocrx_word' id='word_1_301' title='bbox 1878 2410 2082 2459; x_wconf 82' lang='lat' dir='ltr'>naturae</span> 
     </span>
    </p>
   </div>
   <div class='ocr_carea' id='block_1_41' title="bbox 492 2494 2086 2572">
    <p class='ocr_par' dir='ltr' id='par_1_41' title="bbox 492 2494 2086 2572">
     <span class='ocr_line' id='line_1_41' title="bbox 492 2494 2086 2572; baseline -0.009 -10"><span class='ocrx_word' id='word_1_302' title='bbox 492 2504 871 2572; x_wconf 88' lang='lat' dir='ltr'>considerans,</span> <span class='ocrx_word' id='word_1_303' title='bbox 903 2502 989 2558; x_wconf 91' lang='lat' dir='ltr'>uri</span> <span class='ocrx_word' id='word_1_304' title='bbox 1022 2517 1077 2556; x_wconf 90' lang='lat' dir='ltr'>se</span> <span class='ocrx_word' id='word_1_305' title='bbox 1105 2498 1243 2555; x_wconf 89' lang='lat' dir='ltr'>dicit</span> <span class='ocrx_word' id='word_1_306' title='bbox 1275 2514 1288 2554; x_wconf 89' lang='lat'>:</span> <span class='ocrx_word' id='word_1_307' title='bbox 1319 2504 1382 2553; x_wconf 88' lang='lat' dir='ltr'>ut</span> <span class='ocrx_word' id='word_1_308' title='bbox 1409 2495 1658 2554; x_wconf 87' lang='lat' dir='ltr'>consulat</span> <span class='ocrx_word' id='word_1_309' title='bbox 1683 2494 1905 2562; x_wconf 86' lang='lat' dir='ltr'>talibus,</span> <span class='ocrx_word' id='word_1_310' title='bbox 1925 2507 2086 2550; x_wconf 92' lang='lat' dir='ltr'>com-</span> 
     </span>
    </p>
   </div>
   <div class='ocr_carea' id='block_1_42' title="bbox 491 2586 2081 2669">
    <p class='ocr_par' dir='ltr' id='par_1_42' title="bbox 491 2586 2081 2669">
     <span class='ocr_line' id='line_1_42' title="bbox 491 2586 2081 2669; baseline -0.008 -17"><span class='ocrx_word' id='word_1_311' title='bbox 491 2596 705 2669; x_wconf 87' lang='lat' dir='ltr'>patiens</span> <span class='ocrx_word' id='word_1_312' title='bbox 762 2592 1074 2650; x_wconf 88' lang='lat' dir='ltr'>inﬁrmitati</span> <span class='ocrx_word' id='word_1_313' title='bbox 1131 2602 1366 2646; x_wconf 88' lang='lat' dir='ltr'>eorum:</span> <span class='ocrx_word' id='word_1_314' title='bbox 1407 2602 1509 2644; x_wconf 89' lang='lat' dir='ltr'>nec</span> <span class='ocrx_word' id='word_1_315' title='bbox 1562 2586 1663 2644; x_wconf 89' lang='lat' dir='ltr'>hos</span> <span class='ocrx_word' id='word_1_316' title='bbox 1690 2586 2081 2652; x_wconf 89' lang='lat' dir='ltr'>condemnans,</span> 
     </span>
    </p>
   </div>
   <div class='ocr_carea' id='block_1_43' title="bbox 491 2675 2085 2745">
    <p class='ocr_par' dir='ltr' id='par_1_43' title="bbox 491 2675 2085 2745">
     <span class='ocr_line' id='line_1_43' title="bbox 491 2675 2085 2745; baseline -0.009 -2"><span class='ocrx_word' id='word_1_317' title='bbox 491 2684 587 2743; x_wconf 88' lang='lat' dir='ltr'>sed</span> <span class='ocrx_word' id='word_1_318' title='bbox 647 2695 1001 2743; x_wconf 88' lang='lat' dir='ltr'>commonens</span> <span class='ocrx_word' id='word_1_319' title='bbox 1055 2678 1113 2737; x_wconf 81' lang='lat' dir='ltr'>in</span> <span class='ocrx_word' id='word_1_320' title='bbox 1169 2678 1481 2735; x_wconf 87' lang='lat' dir='ltr'>humilitate</span> <span class='ocrx_word' id='word_1_321' title='bbox 1529 2675 1827 2743; x_wconf 88' lang='lat' dir='ltr'>sermonis;</span> <span class='ocrx_word' id='word_1_322' title='bbox 1878 2684 1939 2730; x_wconf 89' lang='lat' dir='ltr'>ut</span> <span class='ocrx_word' id='word_1_323' title='bbox 1994 2689 2085 2745; x_wconf 90' lang='lat' dir='ltr'>spe</span> 
     </span>
    </p>
   </div>
   <div class='ocr_carea' id='block_1_44' title="bbox 497 2764 2086 2849">
    <p class='ocr_par' dir='ltr' id='par_1_44' title="bbox 497 2764 2086 2849">
     <span class='ocr_line' id='line_1_44' title="bbox 497 2764 2086 2849; baseline -0.008 -17"><span class='ocrx_word' id='word_1_324' title='bbox 497 2773 757 2849; x_wconf 81' lang='lat' dir='ltr'>promissi</span> <span class='ocrx_word' id='word_1_325' title='bbox 786 2771 998 2845; x_wconf 60' lang='lat' dir='ltr'>praemii</span> <span class='ocrx_word' id='word_1_326' title='bbox 1028 2777 1330 2842; x_wconf 81' lang='lat' dir='ltr'>repugnent</span> <span class='ocrx_word' id='word_1_327' title='bbox 1356 2767 1596 2823; x_wconf 85' lang='lat' dir='ltr'>stimulis</span> <span class='ocrx_word' id='word_1_328' title='bbox 1623 2766 1838 2830; x_wconf 88' lang='lat' dir='ltr'>carnis;</span> <span class='ocrx_word' id='word_1_329' title='bbox 1868 2778 1934 2818; x_wconf 89' lang='lat' dir='ltr'>ne</span> <span class='ocrx_word' id='word_1_330' title='bbox 1966 2764 2086 2835; x_wconf 86' lang='lat' dir='ltr'>quis</span> 
     </span>
    </p>
   </div>
   <div class='ocr_carea' id='block_1_45' title="bbox 503 2851 2083 2931">
    <p class='ocr_par' dir='ltr' id='par_1_45' title="bbox 503 2851 2083 2931">
     <span class='ocr_line' id='line_1_45' title="bbox 503 2851 2083 2931; baseline -0.008 -13"><span class='ocrx_word' id='word_1_331' title='bbox 503 2878 717 2925; x_wconf 90' lang='lat' dir='ltr'>eorum,</span> <span class='ocrx_word' id='word_1_332' title='bbox 749 2861 843 2931; x_wconf 91' lang='lat' dir='ltr'>qui</span> <span class='ocrx_word' id='word_1_333' title='bbox 890 2876 1014 2915; x_wconf 88' lang='lat' dir='ltr'>eum</span> <span class='ocrx_word' id='word_1_334' title='bbox 1068 2858 1322 2922; x_wconf 82' lang='lat' dir='ltr'>audiunt,</span> <span class='ocrx_word' id='word_1_335' title='bbox 1371 2852 1656 2908; x_wconf 85' lang='lat' dir='ltr'>desideriis</span> <span class='ocrx_word' id='word_1_336' title='bbox 1708 2852 1887 2908; x_wconf 87' lang='lat' dir='ltr'>carnis</span> <span class='ocrx_word' id='word_1_337' title='bbox 1929 2851 2083 2920; x_wconf 87' lang='lat' dir='ltr'>victi,</span> 
     </span>
    </p>
   </div>
   <div class='ocr_carea' id='block_1_46' title="bbox 504 2940 2086 3017">
    <p class='ocr_par' dir='ltr' id='par_1_46' title="bbox 504 2940 2086 3017">
     <span class='ocr_line' id='line_1_46' title="bbox 504 2940 2086 3017; baseline -0.004 -15"><span class='ocrx_word' id='word_1_338' title='bbox 504 2949 850 3017; x_wconf 88' lang='lat' dir='ltr'>desperantes</span> <span class='ocrx_word' id='word_1_339' title='bbox 898 2945 965 2998; x_wconf 88' lang='lat' dir='ltr'>de</span> <span class='ocrx_word' id='word_1_340' title='bbox 1006 2959 1080 3007; x_wconf 89' lang='lat' dir='ltr'>se,</span> <span class='ocrx_word' id='word_1_341' title='bbox 1124 2947 1375 3011; x_wconf 87' lang='lat' dir='ltr'>putantes</span> <span class='ocrx_word' id='word_1_342' title='bbox 1397 2940 1509 3009; x_wconf 86' lang='lat' dir='ltr'>jam</span> <span class='ocrx_word' id='word_1_343' title='bbox 1552 2952 1661 2994; x_wconf 91' lang='lat' dir='ltr'>non</span> <span class='ocrx_word' id='word_1_344' title='bbox 1700 2949 1920 3011; x_wconf 89' lang='lat' dir='ltr'>accepto</span> <span class='ocrx_word' id='word_1_345' title='bbox 1948 2941 2086 2996; x_wconf 86' lang='lat' dir='ltr'>ferre</span> 
     </span>
    </p>
   </div>
   <div class='ocr_carea' id='block_1_47' title="bbox 503 3027 2085 3100">
    <p class='ocr_par' dir='ltr' id='par_1_47' title="bbox 503 3027 2085 3100">
     <span class='ocr_line' id='line_1_47' title="bbox 503 3027 2085 3100; baseline -0.004 -10"><span class='ocrx_word' id='word_1_346' title='bbox 503 3036 701 3100; x_wconf 87' lang='lat' dir='ltr'>Deum,</span> <span class='ocrx_word' id='word_1_347' title='bbox 745 3033 793 3088; x_wconf 87' lang='lat' dir='ltr'>si</span> <span class='ocrx_word' id='word_1_348' title='bbox 841 3031 1136 3099; x_wconf 86' lang='lat' dir='ltr'>corrigant,</span> <span class='ocrx_word' id='word_1_349' title='bbox 1167 3036 1221 3082; x_wconf 89' lang='lat' dir='ltr'>et</span> <span class='ocrx_word' id='word_1_350' title='bbox 1272 3028 1332 3082; x_wconf 90' lang='lat' dir='ltr'>in</span> <span class='ocrx_word' id='word_1_351' title='bbox 1377 3027 1573 3083; x_wconf 87' lang='lat' dir='ltr'>iisdem</span> <span class='ocrx_word' id='word_1_352' title='bbox 1602 3036 1900 3096; x_wconf 87' lang='lat' dir='ltr'>manentes,</span> <span class='ocrx_word' id='word_1_353' title='bbox 1929 3028 2085 3100; x_wconf 87' lang='lat' dir='ltr'>depe-</span> 
     </span>
    </p>
   </div>
   <div class='ocr_carea' id='block_1_48' title="bbox 502 3128 677 3180">
    <p class='ocr_par' dir='ltr' id='par_1_48' title="bbox 502 3128 677 3180">
     <span class='ocr_line' id='line_1_48' title="bbox 502 3128 677 3180; baseline -0.023 0"><span class='ocrx_word' id='word_1_354' title='bbox 502 3128 677 3180; x_wconf 87' lang='lat' dir='ltr'>reant.</span> 
     </span>
    </p>
   </div>
   <div class='ocr_carea' id='block_1_49' title="bbox 571 3213 2085 3292">
    <p class='ocr_par' dir='ltr' id='par_1_49' title="bbox 571 3213 2085 3292">
     <span class='ocr_line' id='line_1_49' title="bbox 571 3213 2085 3292; baseline -0.005 -14"><span class='ocrx_word' id='word_1_355' title='bbox 571 3219 752 3292; x_wconf 86' lang='lat' dir='ltr'>(Vers.</span> <span class='ocrx_word' id='word_1_356' title='bbox 787 3216 903 3289; x_wconf 88' lang='lat'>30.)</span> <span class='ocrx_word' id='word_1_357' title='bbox 950 3237 971 3264; x_wconf 76' lang='grc' dir='ltr'>ι</span> <span class='ocrx_word' id='word_1_358' title='bbox 999 3215 1055 3272; x_wconf 89' lang='lat' dir='ltr'>Si</span> <span class='ocrx_word' id='word_1_359' title='bbox 1108 3213 1329 3288; x_wconf 86' lang='lat' dir='ltr'>gloriari</span> <span class='ocrx_word' id='word_1_360' title='bbox 1386 3219 1622 3287; x_wconf 87' lang='lat' dir='ltr'>oportet,</span> <span class='ocrx_word' id='word_1_361' title='bbox 1670 3213 1729 3271; x_wconf 90' lang='lat' dir='ltr'>in</span> <span class='ocrx_word' id='word_1_362' title='bbox 1759 3215 1828 3273; x_wconf 87' lang='lat' dir='ltr'>iis</span> <span class='ocrx_word' id='word_1_363' title='bbox 1858 3227 1977 3290; x_wconf 80' lang='lat' dir='ltr'>quae</span> <span class='ocrx_word' id='word_1_364' title='bbox 2006 3215 2085 3271; x_wconf 89' lang='lat' dir='ltr'>in-</span> 
     </span>
    </p>
   </div>
   <div class='ocr_carea' id='block_1_50' title="bbox 495 3302 2087 3378">
    <p class='ocr_par' dir='ltr' id='par_1_50' title="bbox 495 3302 2087 3378">
     <span class='ocr_line' id='line_1_50' title="bbox 495 3302 2087 3378; baseline -0.006 -9"><span class='ocrx_word' id='word_1_365' title='bbox 495 3311 775 3369; x_wconf 82' lang='lat' dir='ltr'>ﬁrmitatis</span> <span class='ocrx_word' id='word_1_366' title='bbox 825 3321 959 3364; x_wconf 79' lang='lat' dir='ltr'>meas</span> <span class='ocrx_word' id='word_1_367' title='bbox 987 3310 1135 3373; x_wconf 88' lang='lat' dir='ltr'>sunt,</span> <span class='ocrx_word' id='word_1_368' title='bbox 1174 3303 1467 3377; x_wconf 82' lang='lat' dir='ltr'>gloriabor.</span> <span class='ocrx_word' id='word_1_369' title='bbox 1504 3328 1523 3352; x_wconf 76' lang='grc' dir='ltr'><strong>ι</strong></span> <span class='ocrx_word' id='word_1_370' title='bbox 1567 3302 1684 3362; x_wconf 85' lang='lat' dir='ltr'>Hoc</span> <span class='ocrx_word' id='word_1_371' title='bbox 1711 3304 1846 3362; x_wconf 88' lang='lat' dir='ltr'>dicit</span> <span class='ocrx_word' id='word_1_372' title='bbox 1876 3305 2003 3378; x_wconf 86' lang='lat' dir='ltr'>quia</span> <span class='ocrx_word' id='word_1_373' title='bbox 2040 3306 2087 3362; x_wconf 91' lang='lat' dir='ltr'>si</span> 
     </span>
    </p>
   </div>
   <div class='ocr_carea' id='block_1_51' title="bbox 499 3393 2084 3473">
    <p class='ocr_par' dir='ltr' id='par_1_51' title="bbox 499 3393 2084 3473">
     <span class='ocr_line' id='line_1_51' title="bbox 499 3393 2084 3473; baseline -0.002 -18"><span class='ocrx_word' id='word_1_374' title='bbox 499 3397 844 3473; x_wconf 79' lang='lat' dir='ltr'>gloriandum</span> <span class='ocrx_word' id='word_1_375' title='bbox 874 3402 955 3451; x_wconf 90' lang='lat' dir='ltr'>est</span> <span class='ocrx_word' id='word_1_376' title='bbox 974 3393 1380 3460; x_wconf 90' lang='lat' dir='ltr'>Cbristiano,in</span> <span class='ocrx_word' id='word_1_377' title='bbox 1402 3393 1716 3450; x_wconf 86' lang='lat' dir='ltr'>humilitate</span> <span class='ocrx_word' id='word_1_378' title='bbox 1745 3394 2084 3467; x_wconf 80' lang='lat' dir='ltr'>gloriandum</span> 
     </span>
    </p>
   </div>
   <div class='ocr_carea' id='block_1_52' title="bbox 497 3482 2081 3558">
    <p class='ocr_par' dir='ltr' id='par_1_52' title="bbox 497 3482 2081 3558">
     <span class='ocr_line' id='line_1_52' title="bbox 497 3482 2081 3558; baseline -0.003 -15"><span class='ocrx_word' id='word_1_379' title='bbox 497 3494 581 3544; x_wconf 84' lang='lat' dir='ltr'>est</span> <span class='ocrx_word' id='word_1_380' title='bbox 611 3502 717 3558; x_wconf 90' lang='lat' dir='ltr'>qua</span> <span class='ocrx_word' id='word_1_381' title='bbox 744 3485 1008 3541; x_wconf 87' lang='lat' dir='ltr'>crescitur</span> <span class='ocrx_word' id='word_1_382' title='bbox 1039 3482 1183 3551; x_wconf 87' lang='lat' dir='ltr'>apud</span> <span class='ocrx_word' id='word_1_383' title='bbox 1212 3484 1406 3536; x_wconf 89' lang='lat' dir='ltr'>Deum.</span> <span class='ocrx_word' id='word_1_384' title='bbox 1439 3482 1593 3538; x_wconf 90' lang='lat' dir='ltr'>Unde</span> <span class='ocrx_word' id='word_1_385' title='bbox 1618 3484 1727 3538; x_wconf 90' lang='lat' dir='ltr'>alio</span> <span class='ocrx_word' id='word_1_386' title='bbox 1758 3483 1875 3538; x_wconf 91' lang='lat' dir='ltr'>loco</span> <span class='ocrx_word' id='word_1_387' title='bbox 1904 3482 2040 3539; x_wconf 89' lang='lat' dir='ltr'>dicit</span> <span class='ocrx_word' id='word_1_388' title='bbox 2070 3501 2081 3538; x_wconf 90' lang='lat'><strong>:</strong></span> 
     </span>
    </p>
   </div>
   <div class='ocr_carea' id='block_1_53' title="bbox 511 3568 2073 3641">
    <p class='ocr_par' dir='ltr' id='par_1_53' title="bbox 511 3568 2073 3641">
     <span class='ocr_line' id='line_1_53' title="bbox 511 3568 2073 3641; baseline -0.003 -12"><span class='ocrx_word' id='word_1_389' title='bbox 511 3594 535 3622; x_wconf 79' lang='grc' dir='ltr'>ι</span> <span class='ocrx_word' id='word_1_390' title='bbox 562 3571 987 3634; x_wconf 87' lang='lat' dir='ltr'>Cuminﬁrmor,</span> <span class='ocrx_word' id='word_1_391' title='bbox 1018 3577 1151 3622; x_wconf 89' lang='lat' dir='ltr'>tunc</span> <span class='ocrx_word' id='word_1_392' title='bbox 1171 3578 1364 3638; x_wconf 87' lang='lat' dir='ltr'>potens</span> <span class='ocrx_word' id='word_1_393' title='bbox 1393 3585 1515 3623; x_wconf 90' lang='lat' dir='ltr'>sum</span> <span class='ocrx_word' id='word_1_394' title='bbox 1551 3568 1639 3640; x_wconf 85' lang='grc' dir='ltr'>(ΙΙ</span> <span class='ocrx_word' id='word_1_395' title='bbox 1666 3570 1788 3625; x_wconf 85' lang='lat' dir='ltr'>Cor.</span> <span class='ocrx_word' id='word_1_396' title='bbox 1812 3586 1913 3637; x_wconf 78' lang='lat' dir='ltr'>xu,</span> <span class='ocrx_word' id='word_1_397' title='bbox 1940 3571 2073 3641; x_wconf 48' lang='lat'>10),,</span> 
     </span>
    </p>
   </div>
   <div class='ocr_carea' id='block_1_54' title="bbox 500 3652 2089 3725">
    <p class='ocr_par' dir='ltr' id='par_1_54' title="bbox 500 3652 2089 3725">
     <span class='ocr_line' id='line_1_54' title="bbox 500 3652 2089 3725; baseline 0 -11"><span class='ocrx_word' id='word_1_398' title='bbox 500 3657 609 3714; x_wconf 88' lang='lat' dir='ltr'>hoc</span> <span class='ocrx_word' id='word_1_399' title='bbox 635 3665 737 3725; x_wconf 86' lang='lat' dir='ltr'>est,</span> <span class='ocrx_word' id='word_1_400' title='bbox 768 3669 893 3711; x_wconf 91' lang='lat' dir='ltr'>cum</span> <span class='ocrx_word' id='word_1_401' title='bbox 926 3652 1192 3709; x_wconf 87' lang='lat' dir='ltr'>humilior</span> <span class='ocrx_word' id='word_1_402' title='bbox 1220 3667 1317 3724; x_wconf 89' lang='lat' dir='ltr'>pro</span> <span class='ocrx_word' id='word_1_403' title='bbox 1340 3654 1567 3709; x_wconf 86' lang='lat' dir='ltr'>fratrum</span> <span class='ocrx_word' id='word_1_404' title='bbox 1604 3656 1778 3710; x_wconf 83' lang='lat' dir='ltr'>salute</span> <span class='ocrx_word' id='word_1_405' title='bbox 1798 3656 1935 3725; x_wconf 86' lang='lat'>(16),</span> <span class='ocrx_word' id='word_1_406' title='bbox 1958 3664 2089 3715; x_wconf 90' lang='lat' dir='ltr'>tunc</span> 
     </span>
    </p>
   </div>
   <div class='ocr_carea' id='block_1_55' title="bbox 500 3740 2086 3819">
    <p class='ocr_par' dir='ltr' id='par_1_55' title="bbox 500 3740 2086 3819">
     <span class='ocr_line' id='line_1_55' title="bbox 500 3740 2086 3819; baseline 0 -17"><span class='ocrx_word' id='word_1_407' title='bbox 500 3745 733 3803; x_wconf 86' lang='lat' dir='ltr'>exaltor.</span> <span class='ocrx_word' id='word_1_408' title='bbox 767 3742 909 3800; x_wconf 85' lang='lat' dir='ltr'>Hinc</span> <span class='ocrx_word' id='word_1_409' title='bbox 938 3740 1281 3815; x_wconf 85' lang='lat' dir='ltr'>gloriandum</span> <span class='ocrx_word' id='word_1_410' title='bbox 1331 3749 1430 3809; x_wconf 89' lang='lat' dir='ltr'>est,</span> <span class='ocrx_word' id='word_1_411' title='bbox 1487 3756 1597 3797; x_wconf 91' lang='lat' dir='ltr'>non</span> <span class='ocrx_word' id='word_1_412' title='bbox 1644 3741 1713 3798; x_wconf 91' lang='lat' dir='ltr'>de</span> <span class='ocrx_word' id='word_1_413' title='bbox 1764 3744 1940 3801; x_wconf 87' lang='lat' dir='ltr'>carnis</span> <span class='ocrx_word' id='word_1_414' title='bbox 1968 3762 2086 3819; x_wconf 90' lang='lat' dir='ltr'>pro-</span> 
     </span>
    </p>
   </div>
   <div class='ocr_carea' id='block_1_56' title="bbox 498 3829 1686 3909">
    <p class='ocr_par' dir='ltr' id='par_1_56' title="bbox 498 3829 1686 3909">
     <span class='ocr_line' id='line_1_56' title="bbox 498 3829 1686 3909; baseline -0.003 -17"><span class='ocrx_word' id='word_1_415' title='bbox 498 3835 675 3909; x_wconf 77' lang='lat' dir='ltr'>genie,</span> <span class='ocrx_word' id='word_1_416' title='bbox 700 3832 830 3908; x_wconf 89' lang='lat' dir='ltr'>quia</span> <span class='ocrx_word' id='word_1_417' title='bbox 858 3841 938 3889; x_wconf 86' lang='lat' dir='ltr'>est</span> <span class='ocrx_word' id='word_1_418' title='bbox 963 3830 1085 3906; x_wconf 86' lang='lat' dir='ltr'>quis</span> <span class='ocrx_word' id='word_1_419' title='bbox 1110 3848 1177 3888; x_wconf 88' lang='lat' dir='ltr'>ex</span> <span class='ocrx_word' id='word_1_420' title='bbox 1205 3831 1412 3887; x_wconf 90' lang='lat' dir='ltr'>semine</span> <span class='ocrx_word' id='word_1_421' title='bbox 1433 3829 1686 3888; x_wconf 78' lang='lat' dir='ltr'>Abrahae.</span> 
     </span>
    </p>
   </div>
   <div class='ocr_carea' id='block_1_57' title="bbox 574 3924 2089 4005">
    <p class='ocr_par' dir='ltr' id='par_1_57' title="bbox 574 3924 2089 4005">
     <span class='ocr_line' id='line_1_57' title="bbox 574 3924 2089 4005; baseline -0.002 -16"><span class='ocrx_word' id='word_1_422' title='bbox 574 3929 755 4005; x_wconf 80' lang='lat' dir='ltr'>(Vers.</span> <span class='ocrx_word' id='word_1_423' title='bbox 793 3927 910 4002; x_wconf 86' lang='lat'>31.)</span> <span class='ocrx_word' id='word_1_424' title='bbox 955 3950 974 3977; x_wconf 73' lang='grc' dir='ltr'><strong><em>ι</em></strong></span> <span class='ocrx_word' id='word_1_425' title='bbox 1002 3928 1146 3985; x_wconf 89' lang='lat' dir='ltr'>Deus</span> <span class='ocrx_word' id='word_1_426' title='bbox 1176 3935 1229 3984; x_wconf 92' lang='lat' dir='ltr'>et</span> <span class='ocrx_word' id='word_1_427' title='bbox 1275 3926 1433 3982; x_wconf 89' lang='lat' dir='ltr'>Pater</span> <span class='ocrx_word' id='word_1_428' title='bbox 1479 3924 1701 3982; x_wconf 89' lang='lat' dir='ltr'>Domini</span> <span class='ocrx_word' id='word_1_429' title='bbox 1754 3927 1925 3985; x_wconf 88' lang='lat' dir='ltr'>nostri</span> <span class='ocrx_word' id='word_1_430' title='bbox 1964 3930 2089 3986; x_wconf 88' lang='lat' dir='ltr'>Jesu</span> 
     </span>
    </p>
   </div>
   <div class='ocr_carea' id='block_1_58' title="bbox 500 4015 2088 4092">
    <p class='ocr_par' dir='ltr' id='par_1_58' title="bbox 500 4015 2088 4092">
     <span class='ocr_line' id='line_1_58' title="bbox 500 4015 2088 4092; baseline -0.004 -12"><span class='ocrx_word' id='word_1_431' title='bbox 500 4018 706 4080; x_wconf 86' lang='lat' dir='ltr'>Christi</span> <span class='ocrx_word' id='word_1_432' title='bbox 756 4018 851 4092; x_wconf 87' lang='lat' dir='ltr'>qui</span> <span class='ocrx_word' id='word_1_433' title='bbox 898 4024 978 4075; x_wconf 90' lang='lat' dir='ltr'>est</span> <span class='ocrx_word' id='word_1_434' title='bbox 1032 4015 1352 4073; x_wconf 88' lang='lat' dir='ltr'>benedictus</span> <span class='ocrx_word' id='word_1_435' title='bbox 1406 4016 1465 4071; x_wconf 93' lang='lat' dir='ltr'>in</span> <span class='ocrx_word' id='word_1_436' title='bbox 1523 4016 1742 4085; x_wconf 75' lang='lat' dir='ltr'>saecula,</span> <span class='ocrx_word' id='word_1_437' title='bbox 1792 4017 1895 4073; x_wconf 86' lang='lat' dir='ltr'>scit</span> <span class='ocrx_word' id='word_1_438' title='bbox 1944 4019 2088 4091; x_wconf 89' lang='lat' dir='ltr'>quod</span> 
     </span>
    </p>
   </div>
   <div class='ocr_carea' id='block_1_59' title="bbox 498 4103 2085 4179">
    <p class='ocr_par' dir='ltr' id='par_1_59' title="bbox 498 4103 2085 4179">
     <span class='ocr_line' id='line_1_59' title="bbox 498 4103 2085 4179; baseline -0.003 -13"><span class='ocrx_word' id='word_1_439' title='bbox 498 4125 610 4166; x_wconf 92' lang='lat' dir='ltr'>non</span> <span class='ocrx_word' id='word_1_440' title='bbox 658 4107 912 4164; x_wconf 88' lang='lat' dir='ltr'>mentior.</span> <span class='ocrx_word' id='word_1_441' title='bbox 948 4131 968 4154; x_wconf 72' lang='grc' dir='ltr'><strong>ι</strong></span> <span class='ocrx_word' id='word_1_442' title='bbox 1028 4109 1203 4162; x_wconf 90' lang='lat' dir='ltr'>Deum</span> <span class='ocrx_word' id='word_1_443' title='bbox 1246 4113 1441 4162; x_wconf 89' lang='lat' dir='ltr'>testem</span> <span class='ocrx_word' id='word_1_444' title='bbox 1481 4103 1607 4174; x_wconf 90' lang='lat' dir='ltr'>dat,</span> <span class='ocrx_word' id='word_1_445' title='bbox 1653 4112 1715 4161; x_wconf 90' lang='lat' dir='ltr'>ut</span> <span class='ocrx_word' id='word_1_446' title='bbox 1768 4122 1887 4179; x_wconf 85' lang='lat' dir='ltr'>quae</span> <span class='ocrx_word' id='word_1_447' title='bbox 1932 4106 2085 4176; x_wconf 85' lang='lat' dir='ltr'>dicit,</span> 
     </span>
    </p>
   </div>
   <div class='ocr_carea' id='block_1_60' title="bbox 498 4194 2086 4268">
    <p class='ocr_par' dir='ltr' id='par_1_60' title="bbox 498 4194 2086 4268">
     <span class='ocr_line' id='line_1_60' title="bbox 498 4194 2086 4268; baseline -0.001 -17"><span class='ocrx_word' id='word_1_448' title='bbox 498 4196 660 4251; x_wconf 85' lang='lat' dir='ltr'>facile</span> <span class='ocrx_word' id='word_1_449' title='bbox 698 4194 1023 4258; x_wconf 89' lang='lat' dir='ltr'>credantur;</span> <span class='ocrx_word' id='word_1_450' title='bbox 1053 4202 1107 4247; x_wconf 91' lang='lat' dir='ltr'>et</span> <span class='ocrx_word' id='word_1_451' title='bbox 1144 4201 1362 4264; x_wconf 87' lang='lat' dir='ltr'>propter</span> <span class='ocrx_word' id='word_1_452' title='bbox 1404 4209 1498 4249; x_wconf 90' lang='lat' dir='ltr'>eos</span> <span class='ocrx_word' id='word_1_453' title='bbox 1529 4194 1797 4251; x_wconf 86' lang='lat' dir='ltr'>duntaxat</span> <span class='ocrx_word' id='word_1_454' title='bbox 1827 4196 1921 4268; x_wconf 90' lang='lat' dir='ltr'>qui</span> <span class='ocrx_word' id='word_1_455' title='bbox 1964 4211 2086 4252; x_wconf 91' lang='lat' dir='ltr'>eum</span> 
     </span>
    </p>
   </div>
   <div class='ocr_carea' id='block_1_61' title="bbox 500 4279 1753 4349">
    <p class='ocr_par' dir='ltr' id='par_1_61' title="bbox 500 4279 1753 4349">
     <span class='ocr_line' id='line_1_61' title="bbox 500 4279 1753 4349; baseline 0 -12"><span class='ocrx_word' id='word_1_456' title='bbox 500 4294 613 4337; x_wconf 87' lang='lat' dir='ltr'>non</span> <span class='ocrx_word' id='word_1_457' title='bbox 642 4287 703 4335; x_wconf 87' lang='lat' dir='ltr'>ut</span> <span class='ocrx_word' id='word_1_458' title='bbox 730 4293 921 4334; x_wconf 89' lang='lat' dir='ltr'>verum</span> <span class='ocrx_word' id='word_1_459' title='bbox 951 4280 1257 4349; x_wconf 89' lang='lat' dir='ltr'>apostolum</span> <span class='ocrx_word' id='word_1_460' title='bbox 1296 4279 1753 4337; x_wconf 88' lang='lat' dir='ltr'>honoriﬁcabant.</span> 
     </span>
    </p>
   </div>
   <div class='ocr_carea' id='block_1_62' title="bbox 575 4374 2089 4450">
    <p class='ocr_par' dir='ltr' id='par_1_62' title="bbox 575 4374 2089 4450">
     <span class='ocr_line' id='line_1_62' title="bbox 575 4374 2089 4450; baseline 0.002 -16"><span class='ocrx_word' id='word_1_461' title='bbox 575 4375 755 4448; x_wconf 80' lang='lat' dir='ltr'>(Vera.</span> <span class='ocrx_word' id='word_1_462' title='bbox 780 4374 868 4442; x_wconf 79' lang='lat'>32,</span> <span class='ocrx_word' id='word_1_463' title='bbox 901 4374 1014 4446; x_wconf 89' lang='lat'>33.)</span> <span class='ocrx_word' id='word_1_464' title='bbox 1062 4400 1079 4422; x_wconf 77' lang='grc' dir='ltr'>ι</span> <span class='ocrx_word' id='word_1_465' title='bbox 1103 4376 1357 4432; x_wconf 88' lang='lat' dir='ltr'>Damasci</span> <span class='ocrx_word' id='word_1_466' title='bbox 1389 4377 1641 4449; x_wconf 90' lang='lat' dir='ltr'>princeps</span> <span class='ocrx_word' id='word_1_467' title='bbox 1671 4379 1845 4450; x_wconf 85' lang='lat' dir='ltr'>gentis</span> <span class='ocrx_word' id='word_1_468' title='bbox 1873 4381 2089 4437; x_wconf 71' lang='lat' dir='ltr'>Arethm</span> 
     </span>
    </p>
   </div>
   <div class='ocr_carea' id='block_1_63' title="bbox 499 4459 2089 4537">
    <p class='ocr_par' dir='ltr' id='par_1_63' title="bbox 499 4459 2089 4537">
     <span class='ocr_line' id='line_1_63' title="bbox 499 4459 2089 4537; baseline 0.003 -15"><span class='ocrx_word' id='word_1_469' title='bbox 499 4463 643 4537; x_wconf 85' lang='lat' dir='ltr'>regis</span> <span class='ocrx_word' id='word_1_470' title='bbox 689 4460 1027 4520; x_wconf 85' lang='lat' dir='ltr'>custodiebat</span> <span class='ocrx_word' id='word_1_471' title='bbox 1063 4459 1342 4518; x_wconf 87' lang='lat' dir='ltr'>civitatem</span> <span class='ocrx_word' id='word_1_472' title='bbox 1389 4465 1870 4537; x_wconf 88' lang='lat' dir='ltr'>Damascenorum,</span> <span class='ocrx_word' id='word_1_473' title='bbox 1911 4477 1972 4525; x_wconf 89' lang='lat' dir='ltr'>ut</span> <span class='ocrx_word' id='word_1_474' title='bbox 2005 4488 2089 4527; x_wconf 89' lang='lat' dir='ltr'>me</span> 
     </span>
    </p>
   </div>
   <div class='ocr_carea' id='block_1_64' title="bbox 501 4550 2088 4629">
    <p class='ocr_par' dir='ltr' id='par_1_64' title="bbox 501 4550 2088 4629">
     <span class='ocr_line' id='line_1_64' title="bbox 501 4550 2088 4629; baseline 0.005 -20"><span class='ocrx_word' id='word_1_475' title='bbox 501 4551 988 4626; x_wconf 89' lang='lat' dir='ltr'>comprehenderet</span> <span class='ocrx_word' id='word_1_476' title='bbox 1024 4568 1035 4605; x_wconf 93' lang='lat'>:</span> <span class='ocrx_word' id='word_1_477' title='bbox 1079 4556 1133 4605; x_wconf 89' lang='lat' dir='ltr'>et</span> <span class='ocrx_word' id='word_1_478' title='bbox 1181 4567 1276 4623; x_wconf 91' lang='lat' dir='ltr'>per</span> <span class='ocrx_word' id='word_1_479' title='bbox 1320 4550 1614 4608; x_wconf 87' lang='lat' dir='ltr'>fenestram</span> <span class='ocrx_word' id='word_1_480' title='bbox 1658 4553 1715 4608; x_wconf 91' lang='lat' dir='ltr'>in</span> <span class='ocrx_word' id='word_1_481' title='bbox 1768 4566 1947 4629; x_wconf 87' lang='lat' dir='ltr'>sporta</span> <span class='ocrx_word' id='word_1_482' title='bbox 1985 4558 2088 4617; x_wconf 91' lang='lat' dir='ltr'>de-</span> 
     </span>
    </p>
   </div>
   <div class='ocr_carea' id='block_1_65' title="bbox 501 4640 1949 4716">
    <p class='ocr_par' dir='ltr' id='par_1_65' title="bbox 501 4640 1949 4716">
     <span class='ocr_line' id='line_1_65' title="bbox 501 4640 1949 4716; baseline -0.003 -17"><span class='ocrx_word' id='word_1_483' title='bbox 501 4642 699 4699; x_wconf 89' lang='lat' dir='ltr'>missus</span> <span class='ocrx_word' id='word_1_484' title='bbox 719 4656 839 4697; x_wconf 91' lang='lat' dir='ltr'>sum</span> <span class='ocrx_word' id='word_1_485' title='bbox 872 4656 968 4712; x_wconf 92' lang='lat' dir='ltr'>per</span> <span class='ocrx_word' id='word_1_486' title='bbox 998 4655 1240 4708; x_wconf 90' lang='lat' dir='ltr'>murum,</span> <span class='ocrx_word' id='word_1_487' title='bbox 1272 4647 1325 4696; x_wconf 90' lang='lat' dir='ltr'>et</span> <span class='ocrx_word' id='word_1_488' title='bbox 1351 4640 1515 4712; x_wconf 81' lang='lat' dir='ltr'>eﬁ‘ugi</span> <span class='ocrx_word' id='word_1_489' title='bbox 1545 4657 1739 4700; x_wconf 91' lang='lat' dir='ltr'>manus</span> <span class='ocrx_word' id='word_1_490' title='bbox 1772 4643 1905 4716; x_wconf 86' lang='lat' dir='ltr'>ejus.</span> <span class='ocrx_word' id='word_1_491' title='bbox 1931 4671 1949 4695; x_wconf 61' lang='grc' dir='ltr'><strong>ν</strong></span> 
     </span>
    </p>
   </div>
   <div class='ocr_carea' id='block_1_66' title="bbox 1113 4783 1494 4843">
    <p class='ocr_par' dir='ltr' id='par_1_66' title="bbox 1113 4783 1494 4843">
     <span class='ocr_line' id='line_1_66' title="bbox 1113 4783 1494 4843; baseline 0.005 -2"><span class='ocrx_word' id='word_1_492' title='bbox 1113 4783 1341 4843; x_wconf 85' lang='lat' dir='ltr'>CAPUT</span> <span class='ocrx_word' id='word_1_493' title='bbox 1370 4785 1494 4843; x_wconf 83' lang='lat' dir='ltr'>XII.</span> 
     </span>
    </p>
   </div>
   <div class='ocr_carea' id='block_1_67' title="bbox 573 4906 2087 4992">
    <p class='ocr_par' dir='ltr' id='par_1_67' title="bbox 573 4906 2087 4992">
     <span class='ocr_line' id='line_1_67' title="bbox 573 4906 2087 4992; baseline 0.005 -24"><span class='ocrx_word' id='word_1_494' title='bbox 573 4909 753 4985; x_wconf 85' lang='lat' dir='ltr'>(Vers.</span> <span class='ocrx_word' id='word_1_495' title='bbox 803 4908 883 4983; x_wconf 83' lang='grc'>1.)</span> <span class='ocrx_word' id='word_1_496' title='bbox 938 4906 1043 4967; x_wconf 75' lang='grc' dir='ltr'>«εἰ</span> <span class='ocrx_word' id='word_1_497' title='bbox 1092 4907 1313 4983; x_wconf 88' lang='lat' dir='ltr'>gloriari</span> <span class='ocrx_word' id='word_1_498' title='bbox 1362 4920 1593 4984; x_wconf 84' lang='lat' dir='ltr'>oportet,</span> <span class='ocrx_word' id='word_1_499' title='bbox 1652 4914 1747 4970; x_wconf 89' lang='lat' dir='ltr'>sed</span> <span class='ocrx_word' id='word_1_500' title='bbox 1801 4931 1910 4972; x_wconf 91' lang='lat' dir='ltr'>non</span> <span class='ocrx_word' id='word_1_501' title='bbox 1953 4935 2087 4992; x_wconf 89' lang='lat' dir='ltr'>opus</span> 
     </span>
    </p>
   </div>
   <div class='ocr_carea' id='block_1_68' title="bbox 499 4994 2087 5077">
    <p class='ocr_par' dir='ltr' id='par_1_68' title="bbox 499 4994 2087 5077">
     <span class='ocr_line' id='line_1_68' title="bbox 499 4994 2087 5077; baseline 0.004 -19"><span class='ocrx_word' id='word_1_502' title='bbox 499 5009 581 5058; x_wconf 86' lang='lat' dir='ltr'>est</span> <span class='ocrx_word' id='word_1_503' title='bbox 611 5002 749 5059; x_wconf 88' lang='lat' dir='ltr'>mihi</span> <span class='ocrx_word' id='word_1_504' title='bbox 782 5000 922 5076; x_wconf 88' lang='lat'>(17).</span> <span class='ocrx_word' id='word_1_505' title='bbox 954 5026 973 5051; x_wconf 73' lang='grc' dir='ltr'><strong>ι</strong></span> <span class='ocrx_word' id='word_1_506' title='bbox 1015 4999 1274 5077; x_wconf 89' lang='lat' dir='ltr'>Princeps</span> <span class='ocrx_word' id='word_1_507' title='bbox 1327 5003 1578 5061; x_wconf 89' lang='lat' dir='ltr'>Damasci</span> <span class='ocrx_word' id='word_1_508' title='bbox 1628 4994 1819 5063; x_wconf 85' lang='lat' dir='ltr'>videns</span> <span class='ocrx_word' id='word_1_509' title='bbox 1874 5008 2087 5065; x_wconf 72' lang='lat' dir='ltr'>Judeeos</span> 
     </span>
    </p>
   </div>
   <div class='ocr_carea' id='block_1_69' title="bbox 576 5141 2086 5270">
    <p class='ocr_par' dir='ltr' id='par_1_69' title="bbox 576 5141 2086 5270">
     <span class='ocr_line' id='line_1_69' title="bbox 576 5141 2086 5218; baseline 0.003 -18"><span class='ocrx_word' id='word_1_510' title='bbox 576 5144 692 5216; x_wconf 83' lang='lat'>(15)</span> <span class='ocrx_word' id='word_1_511' title='bbox 730 5142 951 5199; x_wconf 88' lang='lat' dir='ltr'>Amerb.</span> <span class='ocrx_word' id='word_1_512' title='bbox 1009 5141 1141 5198; x_wconf 88' lang='lat' dir='ltr'>edit.</span> <span class='ocrx_word' id='word_1_513' title='bbox 1193 5159 1318 5199; x_wconf 91' lang='lat' dir='ltr'>cum</span> <span class='ocrx_word' id='word_1_514' title='bbox 1367 5161 1495 5202; x_wconf 91' lang='lat' dir='ltr'>mss.</span> <span class='ocrx_word' id='word_1_515' title='bbox 1548 5146 1776 5218; x_wconf 88' lang='lat' dir='ltr'>aliquot,</span> <span class='ocrx_word' id='word_1_516' title='bbox 1808 5149 2086 5205; x_wconf 84' lang='lat' dir='ltr'>secundum</span> 
     </span>
     <span class='ocr_line' id='line_1_70' title="bbox 576 5215 883 5270; baseline 0 -1"><span class='ocrx_word' id='word_1_517' title='bbox 576 5217 640 5269; x_wconf 84' lang='lat' dir='ltr'>od</span> <span class='ocrx_word' id='word_1_518' title='bbox 669 5215 883 5270; x_wconf 75' lang='lat' dir='ltr'>claruit.</span> 
     </span>
    </p>
   </div>
   <div class='ocr_carea' id='block_1_70' title="bbox 536 5231 883 5271">
    <p class='ocr_par' dir='ltr' id='par_1_70' title="bbox 536 5231 883 5271">
     <span class='ocr_line' id='line_1_71' title="bbox 536 5231 883 5271; baseline -0.003 -1"><span class='ocrx_word' id='word_1_519' title='bbox 536 5231 640 5271; x_wconf 72' lang='lat' dir='ltr'>una</span> <span class='ocrx_word' id='word_1_520' title='bbox 669 5231 883 5270; x_wconf 81' lang='lat' dir='ltr'>ctarmt.</span> 
     </span>
    </p>
   </div>
   <div class='ocr_carea' id='block_1_71' title="bbox 500 5232 2086 5362">
    <p class='ocr_par' dir='ltr' id='par_1_71' title="bbox 500 5232 2086 5362">
     <span class='ocr_line' id='line_1_72' title="bbox 500 5232 883 5286; baseline -0.003 -16"><span class='ocrx_word' id='word_1_521' title='bbox 500 5232 640 5286; x_wconf 78' lang='lat' dir='ltr'>quoa</span> <span class='ocrx_word' id='word_1_522' title='bbox 669 5232 883 5270; x_wconf 76' lang='lat' dir='ltr'>ctaruu.</span> 
     </span>
     <span class='ocr_line' id='line_1_73' title="bbox 569 5283 2086 5362; baseline 0.002 -19"><span class='ocrx_word' id='word_1_523' title='bbox 569 5284 875 5362; x_wconf 42' lang='lat' dir='ltr'>(16)‘Cod_.</span> <span class='ocrx_word' id='word_1_524' title='bbox 925 5283 1121 5362; x_wconf 41' lang='lat' dir='ltr'>baud”</span> <span class='ocrx_word' id='word_1_525' title='bbox 1156 5299 1260 5353; x_wconf 82' lang='lat' dir='ltr'>pro</span> <span class='ocrx_word' id='word_1_526' title='bbox 1303 5287 1476 5362; x_wconf 55' lang='lat' dir='ltr'>salute</span> <span class='ocrx_word' id='word_1_527' title='bbox 1514 5289 1754 5362; x_wconf 75' lang='lat' dir='ltr'>_1_nundi;</span> <span class='ocrx_word' id='word_1_528' title='bbox 1790 5290 1957 5359; x_wconf 79' lang='lat' dir='ltr'>Vall.,</span> <span class='ocrx_word' id='word_1_529' title='bbox 1983 5309 2086 5362; x_wconf 84' lang='lat' dir='ltr'>pro</span> 
     </span>
    </p>
   </div>
   <div class='ocr_carea' id='block_1_72' title="bbox 502 5354 2083 5434">
    <p class='ocr_par' dir='ltr' id='par_1_72' title="bbox 502 5354 2083 5434">
     <span class='ocr_line' id='line_1_74' title="bbox 502 5354 2083 5434; baseline 0.004 -22"><span class='ocrx_word' id='word_1_530' title='bbox 502 5354 679 5412; x_wconf 67' lang='lat' dir='ltr'>salute</span> <span class='ocrx_word' id='word_1_531' title='bbox 697 5354 909 5434; x_wconf 66' lang='lat' dir='ltr'>fratris.</span> <span class='ocrx_word' id='word_1_532' title='bbox 931 5354 1081 5410; x_wconf 89' lang='lat' dir='ltr'>Idem</span> <span class='ocrx_word' id='word_1_533' title='bbox 1110 5369 1242 5434; x_wconf 80' lang='lat' dir='ltr'>vero</span> <span class='ocrx_word' id='word_1_534' title='bbox 1272 5355 1394 5434; x_wconf 52' lang='lat' dir='ltr'>cod:</span> <span class='ocrx_word' id='word_1_535' title='bbox 1428 5357 1573 5434; x_wconf 82' lang='lat' dir='ltr'>Vall.</span> <span class='ocrx_word' id='word_1_536' title='bbox 1599 5367 1907 5434; x_wconf 78' lang='lat' dir='ltr'>postpauca</span> <span class='ocrx_word' id='word_1_537' title='bbox 1938 5354 2083 5434; x_wconf 69' lang='lat' dir='ltr'>legit,</span> 
     </span>
    </p>
   </div>
   <div class='ocr_carea' id='block_1_73' title="bbox 501 5425 2089 5500">
    <p class='ocr_par' dir='ltr' id='par_1_73' title="bbox 501 5425 2089 5500">
     <span class='ocr_line' id='line_1_75' title="bbox 501 5425 2089 5500; baseline 0.006 -20"><span class='ocrx_word' id='word_1_538' title='bbox 501 5442 607 5500; x_wconf 67' lang='lat' dir='ltr'>qua</span> <span class='ocrx_word' id='word_1_539' title='bbox 638 5425 711 5482; x_wconf 81' lang='lat' dir='ltr'>est</span> <span class='ocrx_word' id='word_1_540' title='bbox 736 5428 954 5500; x_wconf 72' lang='lat' dir='ltr'>quisque</span> <span class='ocrx_word' id='word_1_541' title='bbox 986 5444 1052 5500; x_wconf 70' lang='lat' dir='ltr'>ea:</span> <span class='ocrx_word' id='word_1_542' title='bbox 1094 5425 1285 5479; x_wconf 74' lang='lat' dir='ltr'>semine</span> <span class='ocrx_word' id='word_1_543' title='bbox 1324 5425 1557 5483; x_wconf 62' lang='lat' dir='ltr'>Abrahae</span> <span class='ocrx_word' id='word_1_544' title='bbox 1574 5425 1616 5494; x_wconf 45' lang='lat'>,5</span> <span class='ocrx_word' id='word_1_545' title='bbox 1644 5425 1757 5484; x_wconf 45' lang='lat' dir='ltr'>ubi.</span> <span class='ocrx_word' id='word_1_546' title='bbox 1792 5425 2015 5500; x_wconf 54' lang='lat' dir='ltr'>caeteri:</span> <span class='ocrx_word' id='word_1_547' title='bbox 2036 5425 2089 5489; x_wconf 81' lang='lat' dir='ltr'>et</span> 
     </span>
    </p>
   </div>
   <div class='ocr_carea' id='block_1_74' title="bbox 504 5496 1757 5567">
    <p class='ocr_par' dir='ltr' id='par_1_74' title="bbox 504 5496 1757 5567">
     <span class='ocr_line' id='line_1_76' title="bbox 504 5496 1757 5567; baseline -0.002 -15"><span class='ocrx_word' id='word_1_548' title='bbox 504 5496 662 5562; x_wconf 68' lang='lat' dir='ltr'>edit,</span> <span class='ocrx_word' id='word_1_549' title='bbox 696 5496 824 5567; x_wconf 79' lang='lat' dir='ltr'>quia</span> <span class='ocrx_word' id='word_1_550' title='bbox 847 5503 920 5551; x_wconf 78' lang='lat' dir='ltr'>est</span> <span class='ocrx_word' id='word_1_551' title='bbox 946 5496 1086 5565; x_wconf 75' lang='lat' dir='ltr'>quis,</span> <span class='ocrx_word' id='word_1_552' title='bbox 1118 5502 1220 5552; x_wconf 81' lang='lat' dir='ltr'>etc.</span> <span class='ocrx_word' id='word_1_553' title='bbox 1752 5544 1757 5549; x_wconf 92' lang='lat'>.</span> 
     </span>
    </p>
   </div>
   <div class='ocr_carea' id='block_1_75' title="bbox 578 5567 2084 5641">
    <p class='ocr_par' dir='ltr' id='par_1_75' title="bbox 578 5567 2084 5641">
     <span class='ocr_line' id='line_1_77' title="bbox 578 5567 2084 5641; baseline 0.005 -21"><span class='ocrx_word' id='word_1_554' title='bbox 578 5568 805 5641; x_wconf 85' lang='lat' dir='ltr'>(17)__1ta</span> <span class='ocrx_word' id='word_1_555' title='bbox 833 5567 1015 5635; x_wconf 80' lang='lat' dir='ltr'>plures</span> <span class='ocrx_word' id='word_1_556' title='bbox 1061 5582 1133 5641; x_wconf 88' lang='lat' dir='ltr'>ac_</span> <span class='ocrx_word' id='word_1_557' title='bbox 1170 5567 1407 5641; x_wconf 80' lang='lat' dir='ltr'>potiores</span> <span class='ocrx_word' id='word_1_558' title='bbox 1436 5584 1630 5641; x_wconf 87' lang='lat' dir='ltr'>mss._a</span> <span class='ocrx_word' id='word_1_559' title='bbox 1672 5571 1869 5641; x_wconf 81' lang='lat' dir='ltr'>quibus</span> <span class='ocrx_word' id='word_1_560' title='bbox 1909 5574 2001 5628; x_wconf 84' lang='lat' dir='ltr'>alii</span> <span class='ocrx_word' id='word_1_561' title='bbox 2033 5582 2084 5629; x_wconf 88' lang='lat' dir='ltr'>et</span> 
     </span>
    </p>
   </div>
   <div class='ocr_carea' id='block_1_76' title="bbox 504 5636 2089 5711">
    <p class='ocr_par' dir='ltr' id='par_1_76' title="bbox 504 5636 2089 5711">
     <span class='ocr_line' id='line_1_78' title="bbox 504 5636 2089 5711; baseline 0.004 -20"><span class='ocrx_word' id='word_1_562' title='bbox 504 5636 618 5693; x_wconf 87' lang='lat' dir='ltr'>vet.</span> <span class='ocrx_word' id='word_1_563' title='bbox 648 5636 779 5691; x_wconf 90' lang='lat' dir='ltr'>edit.</span> <span class='ocrx_word' id='word_1_564' title='bbox 834 5652 944 5690; x_wconf 87' lang='lat' dir='ltr'>non</span> <span class='ocrx_word' id='word_1_565' title='bbox 982 5636 1262 5705; x_wconf 84' lang='lat' dir='ltr'>recedunt,</span> <span class='ocrx_word' id='word_1_566' title='bbox 1296 5637 1401 5691; x_wconf 90' lang='lat' dir='ltr'>nisi</span> <span class='ocrx_word' id='word_1_567' title='bbox 1450 5638 1597 5711; x_wconf 87' lang='lat' dir='ltr'>quod</span> <span class='ocrx_word' id='word_1_568' title='bbox 1635 5636 1953 5710; x_wconf 70' lang='lat' dir='ltr'>prmferunt,</span> <span class='ocrx_word' id='word_1_569' title='bbox 1986 5660 2089 5697; x_wconf 83' lang='lat' dir='ltr'>non</span> 
     </span>
    </p>
   </div>
   <div class='ocr_carea' id='block_1_77' title="bbox 2116 3158 2165 3221">
    <p class='ocr_par' dir='ltr' id='par_1_77' title="bbox 2116 3158 2165 3221">
     <span class='ocr_line' id='line_1_79' title="bbox 2116 3158 2165 3221; baseline 0 0"><span class='ocrx_word' id='word_1_570' title='bbox 2116 3158 2165 3221; x_wconf 88' lang='lat' dir='ltr'>C</span> 
     </span>
    </p>
   </div>
   <div class='ocr_carea' id='block_1_78' title="bbox 2118 4512 2165 4570">
    <p class='ocr_par' dir='ltr' id='par_1_78' title="bbox 2118 4512 2165 4570">
     <span class='ocr_line' id='line_1_80' title="bbox 2118 4512 2165 4570; baseline 0 0"><span class='ocrx_word' id='word_1_571' title='bbox 2118 4512 2165 4570; x_wconf 94' lang='lat' dir='ltr'>D</span> 
     </span>
    </p>
   </div>
   <div class='ocr_carea' id='block_1_79' title="bbox 2186 1864 3776 1942">
    <p class='ocr_par' dir='ltr' id='par_1_79' title="bbox 2186 1864 3776 1942">
     <span class='ocr_line' id='line_1_81' title="bbox 2186 1864 3776 1942; baseline -0.008 -10"><span class='ocrx_word' id='word_1_572' title='bbox 2186 1874 2573 1942; x_wconf 88' lang='lat' dir='ltr'>necessarium,</span> <span class='ocrx_word' id='word_1_573' title='bbox 2606 1872 2651 1928; x_wconf 90' lang='lat' dir='ltr'>si</span> <span class='ocrx_word' id='word_1_574' title='bbox 2685 1868 2987 1927; x_wconf 88' lang='lat' dir='ltr'>humanum</span> <span class='ocrx_word' id='word_1_575' title='bbox 3030 1869 3300 1926; x_wconf 84' lang='lat' dir='ltr'>auxilium</span> <span class='ocrx_word' id='word_1_576' title='bbox 3358 1866 3579 1925; x_wconf 84' lang='lat' dir='ltr'>deﬁciat</span> <span class='ocrx_word' id='word_1_577' title='bbox 3600 1866 3629 1922; x_wconf 69' lang='lat'>‘2</span> <span class='ocrx_word' id='word_1_578' title='bbox 3656 1864 3776 1931; x_wconf 85' lang='lat' dir='ltr'>Quo</span> 
     </span>
    </p>
   </div>
   <div class='ocr_carea' id='block_1_80' title="bbox 2188 1953 3777 2032">
    <p class='ocr_par' dir='ltr' id='par_1_80' title="bbox 2188 1953 3777 2032">
     <span class='ocr_line' id='line_1_82' title="bbox 2188 1953 3777 2032; baseline -0.007 -13"><span class='ocrx_word' id='word_1_579' title='bbox 2188 1966 2331 2021; x_wconf 87' lang='lat' dir='ltr'>facto</span> <span class='ocrx_word' id='word_1_580' title='bbox 2361 1977 2471 2018; x_wconf 89' lang='lat' dir='ltr'>non</span> <span class='ocrx_word' id='word_1_581' title='bbox 2499 1960 2604 2017; x_wconf 87' lang='lat' dir='ltr'>sibi</span> <span class='ocrx_word' id='word_1_582' title='bbox 2626 1960 2762 2018; x_wconf 89' lang='lat' dir='ltr'>dicit</span> <span class='ocrx_word' id='word_1_583' title='bbox 2790 1957 3048 2032; x_wconf 88' lang='lat' dir='ltr'>expedire</span> <span class='ocrx_word' id='word_1_584' title='bbox 3078 1957 3311 2032; x_wconf 83' lang='lat' dir='ltr'>gloriari,</span> <span class='ocrx_word' id='word_1_585' title='bbox 3335 1957 3461 2028; x_wconf 87' lang='lat' dir='ltr'>quia</span> <span class='ocrx_word' id='word_1_586' title='bbox 3482 1953 3777 2026; x_wconf 81' lang='lat' dir='ltr'>praesentis</span> 
     </span>
    </p>
   </div>
   <div class='ocr_carea' id='block_1_81' title="bbox 2188 2042 3774 2123">
    <p class='ocr_par' dir='ltr' id='par_1_81' title="bbox 2188 2042 3774 2123">
     <span class='ocr_line' id='line_1_83' title="bbox 2188 2042 3774 2123; baseline -0.008 -16"><span class='ocrx_word' id='word_1_587' title='bbox 2188 2052 2317 2107; x_wconf 75' lang='lat' dir='ltr'>vitae</span> <span class='ocrx_word' id='word_1_588' title='bbox 2346 2049 2603 2123; x_wconf 82' lang='lat' dir='ltr'>gaudium</span> <span class='ocrx_word' id='word_1_589' title='bbox 2654 2047 2847 2121; x_wconf 77' lang='lat' dir='ltr'>fragile</span> <span class='ocrx_word' id='word_1_590' title='bbox 2886 2057 2997 2114; x_wconf 88' lang='lat' dir='ltr'>est;</span> <span class='ocrx_word' id='word_1_591' title='bbox 3034 2046 3081 2103; x_wconf 89' lang='lat' dir='ltr'>si</span> <span class='ocrx_word' id='word_1_592' title='bbox 3129 2045 3269 2102; x_wconf 89' lang='lat' dir='ltr'>enim</span> <span class='ocrx_word' id='word_1_593' title='bbox 3320 2057 3430 2099; x_wconf 89' lang='lat' dir='ltr'>non</span> <span class='ocrx_word' id='word_1_594' title='bbox 3485 2042 3774 2107; x_wconf 82' lang='lat' dir='ltr'>evasisset,</span> 
     </span>
    </p>
   </div>
   <div class='ocr_carea' id='block_1_82' title="bbox 2190 2132 3777 2212">
    <p class='ocr_par' dir='ltr' id='par_1_82' title="bbox 2190 2132 3777 2212">
     <span class='ocr_line' id='line_1_84' title="bbox 2190 2132 3777 2212; baseline -0.008 -15"><span class='ocrx_word' id='word_1_595' title='bbox 2190 2141 2516 2212; x_wconf 85' lang='lat' dir='ltr'>martyrium</span> <span class='ocrx_word' id='word_1_596' title='bbox 2560 2139 2779 2196; x_wconf 83' lang='lat' dir='ltr'>fecerat.</span> <span class='ocrx_word' id='word_1_597' title='bbox 2811 2136 2917 2195; x_wconf 90' lang='lat' dir='ltr'>Sed</span> <span class='ocrx_word' id='word_1_598' title='bbox 2963 2136 3089 2211; x_wconf 90' lang='lat' dir='ltr'>quia</span> <span class='ocrx_word' id='word_1_599' title='bbox 3136 2133 3452 2208; x_wconf 87' lang='lat' dir='ltr'>fugiendum</span> <span class='ocrx_word' id='word_1_600' title='bbox 3494 2132 3555 2188; x_wconf 90' lang='lat' dir='ltr'>in</span> <span class='ocrx_word' id='word_1_601' title='bbox 3587 2144 3777 2203; x_wconf 89' lang='lat' dir='ltr'>perse-</span> 
     </span>
    </p>
   </div>
   <div class='ocr_carea' id='block_1_83' title="bbox 2190 2221 3777 2299">
    <p class='ocr_par' dir='ltr' id='par_1_83' title="bbox 2190 2221 3777 2299">
     <span class='ocr_line' id='line_1_85' title="bbox 2190 2221 3777 2299; baseline -0.01 -9"><span class='ocrx_word' id='word_1_602' title='bbox 2190 2232 2410 2290; x_wconf 89' lang='lat' dir='ltr'>cutione</span> <span class='ocrx_word' id='word_1_603' title='bbox 2462 2229 2778 2286; x_wconf 87' lang='lat' dir='ltr'>mandatum</span> <span class='ocrx_word' id='word_1_604' title='bbox 2836 2234 2917 2283; x_wconf 90' lang='lat' dir='ltr'>est</span> <span class='ocrx_word' id='word_1_605' title='bbox 2960 2225 3169 2299; x_wconf 80' lang='lat' dir='ltr'>(Matth.</span> <span class='ocrx_word' id='word_1_606' title='bbox 3204 2242 3265 2294; x_wconf 86' lang='lat' dir='ltr'>x,</span> <span class='ocrx_word' id='word_1_607' title='bbox 3304 2222 3417 2295; x_wconf 82' lang='lat'>23),</span> <span class='ocrx_word' id='word_1_608' title='bbox 3447 2221 3576 2278; x_wconf 87' lang='lat' dir='ltr'>data</span> <span class='ocrx_word' id='word_1_609' title='bbox 3614 2236 3777 2294; x_wconf 88' lang='lat' dir='ltr'>opera</span> 
     </span>
    </p>
   </div>
   <div class='ocr_carea' id='block_1_84' title="bbox 2191 2311 3773 2391">
    <p class='ocr_par' dir='ltr' id='par_1_84' title="bbox 2191 2311 3773 2391">
     <span class='ocr_line' id='line_1_86' title="bbox 2191 2311 3773 2391; baseline -0.008 -15"><span class='ocrx_word' id='word_1_610' title='bbox 2191 2319 2399 2391; x_wconf 77' lang='lat' dir='ltr'>effugit,</span> <span class='ocrx_word' id='word_1_611' title='bbox 2429 2333 2529 2376; x_wconf 90' lang='lat' dir='ltr'>nec</span> <span class='ocrx_word' id='word_1_612' title='bbox 2572 2317 2719 2373; x_wconf 90' lang='lat' dir='ltr'>enim</span> <span class='ocrx_word' id='word_1_613' title='bbox 2746 2316 2906 2373; x_wconf 89' lang='lat' dir='ltr'>debet</span> <span class='ocrx_word' id='word_1_614' title='bbox 2935 2315 3133 2388; x_wconf 87' lang='lat' dir='ltr'>aliquis</span> <span class='ocrx_word' id='word_1_615' title='bbox 3180 2322 3495 2385; x_wconf 84' lang='lat' dir='ltr'>exspectare</span> <span class='ocrx_word' id='word_1_616' title='bbox 3524 2318 3585 2366; x_wconf 91' lang='lat' dir='ltr'>ut</span> <span class='ocrx_word' id='word_1_617' title='bbox 3616 2311 3673 2365; x_wconf 88' lang='lat' dir='ltr'>in</span> <span class='ocrx_word' id='word_1_618' title='bbox 3698 2323 3773 2364; x_wconf 88' lang='lat' dir='ltr'>se-</span> 
     </span>
    </p>
   </div>
   <div class='ocr_carea' id='block_1_85' title="bbox 2194 2398 3775 2482">
    <p class='ocr_par' dir='ltr' id='par_1_85' title="bbox 2194 2398 3775 2482">
     <span class='ocr_line' id='line_1_87' title="bbox 2194 2398 3775 2482; baseline -0.009 -18"><span class='ocrx_word' id='word_1_619' title='bbox 2194 2409 2484 2482; x_wconf 86' lang='lat' dir='ltr'>metipsum</span> <span class='ocrx_word' id='word_1_620' title='bbox 2544 2414 2815 2479; x_wconf 89' lang='lat' dir='ltr'>peccetur.</span> <span class='ocrx_word' id='word_1_621' title='bbox 2870 2406 3013 2476; x_wconf 90' lang='lat' dir='ltr'>Ergo</span> <span class='ocrx_word' id='word_1_622' title='bbox 3069 2401 3413 2475; x_wconf 81' lang='lat' dir='ltr'>gloriandum</span> <span class='ocrx_word' id='word_1_623' title='bbox 3461 2398 3619 2469; x_wconf 87' lang='lat' dir='ltr'>dicit,</span> <span class='ocrx_word' id='word_1_624' title='bbox 3653 2398 3775 2471; x_wconf 86' lang='lat' dir='ltr'>quia</span> 
     </span>
    </p>
   </div>
   <div class='ocr_carea' id='block_1_86' title="bbox 2193 2486 3771 2568">
    <p class='ocr_par' dir='ltr' id='par_1_86' title="bbox 2193 2486 3771 2568">
     <span class='ocr_line' id='line_1_88' title="bbox 2193 2486 3771 2568; baseline -0.009 -13"><span class='ocrx_word' id='word_1_625' title='bbox 2193 2497 2365 2555; x_wconf 86' lang='lat' dir='ltr'>evasit</span> <span class='ocrx_word' id='word_1_626' title='bbox 2391 2515 2401 2552; x_wconf 90' lang='lat'><strong>:</strong></span> <span class='ocrx_word' id='word_1_627' title='bbox 2427 2496 2521 2553; x_wconf 88' lang='lat' dir='ltr'>sed</span> <span class='ocrx_word' id='word_1_628' title='bbox 2541 2513 2651 2551; x_wconf 90' lang='lat' dir='ltr'>non</span> <span class='ocrx_word' id='word_1_629' title='bbox 2684 2493 2928 2568; x_wconf 84' lang='lat' dir='ltr'>expedit,</span> <span class='ocrx_word' id='word_1_630' title='bbox 2962 2494 3164 2566; x_wconf 87' lang='lat' dir='ltr'>inquit,</span> <span class='ocrx_word' id='word_1_631' title='bbox 3198 2498 3418 2565; x_wconf 86' lang='lat' dir='ltr'>propter</span> <span class='ocrx_word' id='word_1_632' title='bbox 3444 2486 3771 2562; x_wconf 86' lang='lat' dir='ltr'>superbiam:</span> 
     </span>
    </p>
   </div>
   <div class='ocr_carea' id='block_1_87' title="bbox 2194 2576 3777 2661">
    <p class='ocr_par' dir='ltr' id='par_1_87' title="bbox 2194 2576 3777 2661">
     <span class='ocr_line' id='line_1_89' title="bbox 2194 2576 3777 2661; baseline -0.007 -17"><span class='ocrx_word' id='word_1_633' title='bbox 2194 2590 2323 2661; x_wconf 89' lang='lat' dir='ltr'>quia</span> <span class='ocrx_word' id='word_1_634' title='bbox 2342 2586 2409 2643; x_wconf 92' lang='lat' dir='ltr'>de</span> <span class='ocrx_word' id='word_1_635' title='bbox 2438 2584 2751 2641; x_wconf 87' lang='lat' dir='ltr'>humilitate</span> <span class='ocrx_word' id='word_1_636' title='bbox 2773 2582 3122 2651; x_wconf 90' lang='lat' dir='ltr'>crescitur,et</span> <span class='ocrx_word' id='word_1_637' title='bbox 3137 2581 3409 2638; x_wconf 83' lang='lat' dir='ltr'>auxilium</span> <span class='ocrx_word' id='word_1_638' title='bbox 3430 2579 3529 2635; x_wconf 90' lang='lat' dir='ltr'>Dei</span> <span class='ocrx_word' id='word_1_639' title='bbox 3554 2576 3777 2634; x_wconf 88' lang='lat' dir='ltr'>mitibus</span> 
     </span>
    </p>
   </div>
   <div class='ocr_carea' id='block_1_88' title="bbox 2193 2670 3775 2751">
    <p class='ocr_par' dir='ltr' id='par_1_88' title="bbox 2193 2670 3775 2751">
     <span class='ocr_line' id='line_1_90' title="bbox 2193 2670 3775 2751; baseline -0.008 -19"><span class='ocrx_word' id='word_1_640' title='bbox 2193 2677 2432 2751; x_wconf 88' lang='lat' dir='ltr'>proﬁcit,</span> <span class='ocrx_word' id='word_1_641' title='bbox 2464 2691 2575 2731; x_wconf 88' lang='lat' dir='ltr'>non</span> <span class='ocrx_word' id='word_1_642' title='bbox 2622 2675 2797 2730; x_wconf 88' lang='lat' dir='ltr'>elatis.</span> <span class='ocrx_word' id='word_1_643' title='bbox 2838 2673 3104 2728; x_wconf 68' lang='lat' dir='ltr'>Praeterea</span> <span class='ocrx_word' id='word_1_644' title='bbox 3150 2670 3279 2744; x_wconf 86' lang='lat' dir='ltr'>quia</span> <span class='ocrx_word' id='word_1_645' title='bbox 3327 2670 3594 2741; x_wconf 82' lang='lat' dir='ltr'>gloriatur</span> <span class='ocrx_word' id='word_1_646' title='bbox 3643 2682 3775 2722; x_wconf 87' lang='lat' dir='ltr'>mor-</span> 
     </span>
    </p>
   </div>
   <div class='ocr_carea' id='block_1_89' title="bbox 2194 2755 3776 2834">
    <p class='ocr_par' dir='ltr' id='par_1_89' title="bbox 2194 2755 3776 2834">
     <span class='ocr_line' id='line_1_91' title="bbox 2194 2755 3776 2834; baseline -0.006 -14"><span class='ocrx_word' id='word_1_647' title='bbox 2194 2772 2303 2821; x_wconf 90' lang='lat' dir='ltr'>tem</span> <span class='ocrx_word' id='word_1_648' title='bbox 2332 2780 2388 2820; x_wconf 92' lang='lat' dir='ltr'>se</span> <span class='ocrx_word' id='word_1_649' title='bbox 2418 2763 2670 2831; x_wconf 88' lang='lat' dir='ltr'>evasisse,</span> <span class='ocrx_word' id='word_1_650' title='bbox 2705 2776 2824 2834; x_wconf 64' lang='lat' dir='ltr'>quas</span> <span class='ocrx_word' id='word_1_651' title='bbox 2854 2777 2951 2833; x_wconf 90' lang='lat' dir='ltr'>pro</span> <span class='ocrx_word' id='word_1_652' title='bbox 2977 2760 3084 2816; x_wconf 86' lang='lat' dir='ltr'>ﬁde</span> <span class='ocrx_word' id='word_1_653' title='bbox 3127 2759 3382 2826; x_wconf 84' lang='lat' dir='ltr'>infertur,</span> <span class='ocrx_word' id='word_1_654' title='bbox 3414 2759 3577 2813; x_wconf 87' lang='lat' dir='ltr'>inane</span> <span class='ocrx_word' id='word_1_655' title='bbox 3608 2755 3776 2811; x_wconf 86' lang='lat' dir='ltr'>videri</span> 
     </span>
    </p>
   </div>
   <div class='ocr_carea' id='block_1_90' title="bbox 2194 2844 3781 2925">
    <p class='ocr_par' dir='ltr' id='par_1_90' title="bbox 2194 2844 3781 2925">
     <span class='ocr_line' id='line_1_92' title="bbox 2194 2844 3781 2925; baseline -0.006 -15"><span class='ocrx_word' id='word_1_656' title='bbox 2194 2854 2463 2925; x_wconf 83' lang='lat' dir='ltr'>signiﬁcat</span> <span class='ocrx_word' id='word_1_657' title='bbox 2496 2854 2611 2925; x_wconf 89' lang='grc'>(19)</span> <span class='ocrx_word' id='word_1_658' title='bbox 2665 2850 2776 2924; x_wconf 90' lang='lat' dir='ltr'>pati</span> <span class='ocrx_word' id='word_1_659' title='bbox 2807 2867 2904 2924; x_wconf 90' lang='lat' dir='ltr'>pro</span> <span class='ocrx_word' id='word_1_660' title='bbox 2943 2849 3199 2917; x_wconf 88' lang='lat' dir='ltr'>Christo;</span> <span class='ocrx_word' id='word_1_661' title='bbox 3251 2847 3374 2904; x_wconf 90' lang='lat' dir='ltr'>ideo</span> <span class='ocrx_word' id='word_1_662' title='bbox 3404 2863 3516 2904; x_wconf 86' lang='lat' dir='ltr'>non</span> <span class='ocrx_word' id='word_1_663' title='bbox 3561 2844 3781 2918; x_wconf 86' lang='lat' dir='ltr'>expedit</span> 
     </span>
    </p>
   </div>
   <div class='ocr_carea' id='block_1_91' title="bbox 2195 2946 2437 3019">
    <p class='ocr_par' dir='ltr' id='par_1_91' title="bbox 2195 2946 2437 3019">
     <span class='ocr_line' id='line_1_93' title="bbox 2195 2946 2437 3019; baseline 0.008 -18"><span class='ocrx_word' id='word_1_664' title='bbox 2195 2946 2437 3019; x_wconf 86' lang='lat' dir='ltr'>gloriari.</span> 
     </span>
    </p>
   </div>
   <div class='ocr_carea' id='block_1_92' title="bbox 2266 3037 3782 3116">
    <p class='ocr_par' dir='ltr' id='par_1_92' title="bbox 2266 3037 3782 3116">
     <span class='ocr_line' id='line_1_94' title="bbox 2266 3037 3782 3116; baseline -0.006 -15"><span class='ocrx_word' id='word_1_665' title='bbox 2266 3044 2448 3116; x_wconf 85' lang='lat' dir='ltr'>(Vers.</span> <span class='ocrx_word' id='word_1_666' title='bbox 2482 3044 2563 3116; x_wconf 83' lang='lat'>2.)</span> <span class='ocrx_word' id='word_1_667' title='bbox 2608 3066 2629 3091; x_wconf 73' lang='grc' dir='ltr'>ι</span> <span class='ocrx_word' id='word_1_668' title='bbox 2660 3041 2889 3102; x_wconf 86' lang='lat' dir='ltr'>Veniam</span> <span class='ocrx_word' id='word_1_669' title='bbox 2912 3050 3096 3100; x_wconf 88' lang='lat' dir='ltr'>autem</span> <span class='ocrx_word' id='word_1_670' title='bbox 3130 3041 3199 3097; x_wconf 90' lang='lat' dir='ltr'>ad</span> <span class='ocrx_word' id='word_1_671' title='bbox 3226 3037 3465 3097; x_wconf 83' lang='lat' dir='ltr'>visiones</span> <span class='ocrx_word' id='word_1_672' title='bbox 3494 3047 3549 3097; x_wconf 89' lang='lat' dir='ltr'>et</span> <span class='ocrx_word' id='word_1_673' title='bbox 3578 3038 3782 3095; x_wconf 85' lang='lat' dir='ltr'>revela-</span> 
     </span>
    </p>
   </div>
   <div class='ocr_carea' id='block_1_93' title="bbox 2194 3129 3784 3203">
    <p class='ocr_par' dir='ltr' id='par_1_93' title="bbox 2194 3129 3784 3203">
     <span class='ocr_line' id='line_1_95' title="bbox 2194 3129 3784 3203; baseline -0.005 -13"><span class='ocrx_word' id='word_1_674' title='bbox 2194 3134 2372 3190; x_wconf 89' lang='lat' dir='ltr'>tiones</span> <span class='ocrx_word' id='word_1_675' title='bbox 2397 3135 2641 3191; x_wconf 89' lang='lat' dir='ltr'>Domini.</span> <span class='ocrx_word' id='word_1_676' title='bbox 2666 3158 2684 3183; x_wconf 75' lang='grc' dir='ltr'><strong><em>ι</em></strong></span> <span class='ocrx_word' id='word_1_677' title='bbox 2723 3133 2880 3189; x_wconf 89' lang='lat' dir='ltr'>Nunc</span> <span class='ocrx_word' id='word_1_678' title='bbox 2916 3141 3233 3189; x_wconf 88' lang='lat' dir='ltr'>ostensurus</span> <span class='ocrx_word' id='word_1_679' title='bbox 3270 3140 3370 3199; x_wconf 88' lang='lat' dir='ltr'>est,</span> <span class='ocrx_word' id='word_1_680' title='bbox 3399 3146 3507 3203; x_wconf 87' lang='lat' dir='ltr'>quo</span> <span class='ocrx_word' id='word_1_681' title='bbox 3536 3129 3784 3184; x_wconf 87' lang='lat' dir='ltr'>sublatus</span> 
     </span>
    </p>
   </div>
   <div class='ocr_carea' id='block_1_94' title="bbox 2195 3214 3785 3296">
    <p class='ocr_par' dir='ltr' id='par_1_94' title="bbox 2195 3214 3785 3296">
     <span class='ocr_line' id='line_1_96' title="bbox 2195 3214 3785 3296; baseline -0.008 -15"><span class='ocrx_word' id='word_1_682' title='bbox 2195 3232 2276 3281; x_wconf 88' lang='lat' dir='ltr'>est</span> <span class='ocrx_word' id='word_1_683' title='bbox 2308 3243 2319 3280; x_wconf 94' lang='lat'><em>:</em></span> <span class='ocrx_word' id='word_1_684' title='bbox 2354 3233 2416 3280; x_wconf 90' lang='lat' dir='ltr'>ut</span> <span class='ocrx_word' id='word_1_685' title='bbox 2471 3223 2700 3295; x_wconf 90' lang='lat' dir='ltr'>proinde</span> <span class='ocrx_word' id='word_1_686' title='bbox 2749 3228 2951 3296; x_wconf 88' lang='lat' dir='ltr'>quanta</span> <span class='ocrx_word' id='word_1_687' title='bbox 2998 3231 3052 3277; x_wconf 92' lang='lat' dir='ltr'>et</span> <span class='ocrx_word' id='word_1_688' title='bbox 3103 3219 3286 3294; x_wconf 87' lang='lat' dir='ltr'>qualia</span> <span class='ocrx_word' id='word_1_689' title='bbox 3342 3219 3456 3274; x_wconf 90' lang='lat' dir='ltr'>sint</span> <span class='ocrx_word' id='word_1_690' title='bbox 3503 3234 3596 3286; x_wconf 92' lang='lat' dir='ltr'>ne,</span> <span class='ocrx_word' id='word_1_691' title='bbox 3647 3214 3785 3273; x_wconf 89' lang='lat' dir='ltr'>sicut</span> 
     </span>
    </p>
   </div>
   <div class='ocr_carea' id='block_1_95' title="bbox 2196 3306 3782 3386">
    <p class='ocr_par' dir='ltr' id='par_1_95' title="bbox 2196 3306 3782 3386">
     <span class='ocr_line' id='line_1_97' title="bbox 2196 3306 3782 3386; baseline -0.004 -17"><span class='ocrx_word' id='word_1_692' title='bbox 2196 3327 2316 3386; x_wconf 83' lang='lat' dir='ltr'>quae</span> <span class='ocrx_word' id='word_1_693' title='bbox 2374 3314 2458 3370; x_wconf 93' lang='lat' dir='ltr'>illi</span> <span class='ocrx_word' id='word_1_694' title='bbox 2499 3322 2713 3370; x_wconf 88' lang='lat' dir='ltr'>ostensa</span> <span class='ocrx_word' id='word_1_695' title='bbox 2757 3320 2810 3369; x_wconf 90' lang='lat' dir='ltr'>et</span> <span class='ocrx_word' id='word_1_696' title='bbox 2860 3312 3008 3369; x_wconf 89' lang='lat' dir='ltr'>dicta</span> <span class='ocrx_word' id='word_1_697' title='bbox 3045 3317 3191 3378; x_wconf 91' lang='lat' dir='ltr'>sunt,</span> <span class='ocrx_word' id='word_1_698' title='bbox 3227 3310 3437 3383; x_wconf 90' lang='lat' dir='ltr'>possint</span> <span class='ocrx_word' id='word_1_699' title='bbox 3494 3306 3736 3379; x_wconf 74' lang='lat' dir='ltr'>intelligi</span> <span class='ocrx_word' id='word_1_700' title='bbox 3770 3326 3782 3362; x_wconf 88' lang='lat'>:</span> 
     </span>
    </p>
   </div>
   <div class='ocr_carea' id='block_1_96' title="bbox 2197 3395 3787 3475">
    <p class='ocr_par' dir='ltr' id='par_1_96' title="bbox 2197 3395 3787 3475">
     <span class='ocr_line' id='line_1_98' title="bbox 2197 3395 3787 3475; baseline -0.004 -17"><span class='ocrx_word' id='word_1_701' title='bbox 2197 3401 2523 3475; x_wconf 87' lang='lat' dir='ltr'>quibusdam</span> <span class='ocrx_word' id='word_1_702' title='bbox 2553 3404 2859 3471; x_wconf 86' lang='lat' dir='ltr'>videbatur,</span> <span class='ocrx_word' id='word_1_703' title='bbox 2907 3402 3088 3457; x_wconf 88' lang='lat' dir='ltr'>minor</span> <span class='ocrx_word' id='word_1_704' title='bbox 3144 3398 3353 3456; x_wconf 74' lang='lat' dir='ltr'>caeteris</span> <span class='ocrx_word' id='word_1_705' title='bbox 3382 3395 3651 3470; x_wconf 84' lang='lat' dir='ltr'>apostolis</span> <span class='ocrx_word' id='word_1_706' title='bbox 3678 3410 3787 3453; x_wconf 85' lang='lat' dir='ltr'>cre-</span> 
     </span>
    </p>
   </div>
   <div class='ocr_carea' id='block_1_97' title="bbox 2196 3484 3789 3566">
    <p class='ocr_par' dir='ltr' id='par_1_97' title="bbox 2196 3484 3789 3566">
     <span class='ocr_line' id='line_1_99' title="bbox 2196 3484 3789 3566; baseline -0.003 -21"><span class='ocrx_word' id='word_1_707' title='bbox 2196 3487 2437 3547; x_wconf 89' lang='lat' dir='ltr'>deretur.</span> <span class='ocrx_word' id='word_1_708' title='bbox 2500 3517 2516 3539; x_wconf 77' lang='grc' dir='ltr'>ι</span> <span class='ocrx_word' id='word_1_709' title='bbox 2545 3492 2688 3561; x_wconf 83' lang='lat' dir='ltr'>Scio,</span> <span class='ocrx_word' id='word_1_710' title='bbox 2722 3491 2922 3566; x_wconf 89' lang='lat' dir='ltr'>inquit,</span> <span class='ocrx_word' id='word_1_711' title='bbox 2975 3490 3257 3545; x_wconf 89' lang='lat' dir='ltr'>hominem</span> <span class='ocrx_word' id='word_1_712' title='bbox 3303 3484 3360 3542; x_wconf 90' lang='lat' dir='ltr'>in</span> <span class='ocrx_word' id='word_1_713' title='bbox 3392 3484 3617 3543; x_wconf 87' lang='lat' dir='ltr'>Christo</span> <span class='ocrx_word' id='word_1_714' title='bbox 3662 3494 3789 3541; x_wconf 87' lang='lat' dir='ltr'>ante</span> 
     </span>
    </p>
   </div>
   <div class='ocr_carea' id='block_1_98' title="bbox 2196 3575 3790 3652">
    <p class='ocr_par' dir='ltr' id='par_1_98' title="bbox 2196 3575 3790 3652">
     <span class='ocr_line' id='line_1_100' title="bbox 2196 3575 3790 3652; baseline -0.003 -19"><span class='ocrx_word' id='word_1_715' title='bbox 2196 3592 2367 3635; x_wconf 86' lang='lat' dir='ltr'>annos</span> <span class='ocrx_word' id='word_1_716' title='bbox 2401 3578 2834 3652; x_wconf 87' lang='lat' dir='ltr'>quatuordecim,</span> <span class='ocrx_word' id='word_1_717' title='bbox 2875 3576 2991 3635; x_wconf 89' lang='lat' dir='ltr'>sive</span> <span class='ocrx_word' id='word_1_718' title='bbox 3038 3576 3094 3633; x_wconf 93' lang='lat' dir='ltr'>in</span> <span class='ocrx_word' id='word_1_719' title='bbox 3144 3591 3389 3649; x_wconf 89' lang='lat' dir='ltr'>corpore,</span> <span class='ocrx_word' id='word_1_720' title='bbox 3423 3575 3645 3641; x_wconf 89' lang='lat' dir='ltr'>nescio;</span> <span class='ocrx_word' id='word_1_721' title='bbox 3673 3575 3790 3629; x_wconf 86' lang='lat' dir='ltr'>sive</span> 
     </span>
    </p>
   </div>
   <div class='ocr_carea' id='block_1_99' title="bbox 2196 3662 3789 3740">
    <p class='ocr_par' dir='ltr' id='par_1_99' title="bbox 2196 3662 3789 3740">
     <span class='ocr_line' id='line_1_101' title="bbox 2196 3662 3789 3740; baseline -0.004 -15"><span class='ocrx_word' id='word_1_722' title='bbox 2196 3677 2352 3725; x_wconf 89' lang='lat' dir='ltr'>extra</span> <span class='ocrx_word' id='word_1_723' title='bbox 2377 3684 2594 3740; x_wconf 87' lang='lat' dir='ltr'>corpus,</span> <span class='ocrx_word' id='word_1_724' title='bbox 2629 3668 2834 3737; x_wconf 89' lang='lat' dir='ltr'>nescio,</span> <span class='ocrx_word' id='word_1_725' title='bbox 2868 3670 3009 3723; x_wconf 89' lang='lat' dir='ltr'>Deus</span> <span class='ocrx_word' id='word_1_726' title='bbox 3059 3668 3181 3735; x_wconf 87' lang='lat' dir='ltr'>scit,</span> <span class='ocrx_word' id='word_1_727' title='bbox 3214 3674 3428 3739; x_wconf 86' lang='lat' dir='ltr'>raptum</span> <span class='ocrx_word' id='word_1_728' title='bbox 3467 3662 3789 3736; x_wconf 87' lang='lat' dir='ltr'>hujusmodi</span> 
     </span>
    </p>
   </div>
   <div class='ocr_carea' id='block_1_100' title="bbox 2196 3754 3788 3831">
    <p class='ocr_par' dir='ltr' id='par_1_100' title="bbox 2196 3754 3788 3831">
     <span class='ocr_line' id='line_1_102' title="bbox 2196 3754 3788 3831; baseline -0.004 -16"><span class='ocrx_word' id='word_1_729' title='bbox 2196 3774 2367 3831; x_wconf 87' lang='lat' dir='ltr'>usque</span> <span class='ocrx_word' id='word_1_730' title='bbox 2395 3758 2462 3813; x_wconf 90' lang='lat' dir='ltr'>ad</span> <span class='ocrx_word' id='word_1_731' title='bbox 2494 3758 2715 3813; x_wconf 87' lang='lat' dir='ltr'>tertium</span> <span class='ocrx_word' id='word_1_732' title='bbox 2763 3756 2982 3813; x_wconf 76' lang='lat' dir='ltr'>cmlum.</span> <span class='ocrx_word' id='word_1_733' title='bbox 3016 3783 3034 3805; x_wconf 77' lang='grc' dir='ltr'><strong>ι</strong></span> <span class='ocrx_word' id='word_1_734' title='bbox 3080 3756 3383 3827; x_wconf 88' lang='lat' dir='ltr'>Utrumque</span> <span class='ocrx_word' id='word_1_735' title='bbox 3411 3754 3788 3818; x_wconf 84' lang='lat' dir='ltr'>conﬁrmavit,</span> 
     </span>
    </p>
   </div>
   <div class='ocr_carea' id='block_1_101' title="bbox 2198 3839 3790 3920">
    <p class='ocr_par' dir='ltr' id='par_1_101' title="bbox 2198 3839 3790 3920">
     <span class='ocr_line' id='line_1_103' title="bbox 2198 3839 3790 3920; baseline -0.003 -19"><span class='ocrx_word' id='word_1_736' title='bbox 2198 3846 2325 3920; x_wconf 87' lang='lat' dir='ltr'>quia</span> <span class='ocrx_word' id='word_1_737' title='bbox 2355 3853 2647 3917; x_wconf 83' lang='lat' dir='ltr'>utrumque</span> <span class='ocrx_word' id='word_1_738' title='bbox 2677 3861 2830 3917; x_wconf 88' lang='lat' dir='ltr'>posse</span> <span class='ocrx_word' id='word_1_739' title='bbox 2861 3844 2977 3900; x_wconf 87' lang='lat' dir='ltr'>ﬁeri</span> <span class='ocrx_word' id='word_1_740' title='bbox 3023 3860 3132 3900; x_wconf 91' lang='lat' dir='ltr'>non</span> <span class='ocrx_word' id='word_1_741' title='bbox 3178 3842 3398 3915; x_wconf 82' lang='lat' dir='ltr'>negavit</span> <span class='ocrx_word' id='word_1_742' title='bbox 3438 3861 3449 3898; x_wconf 88' lang='lat'><strong>:</strong></span> <span class='ocrx_word' id='word_1_743' title='bbox 3481 3850 3544 3898; x_wconf 89' lang='lat' dir='ltr'>ut</span> <span class='ocrx_word' id='word_1_744' title='bbox 3587 3847 3643 3897; x_wconf 88' lang='lat' dir='ltr'>et</span> <span class='ocrx_word' id='word_1_745' title='bbox 3669 3839 3790 3898; x_wconf 87' lang='lat' dir='ltr'>sine</span> 
     </span>
    </p>
   </div>
   <div class='ocr_carea' id='block_1_102' title="bbox 2199 3929 3790 4008">
    <p class='ocr_par' dir='ltr' id='par_1_102' title="bbox 2199 3929 3790 4008">
     <span class='ocr_line' id='line_1_104' title="bbox 2199 3929 3790 4008; baseline -0.005 -15"><span class='ocrx_word' id='word_1_746' title='bbox 2199 3952 2423 4008; x_wconf 90' lang='lat' dir='ltr'>corpore</span> <span class='ocrx_word' id='word_1_747' title='bbox 2460 3934 2574 4006; x_wconf 90' lang='lat' dir='ltr'>rapi</span> <span class='ocrx_word' id='word_1_748' title='bbox 2617 3933 2903 4005; x_wconf 86' lang='lat' dir='ltr'>potuisset,</span> <span class='ocrx_word' id='word_1_749' title='bbox 2938 3941 2991 3988; x_wconf 92' lang='lat' dir='ltr'>et</span> <span class='ocrx_word' id='word_1_750' title='bbox 3019 3930 3075 3987; x_wconf 92' lang='lat' dir='ltr'>in</span> <span class='ocrx_word' id='word_1_751' title='bbox 3105 3947 3348 4003; x_wconf 86' lang='lat' dir='ltr'>corpore.</span> <span class='ocrx_word' id='word_1_752' title='bbox 3389 3931 3462 3987; x_wconf 89' lang='lat' dir='ltr'>Et</span> <span class='ocrx_word' id='word_1_753' title='bbox 3492 3929 3635 3987; x_wconf 87' lang='lat' dir='ltr'>forte</span> <span class='ocrx_word' id='word_1_754' title='bbox 3669 3930 3790 4003; x_wconf 80' lang='lat' dir='ltr'>qui-</span> 
     </span>
    </p>
   </div>
   <div class='ocr_carea' id='block_1_103' title="bbox 2196 4018 3789 4093">
    <p class='ocr_par' dir='ltr' id='par_1_103' title="bbox 2196 4018 3789 4093">
     <span class='ocr_line' id='line_1_105' title="bbox 2196 4018 3789 4093; baseline -0.005 -13"><span class='ocrx_word' id='word_1_755' title='bbox 2196 4023 2423 4081; x_wconf 84' lang='lat' dir='ltr'>busdam</span> <span class='ocrx_word' id='word_1_756' title='bbox 2457 4022 2709 4079; x_wconf 89' lang='lat' dir='ltr'>videatur</span> <span class='ocrx_word' id='word_1_757' title='bbox 2746 4037 2858 4077; x_wconf 90' lang='lat' dir='ltr'>non</span> <span class='ocrx_word' id='word_1_758' title='bbox 2898 4036 3155 4093; x_wconf 82' lang='lat' dir='ltr'>magnum</span> <span class='ocrx_word' id='word_1_759' title='bbox 3196 4034 3332 4088; x_wconf 87' lang='lat' dir='ltr'>esse,</span> <span class='ocrx_word' id='word_1_760' title='bbox 3363 4018 3411 4074; x_wconf 90' lang='lat' dir='ltr'>si</span> <span class='ocrx_word' id='word_1_761' title='bbox 3439 4018 3607 4074; x_wconf 86' lang='lat' dir='ltr'>homo</span> <span class='ocrx_word' id='word_1_762' title='bbox 3632 4018 3789 4075; x_wconf 87' lang='lat' dir='ltr'>Chri-</span> 
     </span>
    </p>
   </div>
   <div class='ocr_carea' id='block_1_104' title="bbox 2199 4106 3786 4183">
    <p class='ocr_par' dir='ltr' id='par_1_104' title="bbox 2199 4106 3786 4183">
     <span class='ocr_line' id='line_1_106' title="bbox 2199 4106 3786 4183; baseline -0.004 -15"><span class='ocrx_word' id='word_1_763' title='bbox 2199 4113 2268 4169; x_wconf 91' lang='lat' dir='ltr'>sti</span> <span class='ocrx_word' id='word_1_764' title='bbox 2315 4119 2502 4183; x_wconf 89' lang='lat' dir='ltr'>raptus</span> <span class='ocrx_word' id='word_1_765' title='bbox 2544 4118 2623 4166; x_wconf 88' lang='lat' dir='ltr'>est</span> <span class='ocrx_word' id='word_1_766' title='bbox 2671 4125 2840 4183; x_wconf 88' lang='lat' dir='ltr'>usque</span> <span class='ocrx_word' id='word_1_767' title='bbox 2871 4110 2937 4166; x_wconf 89' lang='lat' dir='ltr'>ad</span> <span class='ocrx_word' id='word_1_768' title='bbox 2990 4109 3213 4165; x_wconf 87' lang='lat' dir='ltr'>tertium</span> <span class='ocrx_word' id='word_1_769' title='bbox 3263 4107 3501 4174; x_wconf 70' lang='lat' dir='ltr'>omium;</span> <span class='ocrx_word' id='word_1_770' title='bbox 3560 4123 3686 4163; x_wconf 88' lang='lat' dir='ltr'>cum</span> <span class='ocrx_word' id='word_1_771' title='bbox 3730 4106 3786 4162; x_wconf 90' lang='lat' dir='ltr'>in</span> 
     </span>
    </p>
   </div>
   <div class='ocr_carea' id='block_1_105' title="bbox 2197 4194 3789 4272">
    <p class='ocr_par' dir='ltr' id='par_1_105' title="bbox 2197 4194 3789 4272">
     <span class='ocr_line' id='line_1_107' title="bbox 2197 4194 3789 4272; baseline -0.006 -13"><span class='ocrx_word' id='word_1_772' title='bbox 2197 4204 2360 4259; x_wconf 90' lang='lat' dir='ltr'>tertio</span> <span class='ocrx_word' id='word_1_773' title='bbox 2388 4200 2595 4256; x_wconf 89' lang='lat' dir='ltr'>circulo</span> <span class='ocrx_word' id='word_1_774' title='bbox 2625 4200 2839 4256; x_wconf 87' lang='lat' dir='ltr'>dicatur</span> <span class='ocrx_word' id='word_1_775' title='bbox 2885 4199 3000 4272; x_wconf 77' lang='lat'>(20)</span> <span class='ocrx_word' id='word_1_776' title='bbox 3048 4198 3178 4254; x_wconf 91' lang='lat' dir='ltr'>luna</span> <span class='ocrx_word' id='word_1_777' title='bbox 3228 4212 3361 4253; x_wconf 89' lang='lat' dir='ltr'>esse.</span> <span class='ocrx_word' id='word_1_778' title='bbox 3407 4194 3513 4252; x_wconf 91' lang='lat' dir='ltr'>Sed</span> <span class='ocrx_word' id='word_1_779' title='bbox 3560 4210 3669 4250; x_wconf 90' lang='lat' dir='ltr'>non</span> <span class='ocrx_word' id='word_1_780' title='bbox 3712 4194 3789 4250; x_wconf 89' lang='lat' dir='ltr'>ita</span> 
     </span>
    </p>
   </div>
   <div class='ocr_carea' id='block_1_106' title="bbox 2198 4282 3787 4363">
    <p class='ocr_par' dir='ltr' id='par_1_106' title="bbox 2198 4282 3787 4363">
     <span class='ocr_line' id='line_1_108' title="bbox 2198 4282 3787 4363; baseline -0.006 -17"><span class='ocrx_word' id='word_1_781' title='bbox 2198 4299 2299 4358; x_wconf 91' lang='lat' dir='ltr'>est,</span> <span class='ocrx_word' id='word_1_782' title='bbox 2328 4289 2455 4363; x_wconf 87' lang='lat' dir='ltr'>quia</span> <span class='ocrx_word' id='word_1_783' title='bbox 2485 4289 2629 4343; x_wconf 85' lang='lat' dir='ltr'>ultra</span> <span class='ocrx_word' id='word_1_784' title='bbox 2671 4287 2855 4343; x_wconf 88' lang='lat' dir='ltr'>omnia</span> <span class='ocrx_word' id='word_1_785' title='bbox 2883 4286 3078 4343; x_wconf 89' lang='lat' dir='ltr'>mundi</span> <span class='ocrx_word' id='word_1_786' title='bbox 3126 4286 3306 4343; x_wconf 88' lang='lat' dir='ltr'>sidera</span> <span class='ocrx_word' id='word_1_787' title='bbox 3358 4291 3547 4356; x_wconf 89' lang='lat' dir='ltr'>raptus</span> <span class='ocrx_word' id='word_1_788' title='bbox 3586 4282 3787 4339; x_wconf 82' lang='lat' dir='ltr'>intelli-</span> 
     </span>
    </p>
   </div>
   <div class='ocr_carea' id='block_1_107' title="bbox 2199 4372 3787 4452">
    <p class='ocr_par' dir='ltr' id='par_1_107' title="bbox 2199 4372 3787 4452">
     <span class='ocr_line' id='line_1_109' title="bbox 2199 4372 3787 4452; baseline -0.004 -18"><span class='ocrx_word' id='word_1_789' title='bbox 2199 4380 2388 4452; x_wconf 88' lang='lat' dir='ltr'>gitur:</span> <span class='ocrx_word' id='word_1_790' title='bbox 2422 4385 2476 4434; x_wconf 90' lang='lat' dir='ltr'>et</span> <span class='ocrx_word' id='word_1_791' title='bbox 2525 4378 2648 4433; x_wconf 89' lang='lat' dir='ltr'>ideo</span> <span class='ocrx_word' id='word_1_792' title='bbox 2700 4376 3054 4450; x_wconf 86' lang='lat' dir='ltr'>magniﬁcum</span> <span class='ocrx_word' id='word_1_793' title='bbox 3105 4385 3157 4432; x_wconf 90' lang='lat' dir='ltr'>et</span> <span class='ocrx_word' id='word_1_794' title='bbox 3204 4372 3457 4430; x_wconf 86' lang='lat' dir='ltr'>mirabile</span> <span class='ocrx_word' id='word_1_795' title='bbox 3508 4380 3591 4427; x_wconf 88' lang='lat' dir='ltr'>est</span> <span class='ocrx_word' id='word_1_796' title='bbox 3641 4373 3787 4445; x_wconf 89' lang='lat' dir='ltr'>quod</span> 
     </span>
    </p>
   </div>
   <div class='ocr_carea' id='block_1_108' title="bbox 2200 4462 3786 4538">
    <p class='ocr_par' dir='ltr' id='par_1_108' title="bbox 2200 4462 3786 4538">
     <span class='ocr_line' id='line_1_110' title="bbox 2200 4462 3786 4538; baseline -0.003 -15"><span class='ocrx_word' id='word_1_797' title='bbox 2200 4475 2382 4524; x_wconf 86' lang='lat' dir='ltr'>narrat</span> <span class='ocrx_word' id='word_1_798' title='bbox 2428 4486 2438 4523; x_wconf 90' lang='lat'><strong>:</strong></span> <span class='ocrx_word' id='word_1_799' title='bbox 2500 4465 2771 4538; x_wconf 86' lang='lat' dir='ltr'>signiﬁcat</span> <span class='ocrx_word' id='word_1_800' title='bbox 2825 4468 2972 4522; x_wconf 88' lang='lat' dir='ltr'>enim</span> <span class='ocrx_word' id='word_1_801' title='bbox 3027 4482 3187 4537; x_wconf 91' lang='lat' dir='ltr'>supra</span> <span class='ocrx_word' id='word_1_802' title='bbox 3242 4464 3674 4531; x_wconf 85' lang='lat' dir='ltr'>ﬁrmamentum,</span> <span class='ocrx_word' id='word_1_803' title='bbox 3729 4462 3786 4519; x_wconf 90' lang='lat' dir='ltr'>in</span> 
     </span>
    </p>
   </div>
   <div class='ocr_carea' id='block_1_109' title="bbox 2199 4552 3787 4627">
    <p class='ocr_par' dir='ltr' id='par_1_109' title="bbox 2199 4552 3787 4627">
     <span class='ocr_line' id='line_1_111' title="bbox 2199 4552 3787 4627; baseline -0.003 -14"><span class='ocrx_word' id='word_1_804' title='bbox 2199 4556 2422 4615; x_wconf 88' lang='lat' dir='ltr'>tertium</span> <span class='ocrx_word' id='word_1_805' title='bbox 2478 4571 2706 4611; x_wconf 90' lang='lat' dir='ltr'>numero</span> <span class='ocrx_word' id='word_1_806' title='bbox 2752 4556 2949 4611; x_wconf 87' lang='lat' dir='ltr'>coelum</span> <span class='ocrx_word' id='word_1_807' title='bbox 3005 4554 3073 4611; x_wconf 90' lang='lat' dir='ltr'>de</span> <span class='ocrx_word' id='word_1_808' title='bbox 3128 4552 3471 4627; x_wconf 89' lang='lat' dir='ltr'>spiritalibus</span> <span class='ocrx_word' id='word_1_809' title='bbox 3517 4552 3671 4610; x_wconf 67' lang='lat' dir='ltr'>ctelis</span> <span class='ocrx_word' id='word_1_810' title='bbox 3708 4568 3787 4608; x_wconf 85' lang='lat' dir='ltr'>ra-</span> 
     </span>
    </p>
   </div>
   <div class='ocr_carea' id='block_1_110' title="bbox 2194 4646 2754 4718">
    <p class='ocr_par' dir='ltr' id='par_1_110' title="bbox 2194 4646 2754 4718">
     <span class='ocr_line' id='line_1_112' title="bbox 2194 4646 2754 4718; baseline -0.004 -17"><span class='ocrx_word' id='word_1_811' title='bbox 2194 4651 2347 4718; x_wconf 89' lang='lat' dir='ltr'>ptum</span> <span class='ocrx_word' id='word_1_812' title='bbox 2378 4646 2754 4716; x_wconf 90' lang='lat' dir='ltr'>semetipsum.</span> 
     </span>
    </p>
   </div>
   <div class='ocr_carea' id='block_1_111' title="bbox 2199 4740 3791 4829">
    <p class='ocr_par' dir='ltr' id='par_1_111' title="bbox 2199 4740 3791 4829">
     <span class='ocr_line' id='line_1_113' title="bbox 2199 4740 3791 4829; baseline -0.004 -27"><span class='ocrx_word' id='word_1_813' title='bbox 2199 4816 2210 4829; x_wconf 33' lang='lat' dir='ltr'><strong>O</strong></span> <span class='ocrx_word' id='word_1_814' title='bbox 2270 4745 2449 4815; x_wconf 77' lang='lat' dir='ltr'>(Vers.</span> <span class='ocrx_word' id='word_1_815' title='bbox 2478 4744 2532 4809; x_wconf 85' lang='lat'>3,</span> <span class='ocrx_word' id='word_1_816' title='bbox 2563 4742 2613 4811; x_wconf 73' lang='grc'>4,</span> <span class='ocrx_word' id='word_1_817' title='bbox 2646 4742 2725 4813; x_wconf 84' lang='grc'>5.)</span> <span class='ocrx_word' id='word_1_818' title='bbox 2775 4765 2792 4789; x_wconf 79' lang='grc' dir='ltr'>ι</span> <span class='ocrx_word' id='word_1_819' title='bbox 2822 4740 2893 4796; x_wconf 90' lang='lat' dir='ltr'>Et</span> <span class='ocrx_word' id='word_1_820' title='bbox 2941 4740 3055 4798; x_wconf 90' lang='lat' dir='ltr'>scio</span> <span class='ocrx_word' id='word_1_821' title='bbox 3108 4741 3272 4798; x_wconf 87' lang='lat' dir='ltr'>talem</span> <span class='ocrx_word' id='word_1_822' title='bbox 3323 4740 3637 4809; x_wconf 88' lang='lat' dir='ltr'>hominem,</span> <span class='ocrx_word' id='word_1_823' title='bbox 3674 4740 3791 4797; x_wconf 84' lang='lat' dir='ltr'>sive</span> 
     </span>
    </p>
   </div>
   <div class='ocr_carea' id='block_1_112' title="bbox 2188 4827 3790 4903">
    <p class='ocr_par' dir='ltr' id='par_1_112' title="bbox 2188 4827 3790 4903">
     <span class='ocr_line' id='line_1_114' title="bbox 2188 4827 3790 4903; baseline -0.002 -16"><span class='ocrx_word' id='word_1_824' title='bbox 2188 4827 2254 4887; x_wconf 66' lang='lat' dir='ltr'>‘in</span> <span class='ocrx_word' id='word_1_825' title='bbox 2284 4848 2507 4903; x_wconf 89' lang='lat' dir='ltr'>corpore</span> <span class='ocrx_word' id='word_1_826' title='bbox 2564 4830 2678 4886; x_wconf 87' lang='lat' dir='ltr'>sive</span> <span class='ocrx_word' id='word_1_827' title='bbox 2724 4836 2880 4885; x_wconf 86' lang='lat' dir='ltr'>extra</span> <span class='ocrx_word' id='word_1_828' title='bbox 2941 4845 3156 4901; x_wconf 89' lang='lat' dir='ltr'>corpus,</span> <span class='ocrx_word' id='word_1_829' title='bbox 3208 4829 3415 4897; x_wconf 91' lang='lat' dir='ltr'>nescio,</span> <span class='ocrx_word' id='word_1_830' title='bbox 3466 4829 3613 4884; x_wconf 89' lang='lat' dir='ltr'>Deus</span> <span class='ocrx_word' id='word_1_831' title='bbox 3667 4827 3790 4896; x_wconf 86' lang='lat' dir='ltr'>scit,</span> 
     </span>
    </p>
   </div>
   <div class='ocr_carea' id='block_1_113' title="bbox 2195 4917 3794 4997">
    <p class='ocr_par' dir='ltr' id='par_1_113' title="bbox 2195 4917 3794 4997">
     <span class='ocr_line' id='line_1_115' title="bbox 2195 4917 3794 4997; baseline -0.002 -19"><span class='ocrx_word' id='word_1_832' title='bbox 2195 4923 2323 4997; x_wconf 88' lang='lat' dir='ltr'>quia</span> <span class='ocrx_word' id='word_1_833' title='bbox 2364 4931 2549 4993; x_wconf 86' lang='lat' dir='ltr'>raptus</span> <span class='ocrx_word' id='word_1_834' title='bbox 2602 4928 2681 4976; x_wconf 90' lang='lat' dir='ltr'>est</span> <span class='ocrx_word' id='word_1_835' title='bbox 2724 4919 2781 4974; x_wconf 91' lang='lat' dir='ltr'>in</span> <span class='ocrx_word' id='word_1_836' title='bbox 2839 4917 3176 4991; x_wconf 87' lang='lat' dir='ltr'>paradisum,</span> <span class='ocrx_word' id='word_1_837' title='bbox 3216 4927 3269 4975; x_wconf 90' lang='lat' dir='ltr'>et</span> <span class='ocrx_word' id='word_1_838' title='bbox 3325 4918 3542 4976; x_wconf 85' lang='lat' dir='ltr'>audivit</span> <span class='ocrx_word' id='word_1_839' title='bbox 3596 4936 3794 4977; x_wconf 85' lang='lat' dir='ltr'>arcana</span> 
     </span>
    </p>
   </div>
   <div class='ocr_carea' id='block_1_114' title="bbox 2196 5006 3792 5083">
    <p class='ocr_par' dir='ltr' id='par_1_114' title="bbox 2196 5006 3792 5083">
     <span class='ocr_line' id='line_1_116' title="bbox 2196 5006 3792 5083; baseline 0 -18"><span class='ocrx_word' id='word_1_840' title='bbox 2196 5011 2362 5067; x_wconf 86' lang='lat' dir='ltr'>verba</span> <span class='ocrx_word' id='word_1_841' title='bbox 2390 5026 2509 5083; x_wconf 82' lang='lat' dir='ltr'>quas</span> <span class='ocrx_word' id='word_1_842' title='bbox 2554 5024 2663 5063; x_wconf 92' lang='lat' dir='ltr'>non</span> <span class='ocrx_word' id='word_1_843' title='bbox 2695 5008 2823 5064; x_wconf 91' lang='lat' dir='ltr'>licet</span> <span class='ocrx_word' id='word_1_844' title='bbox 2863 5007 3078 5064; x_wconf 91' lang='lat' dir='ltr'>homini</span> <span class='ocrx_word' id='word_1_845' title='bbox 3119 5008 3292 5079; x_wconf 91' lang='lat' dir='ltr'>loqui.</span> <span class='ocrx_word' id='word_1_846' title='bbox 3330 5007 3435 5063; x_wconf 90' lang='lat' dir='ltr'>Pro</span> <span class='ocrx_word' id='word_1_847' title='bbox 3470 5006 3792 5080; x_wconf 84' lang='lat' dir='ltr'>hujusmodi</span> 
     </span>
    </p>
   </div>
   <div class='ocr_carea' id='block_1_115' title="bbox 2197 5148 3787 5230">
    <p class='ocr_par' dir='ltr' id='par_1_115' title="bbox 2197 5148 3787 5230">
     <span class='ocr_line' id='line_1_117' title="bbox 2197 5148 3787 5230; baseline -0.001 -23"><span class='ocrx_word' id='word_1_848' title='bbox 2197 5152 2403 5230; x_wconf 73' lang='lat' dir='ltr'>expedit</span> <span class='ocrx_word' id='word_1_849' title='bbox 2428 5150 2575 5230; x_wconf 61' lang='lat' dir='ltr'>milii,</span> <span class='ocrx_word' id='word_1_850' title='bbox 2612 5166 2707 5230; x_wconf 86' lang='lat' dir='ltr'>pro</span> <span class='ocrx_word' id='word_1_851' title='bbox 2739 5167 2841 5204; x_wconf 82' lang='lat' dir='ltr'>non</span> <span class='ocrx_word' id='word_1_852' title='bbox 2868 5156 3099 5230; x_wconf 13' lang='lat' dir='ltr'>satrapas</span> <span class='ocrx_word' id='word_1_853' title='bbox 3126 5149 3379 5230; x_wconf 44' lang='lat' dir='ltr'>inihi..§t</span> <span class='ocrx_word' id='word_1_854' title='bbox 3427 5150 3587 5230; x_wconf 61' lang='lat' dir='ltr'>llam.</span> <span class='ocrx_word' id='word_1_855' title='bbox 3623 5148 3787 5217; x_wconf 82' lang='lat' dir='ltr'>edit.,</span> 
     </span>
    </p>
   </div>
   <div class='ocr_carea' id='block_1_116' title="bbox 2198 5219 3798 5293">
    <p class='ocr_par' dir='ltr' id='par_1_116' title="bbox 2198 5219 3798 5293">
     <span class='ocr_line' id='line_1_118' title="bbox 2198 5219 3798 5293; baseline -0.001 -16"><span class='ocrx_word' id='word_1_856' title='bbox 2198 5219 2396 5293; x_wconf 79' lang='lat' dir='ltr'>rejecto</span> <span class='ocrx_word' id='word_1_857' title='bbox 2431 5219 2626 5275; x_wconf 71' lang='lat' dir='ltr'>eodeni</span> <span class='ocrx_word' id='word_1_858' title='bbox 2652 5229 2956 5293; x_wconf 83' lang='lat' dir='ltr'>textupost</span> <span class='ocrx_word' id='word_1_859' title='bbox 2987 5219 3247 5293; x_wconf 74' lang='lat' dir='ltr'>inferiora</span> <span class='ocrx_word' id='word_1_860' title='bbox 3275 5220 3400 5293; x_wconf 82' lang='lat' dir='ltr'>illa,</span> <span class='ocrx_word' id='word_1_861' title='bbox 3424 5220 3472 5293; x_wconf 74' lang='lat' dir='ltr'>si</span> <span class='ocrx_word' id='word_1_862' title='bbox 3504 5221 3798 5275; x_wconf 83' lang='lat' dir='ltr'>humanum</span> 
     </span>
    </p>
   </div>
   <div class='ocr_carea' id='block_1_117' title="bbox 2195 5290 3468 5362">
    <p class='ocr_par' dir='ltr' id='par_1_117' title="bbox 2195 5290 3468 5362">
     <span class='ocr_line' id='line_1_119' title="bbox 2195 5290 3468 5362; baseline -0.003 -13"><span class='ocrx_word' id='word_1_863' title='bbox 2195 5290 2462 5349; x_wconf 66' lang='lat' dir='ltr'>auxilium</span> <span class='ocrx_word' id='word_1_864' title='bbox 2491 5293 2713 5362; x_wconf 76' lang='lat' dir='ltr'>deﬁciat,</span> <span class='ocrx_word' id='word_1_865' title='bbox 2750 5291 2952 5345; x_wconf 89' lang='lat' dir='ltr'>ibidem</span> <span class='ocrx_word' id='word_1_866' title='bbox 2985 5290 3199 5362; x_wconf 78' lang='lat' dir='ltr'>orditur</span> <span class='ocrx_word' id='word_1_867' title='bbox 3227 5305 3345 5360; x_wconf 88' lang='lat' dir='ltr'>cap.</span> <span class='ocrx_word' id='word_1_868' title='bbox 3383 5290 3468 5345; x_wconf 79' lang='grc'>12.</span> 
     </span>
    </p>
   </div>
   <div class='ocr_carea' id='block_1_118' title="bbox 2270 5360 3802 5435">
    <p class='ocr_par' dir='ltr' id='par_1_118' title="bbox 2270 5360 3802 5435">
     <span class='ocr_line' id='line_1_120' title="bbox 2270 5360 3802 5435; baseline -0.003 -18"><span class='ocrx_word' id='word_1_869' title='bbox 2270 5364 2384 5435; x_wconf 85' lang='grc'>(18)</span> <span class='ocrx_word' id='word_1_870' title='bbox 2420 5360 2574 5419; x_wconf 70' lang='grc' dir='ltr'>Βοηιᾷ</span> <span class='ocrx_word' id='word_1_871' title='bbox 2608 5362 2738 5416; x_wconf 91' lang='lat' dir='ltr'>edit.</span> <span class='ocrx_word' id='word_1_872' title='bbox 2771 5362 2905 5425; x_wconf 85' lang='lat' dir='ltr'>sola,</span> <span class='ocrx_word' id='word_1_873' title='bbox 2936 5360 3358 5432; x_wconf 78' lang='lat' dir='ltr'>perturbatorem</span> <span class='ocrx_word' id='word_1_874' title='bbox 3386 5360 3606 5416; x_wconf 79' lang='lat' dir='ltr'>audiret</span> <span class='ocrx_word' id='word_1_875' title='bbox 3641 5364 3802 5434; x_wconf 70' lang='lat' dir='ltr'>quie-</span> 
     </span>
    </p>
   </div>
   <div class='ocr_carea' id='block_1_119' title="bbox 2199 5435 2610 5503">
    <p class='ocr_par' dir='ltr' id='par_1_119' title="bbox 2199 5435 2610 5503">
     <span class='ocr_line' id='line_1_121' title="bbox 2199 5435 2610 5503; baseline -0.007 -15"><span class='ocrx_word' id='word_1_876' title='bbox 2199 5435 2264 5488; x_wconf 83' lang='lat' dir='ltr'>tis</span> <span class='ocrx_word' id='word_1_877' title='bbox 2300 5436 2610 5503; x_wconf 73' lang='lat' dir='ltr'>interﬁcere.</span> 
     </span>
    </p>
   </div>
   <div class='ocr_carea' id='block_1_120' title="bbox 2271 5502 3796 5646">
    <p class='ocr_par' dir='ltr' id='par_1_120' title="bbox 2271 5502 3796 5646">
     <span class='ocr_line' id='line_1_122' title="bbox 2271 5502 3796 5646; baseline 0.001 -87"><span class='ocrx_word' id='word_1_878' title='bbox 2271 5506 2387 5646; x_wconf 48' lang='grc'>(19)</span> <span class='ocrx_word' id='word_1_879' title='bbox 2420 5502 2623 5558; x_wconf 86' lang='lat' dir='ltr'>Eadem</span> <span class='ocrx_word' id='word_1_880' title='bbox 2653 5502 2784 5557; x_wconf 88' lang='lat' dir='ltr'>edit.</span> <span class='ocrx_word' id='word_1_881' title='bbox 2825 5504 3005 5570; x_wconf 81' lang='lat' dir='ltr'>Rom.,</span> <span class='ocrx_word' id='word_1_882' title='bbox 3024 5502 3192 5583; x_wconf 50' lang='lat' dir='ltr'>inane</span> <span class='ocrx_word' id='word_1_883' title='bbox 3220 5503 3432 5583; x_wconf 71' lang='lat' dir='ltr'>videtur</span> <span class='ocrx_word' id='word_1_884' title='bbox 3463 5504 3796 5586; x_wconf 70' lang='lat' dir='ltr'>significare.</span> 
     </span>
     <span class='ocr_line' id='line_1_123' title="bbox 2296 5574 3796 5644; baseline 0.002 -14"><span class='ocrx_word' id='word_1_885' title='bbox 2296 5576 2387 5644; x_wconf 74' lang='lat'>20)</span> <span class='ocrx_word' id='word_1_886' title='bbox 2420 5574 2604 5629; x_wconf 85' lang='lat' dir='ltr'>Codex</span> <span class='ocrx_word' id='word_1_887' title='bbox 2653 5574 2838 5643; x_wconf 88' lang='lat' dir='ltr'>Corb.,</span> <span class='ocrx_word' id='word_1_888' title='bbox 2870 5590 2985 5629; x_wconf 84' lang='lat' dir='ltr'>cum</span> <span class='ocrx_word' id='word_1_889' title='bbox 3016 5589 3069 5627; x_wconf 75' lang='grc' dir='ltr'>τη</span> <span class='ocrx_word' id='word_1_890' title='bbox 3096 5579 3286 5643; x_wconf 77' lang='lat' dir='ltr'>quarto</span> <span class='ocrx_word' id='word_1_891' title='bbox 3316 5576 3520 5629; x_wconf 64' lang='lat' dir='ltr'>circulo</span> <span class='ocrx_word' id='word_1_892' title='bbox 3561 5576 3796 5633; x_wconf 75' lang='lat' dir='ltr'>dwatur.</span> 
     </span>
    </p>
   </div>
   <div class='ocr_carea' id='block_1_121' title="bbox 2296 5572 3801 5644">
    <p class='ocr_par' dir='ltr' id='par_1_121' title="bbox 2296 5572 3801 5644">
     <span class='ocr_line' id='line_1_124' title="bbox 2296 5572 3801 5644; baseline 0.002 -14"><span class='ocrx_word' id='word_1_893' title='bbox 2296 5572 2387 5644; x_wconf 74' lang='lat'>20)</span> <span class='ocrx_word' id='word_1_894' title='bbox 2420 5574 2604 5629; x_wconf 85' lang='lat' dir='ltr'>Codex</span> <span class='ocrx_word' id='word_1_895' title='bbox 2653 5574 2838 5643; x_wconf 88' lang='lat' dir='ltr'>Corb.,</span> <span class='ocrx_word' id='word_1_896' title='bbox 2870 5590 2985 5629; x_wconf 84' lang='lat' dir='ltr'>cum</span> <span class='ocrx_word' id='word_1_897' title='bbox 3016 5572 3069 5627; x_wconf 78' lang='lat' dir='ltr'>in</span> <span class='ocrx_word' id='word_1_898' title='bbox 3096 5579 3286 5643; x_wconf 77' lang='lat' dir='ltr'>quarto</span> <span class='ocrx_word' id='word_1_899' title='bbox 3316 5572 3530 5629; x_wconf 73' lang='lat' dir='ltr'>circulo</span> <span class='ocrx_word' id='word_1_900' title='bbox 3561 5572 3801 5633; x_wconf 73' lang='lat' dir='ltr'>dicatur.</span> 
     </span>
    </p>
   </div>
  </div>
