3952 6202
192 296 291 357 849

1245 300 1606 361 COMMENT.
1648 302 1720 362 IN
1756 302 1971 360 EPIST.
2001 302 2049 361 II
2090 302 2184 359 AD
2224 298 2376 361 COB.
3339 306 3444 366 350

193 428 477 500 gloriabor.
504 452 525 479 ι
568 430 662 487 Bis
689 444 746 488 se
775 436 996 504 raptum
1024 431 1181 501 dicit,
1206 432 1264 488 id
1291 441 1392 503 est,
1422 435 1603 505 primo
1631 432 1762 492 hinc
1790 435 1841 493 A
1870 432 2267 488 revelationum
2307 432 2433 505 quia
2479 435 2712 493 otiosum
2741 440 2926 509 pectus
2956 446 3175 493 necesse
3205 432 3440 495 habebat

191 531 357 593 usque
402 520 470 576 ad
519 522 747 577 tertium
813 522 1035 589 coitum,
1091 522 1289 577 deinde
1341 523 1398 578 in
1452 522 1764 596 paradisum

190 606 554 681 owlestem,|in
584 622 694 681 quo
732 610 932 665 latroni
954 610 1097 667 dixit
1124 611 1410 681 Dominus,
1445 612 1590 687 quod
1622 615 1764 672 futu-

190 710 280 754 rus
307 704 448 754 esset
495 712 622 753 cum
651 712 716 753 eo
763 698 821 753 in
870 698 1143 770 paradiso,
1193 701 1372 774 inquit
1411 700 1563 771 (Luc.
1602 719 1765 773 χχιιι,

186 783 302 857 63),
328 786 508 843 Patris
540 803 552 842 :
587 786 705 844 illic
732 785 828 842 ubi
851 787 969 857 (2i)
993 794 1045 843 et
1069 788 1261 845 civitas
1290 788 1387 846 Dei
1418 788 1625 849 dicitur
1654 808 1768 849 esse

187 873 486 934 Ierusalem
536 884 710 932 mater
757 883 942 931 nostra
986 876 1132 947 (Gal.
1173 892 1249 943 Iv,
1294 880 1408 950 26).
1448 879 1591 947 Quid
1642 898 1768 954 ergo

188 964 393 1023 mirum
444 968 491 1023 si
533 974 654 1041 post
696 969 1144 1025 resurrectionem
1175 985 1369 1042 corpus
1406 972 1517 1044 jam
1570 973 1767 1046 expia-

185 1061 306 1111 tum
362 1059 524 1130 atque
581 1062 859 1113 tenuatum
892 1057 1117 1125 factum,
1156 1059 1465 1117 immortale
1515 1062 1763 1118 futurum

183 1142 443 1201 credatur
486 1145 545 1201 in
589 1145 761 1212 caelis,
812 1145 1030 1217 quando
1058 1161 1169 1202 non
1212 1145 1427 1204 dubitat
1475 1151 1767 1221 Apostolus

186 1232 367 1289 adhuc
414 1235 641 1290 mortale
697 1251 895 1307 corpus
946 1236 1188 1306 potuisse
1244 1238 1412 1294 levari
1468 1238 1524 1296 in
1578 1241 1764 1311 caelos,

184 1328 241 1378 et
263 1321 385 1378 tolli
413 1322 470 1378 in
509 1323 821 1395 paradisum
850 1325 949 1381 Dei
978 1325 1153 1383 Patris
1179 1329 1449 1385 caelestem
1474 1329 1502 1386 ?
1530 1329 1634 1386 Pro
1667 1331 1765 1388 hu-

180 1411 422 1483 iusmodi
444 1412 686 1483 homine,
722 1414 777 1471 id
802 1420 904 1483 est,
936 1414 1029 1488 qui
1059 1424 1169 1471 tam
1207 1417 1404 1489 dignus
1433 1425 1513 1475 est
1539 1420 1673 1488 Deo,
1702 1428 1766 1476 ut

184 1498 293 1556 hoc
315 1501 677 1571 experiretur,
710 1503 930 1574 gloriari
958 1518 1013 1558 se
1041 1502 1206 1560 dicit:
1232 1513 1285 1559 et
1305 1520 1415 1561 non
1443 1506 1565 1562 vult
1585 1515 1765 1580 aperte

183 1585 366 1645 dicere
404 1589 535 1661 quia
575 1589 642 1645 de
693 1605 749 1646 se
800 1590 1065 1663 loquitur,
1110 1606 1177 1647 ne
1221 1590 1438 1650 laudare
1485 1610 1541 1651 se
1585 1597 1764 1655 videa-

178 1680 298 1733 tur.
328 1675 400 1732 Et
422 1676 657 1733 Joannes
685 1679 982 1750 apostolus,
1001 1694 1124 1735 cum
1151 1679 1218 1736 de
1247 1696 1303 1737 se
1332 1680 1541 1739 sciatur
1570 1683 1718 1757 loqui
1746 1703 1759 1741 :

1874 521 1929 575 in
1962 518 2031 575 iis
2061 535 2178 591 quae
2206 516 2437 587 viderat,
2467 520 2679 578 extolli.

1948 608 2127 680 (Vers.
2157 605 2209 677 8,
2240 607 2320 679 9.)
2368 630 2385 654 α
2408 606 2633 682 Propter
2658 610 2763 668 hoc
2787 619 2870 668 ter
2897 614 3193 671 Dominum
3233 617 3438 690 rogavi,

1875 704 1938 752 ut
1963 694 2264 754 discederet
2292 713 2321 752 a
2350 713 2455 766 me,
2487 704 2539 754 et
2568 700 2645 755 ait
2690 698 2825 755 mihi
2856 720 2867 756 :
2897 699 3110 760 Suﬂ‘icit
3138 702 3240 760 tibi
3272 707 3441 776 gratia

1878 801 2032 851 mea;
2066 802 2191 841 nam
2212 784 2390 841 virtus
2410 784 2466 841 in
2498 783 2816 843 infirmitate
2842 789 3141 860 perficitur.
3172 816 3189 838 ι
3221 790 3438 849 Stimuli

1877 872 2101 942 diaboli,
2136 888 2269 947 quos
2298 872 2501 946 perﬁde
2534 873 2651 946 (25)
2692 875 2964 933 mentibus
2992 876 3230 934 inferens
3261 879 3323 934 ad
3356 897 3445 935 no-

1875 963 2109 1020 cendum
2150 961 2248 1020 Dei
2277 963 2450 1021 servis
2478 959 2721 1037 instigat,
2751 973 2813 1022 ut
2858 976 3128 1023 cessarent
3156 964 3222 1023 ab
3251 984 3335 1037 eo,
3370 976 3450 1025 ter

1875 1052 2170 1110 Dominum
2202 1050 2547 1125 deprecatum
2596 1068 2651 1110 se
2691 1052 2879 1125 fuisse,
2918 1062 2971 1112 et
3000 1072 3109 1113 non
3137 1057 3450 1129 impetrasse

1876 1148 2106 1198 testatur
2142 1160 2153 1200 :
2188 1158 2296 1199 non
2341 1145 2468 1217 quia
2513 1141 2825 1218 despectum
2876 1162 2931 1202 se
2973 1144 3128 1217 dicit,
3181 1147 3274 1204 sed
3323 1144 3452 1222 quia

1875 1229 2083 1287 inscius
2113 1240 2301 1289 contra
2330 1246 2386 1288 se
2419 1234 2652 1305 petebat,
2684 1243 2745 1291 ut
2775 1245 3046 1293 cessarent
3073 1236 3141 1293 ab
3174 1253 3237 1292 eo
3268 1242 3452 1293 tenta-

1873 1316 2071 1388 tienes,
2118 1335 2212 1392 per
2256 1336 2389 1394 quas
2438 1321 2729 1393 perfectior
2774 1341 2829 1380 se
2874 1324 3057 1381 fiebat.
3096 1323 3221 1381 Ideo
3252 1325 3316 1381 ad
3352 1327 3449 1384 Ro-

1874 1424 2064 1464 manos
2112 1406 2247 1465 dicit
2286 1428 2297 1465 :
2342 1434 2360 1457 ε
2388 1410 2524 1467 Nam
2564 1410 2697 1484 quid
2740 1429 2977 1483 oremus,
3023 1415 3165 1473 sicut
3217 1422 3449 1489 oportet,

1873 1496 2150 1552 nescimus
2189 1497 2364 1567 (Rom.
2394 1512 2518 1564 vm,
2549 1496 2664 1570 26).
2696 1524 2715 1547 ι
2760 1500 2912 1557 Unde
2942 1500 3047 1559 hoc
3074 1501 3210 1559 dicit
3239 1501 3339 1559 sibi
3376 1521 3451 1561 re-

1873 1602 2153 1657 sponsum,
2180 1595 2239 1641 ut
2271 1588 2541 1646 sufﬁceret
2578 1586 2679 1644 sibi
2711 1590 2880 1662 gratia
2900 1590 3021 1657 Dei,
3052 1610 3158 1666 qua
3187 1600 3278 1648 aut
3310 1591 3453 1649 vires

1876 1674 2141 1731 tolerandi
2181 1674 2539 1747 addebantur,
2571 1684 2664 1735 aut
2707 1683 2920 1751 tempus
2950 1694 3212 1753 pressurae
3248 1676 3451 1738 abbre—

164 1776 219 1812 ἰ
245 1763 354 1821 Hic
400 1773 501 1833 est,
540 1766 636 1833 ait,
693 1766 1015 1839 discipulus,
1058 1782 1217 1839 quem
1275 1768 1537 1843 diligebat
1586 1770 1759 1843 Iesus,
1796 1790 1841 1849 Β
1871 1762 2159 1849 viabatur;
2192 1772 2254 1820 ut
2272 1762 2494 1821 devotio
2523 1763 2650 1823 dum
2674 1766 2991 1826 infirmitate
3016 1784 3276 1841 pressurae
3297 1770 3450 1828 acci-

179 1852 283 1926 qui
313 1862 367 1910 et
410 1855 659 1911 recubuit
696 1855 753 1910 in
794 1868 949 1911 omna
991 1872 1151 1929 supra
1185 1866 1374 1930 pectus
1419 1857 1536 1931 ejus
1580 1860 1758 1934 (Joan.

165 1946 305 2009 ιη,
334 1940 460 2013 20);
493 1966 513 1990 ι
555 1953 623 1998 ne
653 1943 885 2013 gloriose
908 1944 975 2000 de
1001 1959 1056 2001 se
1086 1945 1237 2001 effari
1268 1945 1563 2004 videretur.
1613 1974 1630 1996 ι
1658 1949 1763 2005 Pro

162 2017 270 2086 :me
326 2037 506 2088 autem
563 2044 676 2087 non
729 2032 1022 2104 gloriabor,
1079 2036 1186 2090 nisi
1245 2036 1302 2092 in
1350 2036 1765 2095 infirmitatibus

161 2106 338 2197 fmeis.
371 2143 389 2167 ι
436 2118 528 2174 Sic
571 2115 639 2174 de
684 2133 741 2174 se
787 2135 899 2174 non
943 2121 1225 2191 gloriatur,
1255 2120 1386 2177 dum
1430 2138 1541 2179 non
1586 2131 1765 2196 aperte

160 2204 247 2283 ‘Kde
278 2221 338 2263 se
362 2204 673 2278 profitetur.
696 2206 759 2261 In
788 2206 1204 2264 infirmitatibus
1231 2226 1378 2278 sane,
1410 2211 1610 2283 inquit,
1634 2212 1767 2267 meis

162 2267 482 2367 fgloriabor.
516 2296 807 2367 Exponere
855 2295 1003 2351 enim
1052 2310 1328 2368 pressurae
1372 2267 1684 2369 passionum
1717 2308 1769 2354 et

171 2381 535 2439 infirmitates
578 2385 974 2456 angustiarum,
1026 2400 1136 2441 non
1187 2386 1406 2442 videtur
1454 2384 1767 2459 gloriosum,

172 2471 275 2527 sed
325 2470 505 2527 ﬂebile
558 2470 699 2543 (22).
752 2472 963 2529 Idcirco
996 2489 1052 2529 se
1099 2475 1157 2530 in
1212 2473 1300 2530 his
1348 2474 1567 2546 gloriari
1615 2474 1769 2543 dicit,

175 2558 362 2615 sciens
409 2569 591 2616 tamen
631 2561 759 2633 quia
801 2561 869 2616 ad
901 2562 1206 2633 profectum
1243 2562 1548 2635 perducunt
1576 2578 1770 2620 remu—

173 2649 531 2705 nerationum
562 2650 864 2706 ccelestium
904 2650 1044 2722 (23).
1078 2648 1224 2718 Quid
1256 2650 1402 2707 enim
1432 2662 1541 2709 tam
1574 2652 1767 2724 glorio-

171 2752 306 2795 sum
340 2738 398 2794 in
418 2739 663 2795 futurum
689 2736 1022 2809 Christiano,
1047 2753 1210 2813 quam
1239 2741 1410 2797 exitia
1432 2757 1529 2815 pro
1550 2742 1768 2801 Christo

172 2827 343 2883 illata
370 2826 476 2883 sibi
510 2842 727 2883 narrare
746 2827 773 2883 τ

248 2918 445 2991 (Vers.
477 2917 558 2990 6.)
600 2938 619 2965 ι
646 2919 778 2975 Nam
820 2925 875 2975 et
916 2920 963 2975 si
1004 2921 1232 2977 voluero
1261 2921 1505 2993 gloriari,
1534 2937 1645 2978 non
1675 2934 1766 2978 ero

168 3008 425 3076 stultus;
462 3020 589 3063 nam
619 3009 900 3065 veritatem
932 3009 1131 3067 dicam.
1167 3035 1186 3059 ι
1232 3009 1346 3067 Hoc
1374 3011 1533 3080 dicit,
1568 3010 1697 3084 quia
1719 3012 1766 3067 si

167 3098 445 3197 meritum
469 3113 629 3199 suum
659 3099 997 3199 profiteatur,
1027 3100 1174 3199 quod
1204 3101 1367 3199 habet
1386 3101 1763 3199 .apudPeum,
1798 3139 1841 3199 Ο

168 3199 292 3242 non
340 3185 448 3242 erit
489 3184 843 3259 imprudens;
881 3202 1011 3244 vera
1053 3188 1201 3245 enim
1249 3189 1512 3262 loquitur.
1548 3190 1692 3263 Ergo
1721 3189 1767 3245 si

165 3276 306 3351 quis
360 3287 461 3348 pro
499 3275 711 3331 meritis
752 3277 888 3344 suis,
920 3291 1039 3349 qure
1086 3274 1192 3333 sibi
1236 3287 1450 3334 ostensa
1497 3286 1646 3345 sunt,
1678 3277 1768 3333 lo-

167 3362 397 3438 quitur,
428 3376 539 3420 non
584 3373 664 3421 est
710 3365 903 3437 utique
953 3365 1154 3422 stultus
1202 3386 1214 3424 :
1262 3366 1308 3422 si
1355 3374 1534 3423 autem
1572 3372 1765 3433 taceat,

165 3460 254 3509 est
295 3452 469 3508 etiam
516 3452 774 3525 prudens.
808 3451 911 3509 Sed
955 3468 1061 3526 qua
1107 3468 1268 3511 causa
1310 3452 1404 3511 hic
1440 3470 1550 3510 non
1589 3455 1763 3526 palam

169 3544 473 3614 glorietur,
500 3556 648 3599 nunc
685 3543 913 3615 subjicit
941 3542 1127 3601 dicens
1162 3562 1172 3600 :
1220 3567 1238 3591 α
1269 3546 1438 3602 Pareo
1466 3552 1667 3614 autem,
1698 3561 1765 3601 ne

164 3632 302 3704 quis
351 3644 441 3687 me
475 3632 755 3690 existimet
785 3647 951 3706 supra
996 3632 1049 3689 id
1082 3634 1227 3707 quod
1256 3634 1409 3691 videt
1446 3634 1503 3690 in
1532 3650 1638 3703 me,
1675 3643 1767 3690 aut

165 3721 335 3778 audit
387 3720 596 3794 aliquid
644 3739 714 3777 ex
756 3740 862 3780 me.
896 3750 914 3772 ι
972 3723 1223 3780 Ostendit
1265 3725 1433 3795 igitur
1472 3739 1577 3797 qua
1604 3737 1766 3781 causa

158 3822 283 3866 non
316 3818 509 3880 aperte
537 3811 801 3882 glorietur
832 3827 842 3867 :
874 3810 950 3867 Ne
982 3812 1103 3884 quis
1125 3828 1210 3868 me
1231 3814 1529 3881 existimet,
1562 3813 1764 3887 inquit,

157 3897 321 3955 ultra
377 3894 608 3968 gloriam
657 3914 831 3955 meam
878 3898 1121 3969 tendere,
1155 3916 1313 3973 quam
1358 3901 1516 3957 limes
1548 3901 1764 3957 merito-

156 3999 295 4043 rum
350 3984 620 4043 admittit.
672 3987 782 4044 Hos
837 3987 1130 4060 signiﬁcat,
1190 4004 1326 4062 quos
1376 3989 1765 4047 obtrectatores

153 4074 422 4133 habebat
462 4088 625 4132 causa
666 4076 819 4148 legis,
863 4076 1007 4133 sicut
1052 4092 1217 4148 supra
1262 4080 1582 4134 memoravi.
1626 4078 1763 4135 Nam

155 4165 371 4239 utique
415 4166 735 4219 meritorum
769 4165 994 4236 gloriam
1041 4164 1251 4220 bonum
1301 4174 1382 4221 est
1410 4181 1521 4221 non
1547 4172 1762 4233 tacere;

153 4262 217 4309 ut
245 4251 590 4309 invitantur
616 4250 917 4306 credentes.

234 4346 412 4405 205
445 4336 630 4408 (Vers.
663 4338 741 4409 7.)
778 4361 795 4385 ι
814 4340 884 4394 Et
914 4354 980 4395 ne
1009 4340 1347 4396 sublimitate
1375 4341 1767 4397 revelationum

150 4442 440 4506 extollar,
493 4435 654 4493 datus
704 4441 784 4493 est
834 4435 970 4491 mihi
1011 4436 1266 4493 stimulus
1308 4439 1504 4505 carnis,
1548 4438 1768 4511 angelus

154 4527 417 4595 Satanae,
451 4534 513 4582 ut
541 4543 628 4582 me
656 4526 959 4598 colaphizet
992 4526 1130 4599 (24),
1166 4542 1232 4583 ne
1252 4527 1501 4583 extollar.
1535 4553 1552 4576 ι
1592 4528 1764 4583 Deum

151 4615 329 4673 bonis
381 4614 598 4671 meritis
647 4614 935 4687 providere
991 4620 1240 4683 testatur,
1310 4614 1440 4671 dum
1497 4617 1765 4688 permittit

151 4703 582 4762 tentationibus
596 4701 770 4758 bonos
788 4702 1046 4775 deprimi,
1069 4717 1180 4757 non
1209 4703 1387 4758 solum
1418 4718 1485 4758 ne
1515 4704 1762 4760 laborum

150 4810 407 4852 suorum
439 4792 711 4850 fructibus
748 4790 1093 4858 abdicentur,
1124 4806 1314 4846 verum
1358 4790 1520 4847 etiam
1566 4800 1629 4848 ut
1657 4808 1765 4849 aue

152 4890 408 4952 geantur
454 4879 544 4936 his
587 4880 656 4936 ad
684 4880 967 4936 cumulum
1000 4879 1357 4950 possessionis
1385 4888 1619 4935 aeternae.
1651 4880 1766 4935 Hoc

149 4984 287 5042 ergo
344 4967 660 5024 remedium
707 4967 893 5023 datum
952 4973 1034 5022 est
1090 4966 1374 5037 Apostolo,
1433 4966 1491 5020 in
1544 4964 1765 5036 injuriis

150 5076 419 5131 pressus,
449 5056 636 5112 animo
674 5071 784 5111 non
831 5054 1003 5127 possit
1035 5054 1229 5111 extolli
1259 5070 1358 5125 pro
1388 5052 1766 5125 magnitudine

222 5250 359 5334 (21)
412 5249 572 5305 Rom.
616 5245 749 5301 edit.
796 5245 928 5312 sola,
968 5259 1084 5299 cum
1129 5260 1186 5299 eo
1222 5243 1281 5297 in
1306 5240 1566 5316 paradiso
1599 5256 1617 5296 :
1650 5242 1766 5300 illic

146 5324 263 5393 ubi,
291 5327 420 5379 etc.
1060 5388 1068 5398 ο

218 5396 357 5470 (ἓξ)
394 5388 810 5470 godex_Corb.,
840 5388 928 5442 sed
953 5387 1189 5470 debile.”
1390 5460 1403 5470 _
1465 5456 1499 5470 ﬂ

248 5398 328 5451 22
397 5398 593 5448 Codex
623 5398 810 5452 C0rb.,
840 5398 928 5442 sed
953 5398 1137 5443 debile.

245 5466 327 5521 23
392 5460 667 5527 Nonnulli
704 5474 829 5514 mss.
866 5458 1284 5513 remmwratimze
1312 5456 1607 5513 cmlestium.

216 5398 357 5608 Ξειξ
393 5532 531 5588 Post
560 5536 816 5608 voces_ut
862 5544 942 5583 me
984 5530 1296 5599 colaphizet,
1332 5530 1490 5586 Rom.
1522 5526 1607 5583 edi

245 5522 354 5599 24)
393 5532 531 5588 Post
560 5522 723 5585 voces
758 5536 816 5582 ut
862 5544 942 5583 me
984 5530 1296 5599 colaphizet,
1332 5530 1490 5586 Rom.
1522 5526 1653 5583 edit.
1681 5522 1769 5597 ju-

143 5602 461 5680 gulaverat
492 5619 556 5655 ne
582 5602 832 5655 extollar.

1796 4484 1843 4543 D

1870 1848 2050 1907 dentis
2099 1864 2209 1909 non
2252 1850 2544 1925 frangitur,
2590 1855 2815 1929 probata
2851 1855 3123 1914 videatur.
3184 1882 3201 1903 ε
3251 1856 3447 1916 Liben-

1870 1939 2079 1996 tissime
2126 1941 2309 2015 itaque
2366 1944 2536 2016 magis
2589 1942 2861 2017 gloriabor
2917 1942 2974 2001 in
3032 1942 3448 2005 inﬁrmitatibus

1872 2029 2027 2098 meis,
2049 2037 2112 2085 ut
2141 2028 2409 2087 inhabitet
2435 2029 2490 2088 in
2515 2049 2599 2089 me
2631 2032 2746 2105 (26)
2777 2032 2954 2092 virtus
2975 2031 3200 2092 Christi.
3231 2064 3247 2085 ι
3282 2040 3447 2109 Aper-

1873 2120 1989 2171 tum
2029 2125 2108 2172 est
2136 2116 2264 2189 quia
2291 2122 2424 2175 tunc
2453 2116 2795 2191 gloriandum
2832 2121 3009 2189 docet,
3042 2123 3259 2196 quando
3291 2124 3448 2198 inju-

1877 2202 1974 2257 riis
2002 2203 2343 2262 humiliatur.
2378 2208 2426 2262 A
2473 2205 2691 2263 Christo
2728 2216 2908 2265 autem
2959 2206 3135 2267 virtus
3177 2212 3445 2270 tolerandi

1876 2290 2178 2361 prinbetur;
2225 2300 2287 2349 ut
2325 2294 2453 2367 quia
2492 2294 2642 2365 prius
2670 2310 2890 2369 asperae,
2919 2313 2983 2354 ac
3026 2316 3121 2370 per
3149 2301 3255 2358 hoc
3284 2302 3449 2359 fasti-

1879 2381 2090 2437 diendae
2136 2382 2353 2452 injurize
2401 2383 2746 2453 videbantur,
2776 2397 2961 2457 postea
3002 2387 3234 2447 libenter
3268 2392 3450 2449 susci—

1879 2469 2122 2541 piendae;
2155 2476 2216 2525 ut
2236 2470 2441 2527 Christi
2470 2472 2679 2529 auxilio
2704 2473 3024 2531 lenirentur.
3052 2474 3450 2553 Libenterergo

1878 2558 2013 2614 caedi
2044 2572 2099 2613 se
2127 2556 2283 2627 dicit,
2316 2554 2616 2615 dummodo
2644 2578 2675 2616 a
2701 2558 2926 2618 Christo
2960 2573 3199 2633 curetur,
3233 2566 3453 2624 sciendo

1877 2648 2001 2719 plus
2048 2647 2243 2704 addere
2285 2647 2611 2705 medicinam
2656 2648 2860 2707 Christi
2907 2649 2975 2707 ad
3014 2651 3261 2724 salutem,
3291 2669 3452 2728 quam

1877 2734 2169 2791 infirmitas
2198 2736 2438 2793 detrahit
2466 2737 2707 2796 sanitati.

1951 2825 2131 2894 (Vera.
2176 2825 2289 2898 10.)
2336 2847 2355 2871 ε
2386 2827 2724 2900 Quapropter
2760 2828 2947 2901 placeo
2974 2831 3110 2886 mihi
3136 2830 3193 2887 in
3228 2828 3453 2891 infirmi-

1874 2912 2098 2981 tatibus,
2145 2914 2203 2969 in
2241 2914 2625 2983 contumeliis;
2672 2930 2796 2973 cum
2843 2914 2987 2974 enim
3020 2914 3288 2989 infirmor,
3324 2929 3454 2980 tunc

1875 3009 2066 3073 potens
2112 3017 2253 3059 sum.
2288 3024 2307 3051 ι
2351 3004 2554 3059 Verum
2596 3007 2695 3073 est,
2728 3006 2857 3077 quia
2889 3013 3023 3063 tunc
3059 3008 3236 3065 vincit
3282 3008 3454 3068 Chri-

1875 3090 2104 3158 stianus,
2134 3104 2256 3147 cum
2307 3092 2530 3163 perdere
2576 3099 2800 3164 putatur
2828 3110 2838 3147 :
2872 3099 2927 3148 et
2954 3101 3086 3151 tunc
3113 3096 3292 3167 perdit
3322 3114 3454 3170 per-

1877 3179 2027 3249 fidia,
2057 3194 2181 3236 cum
2229 3195 2287 3236 se
2324 3179 2521 3236 vicisse
2551 3180 2872 3251 gratulatur.
2903 3180 3123 3237 Plaudit
3151 3198 3299 3256 ergo,
3328 3201 3451 3243 cum

1876 3265 1959 3322 illi
1986 3268 2316 3336 iusultatur;
2349 3276 2403 3324 et
2428 3267 2624 3341 surgit,
2654 3283 2779 3326 cum
2811 3269 3098 3341 premitur.

1950 3365 2129 3437 (Vers.
2177 3367 2288 3437 11.)
2334 3389 2353 3413 ι
2383 3367 2578 3423 Factus
2607 3380 2727 3423 sum
2760 3366 3042 3439 insipiens,
3076 3384 3176 3426 vos
3206 3385 3291 3427 me
3318 3388 3453 3430 coe-

1877 3448 2048 3523 gistis.
2081 3477 2100 3501 ι
2144 3453 2499 3527 Compulsum
2529 3470 2585 3512 se
2622 3453 2778 3523 dicit,
2809 3462 2869 3511 ut
2910 3454 3043 3529 quid
3072 3466 3231 3527 esset,
3261 3468 3453 3518 osten-

1875 3543 2043 3601 deret.
2092 3544 2162 3601 Et
2203 3560 2314 3602 non
2362 3544 2552 3618 utique
2598 3544 2799 3603 stultus
2837 3553 2937 3614 est,
2987 3547 3079 3620 qui
3127 3548 3194 3605 de
3231 3567 3287 3607 se
3327 3568 3450 3609 vera

1875 3632 2088 3689 locutus
2116 3640 2231 3702 est;
2264 3633 2357 3690 sed
2397 3632 2626 3691 inclinat
2654 3650 2728 3697 se.
2761 3640 2823 3690 ut
2849 3632 3156 3695 manifestat
3185 3641 3311 3711 quia.
3342 3656 3449 3696 non

1874 3722 2153 3778 voluntate
2202 3723 2397 3780 merita
2433 3738 2529 3781 sua
2559 3722 2816 3779 ostendit.
2863 3746 2880 3770 ι
2908 3724 3023 3795 Ego
3052 3725 3195 3780 enim
3229 3726 3389 3781 debui
3422 3743 3453 3783 a

1873 3810 2029 3867 vobis
2057 3812 2449 3869 commendari.
2474 3838 2493 3863 ι
2532 3810 2881 3869 Manifestum
2906 3822 3007 3879 est,
3031 3812 3156 3884 quia
3181 3811 3234 3866 hi
3258 3812 3451 3870 debue-

1872 3904 1996 3955 rant
2036 3901 2416 3957 testimonium
2458 3899 2509 3956 ei
2553 3897 2840 3971 perhibere
2884 3898 3145 3955 adversus
3175 3898 3454 3958 obtrecta-

1873 3992 2017 4043 tores
2049 3988 2187 4059 ejus,
2220 3987 2361 4059 apud
2411 4002 2546 4061 quos
2591 3985 2890 4043 Ecclesiam
2943 3988 3251 4057 constituit,
3283 3995 3337 4045 et
3382 3991 3450 4046 si-

1876 4090 2105 4149 gnorum
2166 4074 2414 4148 prodigia
2475 4075 2809 4148 apostolatus
2880 4074 3150 4146 ostendit;
3209 4084 3289 4147 ut,
3351 4076 3455 4139 hoc

1872 4171 2106 4233 tacente,
2132 4163 2214 4219 illi
2235 4178 2359 4221 eum
2391 4161 2745 4221 defenderent
2765 4178 2923 4238 quem
2948 4174 3151 4238 patrem
3183 4166 3453 4228 habebant

1876 4253 1932 4309 in
1961 4254 2261 4327 Evangelio
2283 4252 2509 4312 Christi.
2550 4278 2567 4301 ι
2597 4253 2747 4311 Nihil
2769 4254 2913 4311 enim
2939 4254 3119 4313 minus
3140 4257 3265 4328 feci,
3290 4275 3449 4332 quam

1875 4341 1959 4398 illi
2001 4343 2160 4399 valde
2199 4344 2456 4416 apostoli.
2503 4362 2527 4396 ι)
2560 4342 2753 4413 Valde,
2803 4342 2908 4402 hoc
2953 4354 3034 4402 est
3080 4345 3266 4414 nimis,
3310 4347 3453 4403 sicut

1877 4431 2202 4503 quibusdam
2256 4432 2580 4502 videbatur;
2641 4448 2766 4489 nam
2814 4432 2921 4492 hoc
2966 4442 3141 4504 erant,
3204 4434 3345 4510 quod
3400 4443 3453 4490 et

1873 4523 2149 4593 apostolus
2194 4522 2412 4580 Paulus.
2460 4524 2575 4579 lloc
2622 4537 2747 4594 ergo
2777 4522 2932 4590 dicit,
2965 4525 3091 4595 quia
3125 4524 3305 4579 minor
3344 4538 3451 4578 non

1873 4619 1953 4667 est
1983 4629 2156 4686 neque
2183 4614 2239 4669 in
2271 4614 2680 4687 praedicatione,
2702 4626 2875 4683 neque
2898 4612 2953 4667 in
2976 4613 3149 4682 signis
3170 4611 3449 4679 faciendis,

1873 4703 2131 4771 apostolis
2176 4700 2595 4771 praecessoribus
2641 4698 2774 4764 suis,
2807 4712 2917 4751 non
2950 4696 3005 4751 in
3044 4697 3327 4769 dignitate,
3360 4695 3450 4751 sed

1870 4795 2134 4858 tempore.
2167 4787 2301 4841 Nam
2348 4788 2395 4841 si
2423 4786 2489 4840 de
2524 4792 2766 4851 tempore
2796 4782 3255 4853 prascribendum
3289 4791 3454 4852 puta-

1872 4880 1982 4940 tur,
2014 4878 2138 4927 ante
2167 4871 2334 4941 coepit
2370 4870 2605 4925 Joannes
2624 4865 2941 4937 przndicare,
2972 4882 3132 4940 quam
3163 4868 3448 4939 Christus;

1872 4968 1927 5017 et
1971 4978 2083 5017 non
2127 4956 2378 5016 Christus
2421 4958 2704 5020 Joannem,
2755 4951 2847 5008 sed
2903 4952 3135 5010 Joannes
3175 4953 3451 5014 Christum

1870 5051 2188 5125 baptizavit.
2234 5050 2375 5105 Num
2426 5064 2555 5121 ergo
2599 5044 2680 5099 sic
2722 5042 2936 5114 judicat
2979 5046 3167 5101 Deus?
3208 5047 3454 5119 Denique

1946 5242 2061 5316 (25)
2094 5240 2451 5316 Rom.__edit.,
2483 5239 2538 5296 in
2568 5234 2877 5316 inﬁrmitate
2903 5243 3318 5316 cqpsummatur.
3355 5238 3454 5316 Sti-

1870 5307 2052 5371 mtilos'
2073 5326 2202 5381 quos
2230 5307 2471 5368 diabolus
2490 5307 2692 5383 perfide
2712 5317 2869 5383 ;_ve_t.
2894 5308 3026 5364 edit.
3059 5324 3121 5364 ac
3142 5322 3271 5383 mss.
3300 5309 3457 5383 nobis

1874 5375 2396 5457 sull‘ragantur,_nisi
2428 5375 2716 5455 qu‘odillae
2746 5375 2948 5457 habent
2976 5395 3100 5436 cum
3132 5375 3271 5457 coda
3290 5380 3452 5435 etiam

1873 5447 2180 5515 nonmillis,
2219 5447 2473 5520 stimulos,
2511 5460 2567 5506 et
2618 5463 2745 5503 mss.
2794 5448 3022 5520 aliquot,
3076 5447 3322 5519 perfidis,
3369 5460 3460 5506 aut

1868 5520 2407 5597 per/idiw‘mcntibtgs.
2527 5591 2540 5597 _
2677 5591 2688 5597 _
2836 5591 2847 5597 Δ

1948 5586 2066 5663 (⁷26)
2099 5588 2259 5646 Rom.
2300 5589 2431 5646 edit.
2464 5591 2600 5657 sola,
2631 5591 2693 5639 ut
2713 5586 3004 5651 prwtendat
3034 5586 3090 5639 in
3118 5598 3216 5650 me,
3249 5595 3357 5641 etc.
