3952 6202
550 350 654 411 351

1592 346 1687 400 AD
1727 343 1961 400 OPERA
2000 342 2054 398 S.
2084 339 2414 400 AMBROSII
2453 341 2828 398 APPENDIX.

3735 339 3842 398 352

547 477 703 553 prior
719 480 939 533 secutus
958 481 1039 532 est
1058 469 1304 529 Andreas
1332 470 1694 536 Salvatorem,
1717 485 1878 540 quam
1904 468 2128 536 Petrus;
2160 468 2210 528 A
2237 481 2403 539 gnum
2459 474 2542 522 est
2595 474 2676 533 ut,
2733 463 3003 553 spiritalia
3062 462 3358 553 tradentes,
3417 473 3839 553 consequantur

550 574 605 625 et
648 574 832 623 tamen
874 565 1169 635 primatum
1218 576 1329 616 non
1370 559 1578 630 accepit
1609 557 1875 625 Andreas,
1907 558 2001 615 sed
2045 559 2138 614 Pe.

549 663 692 712 trus.
732 653 909 722 Quare
952 668 1078 723 ergo
1116 650 1393 721 apostolus
1420 645 1745 720 quibusdam
1777 663 1890 704 non
1918 646 2138 704 videba-

551 749 682 809 tur;
729 756 854 797 cum
903 738 1088 794 eadem
1135 743 1314 808 posset
1350 749 1445 807 per
1490 733 1590 790 Dei
1637 734 1885 806 gratiam,
1919 751 2038 807 quae
2084 743 2138 792 et

550 831 782 904 apostoli
805 831 833 885 7
860 829 987 885 Ideo
1015 829 1184 894 dolet,
1218 834 1273 881 et
1299 825 1619 898 compulsus
1650 824 1913 894 ostendit,
1946 824 2079 899 quid
2106 843 2138 883 a

550 918 866 989 dignatione
908 914 1130 971 Domini
1180 912 1297 986 (27)
1340 921 1633 971 mereatur.
1686 912 1828 969 llinc
1873 921 1955 969 est
1990 912 2137 970 unde

548 1022 664 1062 non
701 1006 879 1060 solum
925 1003 1193 1059 minorem
1238 1016 1295 1058 se
1323 1017 1436 1058 non
1468 1018 1583 1059 esse
1616 1010 1839 1060 coactus
1866 1010 1947 1059 est
1975 1003 2136 1075 proﬁ-

549 1095 675 1160 teri,
702 1092 796 1149 sed
828 1099 883 1148 et
922 1093 1045 1165 plus
1073 1091 1329 1148 omnibus
1348 1090 1639 1149 laborasse.
1673 1092 1772 1147 His
1795 1107 1924 1164 ergo
1948 1090 2136 1164 displi-

551 1183 705 1243 cebat
731 1182 873 1253 (28),
895 1188 948 1236 et
968 1196 1079 1237 non
1101 1179 1392 1236 videbatur
1415 1196 1531 1237 esse
1545 1182 1824 1252 apostolus
1849 1181 1945 1253 qui
1973 1195 2137 1236 aemu-

551 1273 756 1330 latione
786 1278 1025 1342 paternae
1049 1268 1181 1340 legis
1203 1267 1649 1340 praedicationem
1679 1267 1797 1341 ejus
1830 1268 2135 1340 respuebat,

551 1359 708 1436 quasi
754 1357 969 1414 inimici
1023 1356 1340 1412 traditionis
1396 1356 1635 1427 Moysis;
1691 1356 1821 1428 quia
1859 1371 1977 1411 eam
2021 1356 2135 1426 jam

552 1463 761 1507 cessare
803 1445 1039 1513 dicebat,
1080 1444 1342 1516 apostolis
1390 1444 1561 1515 magis
1592 1443 1857 1510 faventes,
1890 1449 1943 1498 et
1971 1442 2136 1498 istum

552 1538 641 1595 his
668 1534 1064 1598 humiliautes;
1104 1532 1233 1604 quia
1274 1530 1360 1587 illi
1390 1546 1504 1587 non
1531 1540 1643 1588 tam
1673 1537 1984 1588 constanter
2010 1547 2135 1587 con-

525 1622 638 1708 ἐτι-ει
664 1626 837 1697 legem
864 1619 1075 1694 aliquid
1104 1619 1437 1676 asserebant.

515 1718 523 1732 ’
630 1723 810 1796 (Vers.
838 1722 951 1793 12.)
984 1722 1089 1776 «Et
1117 1720 1163 1776 si
1184 1718 1326 1776 nihil
1356 1736 1503 1786 sum,
1527 1722 1683 1794 signa
1701 1729 1887 1781 tamen
1907 1722 2138 1797 apostoli

2247 553 2503 610 carnalia.
2548 552 2650 608 Hic
2695 559 2875 607 autem
2915 550 2971 606 in
3000 558 3213 607 tantum
3244 549 3439 622 probat
3467 566 3526 607 se
3556 552 3710 607 nolle
3736 568 3838 608 ac-

2247 642 2447 714 cipere,
2477 650 2540 697 ut
2566 640 2857 698 transferat
2885 656 3100 697 causam
3138 640 3375 697 carnalis
3421 640 3599 711 patris
3631 641 3703 697 ad
3727 642 3835 714 spi-

2246 733 2460 791 ritalem
2486 751 2500 801 ;
2532 741 2594 789 ut
2626 748 2739 788 non
2785 732 2960 788 solum
2990 746 3101 785 non
3129 730 3198 785 ab
3227 728 3316 785 his
3343 730 3601 801 accipiat,
3633 732 3731 789 sed
3760 740 3834 800 et,

2246 820 2294 877 si
2342 828 2521 893 potest
2571 819 2712 888 ﬁeri,
2768 820 2883 891 ipse
2926 819 3038 874 illis
3094 816 3323 882 tribuat,
3378 817 3525 874 sicut
3574 817 3696 889 jam
3749 834 3835 875 su.

2245 924 2343 981 pra
2402 908 2521 966 dixi
2571 928 2583 966 :
2648 933 2667 956 ι
2704 908 2856 964 Alias
2906 906 3178 963 Ecclesias
3231 905 3563 978 exspoliavi,
3613 914 3834 980 accepto

2247 998 2523 1071 stipendio
2543 997 2610 1055 ad
2635 996 3000 1053 ministerium
3032 1002 3274 1051 vestrum
3308 994 3393 1066 (ΙΙ
3412 996 3540 1051 Cor.
3572 1011 3656 1063 χι,
3685 996 3768 1067 8).
3797 1020 3816 1044 ι

2248 1086 2363 1143 Hoc
2410 1086 2559 1143 dicto
2602 1085 2774 1157 tangit
2809 1101 2920 1153 eos,
2951 1092 3014 1141 ut
3059 1082 3371 1154 intelligant
3406 1091 3650 1155 quantus
3688 1084 3758 1139 sit
3780 1093 3828 1139 et

2246 1178 2380 1252 quid
2428 1178 2465 1233 ii
2506 1184 2838 1245 mereantur,
2869 1175 2962 1248 qui
2998 1175 3133 1232 tanti
3164 1174 3397 1247 apostoli
3426 1175 3827 1247 providentiam

2246 1266 2625 1337 neglexerunt.

2319 1353 2499 1423 (Vers.
2534 1354 2648 1423 15.)
2693 1377 2712 1400 ι
2740 1354 2856 1424 Ego
2886 1368 3017 1407 vero
3048 1350 3411 1407 libentissime
3440 1351 3761 1424 impendam
3780 1358 3830 1407 et

2249 1443 2751 1517 superimpendam,
2801 1452 2855 1499 et
2904 1442 3018 1514 ipse
3066 1441 3351 1513 impendar
3398 1458 3498 1514 pro
3547 1442 3830 1498 animabus

2246 1532 2466 1590 vestris.
2522 1558 2542 1581 ι
2613 1533 2772 1588 Nunc
2821 1539 3005 1603 aperte
3059 1530 3312 1588 affectum
3370 1539 3426 1587 et
3487 1531 3825 1599 charitatem,

2247 1634 2410 1692 quam
2440 1620 2587 1677 circa
2630 1637 2721 1677 eos
2764 1620 3017 1687 habebat,
3048 1618 3323 1685 ostendit;
3360 1619 3580 1692 quando
3610 1636 3725 1675 non
3751 1635 3825 1675 so-

2248 1711 2360 1767 lum
2411 1728 2510 1768 sua
2553 1729 2651 1784 pro
2694 1712 2772 1768 eis
2817 1710 3153 1784 impendere,
3185 1718 3240 1766 et
3271 1711 3596 1782 propensius
3626 1711 3829 1783 impen-

526 1799 700 1869 'facta
729 1819 859 1867 sunt
888 1810 943 1865 in
965 1807 1123 1865 vobis
1145 1808 1200 1865 in
1229 1810 1387 1866 omni
1416 1809 1700 1882 patientia,
1732 1812 1922 1884 signis,
1945 1820 1998 1868 et
2017 1827 2138 1883 pro-
2177 1812 2223 1873 Β
2251 1797 2377 1855 dere
2428 1808 2677 1871 Paratum
2730 1817 2785 1856 se
2825 1799 2981 1868 ἀίοίῖ,
3030 1798 3124 1855 ⁸θά
3170 1806 3224 1854 εί
3255 1798 3490 1870 seili-ium
3531 1815 3636 1872 Ι)Γο
3662 1800 3828 1858 salute

552 1900 739 1972 digiis,
782 1906 838 1955 et
874 1897 1195 1953 virtutibus.
1244 1921 1263 1945 ι
1327 1895 1417 1953 Sic
1444 1912 1501 1953 se
1531 1897 1810 1966 humiliat,
1841 1905 1904 1953 ut
1931 1899 2138 1970 erigat;

554 1987 876 2063 patientiam
925 1992 1107 2041 tamen
1151 1985 1385 2057 primam
1416 1993 1700 2054 memorat,
1737 1985 1866 2058 quia
1892 1986 1988 2042 diu
2017 1987 2143 2043 illos

557 2074 800 2150 portavit
833 2073 986 2148 quasi
1038 2074 1384 2145 impatientes
1423 2090 1627 2146 aegros;
1656 2081 1719 2130 ut
1758 2072 2006 2130 adhibita
2034 2090 2144 2130 me-

559 2164 748 2221 dicina
792 2164 1072 2234 signorum
1111 2170 1273 2235 atque
1311 2162 1609 2232 virtutum,
1653 2171 1870 2218 curaret
1915 2162 2143 2218 vulnera

557 2253 759 2310 erroris
791 2252 1016 2308 illorum
1031 2294 1044 2307 .

633 2350 816 2422 (Vers.
856 2348 968 2420 13.)
1014 2371 1032 2394 ι
1053 2346 1196 2416 Quid
1216 2356 1296 2405 est
1327 2348 1474 2404 enim
1497 2348 1641 2421 quod
1671 2350 1855 2405 minus
1874 2346 2144 2405 habuistis

557 2436 772 2493 caeteris
812 2435 1095 2502 Ecclesiis,
1136 2434 1244 2490 nisi
1277 2435 1424 2508 quod
1471 2452 1569 2509 ego
1616 2436 1731 2510 ipse
1763 2452 1875 2493 non
1923 2434 2142 2508 gravavi

530 2596 534 2603 Α
559 2540 661 2580 vos
682 2524 710 2579 εἰ
739 2525 948 2579 Donate
975 2521 1113 2579 mihi
1142 2521 1283 2579 hanc
1312 2522 1594 2595 injuriam.
1623 2547 1644 2572 ι
1689 2522 1886 2580 Adhuc
1920 2539 2016 2596 per
2043 2521 2143 2580 hu-

557 2611 852 2669 militatem
900 2627 955 2668 se
1004 2610 1353 2668 commendat
1398 2610 1553 2684 (29);
1584 2611 1824 2669 ostendit
1854 2611 2001 2667 enim
2032 2626 2144 2666 non

557 2705 703 2765 206
735 2702 920 2759 minus
948 2701 1075 2759 illos
1103 2700 1315 2775 aliquid
1345 2700 1599 2758 habuisse
1627 2701 1837 2759 caeteris
1862 2699 2141 2768 Ecclesiis,

555 2799 654 2858 sed
700 2810 754 2856 et
800 2799 1075 2871 amplius;
1117 2800 1479 2871 Evangelium
1527 2800 1675 2854 enim
1716 2798 1815 2854 Dei
1864 2799 2030 2870 gratis
2057 2798 2145 2854 his

555 2886 904 2957 praedicavit,
954 2885 1103 2956 quod
1146 2886 1317 2941 nullis
1363 2900 1681 2941 concessum
1729 2894 1808 2943 est
1859 2886 2141 2953 Ecclesiis,

559 2971 776 3026 dicente
806 2969 1046 3025 Domino
1071 2987 1084 3025 :
1132 2994 1151 3016 ι
1182 2970 1394 3040 Dignus
1423 2979 1504 3026 est
1531 2972 1676 3027 enim
1699 2973 1977 3045 operarius
2006 2988 2142 3030 mer-

564 3056 695 3112 cede
724 3072 822 3113 sua
854 3056 1007 3127 (Luc.
1048 3073 1108 3125 χ,
1143 3057 1221 3128 7).
1255 3081 1275 3106 ι
1318 3056 1374 3114 Si
1404 3073 1531 3131 ergo
1559 3076 1656 3131 pro
1684 3062 1830 3118 bono
1857 3079 2017 3134 opere
2048 3062 2144 3118 in-

2251 1888 2559 1945 animarum
2601 1906 2789 1946 eorum
2836 1889 2996 1945 etiam
3056 1887 3217 1955 mori,
3259 1888 3399 1944 sicut
3445 1896 3498 1944 et
3557 1890 3829 1960 apostolus

2250 1976 2485 2033 Joannes
2527 1977 2665 2035 dicit
2697 1996 2710 2033 :
2742 1978 2883 2046 Quia
2923 1977 3176 2047 exemplo
3221 1975 3510 2031 Salvatoris
3571 1993 3679 2047 pro
3735 1978 3827 2033 fra-

2256 2065 2429 2121 tribus
2475 2067 2638 2123 etiam
2691 2069 2901 2123 animas
2948 2076 3162 2124 nostras
3206 2064 3461 2121 debemus
3523 2082 3735 2138 ponere
3782 2070 3832 2138 (Ι

2251 2152 2408 2208 Joan.
2471 2172 2552 2224 ru,
2614 2155 2725 2227 16).
2773 2180 2792 2202 «
2825 2155 3130 2211 Plurimum
3187 2170 3283 2211 vos
3335 2152 3597 2225 diligens,
3657 2157 3827 2212 minus

2255 2239 2475 2312 diligor.
2517 2268 2536 2291 ι
2595 2244 2861 2301 Provocat
2902 2260 2994 2300 eos
3030 2243 3100 2299 ad
3144 2259 3381 2299 amorem
3417 2244 3552 2315 quia
3581 2243 3687 2316 ipsi
3716 2245 3827 2316 plus

2253 2327 2410 2384 illum
2455 2329 2715 2388 deberent
2760 2332 3005 2403 diligere,
3040 2332 3281 2388 maxime
3317 2347 3413 2403 per
3441 2347 3605 2404 quem
3637 2331 3827 2389 didice-

2254 2424 2385 2473 runt
2414 2419 2559 2474 viam
2588 2421 2800 2488 salutis,
2828 2437 2922 2492 per
2965 2436 3126 2492 quem
3175 2428 3229 2475 et
3257 2419 3515 2493 acquisiti
3545 2434 3679 2478 sunt
3706 2424 3823 2489 Deo,

2251 2520 2322 2561 ex
2377 2506 2599 2577 perﬁdis
2653 2508 2783 2565 facti
2833 2507 3042 2576 ﬁdeles,
3067 2514 3121 2563 et
3154 2523 3224 2562 ex
3264 2508 3661 2565 contaminatis
3691 2510 3826 2582 puri-

2257 2592 2424 2652 ﬁcati.

2335 2695 2513 2767 (Vers.
2550 2698 2663 2769 16.)
2715 2722 2732 2744 ι
2759 2696 2863 2755 Sed
2892 2703 3027 2765 esto,
3057 2711 3156 2767 ego
3180 2712 3281 2752 vos
3308 2711 3420 2752 non
3450 2697 3710 2768 gravavi;
3741 2698 3827 2753 sed

2251 2797 2315 2846 ut
2360 2795 2570 2844 astutus
2617 2785 2743 2842 dolo
2788 2801 2887 2841 vos
2913 2783 3053 2857 cepi.
3089 2808 3110 2834 ι
3153 2783 3353 2841 Omnia
3375 2801 3497 2857 quae
3524 2793 3741 2857 possent
3762 2802 3826 2840 ex

2252 2878 2479 2935 adverso
2512 2875 2763 2946 proponi,
2796 2889 2905 2928 non
2958 2880 3123 2937 tacet,
3174 2880 3236 2927 ut
3276 2888 3331 2928 se
3364 2881 3558 2944 purget
3588 2889 3684 2945 per
3712 2889 3829 2929 om-

2251 2965 2380 3031 nia;
2413 2964 2540 3037 quia
2562 2962 2703 3018 nihil
2735 2977 2829 3033 per
2856 2960 3384 3017 circumventionem
3417 2962 3532 3032 agit
3560 2960 3705 3032 apud
3721 2977 3824 3029 eos,

2251 3052 2346 3110 sed
2377 3052 2435 3108 in
2464 3050 2835 3123 simplicitate,
2871 3048 2975 3105 sibi
3020 3050 3185 3105 semel
3227 3048 3585 3121 prospiciens,
3620 3050 3706 3106 his
3730 3050 3827 3106 du-

559 3143 731 3216 juria,
788 3141 988 3217 inquit,
1047 3141 1246 3216 dignus
1293 3159 1439 3211 sum,
1485 3144 1749 3216 ignoscite
1794 3146 1933 3201 mihi
1975 3146 2091 3218 (30)
2127 3165 2139 3204 :
2179 3164 2222 3224 C
2253 3142 2387 3215 plici
2429 3156 2652 3214 genere;
2700 3146 2761 3194 ut
2801 3146 2855 3193 et
2899 3138 3044 3211 apud
3088 3140 3263 3194 Deum
3313 3138 3627 3210 provideret
3653 3138 3752 3204 eis,
3781 3146 3830 3193 et

563 3233 747 3291 omnis
792 3233 939 3291 enim
986 3234 1188 3290 stultus
1216 3234 1348 3292 boni
1378 3242 1660 3291 accusator
1688 3243 1788 3292 est.
1823 3236 1892 3292 Ut
1920 3236 2021 3294 hos
2049 3253 2145 3293 er-

558 3340 626 3397 go
654 3323 940 3395 imperitos
981 3321 1251 3390 ostendat,
1282 3322 1499 3381 veniam
1528 3324 1596 3382 ab
1642 3323 1730 3381 his
1762 3324 2000 3397 postulat
2028 3325 2145 3398 ejus

553 3411 710 3479 facti,
742 3411 809 3467 de
839 3426 947 3483 quo
979 3411 1137 3467 laude
1165 3410 1363 3483 dignus
1391 3422 1499 3470 est.

632 3509 813 3580 (Vers.
841 3505 956 3575 14.)
1000 3529 1019 3552 ι
1048 3507 1189 3562 Ecce
1218 3508 1384 3564 tertio
1413 3509 1518 3568 hoc
1546 3518 1767 3582 paratus
1806 3527 1928 3568 sum
1958 3512 2146 3567 venire

555 3594 625 3649 ad
658 3611 776 3662 vos,
810 3600 866 3648 et
893 3608 1004 3647 non
1043 3608 1143 3648 vos
1189 3595 1442 3665 gravabo.
1476 3622 1497 3645 ι
1535 3599 1615 3654 Ne
1659 3598 1801 3655 forte
1854 3600 1959 3655 hoc
2004 3599 2147 3655 inter

559 3681 724 3738 initia
769 3680 962 3737 fecisse
998 3689 1282 3754 putaretur
1311 3682 1380 3739 ad
1407 3686 1938 3741 commendationem
1968 3703 2144 3756 suam,

560 3778 686 3845 post
739 3777 921 3827 autem
987 3769 1293 3827 mercedem
1355 3772 1684 3845 evangelicae
1744 3773 2147 3845 praedicationis

562 3859 707 3917 velle
754 3860 1018 3933 accipere,
1050 3859 1292 3916 ostendit
1319 3859 1377 3915 in
1408 3875 1471 3916 ea
1517 3876 1574 3916 se
1603 3862 1883 3917 voluntate
1911 3862 2141 3933 durare;

561 3963 630 4004 ne
686 3949 893 4005 factum
936 3965 1097 4006 suum
1164 3956 1351 4021 postea
1394 3948 1684 4006 emendare
1739 3949 2038 4019 videretur,
2093 3959 2147 4007 et

564 4045 705 4095 esset
768 4036 916 4111 quod
980 4037 1048 4093 ab
1113 4036 1573 4095 obtrectatoribus
1635 4039 2143 4113 reprehenderetur.

580 4149 599 4172 ι
633 4126 754 4181 Non
800 4126 948 4181 enim
996 4142 1181 4199 quaero
1226 4144 1346 4200 quae
1392 4135 1575 4184 vestra
1611 4136 1761 4197 sunt,
1798 4128 1893 4184 sed
1934 4143 2056 4183 vos.
2112 4152 2132 4176 ι

564 4209 821 4266 Ostendit
849 4210 972 4267 ideo
1000 4228 1058 4268 se
1084 4214 1231 4270 nolle
1259 4215 1503 4287 accipere
1530 4215 1603 4271 ab
1629 4216 1729 4285 eis,
1756 4223 1818 4272 ut
1848 4215 1973 4272 illos
1998 4215 2146 4286 ipsos

565 4297 904 4362 lucraretur;
947 4304 1010 4352 ut
1036 4297 1404 4371 intelligentes
1432 4301 1560 4372 quia
1602 4302 1848 4372 pecuniae
1877 4302 2146 4375 praeponit

564 4397 677 4449 eos,
719 4380 941 4438 tandem
989 4394 1380 4455 cognoscerent
1424 4387 1679 4443 aﬁ‘ectum
1729 4388 1882 4443 illius
1915 4404 2040 4461 erga
2066 4405 2141 4444 se.

572 4492 594 4519 ι
648 4472 759 4528 Nec
805 4471 949 4527 enim
1003 4471 1205 4529 debent
1248 4473 1352 4529 ﬁlii
1399 4475 1715 4546 parentibus
1755 4476 2138 4546 thesaurizare,

557 4560 655 4617 sed
697 4570 950 4634 parentes
994 4560 1145 4617 ﬁliis.
1191 4587 1211 4611 ›
1265 4562 1479 4619 Patrem
1526 4579 1583 4620 se
1624 4580 1811 4619 eorum
1850 4566 2139 4638 signiﬁcat,

553 4648 702 4705 sicut
731 4649 788 4704 in
819 4649 997 4722 prima
1024 4649 1257 4722 epistola
1277 4648 1412 4707 dicit
1445 4668 1458 4707 :
1501 4674 1520 4698 ι
1550 4650 1654 4706 Per
1677 4652 2019 4724 evangelium
2045 4670 2143 4726 ego

549 4754 651 4796 vos
682 4737 847 4811 genui
880 4738 937 4810 (Ι
964 4736 1089 4795 Cor.
1124 4754 1202 4807 IV,
1240 4737 1353 4811 15).
1381 4762 1400 4786 ι
1444 4737 1704 4798 Carnales
1730 4746 1914 4795 tamen
1953 4757 2141 4813 paren-

548 4835 631 4885 tes
674 4836 826 4898 sunt,
875 4826 971 4901 qui
1025 4826 1159 4883 ﬁliis
1212 4826 1614 4896 thesaurizant;
1677 4844 1803 4885 nam
1869 4830 2141 4903 spiritales

548 4933 583 4974 a
643 4917 773 4975 ﬁliis
841 4917 1069 4990 dignum
1129 4924 1212 4975 est
1262 4926 1326 4975 ut
1378 4919 1555 4992 accipi
1610 4928 1705 4976 aut
1758 4930 2008 4993 sumptus
2071 4920 2139 4978 ad

549 5003 959 5063 sustentandam
1012 5005 1187 5063 vitam
1238 5016 1583 5080 praesentem.
1641 5008 1764 5065 Non
1818 5011 1965 5066 enim
2020 5025 2140 5065 ma-

1289 5220 1611 5290 aguitionem
1630 5221 1867 5290 Domini,
1895 5229 1999 5279 etc.

618 5217 738 5362 £27;
769 5218 898 5275 Mss.
929 5218 1158 5290 aliquot,
1289 5220 1628 5302 agnitiouem.

646 5289 714 5345 28
773 5288 908 5347 Cod.
932 5288 1136 5362 _Corb.,
1165 5289 1280 5362 Δῌιςς
1319 5306 1438 5362 ergo
1466 5292 1628 5362 disptz

773 5288 908 5370 θοᾷ.
930 5288 1137 5370 eam.
1164 5288 1280 5370 ,ιιίε
1319 5288 1438 5370 ego
1466 5292 1791 5370 displicebat
1823 5288 1871 5370 et
1910 5292 2135 5370 "vavi.-

546 5358 770 5415 debatur
791 5377 813 5425 ;
833 5366 887 5435 _et
922 5360 1079 5435 istum
1119 5358 1175 5414 hi
1202 5358 1863 5435 humiliantegerantﬁui
1889 5363 2137 5435 apostoli-

546 5444 671 5503 cam‘
697 5430 1123 5503 pregglicationem
1150 5428 1476 5503 refutabaut.
1508 5432 1583 5487 Et
1617 5432 1664 5487 si
1699 5428 1835 5489 nam
1861 5428 1999 5503 sum,
2029 5442 2133 5490 etc.

623 5447 659 5483 π
683 5447 1123 5555 9prteazcauommt
1151 5447 1476 5498 reluwoam.
1508 5447 1583 5487 ,ωε
1617 5449 1664 5487 si
1699 5447 1835 5489 mnu
1861 5450 1999 5503 sum,
2029 5447 2133 5490 etc.

623 5500 679 5568 (2
721 5498 1329 5579 )'ldem__cod.__Corb._,
1371 5516 1424 5579 se
1469 5503 1705 5579 exattat;
1752 5505 1973 5579 osteqdit
2001 5504 2137 5579 enim

546 5583 652 5645 itan
682 5570 855 5623 minus
900 5571 1021 5625 illos
1064 5570 1276 5645 _atiquid
1302 5570 1506 5645 habere,
1537 5577 1586 5625 et
1615 5579 1734 5645 tunc
1759 5574 1943 5643 prodit
1962 5575 2137 5645 perﬁ-

546 5637 713 5716 diam,
753 5654 871 5693 cum
920 5656 972 5694 se
1021 5637 1202 5695 vicisse
1242 5642 1569 5713 gratulatur.
1605 5637 1829 5700 Plaudit
1864 5637 1982 5716 ergo
2021 5637 2137 5700 eum

2253 3229 2347 3287 hic
2375 3244 2597 3286 censum
2647 3226 2871 3282 illorum
2902 3240 3012 3280 non
3043 3233 3306 3296 quaereret
3344 3244 3357 3283 :
3387 3224 3495 3280 sibi
3525 3233 3706 3281 autem
3739 3226 3830 3280 hoc

2253 3318 2497 3375 suﬂicere
2532 3315 2677 3390 quod
2730 3331 2762 3371 a
2808 3317 2920 3371 Deo
2963 3313 3293 3385 promissum
3340 3320 3421 3369 est
3478 3313 3535 3368 in
3567 3313 3827 3369 futurum.

2254 3407 2415 3462 Forte
2445 3406 2593 3461 enim
2642 3404 3049 3476 suspicarentur
3088 3399 3211 3456 ideo
3242 3400 3396 3456 illum
3425 3402 3829 3473 contempsisse,

2254 3494 2383 3566 quia
2411 3507 2579 3565 parva
2608 3498 2784 3559 erant,
2820 3505 2939 3561 quae
2968 3487 3354 3557 offerebantur,
3386 3496 3449 3545 ut
3477 3489 3689 3561 majora
3717 3505 3833 3546 con-

2255 3592 2607 3658 sequeretur;
2642 3589 2701 3636 ut
2739 3577 3186 3649 circumspiciens
3220 3578 3412 3633 merita
3452 3594 3572 3646 sua,
3598 3596 3711 3634 non
3743 3594 3834 3651 pe-

2254 3673 2461 3729 curiam
2509 3671 2770 3726 refutaret
2801 3666 2941 3739 (31),
2970 3662 3064 3721 sed
3093 3681 3383 3721 numerum
3411 3665 3709 3738 indignum
3737 3667 3831 3725 sibi

2256 3762 2529 3818 aestimans
2558 3762 2948 3816 contemneret.

2329 3858 2511 3929 (Vers.
2545 3856 2658 3925 17.)
2706 3878 2724 3900 ε
2753 3854 2891 3909 Num
2915 3868 3013 3924 per
3039 3853 3280 3925 aliquem
3306 3867 3517 3920 eorum,
3549 3868 3693 3925 quos
3719 3855 3835 3911 misi

2255 3944 2324 4001 ad
2350 3961 2469 4011 vos,
2501 3942 2839 4000 circumveni
2861 3941 3002 3996 vos?
3024 3965 3043 3989 ι
3086 3940 3202 3997 Hoc
3228 3947 3331 4006 est,
3354 3938 3503 4013 quod
3533 3939 3696 4009 dicit,
3718 3944 3837 4016 quia

2255 4047 2391 4105 quos
2420 4030 2590 4096 misit,
2623 4045 2737 4085 non
2775 4028 2889 4083 illis
2929 4028 3034 4085 hoc
3062 4027 3411 4096 intimarunt,
3444 4035 3525 4095 ut,
3558 4030 3607 4084 si
3639 4032 3836 4087 vellent

2254 4124 2505 4191 pacatum
2549 4115 2748 4171 habere
2803 4115 3151 4187 Apostolum,
3198 4114 3418 4185 dignam
3474 4118 3835 4187 quantitatem

2255 4222 2496 4280 personae
2531 4205 2682 4260 illius
2724 4205 3017 4271 oﬁ‘errent;
3059 4203 3188 4275 quia
3233 4201 3358 4258 ideo
3396 4204 3671 4261 noluisset
3707 4206 3838 4263 acci-

2253 4310 2399 4367 pere,
2443 4291 2573 4365 quia
2614 4291 2799 4347 minus
2843 4306 3005 4363 quam
3043 4289 3273 4362 dignum
3309 4298 3443 4357 erat,
3486 4291 3834 4350 offerebatur.

2253 4382 2409 4452 Quod
2439 4381 2802 4453 compositum
2832 4380 3082 4452 Apostoli
3111 4380 3310 4437 astutia
3337 4379 3751 4452 intelligerent;
3783 4390 3839 4437 ut

2256 4469 2402 4544 quod
2429 4470 2558 4541 egit,
2593 4484 2704 4523 non
2746 4484 2843 4541 per
2875 4474 3272 4541 contemptum,
3302 4466 3396 4522 sed
3425 4483 3524 4540 per
3550 4471 3835 4527 avaritiam

2256 4560 2425 4633 egisse
2452 4556 2791 4632 probaretur.

2325 4658 2508 4729 (Vers.
2538 4656 2651 4726 18.)
2699 4681 2717 4702 ι
2747 4655 2951 4726 Rogavi
2982 4653 3187 4721 Titum,
3217 4660 3271 4708 et
3296 4654 3423 4709 misi
3451 4670 3582 4711 cum
3611 4657 3715 4713 illo
3738 4658 3837 4714 fra-

2250 4754 2411 4803 trem.
2442 4744 2724 4817 Numquid
2774 4759 2971 4799 avarus
3012 4743 3072 4798 in
3113 4758 3211 4797 vos
3250 4742 3359 4797 fuit
3394 4742 3602 4800 Titus?
3650 4747 3838 4802 Nonne

2248 4834 2439 4891 eodem
2486 4832 2684 4906 spiritu
2724 4830 3172 4887 ambulavimus?
3218 4845 3401 4886 nonne
3433 4830 3629 4888 iisdem
3666 4834 3839 4890 vesti-

2249 4922 2394 4995 giis?
2422 4948 2440 4970 ι
2481 4922 2751 4994 Apertum
2778 4930 2860 4978 est
2888 4920 3017 4994 quia
3046 4919 3264 4991 quando
3288 4920 3357 4976 ab
3387 4920 3457 4976 iis
3487 4937 3630 4994 quos
3661 4923 3835 4988 misit,

2248 5011 2390 5067 nihil
2430 5011 2539 5066 tale
2576 5008 2787 5068 dictum
2826 5016 2921 5065 aut
2953 5008 3159 5065 factum
3190 5015 3302 5075 est;
3337 5023 3449 5064 una
3494 5025 3694 5066 eorum
3723 5026 3838 5067 sen-

2243 5224 2331 5280 illi
2372 5223 2699 5278 insultautur
2744 5222 2982 5277 habuisse
3016 5219 3274 5288 condigna
3321 5219 3522 5274 cateris
3567 5221 3837 5286 Ecclesiis,

2246 5294 2438 5350 dicente
2466 5294 2689 5350 Domino
2723 5312 2734 5348 :
2765 5293 2968 5363 Dignus
2991 5299 3067 5347 est
3093 5289 3229 5363 euim
3262 5290 3566 5363 operarius,
3597 5299 3708 5347 etc.

2480 5366 2636 5446 Rom.
2662 5359 3064 5446 .edit.,:injuria.
3108 5359 3299 5429 dignus
3322 5376 3459 5427 sum,
3499 5362 3714 5429 donate,
3746 5363 3840 5416 in—

2243 5432 2379 5506 quit,
2409 5432 2501 5490 hoc
2528 5441 2622 5500 est,
2651 5433 2894 5504 ignoscite
2928 5432 3083 5506 iui/ii.

2319 5505 2435 5579 (31)
2488 5506 2569 5559 Ita
2607 5500 2737 5560 mss.
2782 5511 2854 5579 at_
2884 5503 3039 5571 edit.,
3088 5507 3316 5579 excepto
3345 5500 3837 5579 cog._Corb.,_ubi

2244 5573 2476 5631 habetur
2524 5591 2629 5628 non
2665 5574 2939 5644 pecuniam
2993 5575 3303 5643 reputaret;
3352 5573 3429 5627 et'
3466 5574 3626 5631 Rom.
3676 5573 3837 5643 edit.,

2243 5645 2363 5714 ubi,
2395 5646 2484 5701 sed
2508 5660 2699 5699 munus
2725 5644 3022 5715 indignum,
3043 5648 3146 5698 etc.
