3952 6202
186 252 289 311 353

1238 254 1715 312 COMMENT.-1N
1751 254 1969 315 EPIST.
2010 255 2059 313 ll
2096 255 2192 312 AD
2230 252 2385 315 C08.

3363 257 3465 321 334

184 376 349 434 tentia
375 376 637 449 probatur
690 377 750 434 in
791 376 964 444 bono,
1009 377 1234 436 exclusa
1277 379 1588 451 suspicione
1629 396 1770 436 ava-
1797 383 1851 442 Α
1882 390 2016 438 runt
2045 382 2443 452 paenitentiam,
2472 384 2613 442 sicut
2642 384 2862 459 quidam
2893 400 3028 459 quos
3056 385 3327 458 signiﬁcat
3350 403 3461 442 non

187 465 340 522 ritim.

252 557 431 628 (Vera.
465 560 582 631 19.)
626 583 647 607 ι
674 561 877 616 Iterum
902 559 1107 632 putatis
1135 558 1282 632 quod
1310 574 1632 615 excusemus
1675 575 1776 615 nos

184 646 323 718 apud
353 648 493 705 vos?
520 673 541 697 ι
592 649 710 705 Hoc
746 656 847 716 est,
880 648 1026 721 quod
1083 647 1220 703 dicit
1263 664 1278 703 :
1328 647 1473 703 Olim
1523 648 1589 703 de
1617 646 1777 720 nobis

185 733 500 802 dubitastis,
557 736 888 793 arbitrantes
939 736 1055 807 (32)
1111 735 1240 808 quia
1293 752 1404 791 non
1454 736 1778 807 simpliciter

183 839 404 897 agamus
439 826 751 883 vobiscum.
783 827 831 881 A
872 824 1335 898 pseudoapostolis
1389 825 1535 880 enim
1584 825 1780 897 exagi-

183 911 464 981 tabantur,
497 913 627 985 quia
655 914 899 970 volentes
935 912 1232 983 deprzedari
1281 929 1392 978 eos,
1442 913 1777 981 tergiversa-

182 999 336 1055 tione
390 1000 496 1056 hoc
550 1017 704 1072 agere
757 1001 1078 1071 Apostolum
1135 998 1465 1065 asserebant,
1519 1000 1673 1070 quasi
1714 1008 1778 1055 ut

185 1087 314 1157 plus
341 1088 516 1159 possit
543 1089 803 1159 accipere.
850 1110 869 1133 ι
907 1086 1099 1143 Coram
1130 1088 1243 1141 Deo
1292 1086 1350 1140 in
1407 1085 1627 1143 Christo
1683 1088 1777 1142 lo-

181 1172 482 1247 quimur:
540 1177 723 1233 omnia
775 1183 980 1243 autem,
1039 1174 1372 1241 charissimi,
1438 1191 1538 1247 pro
1597 1184 1778 1231 vestra

184 1264 560 1321 aediﬁcatione.
593 1289 611 1311 ι
670 1264 761 1321 Sic
801 1264 955 1335 cupit
1001 1262 1128 1319 illos
1172 1278 1365 1318 verum
1396 1271 1450 1318 et
1477 1262 1615 1318 bene
1641 1278 1778 1317 sen-

190 1353 288 1407 tire
319 1352 383 1409 de
413 1369 491 1421 se,
521 1361 585 1409 ut
612 1360 667 1408 et
693 1353 908 1408 ratione
945 1361 1000 1409 et
1047 1351 1431 1409 testiﬁcatione
1479 1351 1609 1407 satis
1664 1350 1778 1407 illis

184 1438 384 1509 faciat;
437 1441 567 1514 quia
611 1457 725 1497 non
775 1449 840 1497 ut
876 1440 983 1497 sibi
1031 1441 1225 1513 prosit,
1253 1441 1415 1496 talem
1446 1456 1502 1496 se
1539 1438 1774 1513 probet;

181 1528 276 1586 sed
335 1537 397 1586 ut
464 1530 533 1586 ad
588 1530 1011 1587 aediﬁcationem
1061 1546 1249 1586 eorum
1297 1533 1441 1592 207
1494 1527 1773 1601 proﬁciat;

183 1631 245 1681 ut
298 1624 386 1679 vel
443 1626 524 1681 sic
580 1622 821 1682 amorem
880 1627 1102 1682 illorum
1175 1624 1322 1682 circa
1390 1639 1447 1681 se
1496 1629 1775 1696 provocet,

1884 471 2055 542 egisse
2087 471 2227 542 (35),
2256 487 2403 527 nunc
2429 481 2682 544 agerent;
2733 482 2798 530 ut
2840 475 3064 531 veniens
3091 473 3211 531 sine
3238 475 3464 530 tristitia

1885 566 2026 613 esset
2053 574 2177 613 cum
2209 558 2309 614 eis.
2343 559 2477 616 Cum
2509 562 2653 616 enim
2687 562 2823 618 dicit
2855 580 2868 618 :
2910 586 2929 609 ι
2956 563 3027 618 Ει
3056 564 3267 634 lugeam
3310 563 3465 618 mul—

1888 657 1972 705 tos
2000 665 2071 704 ex
2100 649 2188 717 iis,
2206 650 2302 723 qui
2332 659 2455 705 ante
2484 659 2864 722 peccaverunt,
2894 659 2947 708 et
2974 668 3086 708 non
3110 662 3337 726 egerunt
3355 669 3463 725 pce-

1888 736 2195 805 nitentiam,
2225 762 2243 784 ι
2308 737 2501 810 probat
2551 737 2814 811 quosdam
2859 755 2929 794 ex
2959 739 3047 795 his
3073 740 3242 812 egisse
3280 741 3465 812 poeni-

1888 825 2138 893 tentiam,
2207 824 2471 899 quosdam
2527 840 2638 880 non
2707 824 2896 897 egisse.
2957 824 3116 891 Quod
3164 827 3465 883 Novatiano

1888 912 2175 969 adversum
2242 922 2345 981 est,
2403 913 2497 986 qui
2548 913 2687 970 dicit
2737 912 3096 968 fornicatores
3151 927 3263 967 non
3317 928 3470 983 posse

1887 1017 2139 1074 peragere
2202 1001 2600 1073 paenitentiam,
2664 1008 2719 1056 et
2772 1000 2943 1073 recipi
3005 1000 3066 1055 in
3119 999 3471 1056 communio-

1888 1106 2033 1145 nem.
2092 1091 2193 1145 llic
2246 1089 2440 1161 probat
2502 1088 2791 1161 peregisse,
2861 1104 2925 1144 ac
2996 1104 3091 1160 per
3165 1087 3273 1143 hoc
3332 1101 3472 1142 rece-

1887 1186 2009 1250 ptos
2036 1194 2152 1233 esse
2180 1177 2238 1232 in
2267 1194 2396 1249 pace
2424 1176 2701 1233 Ecclesiae.
2744 1178 2876 1232 Tres
2927 1193 3053 1247 ergo
3102 1176 3305 1231 formas
3352 1190 3473 1246 pec-

1886 1278 2131 1325 catorum
2148 1268 2359 1340 probat,
2374 1285 2499 1325 cum
2517 1267 2961 1335 fornicationem,
2977 1275 3031 1323 et
3047 1264 3470 1338 impudicitiam,

1888 1364 1941 1413 et
1967 1358 2378 1413 immunditiam
2412 1357 2678 1413 nominat.

2488 1506 2713 1564 CAPUT
2742 1505 2893 1561 XIII.

1959 1636 2141 1709 (Vers.
2184 1636 2263 1706 1.)
2326 1658 2346 1683 ι
2374 1632 2617 1690 Tertium
2652 1634 2759 1690 hoc
2801 1631 2965 1687 venio
2992 1629 3061 1685 ad
3090 1646 3206 1685 vos.
3240 1654 3259 1675 ι
3309 1629 3472 1699 Supe-

179 1711 319 1769 dum
364 1730 477 1770 non
507 1723 696 1787 gravat
740 1730 959 1771 censum
1008 1715 1230 1769 illorum
1287 1721 1342 1769 Et
1393 1713 1768 1771 auctoritatem
1797 1728 1846 1788 B
1882 1724 1998 1779 rius
2026 1729 2389 1795 praparatum
2430 1737 2488 1777 se
2516 1720 2680 1788 dixit,
2727 1735 2879 1775 nunc
2922 1717 3035 1789 jam
3070 1723 3364 1771 venturum
3402 1712 3472 1770 si.

180 1802 470 1872 potestatis
530 1802 589 1857 in
644 1801 934 1873 arguendis
968 1801 1124 1856 vitiis
1179 1817 1290 1856 non
1343 1800 1591 1857 inclinat.
1643 1799 1772 1855 Sine

179 1889 354 1946 dubio
381 1889 528 1946 enim
559 1891 778 1961 prodest
806 1890 876 1958 ei,
909 1890 1004 1962 qui
1033 1890 1348 1962 corripitur,
1381 1897 1442 1945 ut
1472 1888 1723 1945 emendet
1755 1904 1768 1943 :

179 1979 228 2034 si
256 1978 581 2051 praepositus
608 1978 732 2034 ideo
760 1979 942 2035 oblata
978 1979 1201 2048 refutet,
1247 1986 1310 2034 ut
1348 1978 1517 2035 libere
1559 1986 1769 2050 arguat.

254 2068 439 2139 (Vers.
471 2067 588 2138 20.)
635 2093 655 2115 ι
683 2068 872 2122 Timeo
900 2066 1069 2134 enim,
1098 2082 1189 2133 ne,
1237 2081 1364 2122 cum
1411 2082 1630 2135 venero,
1661 2081 1774 2122 non

180 2158 373 2229 quales
401 2156 557 2223 volo,
607 2154 889 2209 inveniam
922 2171 1038 2209 vos.
1068 2178 1089 2201 ι
1139 2153 1409 2220 Quoniam
1438 2170 1550 2209 non
1588 2169 1777 2210 omnes

177 2244 371 2300 adhuc
400 2259 539 2315 quos
568 2241 625 2296 in
656 2241 834 2313 prima
862 2239 1092 2312 epistola
1128 2240 1395 2311 corripuit
1442 2242 1779 2296 emendave-

177 2342 308 2391 rant
338 2350 417 2400 se,
446 2332 505 2387 in
535 2331 738 2404 quibus
781 2330 1000 2385 fuerant
1057 2328 1212 2384 vitiis
1265 2328 1615 2400 reprehensi;
1658 2328 1782 2383 ideo

179 2440 309 2479 cum
341 2419 666 2477 auctoritate
695 2419 819 2473 vult
864 2416 1041 2472 videri
1091 2416 1271 2472 iturus
1312 2416 1379 2472 ad
1410 2416 1555 2484 illos,
1591 2422 1652 2471 ut
1680 2422 1783 2470 ter-

180 2511 279 2568 riti
316 2510 666 2581 corrigantur
688 2526 702 2574 ;
724 2514 788 2563 ut
821 2506 951 2561 tales
977 2505 1105 2560 illos
1132 2504 1400 2571 inveniat,
1425 2505 1611 2577 quales
1639 2503 1781 2559 vult.

194 2623 213 2643 ε
244 2599 320 2654 Et
355 2613 454 2668 ego
500 2594 753 2650 inveniar
803 2609 834 2648 a
881 2591 1059 2659 vobis,
1110 2608 1222 2648 non
1266 2592 1481 2665 qualem
1527 2591 1716 2647 vultis.
1750 2614 1772 2640 ι

182 2685 302 2741 Hoc
334 2683 491 2749 dicit,
520 2689 584 2737 ut
626 2683 762 2737 tales
807 2696 863 2737 se
907 2680 1203 2752 praebeant,
1260 2686 1322 2734 ut
1368 2678 1661 2735 conveniat
1707 2678 1786 2734 eis

178 2788 313 2828 cum
348 2770 632 2858 Apostolo,
677 2775 742 2824 ut
788 2767 1023 2824 invicem
1080 2766 1455 2858 congaudeant
1507 2766 1633 2822 sibi.
1686 2768 1784 2823 Ille

177 2859 344 2914 enim
376 2856 595 2912 invenit
644 2857 898 2929 aliquem,
947 2859 1162 2930 qualem
1201 2873 1313 2913 non
1366 2856 1518 2925 vult,
1580 2856 1675 2929 qui
1729 2872 1788 2912 se

180 2947 356 3002 talem
412 2944 566 3012 facit,
609 2951 669 2999 ut
714 2944 986 3001 discordet
1035 2945 1103 3001 ab
1159 2944 1277 3002 illo.
1322 2968 1341 2991 ι
1369 2946 1446 3001 Ne
1488 2945 1629 3000 forte
1676 2944 1791 3008 sint

180 3034 335 3091 inter
365 3049 466 3090 vos
500 3035 898 3101 contentiones,
947 3033 1343 3102 aemulationes,
1390 3032 1784 3115 animositates,
1819 3070 1867 3131 G

178 3122 579 3190 dissensiones,
625 3120 1009 3189 detractiones,
1051 3121 1471 3187 susurrationes,
1524 3128 1784 3187 tumores,

177 3211 508 3268 seditiones.
540 3235 560 3260 ν
601 3209 760 3266 Nunc
805 3226 1016 3266 errores
1058 3216 1345 3276 memorat,
1394 3225 1531 3281 quos
1577 3208 1634 3263 in
1685 3224 1788 3265 su—

178 3301 405 3375 periore
423 3299 654 3375 epistola
682 3298 1068 3370 reprehendit;
1125 3297 1344 3371 quando
1397 3297 1643 3370 personis
1698 3297 1789 3355 de-

177 3389 448 3457 ferentes,
476 3397 531 3445 et
558 3388 792 3443 alterum
822 3385 982 3441 alteri
1028 3392 1407 3459 praeponentes
1453 3384 1791 3441 dissidebant

176 3475 247 3534 ab
274 3477 543 3533 invicem.

251 3566 449 3637 (Vers.
480 3563 596 3637 21.)
645 3588 664 3612 ι
692 3565 770 3620 Ne
817 3562 1039 3630 iterum,
1087 3577 1214 3618 cum
1264 3576 1488 3628 venero,
1532 3559 1789 3617 humiliet

174 3666 266 3708 me
293 3654 448 3708 Deus
476 3650 621 3724 apud
663 3667 780 3719 vos,
830 3658 883 3705 et
926 3650 1137 3721 lugeam
1195 3649 1401 3703 multos
1455 3663 1524 3702 ex
1575 3648 1644 3703 iis
1692 3660 1788 3719 qui

175 3748 309 3796 ante
371 3747 753 3813 peccaverunt,
813 3745 867 3794 et
929 3754 1039 3793 non
1114 3744 1340 3809 egerunt
1408 3735 1786 3808 paenitentiam

174 3844 346 3903 super
381 3826 756 3895 immunditia,
788 3833 843 3882 et
888 3826 1272 3894 fornicatione,
1322 3832 1376 3880 et
1418 3822 1786 3897 impudicitia,

174 3932 347 3991 quam
410 3923 714 3987 gesserunt.
745 3939 765 3962 ι
826 3914 943 3969 Hoc
999 3919 1321 3986 praemonet,
1381 3917 1443 3965 ut
1495 3926 1607 3966 non
1660 3910 1789 3965 illos

171 4007 320 4063 tales
349 4004 621 4072 inveniat,
672 4002 860 4077 quales
901 4001 1109 4057 dudum
1157 4002 1443 4057 invenerat
1470 4015 1596 4055 cum
1636 3996 1789 4054 vitiis

172 4093 428 4152 diversis
461 4108 688 4165 operum
746 4089 1183 4156 immundorum,
1231 4087 1321 4143 vel
1386 4086 1558 4158 magis
1612 4084 1789 4142 nomi-

172 4198 355 4250 num;
423 4179 555 4252 quia
609 4192 771 4232 omne
796 4192 933 4246 opus
961 4176 1079 4229 sine
1116 4173 1348 4231 crimine
1393 4183 1475 4229 est
1508 4172 1649 4243 (33),
1695 4172 1791 4229 sed

176 4264 630 4327 inordinationis
684 4278 885 4317 nomen
924 4261 1065 4317 facit
1106 4261 1335 4316 crimen.
1368 4259 1520 4314 Tunc
1546 4259 1691 4313 enim
1712 4266 1794 4316 est

175 4359 480 4423 illicitum,
515 4368 641 4409 cum
672 4350 831 4405 aliter
857 4350 921 4404 ﬁt
969 4364 1130 4419 quam
1171 4362 1488 4403 concessum
1532 4353 1632 4402 est.
1676 4347 1792 4403 Illis

173 4469 307 4525 ergo
338 4444 728 4523 peccantibus,
761 4458 817 4497 se
848 4439 1130 4497 humiliari
1180 4438 1353 4505 dicit;
1402 4436 1530 4511 quia
1575 4437 1791 4511 incipit,

174 4550 239 4596 ut
269 4539 410 4613 pius
444 4543 616 4608 pater,
648 4537 869 4604 peccata
915 4527 1156 4584 ﬁliorum
1183 4525 1400 4583 deﬂere.
1457 4526 1591 4593 Quis
1636 4527 1782 4582 enim

175 4640 339 4704 pater
369 4645 487 4687 non
518 4625 770 4699 gaudeat,
801 4624 938 4680 bene
960 4621 1246 4694 agentibus
1266 4621 1396 4676 ﬁliis
1412 4622 1441 4676 ἲ
1465 4620 1555 4676 Sic
1582 4620 1784 4677 iterum

177 4733 414 4776 necesse
449 4725 531 4772 est
560 4717 763 4787 lugeat,
804 4714 851 4770 si
898 4728 1062 4785 prave
1117 4718 1404 4766 versentur
1462 4709 1601 4781 (34).
1656 4707 1786 4765 Ideo

176 4809 472 4874 admonet,
524 4814 585 4862 ut
638 4804 685 4860 si
738 4804 831 4877 qui
883 4801 1278 4875 praeteritarum
1336 4799 1785 4867 fornicationum,

174 4905 277 4956 aut
308 4895 547 4954 alterius
598 4892 965 4950 immunditiae
1015 4892 1103 4949 vel
1142 4889 1501 4963 impudicitiae
1530 4904 1641 4945 non
1671 4901 1788 4958 ege-

253 5134 386 5207 (32)
432 5130 619 5190 Codex
647 5128 840 5198 Laud,
889 5128 1141 5185 dubitatis
1184 5127 1326 5199 quod
1379 5138 1616 5181 excusem
1652 5120 1794 5178 urbi.

1882 1811 2121 1885 gniﬁcat.
2167 1833 2187 1857 ε
2216 1810 2279 1865 In
2309 1824 2405 1865 ore
2433 1808 2667 1864 duorum
2696 1806 2784 1862 vel
2815 1806 2986 1861 trium
3034 1805 3259 1860 testium
3307 1800 3474 1859 stabit

1882 1917 2041 1957 omne
2070 1898 2321 1955 verbum.
2355 1921 2374 1944 ι
2419 1896 2536 1953 Hoc
2562 1893 2867 1953 secundum
2909 1893 3081 1965 legem
3108 1891 3256 1947 dixit
3287 1890 3468 1959 (Deut.

1882 2005 2003 2054 xxx,
2035 1988 2146 2059 15),
2190 1993 2249 2042 ut
2274 1985 2475 2057 aliquis
2524 1983 2739 2041 duobus
2767 1991 2863 2039 aut
2891 1980 3070 2037 tribus
3097 1978 3348 2046 testibus,
3378 1985 3473 2033 aut

1884 2083 2163 2148 purgetur,
2191 2081 2286 2129 aut
2313 2073 2732 2129 condemnetur:
2768 2071 2849 2127 ita
2872 2076 2927 2125 et
2954 2068 3012 2124 hi
3040 2069 3205 2124 tertio
3234 2066 3472 2123 adventu

1885 2164 2155 2236 Apostoli,
2185 2170 2248 2217 ut
2276 2162 2490 2234 purgati
2519 2161 2895 2227 inveniantur,
2921 2165 3253 2216 commonet.

1959 2253 2139 2323 (Vers.
2162 2252 2242 2320 2.)
2289 2276 2307 2298 ι
2348 2250 2585 2306 Praedixi
2613 2249 2762 2306 enim
2791 2256 2846 2303 et
2875 2247 3130 2319 praedico,
3160 2255 3222 2302 ut
3240 2261 3474 2317 praesens

1891 2339 2128 2396 secundo
2187 2338 2447 2405 adventu,
2510 2345 2565 2393 et
2619 2338 2814 2393 absens
2846 2350 2996 2391 nunc
3041 2335 3221 2391 scribo
3271 2334 3340 2388 iis
3379 2332 3474 2405 qui

1894 2434 2018 2482 ante
2045 2434 2426 2497 peccaverunt,
2479 2432 2536 2481 et
2590 2424 2800 2480 caeteris
2846 2420 3122 2488 omnibus,
3153 2422 3282 2494 quia
3310 2421 3355 2475 si
3384 2436 3474 2474 ve-

1894 2530 2026 2570 nero
2085 2513 2309 2577 iterum,
2364 2526 2477 2566 non
2528 2525 2768 2582 parcam.
2798 2532 2818 2555 ι
2891 2508 3107 2563 Pridem
3163 2523 3220 2563 se
3272 2506 3477 2562 dixisse

1895 2601 2168 2674 signiﬁcat
2219 2606 2563 2672 praesentem,
2615 2604 2677 2652 ut
2716 2594 3052 2666 corrigerent
3093 2609 3181 2659 se;
3238 2609 3307 2648 ne
3352 2609 3477 2649 cum

1895 2691 2102 2765 pudore
2157 2690 2592 2759 corriperentur;
2644 2692 2700 2741 et
2749 2697 2899 2739 nunc
2952 2681 3151 2737 iterum
3203 2680 3477 2737 absentem

1896 2794 1952 2835 se
2006 2777 2195 2834 eadem
2256 2775 2435 2831 dicere
2486 2777 2854 2836 contestatur;
2894 2777 2957 2824 ut
3012 2777 3134 2841 post
3186 2766 3476 2825 secundam

1896 2866 2315 2939 correptionem,
2348 2862 2394 2919 si
2449 2878 2505 2918 se
2550 2877 2661 2917 non
2708 2858 3139 2926 emendaverint,
3201 2856 3348 2929 parci
3401 2855 3479 2911 eis

1897 2972 2008 3013 non
2034 2954 2249 3011 debeat.-

1969 3043 2150 3115 (Vers.
2179 3041 2267 3113 3.)
2310 3063 2329 3086 ι
2349 3037 2633 3107 Quomodo
2651 3035 3030 3110 probationem
3058 3031 3303 3106 quaeritis
3320 3030 3476 3102 .ejus,

1897 3132 1991 3207 qui
2020 3132 2079 3188 in
2106 3145 2194 3186 me
2222 3129 2485 3201 loquitur,
2527 3124 2859 3184 Christus‘h
2918 3120 3303 3177 Probationem
3336 3135 3478 3191 quae-

1896 3230 2027 3280 runt
2055 3219 2259 3278 Christi
2288 3215 2562 3289 loquentis
2597 3213 2657 3268 in
2707 3210 2993 3283 Apostolo,
3022 3209 3153 3265 dum
3201 3207 3482 3280 praeceptis

1899 3326 2011 3367 non
2043 3307 2331 3374 obediunt,
2364 3303 2610 3359 volentes
2646 3297 2897 3373 probare,
2928 3296 2977 3353 si
3003 3294 3148 3351 ausit
3173 3293 3478 3361 vindicari;

1899 3404 1962 3454 ut
1989 3411 2084 3468 per
2112 3393 2169 3449 id
2197 3391 2537 3463 intelligatur
2579 3402 2693 3444 esse
2718 3384 2844 3441 ﬁdae
2874 3381 3214 3440 auctoritatis
3241 3378 3380 3451 (36),
3420 3386 3483 3436 ut

1899 3486 1967 3542 de
1990 3491 2186 3541 caetero
2212 3483 2491 3538 timeatur.
2536 3475 2642 3544 Qui
2675 3473 2822 3531 enim
2862 3470 3180 3543 magistrum
3226 3475 3482 3524 contem—

1898 3574 2003 3641 nit,
2032 3569 2309 3628 emendari
2336 3584 2393 3625 se
2426 3564 2637 3640 quaerit.
2701 3586 2721 3610 ι
2752 3561 2859 3629 Qui
2889 3560 2948 3615 in
2978 3556 3136 3615 vobis
3178 3573 3290 3614 non
3329 3556 3480 3613 inﬁr-

1899 3668 2097 3727 matur,
2130 3658 2223 3715 sed
2254 3664 2447 3731 potens
2475 3661 2555 3710 est
2582 3652 2641 3708 in
2669 3649 2848 3707 vobis.
2880 3674 2900 3697 ι
2942 3648 3141 3704 Potens
3167 3654 3249 3702 est
3295 3645 3353 3701 in
3392 3645 3481 3702 his

1899 3748 2181 3816 Christus;
2223 3747 2351 3820 quia
2385 3743 2645 3800 viderunt
2700 3739 2757 3795 in
2810 3736 3032 3793 nomine
3070 3734 3186 3805 ejus
3238 3740 3483 3788 mortuos

1898 3837 2184 3905 excitatos,
2256 3834 2530 3891 daemones
2590 3830 2824 3899 fugatos,
2888 3821 3219 3895 paralyticos
3271 3834 3483 3874 conva-

1900 3928 2087 3996 luisse,
2107 3925 2301 3982 surdos
2318 3923 2556 3987 audisse,
2576 3917 2746 3974 mutis
2765 3912 3043 3969 redditum
3073 3910 3316 3977 effatum,
3337 3908 3483 3965 clau-

1900 4017 1999 4074 dos
2026 4014 2352 4080 cucurrisse,
2381 4025 2553 4067 caecos
2598 4002 2971 4063 vidisse.ch
3025 3999 3211 4056 omnia
3261 3997 3485 4055 virtutis

1901 4112 2051 4171 sunt,
2074 4117 2188 4157 non
2216 4094 2553 4155 inﬁrmitatis
2584 4110 2598 4153 :
2632 4092 2867 4165 denique
2909 4089 3013 4145 hac
3060 4105 3222 4147 causa
3266 4086 3480 4145 attracti

1900 4194 1970 4251 ad
1997 4191 2161 4248 ﬁdem
2188 4195 2337 4245 sunt.

1974 4281 2155 4354 (Vers.
2186 4277 2268 4352 ι.)
2299 4300 2317 4324 ι
2336 4276 2473 4334 Nam
2491 4272 2593 4331 etsi
2610 4270 2911 4330 cruciﬁxus
2933 4275 3035 4337 est,
3074 4283 3143 4322 ex
3163 4265 3484 4354 inﬁrmitate

1901 4375 2106 4438 nostra,
2137 4366 2230 4425 sed
2259 4365 2402 4421 vivit
2425 4379 2495 4420 ex
2530 4360 2738 4419 virtute
2767 4360 2887 4417 Dei.
2919 4384 2938 4408 ν
2990 4356 3196 4414 Verum
3226 4362 3326 4422 est,
3355 4353 3485 4425 quia

1901 4464 2120 4530 propter
2146 4460 2365 4529 peccata
2400 4458 2586 4508 nostra
2629 4447 2927 4507 cruciﬁxus
2973 4451 3054 4499 est
3104 4440 3387 4530 Christus;
3423 4446 3486 4494 ut

1896 4525 2125 4601 mortem
2147 4525 2476 4609 -destruens,
2523 4539 2803 4596 credentes
2854 4532 2961 4589 sibi
3020 4530 3276 4586 liberaret
3302 4525 3371 4579 ab
3400 4539 3480 4579 ea.

1896 4633 2166 4690 Inﬁrmari
2196 4649 2322 4705 ergo
2349 4647 2406 4686 se
2434 4644 2622 4701 passus
2650 4632 2733 4682 est
2773 4627 2992 4695 propter
3044 4634 3163 4684 nos,
3183 4622 3276 4705 _ut_
3329 4625 3486 4705 mor-

1895 4729 2006 4780 tem
2037 4698 2283 4779 vinceret
2327 4698 2505 4773 nobis.
2542 4711 2884 4771 Descendens
2933 4705 3081 4761 enim
3136 4702 3205 4757 ad
3260 4698 3484 4770 inferos,

1899 4811 1994 4883 qui
2032 4809 2261 4864 omnino
2298 4811 2580 4875 peccatum
2637 4796 2931 4859 nesciebat,
2976 4799 3027 4846 et
3056 4786 3228 4883 quasi-
3240 4793 3487 4858 peccator

1900 4876 2133 4968 occisus,
2161 4888 2591 4963 chirographum
2643 4883 2778 4942 Adm
2818 4878 3066 4943 delevit;
3110 4883 3173 4931 ut
3198 4876 3266 4931 de
3294 4881 3487 4934 caetero

1977 5113 2093 5187 (36)
2118 5111 2246 5169 Mss-
2270 5105 2499 5187 aliquot»
2533 5115 2641 5187 et“
2683 5097 2806 5169 βάεε
2843 5086 3483 5187 ““€£°"if‘:fff;..§ﬁ€!“ﬁ'1“

1906 5157 2092 5243 animi;
2116 5157 2619 5243 edit.
2661 5157 2973 5243 reposuerat
3009 5157 3332 5243 magistrum
3360 5174 3492 5243 cep.

180 5213 419 5271 (rantes,
451 5211 556 5260 etc.

252 5262 529 5347 (33)'Ms.
577 5271 765 5341 Corb.,
795 5272 919 5342 quia
970 5288 1117 5327 omne
1156 5287 1286 5342 opus
1326 5268 1516 5324 bonum
1542 5266 1653 5321 sine
1679 5262 1798 5319 cri-

175 5347 324 5403 mine
355 5352 455 5403 est.

279 5418 383 5489 34)
422 5416 569 5473 Idem
600 5410 775 5470 codex
804 5412 990 5481 Corb.,
1022 5414 1072 5468 si
1094 5412 1487 5485 pervertuntur.

253 5422 386 5562 €35)
420 5488 549 5562 _Vet.
578 5485 714 5541 edit.
758 5500 881 5541 cum
929 5500 1058 5540 mss.
1091 5500 1204 5541 non
1233 5481 1441 5554 paucis,
1470 5497 1487 5549 ς

422 5472 549 5543 vet.
578 5485 714 5541 edit.
758 5500 881 5541 cum
929 5472 1058 5540 m'ss.
1091 5472 1204 5541 non
1233 5481 1441 5554 paucis,
1470 5494 1600 5550 quos
1628 5472 1803 5547 sig-ni-

176 5558 311 5632 [icdt
336 5558 529 5631 egisse.

2120 5228 2450 5321 éiﬁiim’d’am
2478 5228 2794 5321 Paris.,_.&d
2832 5228 3494 5321 megisti‘upntﬂc‘pntfpag;

1908 5269 2089 5321 tendit,
2120 5269 2174 5309 et
2241 5269 2450 5304 uaeuaun
2478 5269 2675 5309 rans.,
2722 5269 2794 5294 uu
2835 5269 3144 5313 ιηιιυιτνικ...
3200 5269 3491 5292 ν-...-...,,,,

1907 5328 2005 5384 ubi
2030 5328 2140 5379 vet.
2174 5269 2307 5378 edit.
2337 5332 2400 5372 ac
2427 5331 2556 5371 mss.
2588 5309 2805 5384 melius,
2862 5312 2955 5383 ut.
2979 5318 3037 5357 in
3090 5295 3497 5384 textu:_lnter:

1909 5366 2403 5477 iii'étifiiipiﬁ'vero
2459 5366 2747 5447 emendari,
2790 5366 2961 5449 'quasi
3017 5373 3162 5425 esset
3208 5366 3412 5438 corripi
3446 5372 3501 5423 et

1908 5474 2182 5539 castigari.
