3908 6192
446 355 558 417 388

1478 343 1575 398 AD
1601 339 1834 397 OPERA
1869 339 1924 394 S.
1966 333 2297 394 AMBROSII
2335 328 2711 388 APPENDIX.

3632 318 3747 382 386

445 473 690 537 defuncti
714 469 816 530 sub
842 470 961 544 ejus
988 466 1231 536 nomine,
1264 470 1408 530 208
1436 481 1467 523 a
1506 472 1678 521 morte
1716 478 1826 518 non
1866 470 2027 517 tene-
2138 468 2302 515 testas
2348 474 2459 513 non
2501 464 2582 512 est
2625 455 2749 510 data
2795 460 2987 508 contra
3038 449 3342 517 veritatem,
3388 456 3455 505 ut
3503 460 3746 521 arguam

445 583 656 640 rentur,
719 568 814 628 sed
869 567 1132 625 haberent
1186 563 1448 620 ﬁduciam
1505 559 1670 615 eundi
1726 558 1794 614 ad
1846 560 2031 614 coales-

445 665 673 735 Propter
702 657 1082 717 inﬁrmitatem
1131 670 1257 725 ergo
1288 660 1531 708 nostram
1583 648 1794 704 occisus
1830 648 2036 702 revixit

445 758 652 815 virtute
682 754 858 813 Patris
882 772 896 821 ;
926 759 988 808 ut
1016 748 1304 819 discipulis
1342 745 1599 818 probaret
1627 760 1746 816 quae
1778 742 2034 798 docuerat

447 863 563 903 esse
614 860 762 910 vera,
819 839 1070 910 exemplo
1124 837 1184 891 in
1229 851 1285 890 se
1342 841 1578 890 ostenso.
1642 856 1660 878 ι
1686 832 1902 887 Etenim
1934 845 2035 885 nos

448 934 796 991 inﬁrmamur
824 929 882 983 in
919 926 1038 983 illo.
1071 948 1090 973 ι
1146 924 1261 981 Hoc
1308 922 1379 979 ad
1434 922 1802 993 apostolorum
1852 934 2034 990 perso-

448 1038 577 1079 nam
636 1017 893 1091 pertinet,
951 1014 1046 1086 qui
1100 1028 1247 1081 eum,
1306 1012 1363 1068 id
1421 1021 1502 1068 est
1549 1010 1847 1073 Christum,
1890 1024 2036 1079 pree-

447 1109 691 1167 dicantes
747 1102 1198 1168 inﬁrmabantur;
1258 1100 1389 1157 dum
1449 1100 1666 1172 injuriis
1720 1097 2035 1170 agebantur,

447 1197 864 1262 claudebantur,
911 1192 1275 1251 caedebantur.
1340 1215 1359 1239 ι
1394 1190 1499 1248 Sed
1535 1190 1775 1245 vivimus
1804 1204 1927 1243 cum
1973 1201 2037 1241 eo

450 1302 519 1344 ex
550 1287 756 1341 virtute
785 1282 883 1339 Dei
914 1296 1039 1353 erga
1066 1297 1184 1337 vos.
1216 1305 1235 1329 ι
1275 1279 1624 1337 Manifestum
1654 1286 1734 1334 est
1760 1277 1887 1349 quia
1928 1274 1971 1329 si
2006 1290 2037 1329 a

450 1373 678 1447 perﬁdis
730 1370 1155 1433 inﬁrmabantur
1208 1368 1351 1440 apud
1405 1368 1725 1424 credentes:
1758 1380 1867 1420 non
1924 1368 2038 1418 erat

451 1462 570 1518 haec
597 1460 911 1526 inﬁrmitas,
946 1458 1038 1513 sed
1070 1457 1377 1528 profectus;
1410 1456 1539 1527 quia
1583 1454 1714 1509 hinc
1756 1451 2039 1524 potentio—

451 1566 536 1606 res
568 1548 709 1604 ﬁunt
748 1547 955 1613 ﬁdeles,
987 1545 1119 1600 dum
1152 1543 1521 1601 inﬁrmantur.
1552 1543 1711 1597 Illata
1745 1556 1870 1610 ergo
1896 1553 2039 1591 mors

450 1656 482 1695 a
503 1636 725 1710 perﬁdis
747 1636 887 1708 (37),
921 1636 1036 1690 vita
1056 1641 1137 1690 est
1166 1649 1291 1706 erga
1317 1634 1634 1699 credentes;
1669 1631 1871 1687 virtute
1891 1630 2038 1685 enim

450 1726 552 1783 Dei
580 1732 884 1795 resurgant,
913 1730 976 1779 ut
1004 1722 1197 1779 vivant
1228 1737 1355 1779 cum
1384 1720 1624 1778 Christo.

2142 555 2279 609 bene
2308 553 2586 607 viventem
2621 566 2632 604 :
2682 548 2773 603 sed
2822 563 2919 618 pro
2968 545 3213 611 veritate,
3249 550 3310 599 ut
3354 543 3647 599 vindicent
3680 543 3743 600 in

2144 658 2267 697 eum
2299 641 2394 712 qui
2439 638 2698 694 inimicus
2751 643 2831 690 est
2876 632 3029 704 legis.
3071 632 3307 702 Ideoque
3351 631 3591 687 cessabit
3646 647 3741 704 po-

2144 743 2329 803 testas,
2360 735 2405 791 si
2458 734 2605 806 quod
2654 732 2859 788 bonum
2915 735 2995 785 est
3050 727 3299 783 fecerint.
3355 725 3517 783 Unde
3561 736 3619 783 et
3674 728 3741 784 ad

2144 826 2416 883 Romanos
2444 826 2521 879 ait
2554 840 2566 877 :
2628 845 2649 869 σ
2676 822 2775 879 Vis
2827 837 2938 875 non
2984 819 3178 874 timere
3225 823 3547 888 potestatem
3571 817 3602 872 ?
3626 818 3742 872 Bo—

2145 935 2278 974 num
2304 918 2410 985 fac,
2438 923 2491 971 et
2522 914 2746 970 habebis
2776 913 2991 969 laudem
3023 926 3091 965 ex
3122 912 3219 966 illa
3248 910 3425 981 (Rom.
3458 927 3589 980 xm,
3608 910 3688 982 3).
3710 935 3730 959 ι

2146 1007 2283 1067 Cum
2339 1023 2466 1079 ergo
2517 1021 2628 1060 non
2670 1005 2830 1059 timet
2876 1002 3084 1058 bonum
3132 999 3431 1073 operando,
3481 1009 3743 1058 evacuata

2146 1105 2227 1153 est
2283 1095 2430 1168 apud
2478 1110 2601 1150 eum
2646 1100 2923 1166 potestas;
2969 1090 3074 1146 hoc
3108 1097 3189 1145 est
3244 1089 3397 1163 quasi
3450 1089 3739 1162 reprobum

2148 1201 2292 1252 esse;
2327 1184 2455 1256 quia
2487 1182 2593 1239 hoc
2632 1182 2691 1237 in
2738 1197 2803 1237 eo
2849 1187 3039 1249 cessat,
3090 1177 3236 1235 unde
3282 1178 3547 1251 probatur
3597 1186 3742 1253 pote-

2148 1283 2275 1332 stas.

2220 1365 2401 1439 (Vers.
2437 1364 2518 1434 9.)
2558 1387 2575 1409 ι
2602 1361 2913 1419 Gaudemus
2957 1361 3127 1429 enim,
3172 1376 3300 1415 cum
3358 1375 3459 1414 nos
3502 1357 3741 1417 inﬁrma-

2148 1467 2309 1519 mur;
2343 1469 2440 1507 vos
2468 1459 2648 1507 autem
2688 1452 2856 1507 fortes
2904 1450 3053 1505 estis.
3085 1474 3103 1496 ι
3161 1448 3275 1504 Hoc
3321 1454 3404 1504 est
3449 1446 3738 1517 inﬁrmari,

2150 1556 2260 1596 non
2287 1556 2538 1597 exercere
2569 1547 2889 1614 potestatem
2932 1556 2943 1593 :
2992 1537 3095 1593 hos
3139 1544 3321 1593 autem
3369 1544 3522 1611 optat
3581 1537 3743 1594 fortes

2150 1645 2300 1697 esse;
2333 1637 2395 1684 ut
2424 1629 2561 1685 bene
2589 1636 2806 1701 agentes
2836 1627 2974 1682 vitia
3014 1628 3240 1682 vincant
3280 1634 3335 1682 et
3363 1625 3688 1699 prohibeant
3714 1640 3745 1680 a

2150 1735 2209 1774 se
2258 1717 2565 1774 vindictam
2624 1725 2719 1773 aut
2752 1715 3175 1788 correptionem.
3224 1738 3244 1762 ι
3276 1716 3391 1772 Hoc
3427 1721 3483 1771 et
3525 1730 3745 1770 oramus

526 1815 710 1885 (Vera.
739 1812 822 1881 ὃ.)
865 1833 884 1858 ι
915 1810 1027 1867 Vos
1061 1810 1210 1880 ipsos
1258 1815 1485 1875 tentate,
1526 1808 1573 1864 si
1624 1807 1756 1864 estis
1798 1807 1857 1862 in
1896 1806 2039 1861 ﬁde:
2075 1820 2123 1879 Β
2150 1816 2204 1864 et
2238 1816 2477 1863 vestram
2524 1805 3074 1864 consummationem.
3111 1829 3128 1852 ι
3176 1803 3317 1860 Petit
3362 1820 3526 1861 orans
3578 1810 3643 1859 ut
3690 1802 3742 1858 in

452 1902 559 1974 ipsi
589 1918 685 1957 vos
712 1898 952 1971 probate.
976 1921 996 1946 ι
1056 1895 1299 1953 Invicem
1328 1904 1390 1953 ut
1416 1910 1475 1952 se
1500 1896 1695 1952 fratres
1722 1895 2039 1962 discutiant,

453 1988 739 2063 precipit;
769 1984 1121 2043 sollicitiores
1135 1983 1278 2041 ﬁunt
1315 1983 1484 2052 enim,
1515 1984 1561 2039 si
1590 1998 1776 2039 secum
1804 1981 2039 2037 invicem

452 2079 758 2136 conferant.
842 2074 1222 2132 Tentationem
1298 2089 1427 2146 ergo
1481 2072 1624 2133 hanc
1668 2072 2043 2145 probationem

454 2168 635 2224 voluit
654 2165 917 2238 intelligi;
943 2165 1071 2237 quia
1086 2164 1266 2221 omnis
1281 2163 1531 2236 probatio
1550 2162 1779 2219 tentatio
1796 2168 1876 2217 est
1896 2179 1908 2226 ;
1934 2177 2044 2215 non

455 2266 640 2314 tamen
670 2255 851 2314 omnis
876 2254 1110 2311 tentatio
1129 2254 1399 2327 probatio.
1423 2252 1481 2309 Si
1503 2252 1650 2308 enim
1667 2250 1822 2308 Deus
1837 2257 2046 2305 tentare

457 2346 685 2414 dicitur,
717 2345 968 2419 probatio
996 2351 1079 2400 est
1112 2361 1123 2400 :
1157 2343 1205 2399 si
1238 2349 1419 2399 autem
1469 2341 1721 2398 diabolus
1753 2340 1867 2411 (38)
1916 2348 2047 2394 ten-

458 2448 575 2496 tare
612 2438 847 2505 dicatur,
877 2436 1116 2493 tentatio
1141 2443 1261 2503 est;
1292 2434 1423 2508 quia
1457 2439 1699 2489 evertere
1729 2431 1946 2487 nititur.
1978 2430 2050 2483 Et

456 2529 627 2586 homo
652 2526 949 2602 aliquando
985 2532 1182 2593 tentat,
1230 2531 1294 2579 ut
1339 2522 1571 2596 probet;
1628 2520 1943 2592 aliquando,
1987 2524 2049 2572 ut

456 2616 655 2689 capiat.
714 2638 734 2661 ι
782 2616 871 2671 An
910 2628 1024 2669 non
1066 2610 1393 2685 cognoscitis
1441 2625 1558 2675 vos,
1598 2608 1745 2680 quod
1801 2606 2055 2661 Christus

460 2705 617 2762 Iesus
645 2704 704 2759 in
742 2703 902 2760 vobis
929 2709 1031 2769 est,
1060 2700 1169 2763 nisi
1199 2698 1417 2771 reprobi
1457 2697 1637 2754 estis?
1678 2721 1697 2745 ι
1731 2696 1846 2755 Hoc
1895 2694 2049 2760 dicit,

464 2794 595 2865 quia
622 2794 668 2849 si
694 2793 922 2865 probare
950 2807 1048 2847 vos
1078 2790 1317 2846 invicem
1359 2786 1602 2852 nescitis,
1626 2800 1737 2840 non
1775 2782 2053 2854 cognosci-

462 2883 537 2937 tis
589 2884 719 2952 quia
766 2883 920 2936 Jesus
965 2879 1219 2935 Christus
1237 2883 1318 2930 est
1354 2875 1412 2929 in
1442 2874 1618 2940 vobis,
1649 2881 1702 2928 et
1731 2872 1837 2927 hoc
1865 2882 1945 2927 est
1974 2887 2053 2925 re-

461 2968 694 3039 probum
724 2983 861 3034 esse,
909 2965 1121 3020 nescire
1168 2962 1451 3033 religionis
1481 2969 1538 3018 et
1563 2961 1917 3034 professionis
1943 2978 2053 3016 suae

463 3054 650 3108 ﬁdem.
681 3052 789 3120 Qui
829 3052 978 3108 enim
1019 3051 1148 3107 ﬁdei
1184 3066 1297 3108 suae
1328 3064 1546 3105 sensum
1577 3051 1636 3105 in
1664 3049 1825 3105 corde
1869 3048 2052 3116 habet,

475 3145 569 3203 hic
591 3142 694 3201 scit
723 3141 1001 3200 Christum
1026 3141 1211 3197 Iesum
1240 3140 1299 3195 in
1327 3156 1385 3197 se
1409 3155 1542 3196 esse.

536 3232 721 3306 (Vera.
753 3231 838 3305 6.)
881 3255 900 3280 ε
930 3230 1099 3305 Spero
1112 3237 1295 3288 autem
1322 3230 1638 3303 cognituros
1666 3245 1764 3285 vos
1787 3228 1915 3301 quia
1938 3244 2049 3284 non

459 3336 652 3380 sumus
688 3320 927 3401 reprobi.
960 3346 980 3371 ι
1030 3322 1297 3379 Provocat
1326 3335 1418 3376 eos
1465 3320 1533 3376 ad
1571 3318 1852 3378 scientiam
1898 3318 2047 3384 ﬁdei,

456 3421 512 3469 et
539 3418 704 3470 rectae
732 3412 883 3468 vita.
930 3409 1069 3469 Cum
1103 3410 1253 3466 enim
1302 3409 1568 3481 eruperint
1620 3409 1765 3465 scire
1819 3406 2049 3479 apostoli

459 3500 545 3556 sui
580 3507 783 3556 certam
841 3498 1226 3555 auctoritatem
1283 3504 1339 3552 et
1393 3497 1649 3554 meritum
1680 3496 1825 3568 apud
1856 3499 2048 3562 Deum,

458 3595 719 3659 poterunt
747 3595 802 3642 et
828 3585 975 3644 circa
1001 3600 1061 3641 se
1093 3601 1211 3641 esse
1238 3586 1482 3641 solliciti.

531 3683 715 3754 (Vcrs.
755 3682 834 3753 7.)
877 3705 897 3729 ι
926 3681 1036 3738 Oro
1072 3689 1255 3738 autem
1291 3682 1465 3737 Deum
1494 3698 1562 3737 ne
1594 3682 1890 3753 quidquam
1923 3682 2049 3739 mali

458 3769 715 3824 faciatis:
771 3784 883 3825 non
930 3776 994 3825 ut
1048 3784 1149 3826 nos
1185 3767 1398 3840 probati
1432 3784 1806 3843 appareamus,
1844 3771 1937 3826 sed
1990 3781 2053 3828 ut

457 3873 557 3915 vos
585 3856 731 3931 quod
764 3857 971 3916 bonum
1000 3865 1101 3927 est,
1137 3857 1350 3915 faciatis
1386 3876 1398 3914 :
1432 3874 1531 3914 nos
1561 3866 1764 3925 autem,
1800 3867 1859 3914 ut
1893 3878 1964 3932 qu
2005 3863 2049 3917 si

455 3947 674 4020 reprobi
704 3948 897 4006 simus.
927 3973 947 3997 ι
1005 3948 1090 4005 Eo
1142 3947 1339 4006 affectu
1395 3964 1504 4021 quo
1559 3964 1772 4020 semper
1808 3958 1923 4005 orat
1954 3965 2050 4021 pro

458 4036 557 4105 eis,
588 4044 653 4093 ut
696 4053 728 4093 a
757 4037 917 4094 malis
972 4044 1295 4112 temperent.
1357 4060 1378 4085 ι
1421 4036 1541 4094 Νοη
1590 4046 1653 4095 ut
1696 4052 1815 4106 nos,
1849 4038 2050 4110 inquit,

455 4124 672 4196 probati
711 4141 1087 4198 appareamus,
1117 4149 1136 4173 ο
1186 4124 1244 4181 id
1274 4132 1375 4196 est,
1404 4142 1515 4182 non
1546 4135 1607 4182 ut
1637 4127 1688 4181 in
1724 4126 2050 4183 auctoritate

458 4210 767 4279 videamur,
815 4212 974 4268 vobis
1016 4213 1388 4284 peccantibus.
1456 4240 1473 4261 ι
1511 4217 1611 4269 Sci
1656 4225 1711 4270 nt
1759 4235 1850 4268 ηε
2030 4216 2045 4269 l

457 4299 665 4354 bonum
706 4306 808 4367 est,
849 4300 1060 4356 faciatis
1096 4318 1109 4355 :
1141 4317 1243 4356 nos
1272 4310 1477 4370 autem,
1527 4311 1587 4358 ut
1632 4322 1731 4375 qua
1770 4307 1779 4358 ἒ

459 4387 655 4444 simus.
686 4410 706 4434 ι
748 4387 895 4454 Quid
922 4396 1001 4445 est
1031 4388 1180 4445 hoc?
1205 4389 1336 4444 Orat
1375 4393 1671 4462 Apostolus
1689 4404 1751 4448 ut
1792 4394 2048 4465 reprobus

456 4476 580 4534 sit?
624 4477 745 4534 Non
786 4493 914 4535 sane
953 4495 965 4533 :
1016 4478 1107 4534 sed
1152 4478 1259 4533 hoc
1309 4488 1449 4547 orat,
1492 4486 1576 4548 ut,
1608 4481 1693 4535 his
1721 4483 1857 4539 bene
1891 4500 2046 4555 agon-

454 4566 627 4636 tibus,
660 4566 791 4622 dum
842 4582 954 4622 non
1004 4565 1266 4622 auderent
1320 4569 1611 4638 corripere,
1671 4571 1823 4641 quasi
1870 4570 2047 4626 humi-

457 4655 682 4725 lientur,
714 4663 769 4712 et
798 4655 1076 4712 humiliati
1107 4657 1192 4711 vel
1223 4656 1435 4729 reprobi
1471 4669 1785 4730 appareant.
1832 4658 2049 4718 Prohati

454 4746 601 4803 enim
656 4764 687 4802 a
735 4748 849 4805 Dec
900 4746 1177 4815 videntur,
1235 4747 1366 4803 dum
1408 4746 1658 4820 judicent
1720 4756 2043 4822 peCCZtlnl‘OS.

457 4836 781 4893 auctoritate
833 4852 1108 4894 concessa.
1168 4835 1225 4893 Si
1273 4852 1399 4909 ergo
1443 4854 1579 4910 quos
1628 4836 1898 4908 judicent,
1936 4856 2046 4893 non

1836 4324 1921 4376 in)!
1934 4352 1941 4358 .
1961 4308 2047 4360 vi)!

456 4925 587 4992 sint,
644 4933 891 4984 cessante
946 4927 1006 4983 in
1059 4925 1147 4983 his
1201 4926 1552 4996 auctoritate,
1623 4928 1774 5000 quasi
1830 4929 2048 4999 reprobi

455 5013 741 5070 videntur.

529 5110 708 5180 (Vers.
742 5110 823 5182 8.)
870 5134 889 5158 ι
908 5111 1029 5167 Non
1059 5111 1206 5167 enim
1238 5129 1528 5184 possumus
1554 5112 1764 5184 aliquid
1786 5111 2044 5169 adversus

455 5199 766 5264 veritatem,
797 5199 891 5255 sed
921 5216 1020 5271 pro
1071 5201 1318 5259 veritate.
1354 5227 1373 5251 ι
1436 5202 1551 5258 Hoc
1590 5201 1746 5269 dicit,
1782 5203 1909 5274 quia
1936 5219 2042 5273 po—

455 5376 837 5504 ἀίἐῖὶέἒϐϐοὼ.
869 5376 1063 5445 codex,
1108 5378 1176 5435 In
1222 5379 1353 5435 tales
1408 5395 1527 5453 ergo
1586 5398 1729 5436 mors
1779 5400 1814 5437 a
1868 5382 2042 5454 ρενβ-

528 5518 642 5585 (38)
674 5520 772 5573 Ms.
821 5518 1006 5587 Corb.,
1039 5520 1087 5574 si
1123 5525 1297 5574 autem
1340 5520 1582 5579 diabolus
1627 5529 1804 5591 tentat,
1838 5525 2036 5580 erertit.

454 5584 665 5658 Aegion
698 5584 1020 5658 cognoscitis,
1052 5598 1155 5647 etc.

528 5656 646 5729 (39)
697 5656 964 5717 Nonnulli
1005 5656 1167 5730 mss,
1204 5668 1266 5718 ut
1309 5663 1599 5730 correctio;
1631 5666 1877 5739 quidam,
1923 5683 2038 5723 cor-

2150 1914 2213 1953 eo
2243 1897 2618 1969 perﬁciantur,
2666 1911 2768 1952 nec
2813 1902 3037 1967 peccent
3096 1893 3453 1950 consummati
3504 1893 3567 1948 in
3626 1891 3738 1946 vir-

2150 1994 2264 2042 tute
2293 1986 2447 2041 bona:
2475 1986 2623 2052 vitae,
2656 1984 3039 2055 etincorrupta
3062 1982 3185 2038 ﬁde.

2224 2074 2404 2145 (Vers.
2441 2074 2554 2144 10.)
2599 2096 2619 2119 ‹
2656 2071 2867 2128 Idcirco
2911 2071 3028 2127 haec
3074 2069 3259 2126 absens
3295 2068 3496 2137 scribo,
3535 2077 3603 2125 ut
3635 2085 3741 2125 non

2153 2178 2386 2235 praesens
2400 2162 2593 2217 durius
2618 2176 2789 2233 agam.
2814 2185 2833 2209 ι
2871 2162 3137 2233 Apertum
3158 2166 3237 2215 est
3257 2159 3383 2232 quia
3410 2158 3535 2216 ideo
3556 2158 3743 2215 absens

2154 2259 2483 2319 commonet,
2507 2257 2568 2306 ut
2589 2250 2943 2306 correctiores
2969 2248 3084 2321 (39)
3105 2248 3229 2304 illos
3258 2246 3528 2315 inveniat,
3559 2256 3735 2303 etnon

2156 2340 2274 2397 illic
2326 2341 2536 2411 positus
2584 2338 2827 2410 increpet
2872 2353 2993 2394 cum
3040 2336 3273 2408 pudore;
3326 2343 3389 2391 ut
3449 2336 3743 2400 erubescat,

2157 2429 2254 2503 qui
2275 2437 2481 2502 peccat,
2518 2428 2575 2483 in
2627 2436 2770 2484 coetu
2818 2426 3078 2483 fraterno.
3126 2452 3143 2473 ι
3173 2425 3484 2483 Secundum
3520 2433 3744 2497 potesta-

2156 2526 2265 2576 tem
2323 2535 2485 2592 quam
2530 2518 2799 2574 Dominus
2836 2517 2989 2574 dedit
3035 2516 3175 2572 mihi
3220 2515 3279 2572 in
3305 2515 3740 2584 aediﬁcationem,

2158 2617 2210 2665 et
2238 2625 2347 2664 non
2381 2609 2438 2663 in
2477 2608 2927 2665 destructionem.
2966 2632 2986 2656 ι
3026 2607 3152 2664 Haec
3182 2614 3419 2679 potestas
3457 2614 3558 2673 est,
3591 2622 3744 2679 quam

2159 2698 2407 2772 superius
2435 2704 2589 2770 optat
2626 2706 2765 2754 esset
2812 2699 3063 2765 otiosam,
3108 2696 3198 2753 his
3239 2696 3376 2753 bene
3415 2696 3739 2767 agentibus:

2159 2787 2342 2857 siquo
2374 2787 2577 2857 minus,
2608 2804 2862 2845 exercere
2899 2804 2954 2845 se
3007 2787 3065 2843 in
3121 2786 3244 2852 hac,
3303 2794 3365 2843 ut
3410 2785 3745 2842 aediﬁcentur

2160 2877 2414 2949 correpti,
2491 2895 2600 2935 non
2654 2878 2967 2936 mortiﬁcati
3042 2884 3371 2950 peccatores.
3427 2877 3551 2934 Non
3604 2877 3743 2933 enim

2160 2965 2535 3034 destruuntur,
2593 2968 2687 3040 qui
2738 2974 3063 3042 arguuntur,
3108 2974 3173 3024 ut
3211 2966 3559 3039 corrigantur
3600 2984 3611 3023 :
3657 2964 3747 3027 sed

2160 3053 2505 3111 aediﬁcantur
2532 3055 2600 3111 ad
2640 3056 2831 3112 vitam.

2233 3142 2413 3214 (Vere.
2451 3143 2564 3214 11.)
2594 3169 2611 3191 ι
2640 3145 2716 3199 De
2746 3154 2960 3213 caetero,
2992 3143 3206 3216 fratres,
3240 3145 3488 3221 gaudete,
3524 3143 3748 3218 perfecti

2159 3239 2349 3301 estote,
2415 3235 2842 3293 consolationem
2886 3236 3168 3311 percipite,
3236 3237 3383 3296 idem
3452 3239 3649 3315 sapite,
3696 3239 3750 3299 in

2158 3341 2289 3396 pace
2318 3326 2498 3399 agite;
2528 3334 2579 3381 et
2607 3329 2752 3383 Deus
2782 3326 2930 3401 pacis
2963 3336 3017 3384 et
3053 3328 3373 3384 dilectionis
3407 3328 3512 3386 erit
3561 3329 3753 3387 vobis-

2158 3430 2308 3469 cum.
2341 3439 2359 3462 ι
2403 3414 2675 3470 Gaudium
2712 3415 2817 3471 hoc
2848 3416 2914 3471 de
2939 3416 3319 3473 emendatione
3348 3416 3477 3484 erit,
3515 3418 3662 3475 unde
3700 3426 3751 3475 et

2159 3504 2359 3574 poterit
2392 3504 2681 3576 provenire
2710 3504 2973 3575 perfectio
3016 3524 3027 3561 :
3064 3505 3160 3562 sed
3212 3515 3338 3564 ante
3392 3507 3496 3563 erit
3551 3524 3756 3567 conso-

2162 3592 2315 3659 latio,
2347 3599 2408 3646 ut
2445 3608 2538 3664 spe
2568 3593 2882 3648 futurorum
2933 3593 3185 3650 deserant
3229 3603 3556 3668 praesentem
3608 3597 3749 3655 oble-

2160 3680 2475 3737 ctationem.
2522 3704 2541 3727 ι
2571 3681 2720 3737 Idem
2743 3680 2914 3753 sapite
2938 3699 2951 3749 ;
2975 3706 2994 3730 ι
3023 3681 3129 3741 hoc
3142 3683 3238 3752 ait,
3262 3693 3483 3761 propter
3512 3694 3757 3747 veterem

2160 3768 2485 3827 discordiam
2509 3788 2522 3837 ;
2555 3777 2616 3825 ut
2640 3769 2753 3845 jam
2796 3775 2940 3833 209
2967 3787 3139 3829 unum
3186 3772 3449 3833 sentiant.
3490 3796 3509 3819 ε
3540 3774 3605 3831 [ιι
3628 3789 3753 3846 pace

2160 3866 2319 3937 agite.
2353 3890 2372 3916 ι
2435 3866 2493 3921 Si
2548 3866 2843 3925 concordes
2899 3868 3127 3937 fuerint,
3183 3867 3465 3927 habebunt
3539 3886 3753 3949 pacem.

2172 3980 2190 4004 ι
2216 3959 2290 4013 Ει
2325 3958 2469 4013 Deus
2501 3958 2647 4028 pacis
2691 3966 2745 4013 et
2788 3956 3102 4014 dilectionis
3155 3958 3282 4026 erit,
3324 3958 3531 4033 inquit,
3576 3960 3752 4019 vobis-

2157 4062 2303 4104 cum.
2336 4069 2355 4094 ι
2397 4047 2545 4105 Deus
2571 4046 2719 4119 pacis
2744 4054 2827 4104 est
2853 4046 3105 4107 Christus
3133 4047 3229 4121 qui
3271 4046 3418 4103 dixit
3447 4064 3460 4103 :
3509 4072 3529 4094 ι
3560 4047 3756 4109 Pacem

2159 4151 2333 4191 meam
2363 4133 2433 4189 do
2462 4133 2639 4202 vobis,
2674 4151 2862 4209 pacem
2910 4136 3162 4208 relinquo
3200 4134 3358 4192 vobis
3411 4136 3597 4207 (Joan.
3632 4153 3755 4207 xiv.

2158 4222 2273 4296 27).
2304 4247 2322 4270 ι
2364 4222 2482 4295 Ipse
2509 4232 2588 4280 est
2609 4232 2663 4281 et
2700 4226 2845 4281 Deus
2882 4224 3197 4281 dilectionis
3220 4242 3235 4291 ;
3258 4223 3388 4298 quia
3406 4224 3608 4283 ᾔει-ιω]
3632 4226 3755 4284 ait;

2172 4312 2428 4369 cNovum
2457 4313 2776 4370 mandatum
2833 4313 2904 4371 do
2953 4314 3134 4383 vobis,
3189 4321 3252 4369 ut
3301 4313 3546 4385 diligatis
3611 4315 3750 4373 invi-

2158 4418 2293 4457 cem.
2330 4401 2400 4458 Et
2430 4401 2487 4459 in
2519 4401 2645 4471 hoc,
2675 4402 2883 4476 inquit,
2910 4410 3239 4475 cognoscent
3265 4417 3455 4461 omnes
3485 4402 3619 4474 quia
3647 4403 3752 4462 dis.

2159 4488 2329 4561 cipuli
2368 4490 2475 4546 mei
2504 4491 2656 4557 estis,
2684 4491 2731 4547 si
2754 4491 3129 4559 dilectionem,
3161 4506 3267 4564 qua
3291 4489 3465 4547 dilexi
3495 4507 3622 4561 vos,
3649 4493 3752 4549 ha-

2159 4579 2388 4635 bueritis
2419 4581 2657 4637 invicem
2682 4580 2859 4652 (Joan.
2894 4598 3018 4650 xm,
3050 4580 3141 4649 34,
3171 4580 3286 4650 35).
3320 4605 3340 4630 ι
3399 4580 3527 4639 Alia
3567 4588 3755 4641 tamen

2165 4687 2270 4741 pax
2298 4669 2417 4737 Dei,
2448 4670 2558 4726 alia
2587 4669 2779 4725 mundi
2809 4677 2927 4737 est;
2957 4669 3085 4743 quia
3130 4677 3187 4725 et
3222 4668 3450 4741 maligni
3483 4677 3538 4724 et
3569 4672 3753 4743 spurci

2162 4758 2364 4816 habent
2396 4774 2577 4830 pacem
2607 4758 2746 4830 (40),
2777 4758 2871 4814 sed
2891 4758 3332 4825 damnationem;
3365 4757 3577 4817 Christi
3606 4761 3754 4819 enim

2161 4864 2267 4919 pax
2322 4848 2491 4907 libera
2542 4854 2623 4903 est
2672 4863 2704 4902 a
2749 4846 3003 4919 peccatis.
3056 4846 3351 4904 Perﬁdiam
3405 4862 3534 4918 ergo
3590 4848 3752 4921 fugit,

2160 4935 2344 4991 dolum
2385 4934 2614 5007 spernit,
2645 4933 2805 4989 factis
2841 4934 2998 4991 malis
3018 4941 3304 5006 repugnat.
3335 4932 3465 4991 Haec
3494 4934 3619 4993 Deo
3644 4935 3751 5011 pla-

2159 5026 2264 5082 cita
2294 5033 2374 5080 est
2400 5032 2453 5079 et
2483 5024 2676 5093 amica,
2704 5024 2924 5080 diabolo
2955 5032 3139 5080 autem
3183 5023 3429 5080 inimica.
3477 5024 3635 5082 Hanc
3658 5024 3751 5098 qui

2158 5114 2432 5181 habuerit,
2469 5112 2688 5168 habebit
2741 5123 2794 5170 et
2849 5112 3201 5170 dilectionem
3242 5111 3410 5170 simul
3459 5119 3515 5167 et
3573 5115 3747 5170 Deum

2158 5218 2347 5261 eorum
2374 5202 2444 5259 ad
2470 5200 2761 5261 tuitionem
2800 5210 3139 5275 perpetuam.

2155 5380 2323 5452 reptio
2352 5382 2592 5435 rectiores
2620 5381 2742 5436 illos
2770 5379 3018 5435 inveniat.

2229 5453 2342 5524 (40)
2371 5452 2571 5507 Omnes
2600 5452 2729 5524 edit.
2758 5467 2819 5505 ac
2854 5468 2979 5524 mss.
3012 5450 3243 5524 aliquot,
3274 5457 3322 5506 et
3349 5450 3526 5521 spurii
3557 5452 3746 5507 habent

2148 5522 2363 5597 paceni;
2397 5523 2575 5597 aptius
2623 5522 2730 5597 alii
2772 5523 2894 5577 cod.
2955 5522 3232 5587 nonnulli,
3289 5528 3337 5577 et
3389 5524 3592 5597 spurci,
3648 5524 3751 5580 hoc

2155 5593 2255 5665 est,
2284 5593 2569 5665 impudici,
2601 5594 2811 5664 molles,
2845 5600 2951 5651 etc.
