3908 6192
222 234 320 297 357

1244 244 1618 321 ,COMMENT
1657 252 1728 308 IN
1765 253 1977 313 Episr.
2020 254 2112 309 an
2150 256 2403 313 GALAT.

3376 269 3479 329 258

298 388 316 412 ι
352 365 590 461 Salutate
636 384 736 461 vos
773 369 1020 461 invicem
1046 370 1104 426 in
1134 372 1321 435 osculo
1358 385 1563 433 sancto.
1596 402 1615 425 ι
1656 378 1785 439 Ilaec
1812 383 1861 439 A
1892 380 2009 447 Dei,
2060 388 2112 436 et
2155 383 2578 444 communicatio
2604 385 2839 461 Spiritus
2863 390 3037 453 sancti
3065 390 3139 454 sit
3177 408 3307 455 cum
3341 411 3474 457 orn-

216 454 462 512 salutatio
483 458 852 519 ecclesiastica
896 466 1184 529 est;120
1242 463 1373 536 quia
1432 466 1616 522 oscula
1670 466 1790 525 haec

216 566 319 615 non
364 555 625 629 carnalia,
677 556 770 621 sed
828 556 1097 632 spiritalia
1143 565 1293 630 sunt,
1342 575 1462 629 quae
1509 562 1797 634 complexu

215 662 497 717 corporum
544 647 760 709 animos
811 650 1071 717 copulant
1118 666 1233 713 non
1280 649 1555 709 desiderio
1592 654 1794 723 carnis,

212 735 299 793 sed
342 736 589 813 spiritus,
658 761 677 786 ι
718 738 972 801 Salutant
1019 756 1118 801 vos
1164 742 1336 801 sancti
1369 757 1575 799 omnes.
1608 767 1627 795 ι
1668 743 1795 801 Pro-

212 832 365 880 vocat
411 842 502 881 eos
549 824 615 882 ad
661 828 1031 898 sanctitatem,
1079 838 1143 887 ut
1186 838 1240 887 et
1266 831 1369 903 ipsi
1398 831 1633 889 audeant
1662 832 1796 889 red—

213 909 339 967 dere
366 912 541 973 vicem
572 915 773 971 sanctis
803 916 859 970 in
894 916 1215 975 salutatione
1238 936 1252 985 ;
1286 916 1409 977 ideo
1435 918 1578 976 enim
1602 937 1632 976 a
1659 936 1794 976 san-

210 998 313 1056 ctis
342 1001 665 1066 salutantur,
698 1011 758 1059 ut
790 1003 912 1063 illos
942 1004 1245 1065 imitentur.

293 1111 313 1135 σ
358 1088 543 1149 Gratia
582 1091 805 1149 Domini
843 1092 1016 1149 nostri
1063 1091 1189 1150 Iesu
1220 1091 1449 1163 Christi,
1480 1102 1533 1155 et
1561 1093 1789 1153 dilectio

1904 468 2067 525 nibus
2101 468 2277 526 vobis.
2311 473 2504 532 Amen.
2542 497 2560 521 ›
2604 475 2885 537 Trinitatis
2910 478 3001 539 hic
3026 482 3342 554 complexio
3370 493 3471 555 est,

1906 565 1959 614 et
2014 558 2195 621 unitas
2241 559 2541 631 potestatis,
2585 562 2710 632 quia
2756 566 2927 627 totius
2971 569 3160 631 salutis
3206 573 3474 643 perfectio

1906 659 2005 711 est.
2050 653 2287 715 Dilectio
2328 653 2473 714 enim
2524 654 2619 710 Dei
2663 656 2812 717 misit
2838 660 2997 717 nobis
3024 661 3361 725 Salvatorem
3391 668 3473 725 ie.

1904 757 2045 808 sum,
2106 740 2262 817 cujus
2319 742 2491 814 gratia
2535 743 2731 803 salvati
2771 760 2977 805 sumus.
3008 750 3076 806 Ut
3103 753 3472 821 possideamus

1906 828 2048 887 hanc
2103 831 2332 900 gratiam
2386 830 2598 898 salutis,
2657 834 3078 897 communicatio
3129 839 3262 895 facit
3305 843 3472 903 sancti

1904 919 2139 991 Spiritus
2167 936 2177 972 :
2214 919 2306 981 hic
2339 920 2486 977 enim
2531 919 2762 979 dilectos
2791 936 2822 979 a
2845 922 2976 995 Deo,
3009 932 3062 985 et
3087 926 3328 985 salvatos
3367 945 3475 996 gra-

1903 1007 1979 1062 tia
2008 1006 2214 1067 Christi
2240 1015 2461 1075 tuetur;
2494 1015 2555 1069 ut
2584 1008 2752 1070 trium
2790 1009 3054 1082 perfectio
3076 1017 3477 1079 consummatio

1901 1094 1971 1150 sit
2000 1094 2242 1157 hominis
2267 1095 2326 1157 in
2354 1095 2607 1157 salutem.

208 1274 3480 1319 “Mm

340 1451 474 1537 ΙΝ
565 1450 1333 1540 EPlSTOLAM
1434 1457 1823 1543 BEATl
1917 1461 2313 1548 PAULI
2406 1465 2574 1551 AD
2672 1467 3333 1567 GALATAS.

1812 1756 2104 1827 1356);»

804 1770 1182 1828 PROLOGUS.

178 1892 184 1901 ί
273 1873 468 1932 Omnis
514 1874 738 1932 credens
784 1876 840 1933 in
872 1876 1172 1950 Christum,
1207 1884 1260 1940 et
1282 1877 1577 1935 observans
1604 1879 1780 1951 legem

193 1961 484 2034 factorum,
527 1964 663 2018 male
696 1963 957 2035 intelligit
996 1965 1276 2023 Christum
1311 1983 1322 2021 :
1357 1966 1499 2024 sicut
1527 1976 1579 2024 et
1610 1969 1782 2041 Sym-

194 2049 495 2123 machiani,
541 2050 636 2123 qui
689 2067 758 2106 ex
803 2052 1090 2109 Pbarisaeis
1116 2054 1381 2126 originem
1412 2055 1659 2123 trahunt,
1685 2056 1781 2129 qui

192 2146 415 2197 servata
443 2137 595 2197 omni
628 2137 1113 2209 lege,Christianos
1136 2158 1193 2197 se
1221 2141 1435 2210 dicunt,
1467 2158 1617 2200 more
1644 2143 1784 2200 Pho-

187 2226 297 2283 tini
361 2225 641 2282 Christum
704 2241 812 2280 non
870 2227 1042 2282 Deum
1098 2236 1153 2283 et
1190 2228 1490 2300 hominem,
1546 2232 1640 2289 sed
1690 2232 1783 2287 ho-

186 2315 403 2374 minem
436 2313 821 2370 tantummodo
858 2312 1201 2371 deﬁnientes.
1234 2316 1293 2372 Si
1322 2316 1467 2373 enim
1498 2319 1673 2375 Deum
1703 2318 1783 2373 in-

187 2403 502 2472 telligerent
543 2400 844 2469 Christum,
896 2400 1039 2457 nihil
1086 2402 1153 2459 de
1200 2405 1315 2477 lege
1362 2405 1628 2461 factorum
1671 2420 1786 2478 spe-

192 2497 401 2557 rarent,
456 2488 512 2546 id
556 2496 656 2556 est,
702 2488 769 2544 de
815 2488 1150 2559 Neomeniis,
1198 2490 1455 2559 Sabbato,
1486 2492 1786 2555 circumci-

189 2579 373 2647 sione,
414 2585 468 2633 et
514 2577 845 2635 discretione
888 2593 1161 2647 escarum;
1215 2580 1344 2655 quia
1391 2581 1484 2653 qui
1528 2582 1701 2637 Deum
1731 2588 1787 2637 et

193 2665 497 2722 Dominum
548 2666 680 2737 legis
727 2666 879 2733 colit,
913 2682 1078 2739 supra
1107 2667 1281 2739 legem
1312 2675 1431 2727 est:
1474 2682 1576 2724 nec
1604 2676 1785 2742 potest

185 2754 443 2833 judicari
472 2771 501 2811 a
536 2754 670 2824 lege,
710 2754 802 2826 qui
844 2770 967 2809 cum
1001 2754 1306 2826 legislatore
1334 2755 1648 2812 concordat.
1681 2758 1780 2811 De-

192 2844 372 2916 nique
420 2858 531 2898 non
581 2843 798 2899 illorum
835 2858 995 2901 causa
1050 2844 1137 2898 lex
1164 2842 1291 2899 data
1343 2851 1442 2912 est,
1483 2843 1578 2916 qui
1606 2845 1781 2900 Deum

192 2930 457 2989 colebant
481 2948 493 2986 :
542 2930 633 2990 sed
662 2946 844 2991 eorum
875 2932 969 3007 qui
999 2932 1139 2987 male
1168 2939 1220 2989 et
1243 2931 1534 2993 credebant
1562 2941 1616 2989 et
1644 2947 1780 3005 age-

186 3021 330 3077 bant
374 3018 442 3074 ad
480 3025 849 3093 contemptum
900 3018 1189 3079 Creatoris.
1239 3021 1394 3079 Unde
1420 3020 1555 3078 dicit
1582 3021 1651 3076 ad
1679 3020 1782 3076 Ti-

2165 1765 2413 1834 tempore
2457 1761 2606 1819 enim
2651 1780 2759 1841 quo
2788 1764 2952 1827 simul
2981 1767 3161 1829 adhuc
3190 1780 3346 1831 erant
3370 1772 3474 1830 ﬁlii

1891 1845 2053 1902 Israel
2102 1846 2159 1903 in
2200 1866 2401 1920 eremo,
2431 1862 2721 1926 antequam
2752 1854 2923 1912 vicini
2952 1866 3133 1917 essent
3159 1860 3471 1933 gentilium,

1890 1948 2001 1989 non
2051 1943 2180 1992 sunt
2210 1937 2539 1997 circumcisi.
2590 1943 2663 1997 At
2692 1941 2790 1998 ubi
2821 1944 3164 2007 commisceri
3196 1946 3474 2005 habebant

1894 2023 2165 2094 gentibus,
2209 2034 2341 2086 tunc
2378 2046 2410 2085 a
2453 2028 2579 2086 Jesu
2609 2030 2756 2088 Nave
2802 2033 3114 2091 circumcisi
3142 2046 3271 2100 sunt
3299 2036 3365 2092 de
3386 2054 3474 2113 pe-

1891 2117 1985 2201 tra
2035 2113 2214 2201 (Iosue
2249 2132 2306 2184 v,
2364 2117 2444 2190 3),
2503 2135 2624 2198 quae
2665 2121 2939 2193 signiﬁcat
2991 2122 3273 2186 Christum
3303 2125 3469 2201 (lii):

1906 2220 1928 2244 ι
1955 2198 2095 2265 Quia
2124 2211 2294 2272 petra,
2326 2204 2527 2277 inquit,
2561 2216 2675 2263 erat
2704 2208 2957 2266 Christus
2992 2212 3057 2282 (1
3082 2213 3207 2269 Cor.
3236 2230 3295 2281 Χ,
3316 2198 3409 2285 ¹λυέ
3442 2240 3461 2264 ι

1895 2292 1957 2340 ut
1985 2286 2289 2361 designaret
2310 2309 2405 2363 per
2425 2292 2705 2350 Christum
2736 2296 2978 2356 futuram
2997 2299 3470 2363 circumcisionem

1895 2374 2091 2467 cordis,
2123 2378 2517 2467 sicutdixerat
2544 2382 2781 2454 Moyses,
2812 2394 2867 2439 et
2895 2386 3157 2445 Jeremias
3178 2388 3466 2467 propheta:

1911 2482 1930 2506 ι
1958 2458 2344 2519 Circumcidite
2377 2483 2474 2520 vos
2504 2468 2637 2535 Deo,
2674 2476 2727 2523 et
2755 2471 3131 2531 circumcidito
3146 2458 3471 2549 prmputium

1894 2546 2081 2605 cordis
2111 2552 2275 2606 vestri
2328 2552 2507 2624 (Deut.
2551 2571 2612 2621 χ,
2647 2555 2748 2620 16;
2800 2556 2986 2617 Jerem.
3017 2576 3095 2628 1v,
3126 2546 3183 2631 4)
3220 2580 3233 2628 ;
3266 2546 3327 2617 ut
3350 2580 3473 2621 am-
3580 2546 3584 2550 θ

1891 2645 2081 2709 putata
2126 2640 2383 2714 caligine,
2429 2657 2526 2714 per
2568 2642 2945 2700 remissionem
2973 2656 3247 2719 acceptam
3280 2665 3476 2720 pecca-

1892 2735 2073 2783 torum
2125 2729 2278 2801 digni
2319 2731 2515 2789 ﬁerent
2544 2732 2731 2789 videre
2764 2734 2991 2805 gloriam
3021 2737 3143 2803 Dei,
3182 2753 3344 2815 quam
3373 2740 3474 2796 sub

1893 2817 2007 2888 lege
2055 2819 2224 2890 positi
2270 2819 2457 2878 videre
2503 2822 2869 2896 nequiverant
2918 2840 3079 2881 causa
3119 2828 3345 2901 peccati.
3406 2829 3474 2884 Ut

1890 2919 2016 2976 ergo
2066 2915 2120 2962 et
2166 2906 2447 2967 Christum
2494 2910 2667 2967 Deum
2696 2911 2952 2984 signaret,
2984 2920 3039 2969 et
3064 2930 3174 2970 non
3200 2930 3255 2971 se
3281 2915 3348 2970 ab
3378 2914 3470 2971 ho-

1889 2995 2039 3052 mine
2079 3012 2141 3054 ea
2186 2998 2445 3060 didicisse
2475 3016 2597 3082 quae
2625 3000 2879 3079 docebat,
2906 3013 3186 3074 assereret,
3218 3005 3295 3064 ita
3322 3005 3472 3067 inci-

188 3108 480 3164 motheum
510 3123 523 3162 :
568 3130 587 3155 ‹
610 3082 720 3169 Nec
747 3107 892 3163 enim
921 3107 1068 3178 justo
1101 3110 1190 3165 lex
1218 3110 1395 3182 posita
1423 3119 1524 3175 est,
1557 3110 1652 3166 sed
1682 3110 1778 3167 in—
1807 3094 1852 3157 C
1886 3082 1968 3155 pii
2000 3098 2014 3140 ³

180 3194 375 3268 justis,
435 3203 487 3252 et
542 3196 683 3250 male
730 3196 1075 3253 versantibus
1133 3197 1190 3267 (Ι
1243 3197 1377 3252 Tim.
1430 3214 1469 3266 ι,
1515 3198 1595 3269 9).
1638 3221 1657 3244 ι
1709 3197 1783 3253 Et

182 3284 408 3357 Moyses
465 3282 545 3339 sic
571 3283 753 3357 inquit
786 3298 798 3335 :
848 3307 866 3330 ι
894 3283 1173 3339 Timentes
1202 3284 1415 3340 facietis
1443 3283 1588 3340 ﬁlios
1616 3285 1780 3341 Israel

188 3372 385 3443 (Leuit.
439 3387 538 3440 xv,
588 3371 701 3444 31).
753 3396 773 3419 ι
828 3370 982 3427 Unde
1033 3378 1087 3426 et
1121 3372 1345 3442 Galatae,
1377 3373 1463 3429 vel
1496 3372 1534 3427 ii
1567 3372 1663 3449 qui
1691 3388 1782 3429 eos

186 3459 612 3527 subvertebant,
656 3458 835 3519 adhuc
891 3460 1090 3515 erroris
1121 3461 1321 3519 nebula
1347 3468 1658 3517 contectum
1688 3476 1783 3517 cor

186 3548 479 3615 habentes,
505 3564 617 3603 non
646 3554 876 3611 cernunt
899 3565 1117 3607 sensum
1148 3549 1300 3605 Isaiae
1330 3549 1608 3622 propheta:
1638 3549 1781 3605 inter

187 3644 387 3695 caetera
434 3634 701 3692 dicentis:
762 3658 780 3681 ι
829 3635 1068 3693 Verbum
1110 3637 1257 3691 enim
1306 3651 1693 3693 consummans
1725 3641 1779 3691 et

184 3722 451 3781 brevians
481 3724 538 3779 in
587 3724 995 3797 zequitatemuia
1024 3723 1252 3779 verbum
1280 3723 1587 3779 breviatum
1616 3723 1779 3779 faciet

182 3813 462 3871 Dominus
496 3829 657 3887 super
686 3822 884 3869 terram
921 3814 1054 3883 (Isa.
1086 3830 1145 3881 x,
1180 3812 1267 3880 23;
1301 3814 1451 3870 Rom.
1484 3829 1564 3881 1x,
1597 3812 1712 3886 27).
1743 3835 1765 3860 ι

183 3904 244 3960 Si
287 3919 418 3976 ergo
466 3902 583 3967 haec
633 3902 780 3959 dicta
822 3901 1211 3975 intelligerent,
1244 3917 1275 3955 a
1300 3902 1415 3973 iege
1440 3898 1776 3968 recederent,

182 3991 427 4047 scientes
484 4007 516 4045 a
557 3989 944 4069 praedicatione
1010 3990 1233 4044 Joannis
1284 3989 1540 4062 Baptistae
1598 3989 1771 4059 legem

174 4075 290 4152 jam
347 4093 601 4145 cessare;
633 4086 695 4133 ut
721 4077 835 4133 sola
866 4076 997 4131 ﬁdes
1028 4076 1262 4132 sufﬁciat
1291 4076 1359 4131 ad
1388 4078 1641 4144 salutem,
1672 4075 1778 4131 ab-

178 4165 437 4222 breviata
468 4183 539 4220 ex
570 4166 705 4236 lege.
733 4166 793 4220 In
826 4165 940 4234 lego
969 4164 1115 4219 enim
1142 4172 1195 4219 et
1225 4165 1291 4219 de
1320 4164 1684 4229 DeoPatre,et
1711 4163 1778 4219 de

179 4252 412 4312 Christo
463 4251 580 4304 ﬁlio
624 4249 762 4327 ejus,
813 4256 867 4304 et
909 4250 974 4304 de
1003 4250 1210 4329 Spiritu
1252 4257 1441 4306 sancto
1470 4250 1780 4306 continetur

181 4339 644 4413 praedestinatum
686 4338 743 4392 in
778 4344 1047 4408 tempore,
1080 4336 1224 4409 quod
1265 4337 1670 4397 manifestatum
1701 4348 1782 4399 est

2411 3182 2639 3247 CAPUT
2668 3186 2959 3249 PRIMUM.

1966 3268 2233 3347 (Vers.i.)
2286 3293 2306 3317 ε
2343 3269 2547 3331 Paulus
2588 3274 2867 3347 apostolus
2893 3290 3003 3333 non
3042 3274 3110 3331 ab
3130 3274 3467 3352 houﬁnibus,

1892 3372 2068 3430 neque
2118 3374 2213 3430 per
2258 3357 2560 3431 hominem,
2606 3359 2700 3417 sed
2746 3376 2841 3433 per
2859 3361 3041 3423 Iesum
3081 3361 3383 3438 Christum,
3414 3374 3467 3431 et

1889 3448 2063 3504 Deum
2129 3450 2367 3518 Patrem,
2424 3450 2518 3529 qui
2574 3450 2859 3509 suscitavit
2906 3469 3028 3513 eum
3072 3469 3104 3508 a
3157 3456 3453 3517 mortuis.

1888 3536 2214 3609 Apostolum
2245 3556 2300 3597 se
2330 3555 2439 3595 non
2467 3538 2535 3595 ab
2560 3539 2877 3603 hominibus
2906 3541 3220 3611 electum,et
3240 3544 3466 3607 missum

1888 3624 1956 3680 ad
1985 3625 2392 3696 praedicandum
2422 3635 2671 3698 testatur,
2695 3629 2837 3686 sicut
2866 3638 3021 3686 erant
3050 3631 3293 3707 quidam,
3326 3637 3466 3700 210

1888 3719 1981 3793 qui
2033 3722 2190 3778 electi
2241 3722 2308 3778 ab
2356 3725 2615 3796 apostolis
2665 3724 3025 3787 mittebantur
3066 3725 3134 3785 ad
3196 3727 3467 3785 Ecclesias

1888 3807 2260 3877 roborandas;
2308 3828 2484 3885 neque
2530 3812 2672 3873 sicut
2722 3810 2839 3879 alii,
2872 3811 3022 3887 quia
3048 3811 3251 3869 Judaeis
3290 3813 3467 3875 mitte-

1886 3894 2087 3954 bantur
2140 3899 2208 3956 ad
2251 3899 2637 3957 disturbandas
2690 3899 2984 3967 Ecclesias,
3027 3916 3163 3973 quos
3209 3900 3465 3973 pseudoa-

1884 3989 2131 4063 postolos
2159 3996 2323 4046 vocat
2348 4005 2359 4041 :
2393 3989 2486 4045 sed
2510 4004 2541 4047 a
2560 3988 2703 4043 Filio
2736 3988 2836 4051 Dei
2869 3988 3093 4044 missum
3125 4005 3200 4056 se,
3220 4005 3376 4069 quem
3400 3991 3457 4055 in

1887 4073 1991 4131 hac
2044 4092 2205 4132 causa
2247 4074 2452 4133 idcirco
2506 4075 2789 4139 hominem
2820 4091 3016 4148 negare
3041 4076 3258 4139 videtur
3288 4097 3313 4146 ;,
3337 4078 3465 4159 quia

1887 4170 2156 4243 praecepta
2185 4162 2337 4243 quasi
2367 4164 2511 4225 Deus
2540 4163 2828 4232 dedit,non
2857 4166 3009 4247 quasi
3039 4165 3205 4228 homo
3234 4174 3286 4227 et
3304 4184 3465 4243 quem

1888 4251 2050 4322 elegit
2082 4249 2222 4322 (42),
2256 4250 2447 4307 divino
2468 4251 2679 4331 judicio
2699 4253 2879 4329 elegit.
2903 4254 3005 4312 Per
3033 4254 3178 4333 quod
3206 4255 3463 4319 idoneum

1886 4346 1940 4395 et
1983 4337 2203 4395 ﬁrmum
2251 4355 2307 4395 se
2354 4340 2762 4416 praedicatorem
2791 4340 3103 4415 signiﬁcat;
3132 4344 3261 4421 quia
3290 4346 3464 4407 multo

181 4430 237 4487 in
274 4427 712 4503 praxiivatione;
764 4442 889 4482 nam
922 4426 967 4481 si
999 4425 1262 4497 signaculi
1301 4442 1461 4484 causa
1490 4428 1773 4487 circumci-
1805 4435 1855 4501 D
1886 4427 2075 4509 utique
2126 4428 2320 4489 melior
2365 4437 2465 4498 est,
2515 4448 2672 4504 quem
2714 4433 2859 4487 Deus
2896 4432 3079 4505 elegit,
3112 4448 3274 4509 quam
3304 4450 3463 4508 quem

183 4519 464 4575 debentur
491 4515 596 4571 ﬁlii
640 4516 827 4582 Israel,
869 4522 931 4570 ut
959 4514 1157 4570 exinde
1185 4523 1502 4587 apparerent
1532 4516 1633 4572 ﬁlii
1664 4532 1778 4574 esse

183 4608 420 4664 Abrahae
456 4606 620 4678 juxta
667 4620 907 4671 carnem,
954 4603 1056 4658 rite
1097 4620 1304 4661 cessare
1338 4605 1498 4661 debet
1548 4606 1777 4663 circum-

185 4698 356 4765 cism;
402 4696 533 4769 quia
576 4696 788 4769 signum
838 4694 1039 4749 habent
1084 4694 1366 4755 credentes
1410 4695 1598 4751 mortis
1628 4694 1777 4753 devi-

182 4795 300 4854 ctae,
334 4802 446 4863 quo
470 4784 869 4856 dignoscuntur
900 4783 1003 4838 ﬁlii
1033 4799 1145 4839 esse
1173 4782 1428 4851 Abrahae,
1456 4783 1549 4839 sed
1587 4800 1776 4841 secun-

183 4873 315 4930 dum
364 4873 533 4929 ﬁdem
564 4891 575 4928 :
623 4872 855 4927 Abrahae
903 4871 1049 4927 enim
1081 4871 1383 4942 promissus
1411 4880 1511 4940 est,
1542 4874 1638 4949 qui
1667 4889 1775 4929 ve-

183 4964 341 5019 niens
388 4962 638 5017 vinceret
681 4967 933 5017 mortem.
971 4959 1219 5031 Denique
1250 4959 1400 5015 hunc
1428 4960 1779 5031 exspectabat

185 5051 481 5118 Abraham,
516 5065 677 5121 quem
708 5048 765 5103 in
798 5049 995 5120 spiritu
1025 5048 1266 5104 sentiens
1296 5056 1505 5115 natum,
1558 5047 1778 5119 gavisus

186 5148 282 5207 est,
316 5140 499 5196 sciens
528 5155 584 5194 se
612 5138 670 5192 in
700 5137 852 5192 brevi
877 5137 1153 5192 introduci
1185 5137 1241 5191 in
1264 5138 1442 5193 caelos.
1477 5135 1631 5193 Unde
1644 5136 1778 5195 dicit

186 5225 458 5284 Dominus
505 5227 574 5283 ad
619 5225 868 5281 Iudaeos:
927 5249 945 5273 ε
990 5224 1270 5281 Abraham
1318 5223 1531 5299 cupivit
1588 5224 1779 5279 videre

189 5313 333 5371 diem
380 5332 599 5383 meum;
646 5323 699 5369 et
741 5314 901 5381 vidit,
942 5320 996 5368 et
1034 5314 1253 5385 gavisus
1310 5319 1390 5367 est
1433 5312 1616 5384 (Joan.
1648 5328 1773 5381 vm,

257 5488 378 5558 (41)
410 5488 571 5543 Rom.
601 5484 756 5551 edit.,
788 5482 1081 5558 circumcisi
1108 5490 1231 5543 sunt
1258 5480 1445 5541 cultris
1469 5481 1531 5537 de
1552 5484 1779 5557 petra...

190 5562 249 5612 ut
276 5557 669 5630 significaretur
701 5572 800 5626 per
840 5557 1131 5622 Christian,
1162 5563 1271 5610 etc.

1887 4515 2075 4574 homo.
2139 4540 2159 4564 ι
2199 4518 2403 4593 Neque,
2454 4519 2654 4592 inquit,
2687 4536 2784 4593 per
2821 4520 3123 4586 hominem,
3156 4544 3174 4567 ι
3216 4528 3357 4579 srcut
3383 4537 3465 4576 ar-

1887 4605 2235 4664 bitrabantur
2275 4608 2342 4662 de
2392 4608 2630 4673 Christo,
2665 4608 2758 4681 qui
2798 4608 2898 4662 hos
2926 4607 3190 4677 cogebant
3216 4608 3463 4662 circum-

1887 4694 2031 4760 cidi;
2062 4696 2154 4748 sed
2182 4711 2277 4769 per
2306 4695 2599 4748 Dominum
2637 4695 2816 4749 Jesum
2850 4692 3154 4756 Christum,
3186 4691 3243 4745 id
3272 4700 3349 4745 est
3372 4709 3465 4769 per

1888 4798 2013 4837 eum
2062 4780 2156 4850 qui
2212 4783 2358 4833 Deus
2403 4788 2456 4832 et
2499 4780 2661 4831 homo
2707 4786 2804 4832 est.
2854 4775 3011 4847 Quod
3054 4779 3237 4829 statim
3269 4780 3459 4849 aperit,

1886 4883 2012 4925 cum
2056 4865 2228 4925 dicit:
2271 4887 2290 4911 ι
2320 4866 2391 4919 Et
2420 4866 2594 4919 Deum
2625 4864 2858 4930 Patrem,
2892 4862 2986 4935 qui
3027 4862 3309 4921 suscitavit
3340 4882 3461 4923 eum

1888 4974 1920 5013 a
1948 4952 2199 5011 mortuis.
2238 4956 2273 5000 ι’
2312 4952 2427 5007 Hoc
2453 4949 2621 5017 dicto,
2655 4948 2790 5007 duas
2820 4949 3053 5004 haereses
3082 4948 3383 5029 damnavit,
3412 4968 3464 5023 et
3543 4995 3558 5007 .

1886 5040 2177 5102 Manichaei
2222 5047 2276 5097 et
2327 5038 2588 5104 Photini;
2640 5036 2768 5115 quia
2810 5034 3143 5117 Manichzeus
3187 5038 3459 5102 Christum

1889 5131 2169 5187 hominem
2220 5135 2399 5200 negat,
2429 5135 2483 5183 et
2521 5142 2631 5183 non
2662 5134 2819 5199 negat
2849 5122 3175 5183 cruciﬁXum
3202 5141 3213 5178 :
3247 5135 3299 5182 et
3329 5130 3463 5187 Pho-

1888 5219 2040 5275 tinus
2082 5217 2363 5274 Christum
2394 5219 2569 5274 Deum
2600 5231 2715 5272 esse
2744 5231 2851 5270 non
2884 5208 3167 5278 concedit;
3206 5222 3257 5269 et
3285 5224 3464 5277 tamen

1890 5307 2069 5378 ipsum
2116 5321 2194 5373 se,
2238 5304 2342 5363 hoc
2376 5314 2458 5362 est
2495 5321 2690 5377 corpus
2736 5319 2918 5369 suum,
2964 5297 3229 5357 excitasse
3260 5320 3290 5360 a
3327 5320 3464 5363 mor-

1967 5476 2084 5551 (42)
2118 5474 2303 5534 Codex
2332 5478 2501 5550 νειμ,
2531 5474 2843 5562 etquoniam
2870 5468 3050 5533 divino
3065 5466 3273 5543 judicio
3301 5474 3466 5555 elegit.
