3908 6192
487 384 595 444 359
1501 371 1596 425 AD
1634 364 1871 424 OPEBA
1909 365 1965 421 S.
2008 358 2336 419 AMBROSII
2374 354 2748 414 APPENDIX.
3678 338 3786 400 360

490 507 605 566 tuis
644 515 840 577 negare
866 515 980 557 non
1007 495 1206 555 audet:
1254 500 1319 550 ut
1353 490 1706 556 Manichacus,
1737 504 1862 544 cum
1891 485 2065 543 cruci-
2092 487 2145 547 Α
2172 482 2270 540 Dei
2300 495 2570 576 vocemur.
2613 475 2741 534 facti
2772 490 2866 547 per
2885 472 3087 577 'ﬁdem‘.
3142 469 3390 577 Quantus
3424 483 3559 539 ergo
3611 482 3787 522 error

870 555 1052 659 negat,
1100 585 1267 642 stulte
1303 597 1428 637 eum
1459 555 1738 634 hominem
1769 591 1880 631 non
1912 574 2072 631 fateri
2180 579 2261 628 est
2288 577 2410 642 post
2439 565 2663 640 gratiam
2698 561 2897 619 reverti
2929 559 3030 618 sub
3062 559 3197 658 lege,
3236 555 3343 612 hoc
3375 561 3483 620 est,
3523 561 3652 626 post
3677 570 3783 659 ao-

495 642 1180 741 ;id‘ea-tururnetvPchot’inus
1209 669 1488 741 impietate
1516 665 1747 739 quadam
1777 667 1951 722 Deum
1982 678 2072 719 ne-
2182 666 2393 731 ceptam
2456 656 2763 711 libertatem
2800 650 2980 741 ‘velle_
3005 646 3247 713 servire;
3290 651 3353 700 ιιι
3386 649 3633 741 ereptus
3657 642 3787 712 gla-

499 788 643 846 gare,
701 782 863 841 quem
913 779 968 818 se
1015 761 1193 833 ipsum
1223 773 1255 813 a
1289 755 1520 812 mortuis
1548 754 1811 810 excitasse
1852 752 2072 808 fatetur.
2184 746 2278 804 dio
2324 745 2611 801 immemor
2647 737 2903 797 beneﬁcii
2949 735 3131 835 denuo
3178 750 3251 833 se.
3283 731 3489 846 vetidat
3520 731 3786 787 lanistae?

496 820 650 932 iegit
693 820 841 912 enim
885 850 1092 906 dixisse
1137 845 1475 903 Dominum:
1524 867 1543 891 ι
1571 843 1779 899 Solvite
1806 841 2074 913 templum
2186 838 2484 893 Accusator
2507 838 2611 930 .est
2653 829 2803 932 enim
2840 823 3133 932 emptoris,
3159 820 3506 932 qui,'rel‘ic|to
3540 835 3631 888 eo,
3666 835 3783 874 rur-

497 908 716 1012 nisi
729 908 829 1013 ego
856 937 1036 993 tribus
1064 934 1258 991 diebus
1284 932 1537 990 excitabo
1565 931 1723 988 illud.
1754 930 1869 986 Hoc
1893 908 2077 984 autem
2189 939 2309 981 sum
2338 920 2405 977 ad
2437 918 2675 991 priorem
2703 914 2990 972 dominum
3021 911 3249 1013 redit":
3279 910 3366 1013 Ut.
3387 908 3654 1007 liberaret
3683 923 3782 1013 nos

738 994 817 1082 ii?
839 1024 1047 1095 templo
1072 1021 1316 1094 corporis
1341 1019 1428 1075 sui
1460 1020 1639 1090 (Joan.
1674 1034 1735 1085 ιι,
1769 1015 1884 1086 19).
1914 1038 1934 1062 ν
1977 1013 2079 1084 lgi-
2189 1012 2258 1069 de
2286 1007 2539 1082 praesenti
2568 1007 2781 1095 saeculo
2807 1002 3070 1095 maligno.
3105 1024 3123 1048 ι
3169 999 3284 1055 Hoc
3313 996 3473 1095 dicit,
3495 996 3627 1069 quia
3657 994 3779 1095 ideo

494 1129 588 1176 tur
633 1117 747 1189 ipse
792 1112 1039 1170 excitans
1068 1126 1124 1166 se
1158 1127 1190 1165 a
1214 1108 1467 1178 mortuis,
1500 1121 1698 1178 corpus
1724 1119 1885 1160 suum
1914 1083 2080 1172 signi-
2191 1098 2356 1155 morti
2378 1095 2649 1153 concessit
2668 1110 2724 1151 se
2754 1092 3041 1157 Dominus,
3071 1095 3135 1144 ut
3165 1103 3265 1143 nos
3285 1085 3354 1142 ab
3382 1100 3570 1142 errore
3596 1083 3776 1139 saeculi

497 1170 739 1264 ﬁc'atvrse
775 1220 807 1259 a
833 1200 1066 1257 mortuis
1093 1197 1388 1263 excitasse;
1422 1170 1475 1252 et
1504 1170 1868 1250 nihilominus
1896 1170 2078 1246 tamen
2174 1186 2470 1250 'liberaret,
2524 1185 2580 1241 id
2634 1189 2736 1250 est,
2778 1187 2843 1236 ut
2869 1180 2937 1235 ab
2969 1175 3346 1264 intelligentia
3373 1173 3543 1245 hujus
3570 1170 3776 1238 saeculi,

498 1311 531 1350 a
558 1295 714 1350 Patre
742 1306 843 1347 suo
865 1288 1071 1345 dicitur
1093 1285 1383 1351 excitatus,
1414 1290 1696 1355 propterea
1725 1278 1871 1353 quod
1903 1275 2083 1332 omnis
2194 1275 2341 1347 quod
2370 1271 2662 1330 curriculis
2692 1273 3005 1325 senescente
3034 1273 3193 1320 aetate
3221 1263 3469 1334 devergit
3499 1262 3556 1317 in
3591 1260 3775 1326 ﬁnem,

496 1384 677 1439 virtus
712 1377 841 1435 Filii
889 1376 957 1432 de
1003 1376 1161 1431 Patre
1204 1380 1323 1440 est;
1368 1350 1433 1430 ut
1468 1350 1614 1444 gesta
1642 1350 1772 1424 Filii
1803 1366 1946 1423 facta
1971 1363 2084 1420 sint
2194 1362 2359 1419 alieni
2390 1361 2540 1429 facti,
2566 1358 2739 1416 futuri
2769 1356 2953 1413 saeculi
2984 1354 3133 1428 quod
3159 1368 3415 1411 occasum
3446 1350 3644 1417 nescit,
3666 1363 3778 1420 par-

496 1469 695 1536 Patris,
734 1482 804 1522 ex
833 1481 942 1538 quo
972 1470 1101 1519 sunt
1134 1460 1340 1518 omnia.

576 1559 758 1631 (Vers.
801 1555 883 1627 2.)
950 1575 971 1602 ι
1015 1553 1087 1608 Ει
1112 1551 1208 1625 qui
1237 1563 1451 1605 mecum
1485 1554 1615 1604 sunt
1643 1559 1833 1601 omnes
1862 1542 2079 1609 fratres,

504 1644 765 1705 Ecclesiae
806 1641 1053 1699 Galatiae.
1103 1662 1124 1688 ι
1174 1639 1467 1710 Postquam
1510 1633 1889 1692 auctoritatem
1932 1643 2085 1685 suam

503 1731 933 1798 commendavit,
974 1728 1155 1784 adhuc
1192 1733 1353 1799 auget
1397 1724 1466 1780 ad
1494 1738 1747 1789 causam;
1778 1727 1841 1775 ut
1867 1726 2090 1775 caeteros

2197 1454 2389 1526 ticipes
2437 1452 2609 1508 simus
2660 1450 2719 1505 in
2761 1463 2925 1504 sensu
2951 1444 3118 1501 unius
3145 1443 3265 1500 Dei.
3312 1441 3605 1499 Praesentis
3636 1438 3777 1494 enim

2197 1543 2384 1602 stnculi
2442 1541 2561 1598 haec
2610 1547 2691 1596 est
2730 1536 3066 1609 malignitas,
3109 1533 3242 1608 quia
3284 1548 3395 1589 non
3443 1530 3629 1587 reddit
3658 1544 3779 1583 con-

2199 1648 2390 1706 gruam
2446 1627 2807 1685 reverentiam
2844 1620 3078 1682 creatori
3133 1623 3268 1690 Deo,
3325 1629 3381 1677 et
3428 1615 3781 1676 restauratori

2199 1705 2418 1778 Christo
2446 1736 2460 1785 ;
2504 1716 2635 1772 dum
2670 1715 2875 1770 multos
2904 1711 3012 1769 sibi
3038 1709 3170 1767 deos
3195 1708 3460 1781 conﬁngit
3487 1723 3644 1764 error
3674 1705 3782 1761 hn-

505 1823 602 1896 qui
656 1835 841 1877 secum
887 1795 1062 1884 erant,
1109 1795 1300 1870 omnes
1340 1819 1645 1870 commotos
1686 1810 1948 1867 adversus
1996 1821 2091 1863 eos
2128 1836 2175 1897 Β
2200 1824 2413 1874 manus,
2443 1812 2539 1862 aut
2563 1804 2693 1860 dum
2726 1801 2946 1861 Christo
2970 1816 3002 1856 a
3023 1797 3370 1858 credentibus
3397 1796 3585 1854 debita
3615 1795 3781 1852 hono-

505 1895 837 1967 ostenderet.
890 1901 1154 1971 Quamvis
1198 1900 1469 1959 sufﬁceret
1514 1896 1811 1956 auctoritas
1852 1895 1990 1966 ejus,
2021 1908 2091 1948 ne

504 2005 688 2073 posset
713 1993 941 2053 refutari
972 2011 987 2061 ;
1026 1999 1211 2048 tamen
1254 1997 1318 2046 ut
1364 1995 1553 2062 gravet
1604 1987 1810 2043 factum
1840 1985 2086 2050 illorum,

505 2104 616 2163 quo
665 2102 698 2142 a
735 2083 915 2157 prima
944 2080 1052 2137 ﬁde
1080 2079 1424 2145 destiterant,
1457 2077 1664 2131 multus
1691 2088 1875 2130 secum
1903 2084 2091 2128 accen-

501 2157 597 2237 sos
625 2174 693 2233 ad
718 2187 957 2231 errorem
991 2170 1216 2226 illorum
1246 2164 1582 2238 arguendum
1613 2161 1880 2234 designat.
1912 2157 2094 2215 Facile

509 2267 661 2325 enim
706 2261 913 2337 poterit
948 2259 1073 2334 quis
1121 2257 1426 2329 intelligere
1452 2269 1631 2311 errare
1662 2267 1741 2321 se,
1768 2250 1818 2307 si
1846 2266 1879 2304 a
1905 2245 2095 2305 multis

508 2372 565 2412 se
594 2353 779 2410 videat
806 2345 1154 2423 reprehendi.

581 2442 763 2513 (Vere.
827 2438 912 2510 3.)
984 2460 1006 2485 ι
1047 2433 1236 2491 Gratia
1283 2430 1444 2489 vobis
1495 2437 1551 2487 et
1595 2443 1704 2503 pax
1738 2444 1771 2484 a
1796 2427 1911 2483 Deo
1937 2424 2096 2481 Patre

508 2538 719 2599 nostro,
748 2535 802 2585 et
828 2527 1067 2586 Domino
1094 2526 1223 2582 Iesu
1262 2523 1502 2581 Christo.
1540 2548 1560 2573 ι
1614 2519 1908 2591 Utriusque
1934 2514 2095 2570 bene-

509 2619 657 2687 ﬁcio,
700 2625 812 2674 tam
852 2615 1032 2672 Patris
1059 2629 1223 2687 quam
1256 2612 1407 2681 Filii,
1439 2626 1607 2684 genus
1637 2607 1925 2663 hominum
1971 2600 2097 2658 sub-

510 2708 751 2766 levatum
797 2703 1059 2762 ostendit.
1106 2701 1217 2759 Nec
1263 2700 1533 2756 minorem
1564 2695 1769 2752 Filium
1799 2689 2094 2764 signiﬁcat,

507 2813 632 2853 cum
665 2810 791 2851 eum
821 2793 1120 2849 Dominum
1147 2797 1398 2846 nostrum
1425 2794 1620 2841 vocat:
1674 2795 1851 2853 neque
1880 2780 2094 2834 Patrem

509 2881 793 2952 majorem,
845 2879 977 2950 quia
1016 2892 1140 2933 eum
1187 2879 1363 2931 Deum
1395 2881 1644 2929 nostrum
1675 2869 1935 2942 appellat;
1969 2866 2100 2938 quia

512 2984 627 3023 non
680 2966 788 3022 erit
834 2980 997 3020 verus
1037 2965 1185 3018 Deus
1227 2962 1405 3027 Pater,
1445 2959 1555 3014 nisi
1600 2965 1655 3014 et
1683 2957 1952 3013 Dominus
1979 2954 2093 3009 sit:

516 3072 694 3128 neque
742 3068 905 3110 verus
950 3049 1219 3108 Dominus
1270 3048 1467 3115 Filius,
1509 3046 1619 3102 nisi
1664 3052 1719 3101 et
1744 3048 1889 3101 Deus
1911 3043 2003 3099 sit.
2039 3041 2097 3098 Si

516 3159 647 3216 ergo
676 3156 787 3198 una
814 3139 988 3214 gratia
1038 3136 1217 3194 Patris
1244 3145 1298 3194 et
1342 3134 1474 3192 Filii
1515 3150 1641 3207 erga
1681 3149 1781 3189 nos
1824 3140 1926 3199 est,
1949 3128 2099 3206 quid

508 3241 611 3303 est,
655 3230 856 3306 inquit,
904 3237 968 3286 ut
1009 3228 1079 3286 de
1124 3226 1268 3284 Filio
1323 3225 1509 3282 minus
1535 3223 1831 3281 sentientes
1857 3220 1995 3293 (43),
2030 3219 2102 3275 le-

515 3338 639 3396 gem
697 3320 783 3377 illi
829 3318 1077 3394 tequetis,
1134 3324 1197 3373 ut
1236 3315 1438 3388 partim
1491 3311 1733 3380 Christo,
1766 3310 1965 3384 partim
1998 3306 2104 3380 legi

513 3409 788 3479 serviatis,
810 3424 936 3465 cum
960 3405 1204 3479 legeritis
1231 3403 1528 3460 Dominum
1567 3401 1840 3459 dicentem
1866 3418 1877 3454 :
1927 3424 1944 3445 ε
1965 3396 2106 3466 Quia

515 3497 791 3556 Dominus
818 3504 901 3551 est
924 3494 1101 3549 Filius
1129 3492 1374 3548 hominis
1399 3493 1561 3549 etiam
1593 3492 1812 3549 Sabbati
1846 3490 1996 3561 (Luc.
2021 3505 2102 3554 v1,

518 3588 581 3658 5)
613 3589 641 3642 ‘i
673 3612 693 3635 ι
732 3592 796 3641 ιιι
823 3600 918 3657 per
946 3583 1055 3638 hoc
1081 3579 1308 3636 videant
1336 3588 1539 3652 quanta
1565 3579 1900 3636 contumelia
1927 3578 1994 3633 ab
2027 3578 2106 3633 eis

516 3673 758 3730 Domino
787 3672 1077 3744 irrogetnr,
1109 3666 1329 3742 quando
1358 3677 1676 3740 comparant
1702 3667 2003 3724 Dominum
2029 3666 2104 3722 fa-

521 3762 708 3820 mulae.

599 3849 782 3925 (Vers.
828 3847 914 3922 4.)
977 3871 998 3897 ι
1031 3846 1140 3917 Qui
1186 3844 1339 3904 dedit
1366 3843 1719 3916 semetipsum
1747 3858 1845 3914 pro
1870 3841 2106 3914 peccatis

519 3941 744 4001 nostris.
801 3964 823 3990 ι
882 3939 1085 4012 Aperte
1132 3936 1374 3996 ostendit
1415 3934 1558 3991 nihil
1611 3932 1864 4007 prodesse
1913 3935 2105 4006 legem,

521 4031 741 4108 quando
780 4030 1062 4091 Christum
1111 4029 1251 4087 dicit
1291 4027 1557 4085 obtulisse
1603 4042 1679 4094 se,
1725 4032 1787 4081 ut
1816 4042 1914 4097 pro
1943 4023 2108 4080 nobis

521 4127 819 4193 pateretur,
875 4126 939 4173 ut
975 4135 1075 4175 nos
1114 4116 1462 4190 justiﬁcaret,
1513 4131 1651 4193 quos
1693 4116 1784 4170 lex
1811 4131 1931 4171 reos
1961 4121 2107 4170 tene-

525 4192 665 4271 bat;
716 4211 780 4259 ιιι
820 4203 964 4259 eruti
1002 4220 1035 4258 a
1070 4206 1186 4274 lege
1226 4219 1323 4275 per
1366 4203 1533 4259 ﬁdem
1581 4192 1808 4270 Christi,
1852 4201 1967 4272 jam
1996 4217 2108 4257 non

523 4297 836 4365 peccatores
881 4304 1152 4355 essemus;
1203 4289 1296 4344 sed
1323 4290 1608 4360 justiﬁcati
1645 4289 1885 4346 secunda
1911 4288 2109 4344 nativi-

523 4385 657 4446 tate,
715 4375 822 4432 ﬁlii
862 4376 963 4433 Dei
1007 4376 1286 4448 appellati.
1320 4375 1456 4434 Cum
1486 4377 1635 4433 enim
1665 4377 1724 4430 in
1752 4376 1962 4443 ditione
1996 4374 2110 4433 dia-

520 4464 636 4522 boli
682 4478 851 4535 genus
882 4463 993 4536 (44)
1036 4462 1325 4519 hominum
1362 4466 1501 4525 211
1535 4470 1829 4531 teneretur,
1860 4463 2108 4520 Salvator

2200 1895 2471 1953 riﬁcentia
2498 1909 2611 1950 non
2634 1898 2965 1949 reservatur.

2275 1983 2454 2055 (Vers.
2485 1982 2569 2053 5.)
2622 2003 2641 2028 ι
2681 1978 2995 2037 Secundum
3025 1977 3354 2034 voluntatem
3383 1974 3485 2030 Dei
3515 1981 3575 2028 et
3608 1972 3782 2029 Patris

2202 2071 2397 2140 nostri,
2436 2071 2525 2137 cui
2553 2069 2727 2142 gloria
2754 2069 2812 2124 in
2842 2067 3040 2125 sacula
3068 2066 3403 2128 saeculorum.
3432 2063 3673 2119 Amen»
3716 2062 3777 2118 Ut

2204 2162 2422 2219 ﬁrmum
2470 2160 2543 2216 sit
2587 2167 2640 2214 et
2687 2160 2913 2231 plenum
2944 2156 3285 2222 auctoritate,
3314 2151 3461 2226 quod
3491 2151 3636 2208 dicit
3665 2149 3782 2223 quia

2160 2272 2167 2281 ν
2204 2250 2456 2309 Christus
2493 2265 2592 2305 nos
2626 2246 2919 2314 liberavit;
2968 2245 3122 2302 addit
3170 2243 3299 2318 quia
3334 2240 3482 2298 istud
3509 2238 3689 2296 Patris
3714 2239 3779 2295 fe-

2204 2341 2340 2397 cerit
2369 2355 2492 2396 cum
2524 2339 2827 2395 voluntate.

2278 2430 2460 2501 (Vers.
2478 2429 2558 2500 6.)
2607 2426 2805 2484 «Miror
2830 2424 2975 2498 quod
3003 2422 3082 2481 sic
3111 2430 3223 2478 tam
3247 2422 3358 2479 cito
3386 2416 3780 2477 transferimini

2203 2518 2273 2575 ab
2300 2535 2383 2586 eo,
2411 2517 2507 2591 qui
2535 2516 2754 2572 vocavit
2786 2530 2880 2569 vos
2913 2527 3008 2585 per
3031 2511 3259 2584 gratiam
3285 2508 3514 2577 Christi,
3549 2509 3610 2583 in
3642 2505 3782 2563 aliud

2204 2605 2592 2677 Evangelium.
2624 2629 2643 2651 ι
2680 2600 3041 2673 Evangelium
3070 2599 3277 2655 bonum
3300 2597 3557 2653 nuntium
3603 2603 3704 2661 est,
3726 2610 3783 2650 ac

2244 2711 2303 2750 er
2329 2694 2434 2750 hoc
2460 2700 2515 2749 et
2566 2694 2656 2748 lex
2690 2700 2849 2748 vetus
2883 2689 3246 2761 Evangelium
3276 2695 3377 2755 est,
3416 2693 3649 2756 excepta
3680 2684 3783 2753 lege

2231 2788 2475 2838 actorum
2524 2780 2642 2853 (45)
2671 2799 2683 2836 :
2730 2779 2824 2835 sed
2879 2777 2984 2835 hoc
3027 2777 3211 2849 potius
3240 2776 3301 2831 in
3332 2791 3461 2847 quo,
3492 2772 3641 2845 quod
3669 2787 3783 2843 pro-

2205 2870 2433 2927 missum
2465 2876 2566 2939 est,
2597 2870 2838 2925 solutum
2866 2873 2966 2936 est,
2997 2860 3092 2938 per
3119 2864 3267 2937 quod
3292 2870 3603 2935 peccatores
3629 2859 3784 2916 adin-

2206 2958 2545 3031 dulgentiam
2589 2964 2983 3015 convocantur.
3023 2953 3215 3010 Mirari
3244 2969 3370 3024 ergo
3402 2951 3528 3007 ideo
3552 2967 3611 3007 se
3637 2948 3784 3015 dicit,

2206 3048 2336 3122 quia
2387 3046 2455 3103 de
2511 3046 2719 3119 optimo
2773 3052 2829 3100 et
2870 3042 3112 3101 maximo
3163 3039 3431 3097 beneﬁcio
3460 3037 3787 3105 decidentes,

2208 3137 2593 3210 manciparunt
2649 3153 2705 3193 se
2752 3135 2856 3208 legi
2903 3135 3213 3200 factorum;
3243 3138 3306 3187 ut
3336 3129 3629 3202 perderent
3653 3126 3791 3200 quod

2212 3226 2427 3283 fuerant
2466 3224 2782 3293 consecuti,
2838 3231 2903 3279 ut
2942 3222 3010 3278 de
3048 3228 3269 3292 accepta
3295 3217 3547 3275 libertate
3580 3221 3792 3273 ruerent

2212 3315 2271 3370 in
2323 3315 2667 3381 servitutem,
2715 3313 2828 3370 cito
2884 3310 3089 3367 eversi:
3132 3325 3258 3365 cum
3285 3324 3403 3362 mos
3426 3307 3591 3362 situt
3622 3305 3792 3378 paula-

2212 3403 2315 3458 tim
2367 3402 2567 3476 aliquis
2607 3402 2675 3458 de
2717 3401 2861 3456 malo
2905 3405 3144 3455 transeat
3173 3396 3241 3453 ad
3269 3396 3503 3463 bonum,
3531 3393 3594 3449 hi
3623 3401 3793 3448 autem

2213 3490 2280 3546 de
2324 3490 2471 3546 bono
2512 3490 2671 3547 facile
2719 3487 2955 3545 traducti
3002 3495 3131 3543 sunt
3156 3486 3225 3542 ad
3256 3499 3419 3557 opera
3445 3482 3654 3551 carnis,
3683 3497 3796 3555 quas

2214 3587 2344 3635 sunt
2392 3580 2596 3651 gravia.
2648 3578 2790 3635 Raro
2830 3576 2978 3633 enim
3017 3574 3289 3647 contingit
3337 3581 3400 3629 ut
3446 3563 3574 3648 quis
3603 3572 3672 3628 de
3717 3572 3797 3626 lae-

2214 3669 2340 3724 titia
2367 3667 2648 3739 confugiat
2677 3666 2745 3723 ad
2773 3666 2946 3722 exitia
2978 3684 2990 3721 :
3022 3681 3087 3721 ac
3114 3681 3209 3738 per
3235 3663 3340 3721 hoc
3368 3664 3679 3721 admiratur
3715 3661 3802 3718 hec

2215 3756 2533 3813 betudinem
2588 3756 2812 3811 illorum
2866 3754 2982 3827 qui,
3042 3754 3101 3809 in
3155 3752 3449 3809 securitate
3497 3751 3684 3824 positi,
3735 3751 3799 3805 la-

2215 3846 2335 3902 bori
2375 3862 2431 3902 se
2453 3845 2804 3917 subjecerunt
2833 3843 3005 3901 inani.
3028 3843 3155 3899 Tale
3183 3851 3286 3912 est,
3308 3842 3355 3899 si
3376 3849 3552 3898 nauta
3581 3841 3801 3897 insanus

2217 3941 2366 3992 stans
2400 3935 2458 3990 in
2481 3942 2664 4006 portu,
2695 3935 2761 3990 de
2798 3940 3119 4005 tempestate
3158 3946 3402 3998 securus,
3439 3932 3589 3986 laxet
3620 3928 3801 3985 navim

2218 4024 2277 4079 in
2330 4025 2524 4090 altum,
2569 4030 2631 4077 ut
2673 4022 3023 4094 perturbetur
3050 4019 3285 4077 diversis
3314 4018 3577 4092 procellis
3605 4036 3618 4073 :
3653 4017 3736 4072 ita
3756 4021 3805 4071 et

2219 4111 2280 4167 hi
2334 4127 2430 4183 per
2485 4110 2774 4167 stultitiam
2812 4110 3161 4181 subjecerunt
3216 4125 3309 4174 se;
3365 4114 3429 4163 ut
3465 4106 3690 4162 dolores
3723 4119 3803 4173 pa~

2219 4207 2467 4255 terentur
2509 4199 2736 4271 pudoris
2783 4198 3008 4266 desecti,
3035 4205 3088 4253 et
3120 4196 3315 4269 jngum
3355 4193 3645 4251 servitutis
3675 4192 3803 4262 legis

2219 4288 2576 4360 susciperent,
2606 4288 2759 4343 nulla
2795 4286 2960 4358 hujus
2988 4285 3067 4341 rei
3095 4301 3188 4357 spe
3218 4282 3532 4356 praedicata.
3567 4283 3631 4337 In
3658 4278 3806 4336 aliud

2219 4393 2346 4450 ergo
2374 4377 2719 4449 evangelium
2749 4374 2928 4432 vocati
2960 4374 3197 4441 fuerant,
3225 4387 3385 4445 quam
3417 4370 3567 4443 quod
3589 4370 3649 4425 hi
3680 4386 3808 4441 prae-

2219 4465 2493 4534 dicabant,
2539 4463 2632 4536 qui
2685 4479 2774 4519 eos
2823 4463 3237 4525 subverterant;
3288 4476 3397 4515 non
3442 4467 3633 4514 tamen
3662 4455 3807 4513 aliud

525 4562 735 4621 obtulit
779 4577 835 4618 se
890 4535 1102 4617 volenti
1148 4559 1398 4628 diabolo;
1447 4568 1511 4616 ut
1538 4558 1776 4615 illudens
1806 4576 1929 4615 eum
1959 4567 2107 4631 pote-
2134 4535 2185 4594 Ῑ)
2219 4552 2287 4608 ab
2339 4569 2424 4620 eo,
2466 4535 2612 4624 quod
2650 4551 2883 4623 apostoli
2921 4547 3344 4615 annuntiabant,
3375 4548 3524 4619 quod
3552 4546 3612 4601 hi
3643 4562 3810 4618 pseu-

521 4659 661 4710 state
704 4649 928 4706 virtutis
970 4664 1080 4705 sua;
1118 4647 1387 4721 (accipere
1416 4647 1565 4704 enim
1599 4646 1800 4715 voluit,
1829 4662 1987 4719 quem
2019 4646 2109 4702 de-

526 4741 706 4797 tinere
750 4754 863 4794 non
906 4736 1111 4810 potuit)
1167 4736 1405 4793 auferret
1449 4735 1522 4804 ei,
1571 4751 1691 4809 quae
1722 4735 1864 4790 malo
1890 4734 2014 4806 jure
2037 4742 2113 4791 te-

525 4827 693 4885 nebat
739 4826 1001 4902 obnoxia.
1032 4824 1371 4898 Exspoliatis
1393 4825 1576 4899 itaque
1604 4824 1815 4892 inferis,
1846 4832 2112 4896 tropaeum

525 4920 836 4976 animarum
866 4918 1095 4992 pertulit
1122 4915 1192 4975 ad
1225 4916 1461 4986 Patrem,
1492 4931 1562 4972 ex
1592 4932 1700 4989 quo
1729 4924 1858 4972 sunt
1887 4914 2109 4981 omnia;

523 5007 674 5079 quod
731 5008 822 5062 lex
891 5007 1084 5080 utique
1128 5004 1308 5063 facere
1364 5020 1475 5061 non
1530 5005 1731 5076 potuit.
1793 5003 2113 5074 Quanquam

522 5094 815 5167 profutura
860 5092 986 5149 data
1031 5093 1125 5162 sit,
1173 5092 1336 5150 nobis
1385 5099 1570 5149 tamen
1610 5090 1962 5163 peccantibus
1988 5104 2114 5145 con-

2222 4640 2527 4713 doapostoli
2584 4638 2735 4695 aliud
2785 4655 2899 4695 esse
2927 4636 3239 4694 asserebant
3267 4636 3335 4692 ad
3363 4634 3641 4690 invidiam
3675 4636 3809 4701 Apo-

2223 4730 2371 4797 stoli,
2415 4729 2509 4802 qui
2556 4744 2647 4784 eos
2693 4729 3049 4784 instruxerat.
3089 4727 3162 4782 Et
3206 4732 3268 4781 ut
3292 4724 3515 4781 Galatas
3545 4739 3641 4796 per
3673 4723 3808 4777 hanc

2223 4818 2496 4874 fallaciam
2544 4817 3026 4883 circumvenirent,
3059 4830 3276 4871 necesse
3319 4820 3437 4868 erat
3455 4819 3517 4867 ut
3567 4812 3810 4879 Evange-

2224 4907 2363 4962 lium
2393 4906 2623 4980 apostoli
2653 4905 2806 4962 aliud
2840 4923 2955 4963 esse
2984 4904 3251 4969 dicerent,
3284 4918 3447 4975 quam
3487 4901 3644 4973 quod
3677 4899 3811 4956 ratio

2223 4997 2523 5056 Salvatoris
2567 4996 2832 5053 docebat:
2882 4995 2989 5052 hoc
3035 5001 3219 5049 autem
3265 5008 3379 5048 esse
3421 5005 3647 5058 verum,
3674 4984 3814 5063 quod

2225 5090 2292 5145 ab
2331 5089 2409 5144 eis
2457 5106 2581 5145 cum
2633 5088 2767 5161 legis
2813 5085 3014 5142 veteris
3061 5083 3357 5141 concordia
3386 5080 3810 5153 praedicabatur.

480 5184 489 5187 “
525 5198 681 5239 versa
716 5188 818 5251 est,
859 5189 921 5237 ut
951 5181 1106 5238 ﬁeret
1134 5179 1396 5248 inimica;
1429 5188 1484 5236 et
1510 5180 1677 5251 coepit
1705 5178 1972 5245 occidere,
2004 5191 2116 5232 non
2212 5177 2295 5232 lHi
2334 5185 2462 5233 sunt
2500 5178 2595 5251 qui
2633 5176 2963 5250 quaestiones
2986 5175 3235 5230 fecerunt
3264 5171 3435 5227 Paulo
3465 5177 3522 5225 et
3554 5168 3815 5225 Barnabe

518 5270 827 5328 viviﬁcare.
888 5269 1142 5328 Christus
1201 5274 1386 5324 autem
1429 5267 1641 5324 donans
1698 5267 1897 5323 delicta
1928 5308 1944 5333 ,
2002 5279 2114 5319 non

515 5364 697 5424 solum
740 5359 1052 5420 viviﬁcavit
1111 5375 1234 5427 nos,
1281 5357 1378 5417 sed
1401 5366 1457 5416 et
1483 5358 1591 5416 sibi
1622 5358 1892 5425 sociavit;
1923 5363 1983 5411 ut
2013 5353 2116 5410 ﬁlii

596 5527 712 5605 (ιρι)
916 5524 1146 5605 aliquot,
1201 5527 1264 5603 ut.
1296 5520 1359 5577 de
1409 5521 1551 5605 Fili?
1579 5519 1804 5605 hamis?

600 5590 718 5677 (44)
750 5590 1027 5677 Nonnulli
1049 5609 1220 5677 mss,
1244 5593 1303 5647 in
1347 5591 1641 5677 conditione
1686 5590 1886 5647 diaboli
1924 5590 2067 5645 velut
2096 5606 2111 5655 ;

528 5664 755 5739 quidam
778 5667 881 5730 vel,
911 5665 969 5720 in
1003 5664 1249 5719 servitute
1276 5678 1417 5733 gens,
1437 5668 1544 5717 etc.

2226 5265 2293 5322 de
2340 5265 2441 5320 hac
2470 5281 2549 5334 re,
2588 5265 2729 5321 sicut
2753 5262 3069 5319 continetur
3095 5260 3154 5315 in
3184 5257 3419 5315 Actibus
3438 5258 3815 5329 apostolorum

2229 5356 2369 5426 (Act.
2419 5370 2516 5423 xv,
2573 5353 2630 5424 2)
2655 5372 2668 5421 ;
2703 5352 2795 5409 isti
2824 5351 2972 5408 enim
3002 5347 3273 5407 docebant
3303 5362 3374 5401 ex
3401 5346 3669 5418 gentibus
3695 5358 3817 5403 cre—

2301 5516 2415 5588 (45)
2465 5517 2668 5588 Omnes
2701 5513 2837 5570 edit.
2884 5520 2938 5569 et
2980 5508 3237 5569 nonnulli
3284 5522 3445 5575 mss.,
3474 5513 3693 5581 accepta
3726 5505 3821 5576 lege

2226 5585 2510 5655 factorum.
2540 5587 2660 5644 Non
2688 5591 2855 5642 recte.
