3908 6192
199 307 294 364 361

1259 304 1626 366 COMMENT.
1665 308 1736 365 IN
1771 306 1987 365 EPIST.
2031 308 2128 364 AD
2167 307 2423 367 GALAT.

3385 312 3490 375 362

191 440 375 498 dentes
400 440 532 514 quia
560 440 669 496 nisi
697 439 1222 497 circumciderentur
1267 456 1419 496 more
1446 441 1674 514 Moysis,
1722 452 1776 500 et
1813 445 1864 505 A
1892 441 1996 498 Sed
2053 441 2192 496 forte
2243 452 2434 498 contra
2488 443 2684 517 aliquis
2737 445 2916 504 dicat:
2949 449 3097 521 Ergo
3154 449 3248 523 qui
3306 449 3484 522 legem

187 529 555 603 judaizarent,
591 530 735 588 salvi
765 547 880 588 esse
911 547 1025 588 non
1049 540 1289 603 possent.

261 623 445 692 (Vers.
471 622 550 692 7.)
587 646 605 668 ι
634 621 793 689 Quod
831 637 944 677 non
969 629 1052 678 est
1073 620 1245 690 aliud,
1267 621 1384 677 nisi
1437 622 1610 696 aliqui
1641 632 1788 692 sunt,

189 709 282 783 qui
312 711 652 766 conturbant
682 726 802 776 vos,
847 718 902 766 et
929 712 1128 766 volunt
1164 719 1481 768 convertere
1530 713 1790 784 Evange-

192 799 329 855 lium
373 798 584 856 Christi
607 798 748 871 (46).
774 823 791 844 ι
826 799 1093 871 Apertum
1124 808 1204 856 est
1247 801 1376 872 quia
1406 800 1512 856 hoc
1537 801 1787 873 agebant,

189 898 252 945 ut
310 897 698 946 converterent
740 891 1103 963 Evangelium
1159 891 1364 948 Christi
1428 891 1786 948 immutantes

189 978 542 1047 traditiones,
573 988 634 1035 ut
660 978 762 1035 sub
790 980 1014 1035 nomine
1044 979 1248 1035 Christi
1277 989 1458 1036 essent
1494 979 1703 1048 Judaei;
1736 989 1788 1037 et

191 1068 298 1124 hoc
329 1075 410 1124 est
439 1079 754 1126 convertere
781 1069 1147 1142 Evangelium
1175 1069 1383 1127 Christi
1414 1071 1470 1125 in
1503 1071 1696 1143 legem.

263 1167 446 1237 (Vers.
478 1166 531 1236 8,
563 1168 640 1238 9.)
685 1191 704 1214 ι
731 1167 835 1223 Sed
868 1175 920 1222 et
943 1167 990 1222 si
1015 1183 1138 1236 vos,
1170 1175 1266 1223 aut
1297 1170 1524 1241 angelus
1554 1169 1621 1224 de
1648 1171 1789 1226 coelo

192 1255 650 1329 evangelizaverit
695 1255 876 1323 vobis,
924 1263 1284 1330 praeterquam
1317 1257 1462 1330 quod
1501 1258 1789 1330 evangeli-

191 1345 456 1412 zavimus,
509 1344 803 1401 anathema
856 1346 948 1414 sit,
981 1345 1126 1402 sicut
1150 1345 1532 1417 praediximus,
1554 1354 1608 1402 et
1637 1362 1790 1402 nunc

193 1437 389 1491 iterum
409 1435 536 1491 dico
561 1453 572 1490 :
608 1435 667 1490 Si
703 1435 829 1508 quis
858 1434 1019 1492 vobis
1047 1435 1526 1507 evangelizaverit,
1555 1445 1790 1508 praeter—

187 1541 350 1598 quam
379 1524 526 1598 quod
566 1524 878 1595 accepistis,
911 1524 1206 1580 anathema
1233 1524 1325 1581 sit.
1356 1551 1374 1574 ι
1405 1525 1576 1582 Nemo
1612 1525 1789 1580 mire-

186 1625 279 1671 tur
308 1617 659 1687 Apostolum,
691 1614 787 1686 qui
835 1614 1108 1670 feritatem
1141 1632 1360 1671 morum
1390 1615 1785 1687 mansuetabat,

186 1708 271 1764 sic
315 1722 432 1762 esse
477 1712 854 1762 commotum:
899 1721 996 1777 pro
1050 1706 1367 1762 Galatarum
1407 1707 1555 1762 enim
1611 1709 1787 1764 salute

185 1797 514 1868 indignatur
541 1795 802 1852 adversus
832 1795 1088 1852 inimicos
1109 1795 1418 1869 disciplina:
1446 1796 1782 1854 christianze.
1819 1819 1867 1879 Β

183 1885 500 1957 Indignatio
547 1885 693 1940 enim
751 1884 868 1942 haec
915 1884 1156 1941 ostendit
1203 1901 1316 1942 non
1353 1887 1474 1943 leve
1500 1894 1785 1960 peccatum

181 1991 303 2032 esse
331 1982 452 2048 post
481 1983 757 2047 acceptam
790 1973 954 2030 fidem
985 1975 1237 2032 converti
1278 1975 1346 2032 ad
1385 1977 1557 2049 legem
1587 1995 1601 2045 ;
1656 1993 1784 2033 nam

183 2072 296 2120 tam
345 2063 572 2120 ﬁrmum
624 2072 787 2136 atque
834 2079 1026 2119 verum
1077 2065 1466 2138 Evangelium,
1503 2066 1650 2140 quod
1706 2066 1786 2122 eis

181 2151 606 2225 praedicaverat,
661 2151 886 2218 asserit;
945 2162 1006 2207 ut
1067 2153 1232 2208 etiam
1289 2154 1518 2224 seipsos,
1586 2154 1642 2209 id
1707 2165 1788 2212 est

179 2243 488 2314 apostolos,
532 2239 812 2294 immutati
859 2240 999 2295 forte
1056 2241 1214 2296 aliter
1247 2241 1626 2313 praedicarent,
1675 2261 1789 2300 non

178 2331 370 2388 audiri
408 2330 647 2396 doceret,
702 2346 938 2402 quorum
995 2330 1188 2402 utique
1240 2330 1384 2386 fama
1411 2331 1559 2404 quod
1612 2339 1793 2389 essent

179 2421 421 2494 apostoli
453 2419 685 2487 Christi,
717 2427 1100 2491 peragraverat
1126 2436 1346 2476 omnem
1381 2422 1586 2478 locum.
1612 2422 1725 2478 Aut
1745 2423 1794 2478 si

180 2513 327 2568 forte
379 2509 635 2566 diabolus
681 2511 936 2582 angelum
989 2515 1134 2574 212
1176 2511 1277 2566 Dei
1331 2527 1387 2566 se
1441 2511 1674 2584 ﬁngens,
1730 2521 1792 2570 ut

182 2609 348 2664 facile
400 2607 572 2680 possit
615 2607 817 2676 audiri,
850 2608 916 2664 de
945 2609 1099 2664 caelis
1137 2618 1421 2681 appareret
1450 2618 1643 2666 contra
1674 2611 1792 2668 haec

177 2696 516 2772 praedicans,
539 2697 773 2753 sciretur
787 2713 900 2752 esse
921 2697 1281 2767 contrarium,
1299 2707 1352 2755 et
1368 2708 1430 2754 ut
1449 2698 1790 2758 abominatio

179 2787 506 2843 haberetur.
553 2787 610 2843 Si
641 2803 766 2859 ergo
813 2789 1086 2858 apostolos
1131 2787 1360 2856 Christi,
1391 2805 1626 2862 quorum
1675 2797 1786 2848 tam

177 2877 455 2950 praeclara
475 2875 664 2948 opinio
693 2875 751 2930 in
775 2877 944 2949 signis
971 2886 1026 2933 et
1055 2877 1322 2951 prodigiis
1351 2886 1467 2934 erat
1495 2879 1786 2947 faciendis,

179 2975 237 3022 et
286 2966 547 3037 angelum
588 2964 655 3021 de
709 2967 865 3033 caelo,
903 2983 1064 3039 quem
1110 2967 1282 3039 possit
1335 2966 1600 3040 spiritalis
1647 2969 1787 3025 ratio

181 3052 596 3121 commendare,
655 3053 814 3110 aliter
872 3054 1146 3122 docentes,
1207 3071 1368 3128 quam
1417 3055 1485 3110 ab
1542 3059 1786 3128 apostolo

1899 530 2289 604 praedicabant,
2309 547 2470 603 quam
2491 534 2634 590 Deus
2653 535 2855 592 dicitur
2885 536 3123 608 dedisse,
3164 538 3488 597 hominibus

1901 621 2230 678 serviebant.
2283 621 2569 689 Quomodo
2617 641 2741 697 ergo
2775 626 2971 686 idonea
3001 631 3090 685 lex
3119 647 3233 687 esse
3259 631 3488 700 dicitur,

1901 709 2059 781 cujus
2101 709 2415 782 praedicatio
2473 711 2770 768 secundum
2831 713 3121 773 hominum
3177 721 3492 778 voluntates

1902 807 2158 856 narratur
2207 802 2557 873 temperata?
2594 803 2736 858 Ante
2789 803 3085 862 adventum
3130 810 3352 865 Domini
3400 812 3492 867 lex

1895 887 2060 960 juxta
2113 889 2212 946 Dei
2247 891 2588 947 voluntatem
2624 891 3060 964 praedicabatur;
3095 904 3307 968 tempus
3345 899 3492 955 enim

1901 980 1950 1034 ei
1994 979 2315 1050 debebatur,
2358 991 2417 1039 ut
2447 991 2798 1041 servaretur:
2833 993 2888 1040 at
2923 985 3016 1042 ubi
3048 987 3201 1042 venit
3227 988 3497 1045 Dominus

1901 1069 2203 1139 promissus
2250 1070 2308 1126 in
2359 1072 2491 1144 lege,
2538 1088 2746 1130 cessare
2793 1074 3039 1146 oportuit
3098 1076 3292 1148 legem,
3335 1075 3500 1148 juxta

1901 1156 2216 1227 praedictam
2287 1161 2614 1217 sententiam
2674 1162 3087 1235 prophetarum.
3158 1165 3312 1222 Unde
3363 1167 3500 1226 dicit

1899 1247 2202 1304 Dominus:
2249 1272 2266 1296 ι
2299 1250 2412 1306 Lex
2459 1260 2513 1308 et
2566 1252 2848 1325 prophetae
2904 1271 3076 1328 usque
3126 1255 3194 1312 ad
3231 1257 3500 1314 Joannem

1904 1337 2055 1409 (Luc.
2100 1355 2218 1407 XVI,
2251 1339 2339 1411 16)
2366 1358 2418 1407 ;-
2464 1357 2564 1399 nec
2618 1343 2766 1399 enim
2816 1343 3046 1416 dignum
3095 1352 3208 1401 erat
3237 1353 3298 1402 ut
3349 1363 3500 1419 prae-

1901 1438 2052 1485 sente
2100 1431 2339 1488 Domino
2383 1433 2518 1506 legis
2572 1435 2872 1492 auctoritas
2906 1446 3235 1494 servaretur.
3264 1439 3500 1513 Ideoque

1901 1518 1947 1575 si
1979 1519 2104 1591 quis
2133 1519 2201 1576 de
2237 1529 2434 1578 caetero
2470 1523 2641 1596 legem
2689 1527 3017 1584 servandam
3042 1535 3218 1601 putat,
3243 1527 3358 1600 jam
3389 1545 3500 1585 non

1900 1607 2125 1664 Domini
2175 1611 2449 1669 voluntati
2481 1611 2842 1687 obtemperat,
2875 1616 2969 1673 sed
2999 1627 3301 1692 repugnat;
3335 1618 3501 1675 simi-

1901 1695 2046 1753 libus
2086 1697 2235 1754 enim
2264 1700 2378 1755 suis
2407 1701 2694 1760 satisfacit.

1973 1786 2155 1856 (Vers.
2191 1789 2278 1858 11,
2314 1789 2428 1863 12.)
2463 1791 2697 1849 «Notum
2715 1801 2896 1851 autem
2919 1794 3076 1852 vobis
3099 1795 3260 1867 facio,
3282 1796 3494 1869 fratres,

1897 1875 2278 1950 Evangelium,
2325 1880 2470 1953 quod
2509 1882 2860 1954 praedicatum
2903 1893 2985 1942 est
3013 1902 3044 1942 a
3073 1902 3178 1956 me,
3222 1887 3352 1961 quia
3385 1905 3497 1946 non

1897 1975 1976 2024 est
2006 1969 2308 2026 secundum
2351 1970 2654 2044 hominem;
2679 1991 2857 2050 neque
2885 1979 3033 2034 enim
3055 1996 3154 2052 ego
3174 1980 3242 2036 ab
3273 1978 3498 2038 homine

1897 2059 2080 2129 accepi
2110 2059 2275 2129 illud,
2299 2068 2394 2117 aut
2421 2061 2625 2132 didici;
2663 2065 2754 2122 sed
2789 2083 2885 2140 per
2923 2069 3317 2126 revelationem
3345 2070 3500 2127 Jesus

1898 2145 2125 2205 Christi.
2156 2175 2173 2197 ι
2215 2151 2374 2208 Nunc
2427 2154 2699 2227 principia
2753 2159 2997 2230 epistolae
3055 2161 3266 2234 aperit;
3317 2163 3498 2234 ipsum

1900 2236 2046 2292 enim
2077 2254 2295 2295 sensum
2332 2243 2455 2297 vult
2486 2244 2857 2317 manifestare,
2888 2249 3016 2321 quia
3062 2266 3125 2306 ea
3172 2266 3294 2324 quae
3327 2251 3500 2307 doce-

1901 2324 2012 2394 bat,
2043 2343 2154 2384 non
2186 2329 2254 2385 ah
2284 2330 2508 2388 homine
2538 2333 2809 2393 didicerat
2835 2355 2848 2405 ;
2879 2353 2948 2393 ne
2979 2337 3120 2394 forte
3154 2338 3502 2397 dubitaretur

1902 2412 1968 2468 de
2025 2414 2092 2470 iis
2130 2433 2250 2489 qua:
2293 2417 2540 2477 docebat.
2592 2423 2777 2496 Neque
2834 2427 3135 2482 secundum
3193 2427 3500 2486 humanum

1896 2501 2172 2574 judicium
2215 2513 2397 2578 aptata
2449 2517 2565 2565 erat
2608 2510 2725 2581 ejus
2755 2513 3105 2584 praedicatio:
3162 2524 3226 2572 ut
3275 2516 3503 2589 indigna

1901 2592 2094 2649 divina
2132 2595 2458 2653 auctoritate
2498 2599 2815 2657 videretur:
2855 2602 2947 2658 sed
2999 2619 3027 2658 a
3053 2604 3155 2660 Dei
3180 2604 3323 2660 Filio
3367 2605 3502 2664 dicit

1900 2698 1956 2738 se
1986 2681 2245 2741 didicisse
2274 2701 2372 2758 per
2399 2687 2814 2759 revelationem,
2845 2706 2971 2747 cum
3006 2690 3120 2763 jam
3175 2701 3297 2765 post
3326 2711 3501 2751 resur-

1899 2774 2197 2831 rectionem
2257 2783 2399 2833 esset
2444 2777 2502 2832 in
2545 2778 2892 2847 cmlis,'sicut
2945 2784 3403 2853 praememoravi;
3447 2793 3500 2841 et

1896 2876 1959 2916 ea
2008 2876 2130 2935 quae
2176 2862 2394 2933 didicit,
2447 2867 2745 2922 convenire
2791 2867 3066 2925 voluntati
3117 2868 3497 2946 majestatique

1896 2949 2033 3021 ejus,
2086 2968 2116 3006 a
2163 2968 2272 3024 quo
2322 2968 2379 3008 se
2425 2952 2684 3011 didicisse
2729 2965 2978 3014 testatur.
3018 2959 3299 3031 Spiritalia
3346 2963 3493 3019 enim

1896 3048 2046 3105 sunt,
2069 3057 2188 3113 quae
2212 3048 2426 3097 servata
2443 3043 2699 3100 meritum
2723 3045 2996 3102 collocant
3016 3047 3159 3119 apud
3180 3049 3375 3106 Deum:
3397 3050 3494 3107 illa

189 3144 367 3199 Paulo
399 3142 578 3199 edocti
600 3150 774 3210 erant,
810 3127 1258 3198 anathematizari
1282 3147 1561 3217 praecepit;
1580 3127 1789 3216 quanto
1818 3182 1862 3242 Ο
1897 3127 2044 3230 enin}
2079 3130 2658 3232 carnali3.3‘1nt».QU$
2686 3141 2933 3234 temp?”
2974 3151 3075 3191 δυο
3103 3146 3339 3242 seri/fui»
3393 3154 3494 3196 nec

183 3235 365 3307 magis
411 3250 547 3307 quos
594 3233 811 3288 nullum
861 3233 1238 3289 testimonium
1294 3233 1363 3290 ad
1418 3234 1789 3291 seducendum
1819 3219 1862 3242 υ
1899 3219 2157 3275 meritum
2187 3236 2290 3276 nec
2319 3221 2659 3277 immeritum
2691 3223 3064 3294 praestiterunt
3105 3225 3251 3298 apud
3279 3227 3490 3285 Deum:

183 3333 368 3399 potest
398 3322 784 3380 commendare
805 3323 834 3378 ‘l
863 3322 992 3379 Ideo
1023 3330 1206 3378 autem
1237 3323 1398 3379 iterat
1426 3325 1790 3381 contestatio-

184 3433 339 3485 nem,
368 3424 432 3471 ut
459 3414 748 3472 confirmet
786 3430 878 3471 eos
910 3414 968 3469 in
1008 3415 1186 3487 prima
1216 3414 1550 3484 traditione;
1599 3417 1793 3474 iterata

185 3507 337 3563 enim
374 3505 464 3560 lex
497 3503 853 3561 sollicitiores
881 3502 1065 3560 reddit
1093 3504 1446 3577 negligentes.

259 3604 449 3678 (Vers.
504 3602 616 3674 10.)
653 3627 670 3650 ι
700 3601 864 3660 Modo
904 3603 1052 3658 enim
1113 3601 1436 3658 hominibus
1491 3601 1790 3673 satisfacio,

186 3702 283 3751 aut
307 3693 505 3750 Deo‘b
547 3692 654 3748 hoc
684 3700 784 3760 est,
818 3690 1092 3766 numquid
1138 3691 1460 3749 horninibus
1491 3691 1790 3763 satisfacio,

187 3783 474 3841 suadendo
504 3781 662 3839 vobis
689 3782 889 3839 reverti
921 3781 990 3838 ad
1021 3780 1250 3855 gratiam
1281 3782 1509 3851 Christi,
1543 3796 1611 3840 an
1632 3783 1745 3840 Deo
1766 3783 1794 3839 ?

186 3874 308 3930 Non
342 3871 668 3928 hominibus
697 3871 908 3945 utique,
947 3871 1042 3928 sed
1071 3873 1218 3940 Deo;
1255 3877 1318 3928 ut
1345 3888 1442 3944 per
1471 3870 1794 3930 satisfactio-

187 3979 315 4018 nem
349 3968 700 4018 revertantur
726 3961 793 4017 ad
822 3962 1020 4029 Deum,
1053 3977 1214 4033 quem
1245 3968 1582 4032 spreverant.
1617 3961 1797 4017 Deni—

187 4071 296 4127 que
315 4053 506 4110 statim
532 4051 766 4124 subjecit
791 4071 802 4108 :
840 4077 856 4098 ε
878 4052 989 4109 Aut
1009 4068 1192 4124 quaero
1212 4053 1532 4110 hominibus
1552 4054 1797 4126 placere?

186 4143 242 4199 Si
286 4141 479 4199 adhuc
519 4140 841 4197 hominibus
891 4143 1185 4212 placerem,
1215 4159 1404 4198 servus
1433 4141 1642 4200 Christi
1685 4159 1799 4199 non

187 4248 392 4289 essem.
447 4253 468 4277 ι
531 4227 814 4298 Significat
863 4228 1034 4300 igitur
1082 4229 1186 4285 hos
1238 4246 1270 4284 a
1329 4229 1531 4302 quibus
1585 4230 1801 4288 fuerant

190 4320 398 4387 eversi,
433 4332 549 4373 non
578 4317 713 4384 Deo,
745 4317 839 4372 sed
885 4317 1206 4373 hominibus
1241 4319 1456 4390 placere
1485 4319 1544 4373 in
1573 4319 1801 4376 Galata-

194 4428 312 4466 rum
347 4405 741 4473 subversione,
785 4405 931 4462 sicut
977 4414 1029 4462 et
1062 4405 1414 4478 semetipsum
1449 4406 1798 4480 jamdudum,

195 4498 420 4572 quando
435 4495 769 4564 Ecclesiam,
787 4504 849 4551 ut
868 4495 1088 4551 Patrum
1103 4495 1454 4552 traditionem
1472 4496 1794 4567 vindicaret,

197 4584 647 4659 persequebatur.
703 4585 773 4642 Ut
820 4585 968 4641 enim
1000 4601 1031 4640 a
1059 4584 1262 4642 Judaeis
1293 4584 1501 4642 laudari
1553 4593 1793 4658 possent,

197 4675 502 4734 secundum
554 4675 896 4731 voluntatem
957 4674 1204 4743 illorum,
1264 4675 1437 4748 legem
1476 4674 1800 4732 servandam

199 4764 493 4834 dicebant;
547 4780 615 4819 ne
643 4765 690 4821 si
721 4780 912 4820 verum
941 4763 1304 4836 Evangelium
1351 4763 1558 4823 Christi
1592 4764 1802 4837 praedi-

200 4863 406 4922 carent,
441 4853 700 4909 inimicos
729 4870 820 4909 eos
862 4853 1129 4909 facerent.
1177 4853 1278 4910 Hic
1304 4861 1484 4910 autem
1524 4854 1805 4926 apostolus

200 4943 423 5012 Paulus,
439 4942 536 5015 qui
557 4940 711 4997 omni
739 4941 1033 4998 devotione
1051 4943 1166 4998 Deo
1188 4943 1402 5014 placere
1425 4941 1677 5010 docebat,
1691 4956 1804 4996 non

204 5033 432 5089 timebat
463 5030 718 5087 homines
745 5031 1040 5101 offendere,
1093 5030 1396 5088 dummodo
1424 5031 1525 5088 Dei
1575 5029 1803 5102 gloriam

202 5119 650 5188 commendaret;
701 5121 887 5176 omnia
931 5121 1079 5178 enim
1140 5120 1430 5194 praesentia
1475 5126 1808 5192 postponens

203 5209 430 5280 futuris,
489 5226 546 5266 se
593 5209 1016 5266 commendabat
1066 5210 1266 5282 spebus
1299 5210 1441 5282 (47),
1490 5216 1554 5266 ut
1599 5207 1807 5266 Christi

204 5298 436 5357 idoneus
485 5315 714 5366 servus;
749 5298 934 5355 idonei
964 5307 1149 5356 autem
1181 5298 1325 5355 servi
1365 5314 1481 5354 esse
1520 5313 1631 5354 non
1672 5313 1810 5370 pos-

206 5395 358 5457 sunt,
381 5387 478 5460 qui
504 5386 607 5444 sub
628 5387 851 5445 nomine
869 5387 1096 5445 Domini
1117 5386 1356 5460 propriis
1377 5386 1547 5443 lucris
1564 5385 1804 5442 student.

281 5527 400 5602 (46)
433 5529 594 5587 Rom.
631 5526 872 5602 edit.,ret
900 5530 1088 5586 volunt
1130 5527 1410 5584 invertere.
1440 5528 1513 5583 Et
1541 5525 1705 5595 infra,
1751 5529 1811 5581 ut

211 5599 530 5656 incuterent
551 5601 918 5670 Evangelium.

282 5671 400 5745 (47)
426 5672 556 5732 Mss.
588 5665 869 5743 nonnulli,
899 5688 952 5727 se
995 5668 1388 5728 commendabat
1423 5665 1700 5740 speciebus.

528 5768 775 5832 Panos.
811 5769 991 5831 XVII.

1898 3323 2010 3362 non
2055 3317 2270 3364 servata
2315 3307 2654 3365 obfuerunt:
2699 3311 2828 3382 quia
2869 3319 2922 3367 et
2971 3312 3066 3385 qui
3114 3329 3226 3369 non
3256 3313 3499 3373 fecerant

1903 3397 2095 3467 legem,
2155 3396 2257 3452 sub
2304 3397 2594 3454 maledicto
2633 3405 2824 3454 erant:
2871 3407 2925 3455 et
2954 3401 3046 3473 qui
3076 3401 3339 3472 fecerant,
3387 3420 3498 3462 non

1895 3483 2346 3556 justificabantur
2360 3487 2504 3559 apud
2535 3489 2730 3557 Deum,
2752 3489 2880 3561 quia
2903 3487 3088 3561 justus
3113 3507 3181 3548 ex
3205 3491 3314 3549 ﬁde
3334 3495 3498 3556 vivit.

1901 3579 2001 3634 Illa
2027 3579 2174 3635 enim
2212 3588 2275 3636 ut
2305 3579 2458 3638 oneri
2497 3589 2699 3652 essent,
2748 3582 3019 3640 servanda
3046 3584 3304 3642 mandata
3347 3595 3500 3654 sunt,

1900 3686 2012 3727 non
2042 3671 2315 3744 dignitati.

1978 3769 2158 3842 (Vers.
2217 3770 2330 3844 13.)
2405 3795 2422 3819 ε
2480 3771 2732 3829 Audistis
2801 3773 2949 3830 enim
3025 3774 3499 3831 conversationem

1905 3875 2079 3914 meam
2131 3859 2429 3933 aliquando
2476 3861 2532 3916 in
2577 3861 2881 3929 Judaismo,
2919 3861 3051 3933 quia
3082 3877 3246 3932 supra
3275 3860 3500 3918 modum

1907 3951 2268 4024 persequebar
2315 3951 2619 4008 Ecclesiam
2666 3950 2786 4019 Dei,
2837 3957 2891 4006 et
2925 3952 3310 4024 expugnabam
3359 3968 3501 4020 eam,

1907 4047 1962 4095 et
1992 4040 2342 4112 proﬁciebam
2375 4041 2432 4096 in
2461 4041 2745 4098 Judaismo
2774 4058 2938 4115 super
2971 4043 3176 4100 multos
3199 4051 3502 4103 coaetaneos

1910 4146 2060 4186 meos
2081 4130 2336 4202 ingenere
2367 4145 2509 4200 meo,
2528 4129 2898 4188 abundantius
2919 4131 3206 4190 aemulator
3232 4135 3501 4193 exsistens

1909 4227 2258 4291 paternarum
2324 4236 2566 4277 mearum
2632 4220 3017 4280 traditionum.
3074 4249 3092 4272 ι
3151 4223 3499 4298 Propositum

1909 4324 2091 4377 suum,
2139 4324 2248 4382 quo
2290 4309 2444 4382 prius
2481 4307 2644 4382 juxta
2671 4327 2890 4370 carnem
2921 4312 3161 4387 vigebat,
3193 4330 3502 4387 repugnans

1909 4397 2193 4468 Ecclesiae,
2227 4397 2472 4456 breviter
2500 4409 2768 4459 memorat
2794 4419 2804 4459 :
2851 4402 2946 4460 sed
2975 4409 3036 4458 ut
3074 4401 3315 4459 famulus
3344 4401 3500 4459 Chri-

1910 4487 1980 4542 sti
2028 4495 2187 4558 esset,
2246 4488 2351 4547 hoc
2405 4507 2461 4548 se
2501 4491 2786 4565 reliquisse
2835 4491 2990 4550 dicit.
3042 4491 3212 4564 Magis
3258 4490 3406 4546 enim
3445 4506 3502 4545 se

1906 4576 2186 4648 devotum,
2233 4595 2395 4652 quam
2439 4580 2565 4636 illos
2605 4581 2660 4635 in
2712 4578 3048 4637 vindicando
3103 4581 3276 4648 legem
3335 4576 3502 4630 fuisse

1909 4667 2156 4742 designat
2180 4689 2193 4738 ;
2216 4687 2327 4726 non
2356 4679 2540 4727 tamen
2567 4677 2790 4741 prOpter
2808 4669 3098 4724 hominum
3122 4667 3385 4732 favorem,
3410 4665 3504 4720 sed

1910 4755 2016 4812 hoc
2039 4765 2238 4827 putans
2265 4757 2402 4812 utile
2423 4755 2568 4828 apud
2600 4757 2795 4810 Deum.
2819 4756 2922 4811 Per
2941 4753 3305 4826 ignorantiam
3332 4751 3502 4822 enim,

1910 4861 2037 4901 cum
2085 4843 2420 4898 humanitati
2478 4844 2736 4914 placeret,
2767 4842 2880 4896 Deo
2921 4857 2978 4896 se
3021 4839 3227 4896 servire
3258 4839 3504 4912 putabat,

1914 4933 2144 4990 liberam
2192 4931 2402 4988 habens
2439 4928 2860 4996 conscientiam;
2914 4925 3191 4985 nesciebat
3219 4927 3365 4985 enim
3390 4927 3504 5000 jam

1914 5031 2130 5094 tempus
2176 5017 2479 5075 asserendae
2538 5016 2672 5088 legis
2705 5014 2822 5088 (48)
2862 5033 2973 5074 non
3014 5031 3149 5085 esse,
3201 5016 3507 5076 doctrinam

1916 5118 2134 5167 secutus
2171 5118 2412 5182 patrum,
2453 5116 2547 5163 aut
2594 5105 2651 5160 in
2678 5120 2881 5174 errore,
2912 5113 3007 5162 aut
3037 5104 3093 5160 in
3124 5106 3511 5164 malevolentia

1916 5201 2344 5257 constitutorum
2371 5216 2384 5264 ;
2416 5205 2470 5254 et
2489 5194 2642 5253 omni
2673 5194 2946 5254 industria
2974 5201 3028 5250 et
3065 5191 3281 5253 fervore
3311 5195 3513 5252 mentis

1918 5288 1975 5343 id
2005 5289 2218 5360 agebat,
2260 5291 2323 5340 ut
2373 5285 2584 5342 caeteris
2609 5285 2981 5356 coaequalibus
3025 5279 3134 5336 sibi
3163 5283 3515 5341 aemulatione

1919 5376 2054 5449 legis
2101 5372 2450 5449 praestantior
2503 5372 2805 5442 videretur,
2862 5371 2943 5429 sic
2994 5368 3280 5432 insaniens
3326 5381 3519 5431 contra

1951 5517 2112 5647 ι(48)
2145 5518 2304 5576 Rom.
2357 5516 2516 5587 edit.,
2562 5514 2682 5586 jam
2746 5517 2945 5586 tempus
2998 5516 3345 5574 asservandus
3382 5511 3527 5582 legis,

1973 5605 2024 5647 ο.

1918 5605 2024 5648 etc.

3201 5755 3274 5811 η
