3908 6192
421 354 529 414 363

1443 356 1540 412 AD
1579 354 1816 414 OPERA
1855 353 1909 415 S.
1950 354 2287 416 AMBROSII
2322 353 2702 412 APPENDIX.

3631 359 3752 417 364

421 480 774 555 disciplinam
805 479 1033 550 Christi,
1049 489 1111 538 ut
1142 480 1286 537 nulli
1309 478 1600 537 hominum
1624 487 1866 553 parceret
1888 480 2022 538 fidei
2050 485 2098 543 A
2128 481 2256 539 inde
2304 482 2502 539 iterum
2544 496 2819 553 regressus
2863 489 2944 538 est
2988 481 3338 551 Damascum,
3391 491 3454 539 ut
3483 482 3756 542 visitaret

418 569 627 629 foedera
669 579 935 628 assecuto.
977 568 1080 627 Sed
1108 587 1236 628 cum
1266 568 1365 626 Dei
1414 569 1746 625 revelatione
1779 569 2019 628 laborem

421 661 573 718 hunc
600 663 743 722 213
802 658 1021 716 inanem
1070 674 1184 714 esse
1223 657 1527 726 didicisset,
1578 666 1632 714 et
1689 659 1860 731 magis
1890 675 2019 716 con-

420 759 684 826 trarium;
737 755 1011 812 destitisse
1057 753 1125 809 ab
1164 769 1248 820 eo,
1281 761 1336 809 et
1367 769 1422 808 se
1455 753 1584 809 ﬁdei
1616 754 1799 826 gratia;
1829 756 2018 813 subdi-

422 846 588 913 disse,
633 854 694 901 ut
740 844 1021 916 profectus
1069 841 1118 896 ei
1148 849 1289 897 esset
1317 842 1461 914 apud
1492 845 1690 912 Deum,
1728 853 2014 901 memorat.

417 936 473 993 Si
496 951 622 1007 ergo
652 933 743 989 hic
771 932 865 1005 qui
898 929 1144 986 Israelita
1171 938 1272 1000 est,
1294 939 1346 987 et
1371 933 1465 1005 qui
1486 933 1755 1005 dignitate
1774 934 2018 991 doctoris

421 1026 595 1081 fultus
625 1031 740 1079 erat
769 1021 916 1094 apud
940 1020 1178 1092 Iudaeos,
1211 1023 1461 1080 eruditus
1491 1039 1523 1079 a
1551 1024 1871 1095 Gamaliele,
1893 1026 2018 1082 viro

416 1110 868 1187 prudentissimo,
917 1111 1102 1168 locum
1177 1111 1385 1170 habens
1440 1131 1565 1170 cum
1629 1116 1854 1188 optimis
1901 1116 2018 1171 vita

416 1202 758 1270 hominibus,
808 1199 1035 1274 reliquit
1076 1202 1290 1273 legem;
1339 1210 1545 1276 quanto
1593 1205 1764 1275 magis
1809 1205 1872 1273 ii,
1921 1207 2016 1278 qui

415 1299 572 1348 extra
600 1293 773 1366 legem
798 1299 973 1360 erant,
998 1289 1105 1363 legi
1134 1307 1191 1347 se
1219 1291 1489 1364 subjicere
1520 1308 1631 1348 non
1660 1292 2013 1350 debuerant?

414 1381 485 1436 Et
532 1380 578 1437 si
617 1380 710 1438 hic
762 1379 960 1454 gaudet
1011 1379 1190 1436 exisse
1219 1395 1276 1436 se
1304 1379 1371 1437 de
1402 1380 1502 1436 sub
1545 1381 1680 1454 jugo
1708 1382 2014 1450 servitutis,

414 1469 550 1542 quid
587 1478 668 1528 est
718 1479 780 1527 ut
821 1469 1131 1527 libertatem
1171 1485 1326 1526 suam
1371 1469 1738 1542 obligaverint
1775 1472 2020 1530 vinculis

417 1559 550 1632 legis
571 1556 601 1616 ?

488 1657 672 1732 (Vers.
709 1659 794 1728 15,
843 1659 955 1732 16.)
997 1684 1016 1708 ι
1048 1658 1188 1718 Cum
1234 1668 1416 1718 autem
1457 1662 1666 1734 placuit
1713 1660 1762 1718 ei
1793 1661 1889 1735 qui
1929 1677 2018 1718 me

414 1747 719 1821 segregavit
747 1747 816 1804 de
835 1756 993 1804 utero
1022 1750 1214 1806 matris
1245 1766 1398 1820 meae,
1440 1757 1494 1807 et
1521 1750 1743 1808 vocavit
1770 1766 1866 1824 per
1886 1765 2019 1823 gra-

415 1838 548 1894 tiam
591 1851 747 1892 suam
793 1837 1037 1894 revelare
1084 1838 1289 1896 Filium
1329 1856 1487 1896 suum
1520 1839 1579 1896 in
1608 1857 1716 1907 me,
1748 1847 1810 1896 ut
1855 1855 2015 1895 evan-
2047 1859 2095 1920 B

416 1925 703 2000 gelizarem
734 1941 860 1983 eum
895 1927 953 1983 in
983 1927 1274 2000 gentibus;
1308 1928 1575 1986 continuo
1618 1946 1730 1986 non
1758 1928 2013 2003 acquievi

414 2016 568 2074 carni
596 2022 651 2072 et
680 2016 956 2090 sanguini.
989 2041 1007 2064 »
1053 2015 1188 2075 Cum
1222 2018 1279 2074 in
1312 2019 1428 2090 lege
1475 2017 1701 2076 haberet
1729 2017 2010 2087 ﬁduciam,

415 2105 624 2162 inscius
651 2104 767 2178 jam
820 2115 1038 2180 tempus
1091 2107 1224 2180 legis
1271 2107 1554 2164 servandaa
1615 2123 1728 2164 non
1776 2123 1912 2176 esse,
1962 2116 2016 2165 et

415 2195 570 2251 omni
599 2194 867 2252 aviditate
889 2195 1266 2265 contenderet,
1290 2205 1488 2268 putans
1517 2197 1614 2253 Dei
1644 2213 1701 2253 se
1729 2197 2014 2254 voluntate

414 2283 522 2341 hoc
565 2300 741 2358 agere,
787 2289 851 2341 ut
904 2285 1179 2342 resisteret
1208 2285 1513 2358 Evangelio
1539 2285 1784 2355 Christi;
1820 2286 2016 2344 videns

413 2375 560 2432 Deus
601 2373 1010 2432 aemulationem
1058 2373 1175 2446 ejus
1221 2373 1444 2446 bonam,
1498 2374 1594 2432 sed
1644 2376 1929 2432 scientiam
1965 2377 2014 2433 ei

414 2465 618 2534 deesse,
668 2465 876 2538 placuit
921 2465 972 2522 ei
997 2481 1193 2522 vocare
1236 2465 1398 2522 illum
1445 2465 1515 2523 ad
1545 2467 1779 2540 gratiam
1835 2483 2012 2536 suam,

414 2555 594 2611 sciens
633 2553 750 2627 jam
808 2554 1072 2613 idoneum
1122 2555 1272 2614 hunc
1307 2573 1433 2614 esse
1476 2557 1546 2614 ad
1602 2556 2015 2630 pradicandum

414 2643 778 2716 Evangelium
831 2645 960 2702 Filii
1007 2645 1125 2719 ejus
1169 2645 1228 2702 in
1267 2647 1559 2720 gentibus;
1589 2647 1720 2721 quia
1765 2648 1811 2703 si
1860 2646 1918 2702 in
1959 2662 2017 2702 re

417 2733 648 2790 minima
675 2742 787 2790 tam
818 2736 983 2792 velox
1003 2745 1057 2794 et
1085 2736 1229 2794 ﬁdus
1249 2747 1364 2795 erat
1386 2738 1616 2795 audacia
1641 2736 2017 2802 conscientiae,

414 2839 527 2878 non
574 2821 892 2878 adulatione
931 2823 1256 2896 cujusquam
1289 2844 1303 2891 ;
1347 2833 1554 2898 quanto
1593 2825 1765 2898 magis
1794 2825 1851 2881 in
1884 2842 2015 2898 pra:-

415 2909 653 2966 dicando
707 2910 853 2965 dono
908 2911 1007 2966 Dei
1065 2911 1286 2968 futurus
1339 2921 1482 2969 esset
1524 2915 1865 2971 constantior
1923 2929 2017 2985 spe

419 2995 680 3070 promissi
709 2996 923 3068 praemii
946 2997 976 3052 7
1012 2997 1367 3058 Praescientia
1405 3017 1533 3073 ergo
1561 3003 1661 3058 Dei
1709 3011 2017 3076 segregatus

415 3094 496 3144 est
525 3085 592 3142 de
638 3092 797 3142 utero
821 3085 1013 3144 matris
1065 3103 1202 3156 suae,
1239 3088 1296 3144 id
1333 3097 1435 3161 est,
1459 3101 1750 3164 antequam
1778 3108 2019 3150 nascere-

416 3186 526 3247 tur,
559 3178 648 3234 vel
687 3176 876 3235 statim
906 3186 1096 3236 natum
1135 3179 1300 3237 scivit
1322 3182 1470 3239 Deus
1507 3182 1755 3240 futurum
1787 3182 2015 3252 bonum,

415 3271 560 3328 sicut
589 3270 728 3328 dicit
755 3269 826 3340 ad
846 3271 1139 3330 Ieremiam
1163 3272 1521 3347 prophetam:
1561 3299 1580 3324 ι
1609 3274 1934 3348 Priusquam
1961 3281 2017 3331 te

412 3360 706 3418 formarem
752 3361 812 3417 in
861 3373 1040 3430 utero,
1087 3363 1221 3420 novi
1278 3371 1352 3434 te,
1401 3373 1505 3423 etc.
1540 3365 1756 3438 (larem.
1789 3383 1832 3434 ι,
1863 3364 1919 3437 5)
1947 3382 1961 3432 ;
1987 3389 2005 3414 ι

413 3449 491 3508 ita
518 3458 572 3508 et
602 3451 913 3523 apostolum
945 3453 1204 3520 Paulum,
1232 3454 1413 3512 sciens
1451 3456 1578 3529 quis
1606 3464 1744 3513 esset
1773 3455 2019 3523 futurus,

412 3539 683 3611 prmvenit
710 3555 836 3595 eum
861 3558 876 3606 ;
923 3547 989 3594 ut
1017 3547 1309 3614 antequam
1340 3553 1775 3614 converteretur,
1795 3550 2018 3601 vocaret

412 3623 562 3696 eum,
611 3625 741 3699 quia
792 3635 908 3684 erat
939 3629 1298 3686 necessarius.
1354 3632 1600 3707 Denique
1625 3634 1810 3690 statim
1839 3648 2016 3690 susce-

412 3717 496 3789 pit
523 3714 988 3788 dispensationem
1037 3717 1171 3774 doni
1200 3719 1320 3789 Dei,
1355 3721 1508 3776 omni
1542 3723 1844 3795 postposita
1886 3739 2019 3780 cura

412 3804 656 3875 carnali;
689 3821 791 3864 nec
817 3805 966 3863 enim
1007 3808 1303 3865 consilium
1333 3809 1658 3885 cujusquam
1698 3813 1880 3885 petiit,
1923 3818 2017 3868 aut

412 3895 479 3952 ad
509 3894 749 3970 aliquem
779 3897 970 3954 retulit
999 3897 1133 3972 quid
1162 3908 1304 3958 esset
1331 3907 1590 3957 acturus:
1631 3900 1725 3956 sed
1764 3901 2016 3974 protinus

413 3985 733 4059 praedicavit
779 3987 1087 4058 Christum,
1119 3989 1250 4063 quia
1279 3989 1372 4048 hic
1411 3999 1492 4048 est
1521 3991 1695 4048 Filius
1725 3989 1844 4048 Dei.
1878 3990 2014 4047 Nam

411 4076 555 4132 sicut
585 4075 759 4132 futuri
806 4077 939 4132 mali
987 4078 1303 4152 frequenter
1342 4088 1471 4136 ante
1501 4089 1629 4138 sunt
1656 4080 1789 4139 boni
1815 4099 1826 4138 :
1858 4080 1934 4137 ita
1961 4087 2016 4137 et

413 4165 593 4222 solent
640 4163 816 4221 futuri
842 4165 978 4221 boni
999 4168 1150 4238 prius
1179 4186 1295 4228 esse
1325 4171 1479 4229 mali.

480 4263 663 4336 (Vers.
705 4265 819 4334 17.)
857 4289 876 4313 ι
903 4265 1090 4338 Neque
1120 4269 1247 4324 veni
1297 4271 1738 4345 Hierosolymam
1764 4271 1834 4328 ad
1863 4289 2015 4346 prae-

414 4367 656 4409 cessores
695 4367 846 4408 meos
884 4355 1186 4426 apostolos,
1230 4357 1326 4414 sed
1374 4359 1487 4415 abii
1535 4360 1593 4416 in
1640 4361 1921 4430 Arabiam,
1961 4371 2016 4420 et

415 4440 619 4498 iterum
676 4456 954 4514 regressus
1005 4459 1127 4498 sum
1183 4447 1532 4504 Damascum.
1586 4474 1604 4497 ι
1670 4450 1794 4505 Non
1847 4450 2015 4507 fuisse

414 4530 554 4588 dicit
583 4529 906 4588 necessitate
937 4533 1172 4590 electum
1203 4551 1260 4592 se
1288 4551 1320 4591 a
1349 4537 1462 4592 Deo
1493 4538 1752 4610 pergendi
1783 4538 1852 4594 ad
1881 4556 2013 4612 prae-

413 4635 654 4677 cessores
681 4635 810 4676 suos
837 4621 1136 4693 apostolos,
1167 4631 1228 4681 ut
1266 4598 1663 4696 aliquid-forte
1693 4598 1928 4685 disceret
1951 4628 2018 4685 ab
2051 4598 2100 4658 Β

414 4709 526 4776 eis;
571 4708 702 4782 quia
755 4709 904 4767 Deus
932 4709 983 4766 ei
1027 4712 1294 4770 revelavit
1325 4729 1419 4786 per
1446 4714 1652 4773 Filium
1683 4733 1842 4773 suum
1891 4734 2020 4792 quo-

414 4799 581 4857 modo
625 4799 867 4859 doceret.
910 4803 1026 4860 Hoc
1056 4802 1180 4861 ideo
1219 4805 1487 4879 loquitur,
1537 4816 1600 4865 ut
1629 4809 1880 4868 ostendat
1908 4827 2021 4868 non

411 4889 565 4948 aliud
595 4893 896 4951 tenendum
930 4911 1066 4966 esse,
1103 4911 1264 4969 quam
1304 4897 1454 4970 quod
1481 4898 1675 4957 docet:
1723 4917 1824 4959 nec
1843 4900 2019 4958 homi-

415 4978 582 5036 nibus
627 4983 800 5052 credi,
849 4984 944 5042 sed
992 4987 1127 5055 Deo,
1156 5003 1188 5042 a
1215 5003 1325 5061 quo
1370 5005 1427 5045 se
1457 4989 1716 5047 didicisse
1751 4998 2016 5061 testatur;

415 5086 478 5129 ac
507 5085 604 5142 per
641 5069 749 5130 hoc
774 5089 886 5143 eos,
921 5075 1016 5148 qui
1047 5076 1174 5132 illos
1221 5076 1282 5133 in
1313 5079 1486 5153 legem
1517 5080 1872 5150 induxerant,
1905 5097 2020 5139 esse

419 5158 674 5218 doctores
704 5161 910 5232 falsos;
934 5164 1062 5236 quia
1090 5181 1203 5222 non
1231 5183 1263 5223 a
1290 5169 1405 5225 Deo
1425 5171 1690 5228 traditum
1715 5179 1852 5238 erat,
1873 5171 2020 5244 quod

415 5247 704 5310 docebant.
752 5253 803 5309 A
850 5253 1122 5312 Damasco
1149 5271 1278 5330 ergo
1328 5258 1387 5315 in
1432 5259 1691 5317 Arabiam
1742 5261 2020 5334 profectus

417 5348 520 5408 est,
541 5340 611 5396 ad
641 5340 1076 5414 praedicandum,
1109 5345 1206 5402 ubi
1236 5349 1428 5404 nullus
1459 5359 1576 5407 erat
1604 5353 2014 5424 apostolorum;

415 5435 480 5484 ut
507 5429 622 5500 ipse
666 5429 758 5489 hic
822 5431 1079 5491 fundaret
1133 5435 1429 5508 Ecclesias,
1469 5455 1538 5497 ne
1595 5441 2021 5516 subrepentibus

417 5516 890 5593 pseudoapostolis
947 5521 1086 5595 (49),
1147 5527 1466 5585 Iudaismus
1518 5531 1900 5590 seminaretur.
1950 5533 2021 5588 Et

2130 571 2331 644 quibus
2367 569 2522 626 rudis
2552 569 2948 644 praedicaverat
2991 570 3356 642 Evangelium
3387 572 3583 644 gratiae
3612 575 3747 632 Dei.

2205 662 2386 734 (Vers.
2447 662 2562 734 18.)
2625 688 2643 711 ι
2687 662 2898 720 Deinde
2952 669 3075 735 post
3119 676 3293 718 annos
3345 669 3458 718 tres
3511 665 3749 722 ascendi

2131 751 2568 825 Hierosolymam
2600 751 2787 809 videre
2836 753 3077 820 Petrum,
3108 760 3162 807 et
3208 751 3387 807 mansi
3416 751 3567 824 apud
3611 770 3746 810 eum

2127 841 2244 898 dies
2294 841 2635 914 quindecim.
2668 866 2686 889 ι
2726 842 2966 914 Dignum
3009 840 3117 896 fuit
3161 849 3224 898 ut
3271 849 3500 912 cuperet
3549 842 3746 900 videre

2128 932 2372 999 Petrum,
2406 931 2538 1004 quia
2567 931 2780 1004 primus
2806 938 2921 986 erat
2953 930 3095 986 inter
3123 930 3421 1002 apostolos,
3443 930 3538 988 cui
3576 931 3744 988 dele-

2129 1029 2349 1094 gaverat
2381 1022 2632 1078 Salvator
2663 1037 2851 1079 curam
2882 1020 3255 1077 Ecclesiarum
3281 1038 3292 1076 :
3328 1036 3442 1078 non
3463 1021 3661 1096 utique
3677 1031 3741 1079 ut

2128 1111 2340 1184 aliquid
2379 1110 2445 1166 ab
2487 1128 2550 1167 eo
2597 1110 2861 1178 disceret;
2911 1111 3044 1184 quia
3077 1109 3193 1182 jam
3239 1110 3310 1166 ab
3340 1119 3568 1170 auctore
3595 1112 3740 1170 didi-

2127 1209 2294 1270 cerat,
2348 1218 2378 1256 a
2425 1218 2534 1275 quo
2580 1211 2634 1259 et
2662 1202 2776 1275 ipse
2806 1202 3000 1258 Petrus
3040 1199 3220 1257 fuerat
3248 1200 3595 1259 instructus:
3641 1203 3736 1260 sed

2127 1299 2345 1363 propter
2392 1290 2646 1348 affectum
2697 1291 3055 1363 apostolatus,
3105 1297 3159 1346 et
3207 1298 3270 1346 ut
3327 1292 3493 1348 sciret
3540 1292 3739 1350 Petrus

2128 1378 2270 1435 hanc
2316 1379 2399 1434 illi
2446 1379 2627 1436 datam
2660 1379 2961 1448 licentiam,
2987 1396 3150 1453 quam
3176 1387 3229 1436 et
3263 1381 3380 1453 ipse
3427 1390 3733 1456 acceperat.

2128 1467 2370 1546 Veniens
2425 1484 2552 1541 ergo
2601 1469 2669 1526 ad
2723 1486 2869 1538 eum,
2934 1469 3174 1542 hospitio
3232 1479 3484 1545 receptus
3527 1481 3633 1543 est,
3679 1481 3736 1530 et

2126 1560 2271 1632 apud
2323 1576 2448 1616 eum
2481 1560 2682 1616 mansit
2712 1560 2829 1616 dies
2858 1560 3199 1635 quindecim,
3249 1563 3403 1635 quasi
3434 1565 3736 1621 unanimus

2126 1651 2493 1722 coapostolus.
2527 1651 2653 1707 Haec
2680 1650 2804 1707 ideo
2841 1651 3175 1722 manifestat,
3208 1661 3270 1709 ut
3299 1654 3552 1710 ostendat
3587 1671 3736 1711 con-

2127 1739 2374 1796 cordiam
2415 1756 2471 1797 se
2515 1757 2641 1797 cum
2685 1741 2950 1814 apostolis
2991 1739 3266 1810 habuisse,
3309 1759 3411 1800 nec
3455 1743 3514 1800 in
3542 1744 3732 1818 aliquo

2127 1829 2468 1901 dissensisse,
2513 1831 2656 1888 sicut
2686 1831 3045 1890 susurrabant
3067 1831 3136 1889 de
3164 1849 3227 1890 eo
3247 1831 3730 1908 pseudoapostoli;

2123 1930 2186 1978 ut
2233 1938 2359 1979 eum
2408 1921 2555 1996 apud
2610 1924 2892 1980 Ecclesias
2939 1923 3185 1998 gentium
3231 1923 3630 1996 deformarent,
3678 1932 3734 1982 et

2125 2029 2219 2068 sur
2275 2013 2419 2068 mala
2478 2013 2915 2087 simplicioribus
2974 2014 3290 2082 insererent,
3355 2013 3610 2071 dicentes
3668 2032 3732 2072 ea

2123 2102 2422 2162 convenire
2449 2120 2576 2161 cum
2607 2102 2862 2161 doctrina
2888 2105 3259 2178 apostolorum
3291 2102 3591 2176 majorum.

2199 2193 2381 2266 (Vers.
2426 2194 2540 2267 i9.)
2587 2219 2605 2243 ι
2636 2195 2842 2251 Iterum
2891 2211 3145 2252 reversus
3191 2212 3310 2252 sum
3373 2196 3725 2265 Damascum,

2125 2283 2296 2340 alium
2323 2292 2506 2342 autem
2537 2301 2606 2342 ex
2636 2285 2898 2358 apostolis
2927 2285 3044 2342 vidi
3085 2285 3384 2355 neminem,
3413 2285 3525 2342 nisi
3562 2285 3724 2342 Iaco-

2125 2373 2257 2430 bum
2289 2374 2514 2432 fratrem
2536 2374 2781 2432 Domini.
2804 2399 2823 2423 ι
2859 2375 3123 2433 Iacobum
3145 2375 3289 2432 vidit
3307 2375 3721 2462 Hierosolyma,

2125 2465 2256 2538 quia
2301 2465 2421 2522 illic
2476 2474 2592 2523 erat
2641 2466 2975 2524 constitutus
3017 2465 3086 2522 ab
3125 2466 3388 2540 apostolis
3416 2466 3723 2539 episcopus,

2126 2555 2220 2627 qui
2251 2562 2306 2610 et
2327 2555 2441 2628 ipse
2472 2555 2625 2628 prius
2655 2556 2832 2614 fuerat
2860 2555 3198 2626 incredulus,
3222 2556 3367 2614 sicut
3401 2555 3542 2613 dicit
3566 2571 3722 2611 evan-

2128 2643 2354 2715 gelista:
2420 2668 2439 2692 ι
2487 2645 2627 2713 Quia
2683 2662 2786 2704 nec
2834 2647 3027 2704 fratres
3083 2645 3222 2719 ejus,
3289 2646 3495 2720 inquit,
3543 2645 3724 2703 adhuc

2127 2733 2424 2790 credebant
2455 2733 2513 2789 in
2544 2751 2670 2791 eum
2707 2735 2888 2808 (Joan.
2919 2753 3022 2802 vn,
3043 2736 3126 2809 ὅ).
3157 2761 3174 2783 ι
3211 2735 3312 2792 Hic
3332 2735 3568 2793 Iacobus
3588 2735 3734 2792 ﬁlius

2130 2821 2238 2878 fuit
2295 2823 2518 2896 Ioseph,
2563 2825 2660 2897 qui
2708 2824 2832 2881 ideo
2858 2824 3025 2882 frater
3052 2824 3276 2882 Domini
3306 2825 3614 2898 appellatus
3634 2830 3732 2894 est,

2128 2910 2258 2983 quia
2290 2919 2343 2967 et
2363 2911 2564 2986 Ioseph
2595 2920 2748 2986 pater
2785 2913 2924 2987 ejus,
2952 2914 3119 2971 etiam
3144 2914 3369 2972 Domini
3398 2922 3552 2988 pater
3582 2930 3736 2970 nun-

2127 3007 2358 3072 cupatus
2381 3010 2480 3059 est.
2518 3002 2608 3060 Sic
2638 3004 2786 3060 enim
2818 3003 2956 3061 dicit
2987 3003 3158 3060 Maria
3185 3005 3254 3062 ad
3283 3004 3466 3061 Iesum
3489 3002 3548 3060 in
3576 3003 3737 3060 Lucas

2127 3089 2463 3163 Evangelio:
2510 3117 2528 3140 ι
2558 3091 2703 3159 Quid
2744 3093 2924 3150 fecisti
2952 3093 3133 3162 nobis,
3165 3092 3295 3150 ﬁli?
3334 3093 3450 3165 Ego
3487 3100 3543 3150 et
3582 3101 3737 3166 pater

2129 3186 2256 3236 tuus
2284 3181 2466 3238 moesti
2495 3188 2550 3237 et
2580 3181 2766 3238 tristes
2793 3183 3173 3256 quaerebamus
3201 3191 3257 3239 te
3281 3183 3432 3254 (Luc.
3466 3200 3531 3252 ιι,
3560 3182 3679 3254 48).
3704 3207 3724 3233 ι

2132 3268 2201 3323 Et
2232 3267 2289 3324 in
2335 3269 2637 3342 Evangelio
2669 3271 2899 3328 Joannis
2941 3272 3081 3330 dicit
3125 3271 3412 3345 Philippus
3439 3271 3508 3329 ad
3535 3271 3738 3328 Natha-

2129 3359 2289 3415 nae]:
2349 3384 2366 3407 ι
2405 3361 2578 3429 Quem
2635 3361 2856 3435 scripsit
2913 3363 3126 3436 Moyses
3177 3367 3326 3426 214
3379 3361 3436 3418 in
3497 3363 3632 3435 lege,
3685 3374 3740 3422 et

2129 3456 2428 3528 prophetae,
2494 3456 2813 3516 invenimus
2867 3461 3053 3518 Iesum
3109 3477 3142 3518 a
3197 3459 3485 3530 Nazareth,
3553 3459 3739 3517 ﬁlium

2127 3545 2328 3618 Ioseph
2377 3547 2560 3620 (Joan.
2595 3565 2634 3617 ι,
2665 3548 2782 3621 45).
2817 3574 2834 3597 ι
2879 3550 2995 3608 Hoc
3041 3567 3170 3624 ergo
3219 3550 3382 3607 modo
3431 3549 3618 3607 dictus
3655 3559 3744 3608 est

2127 3635 2398 3694 Dominus
2443 3638 2614 3696 frater
2655 3639 2843 3697 Jacobi
2892 3649 2946 3697 et
2981 3649 3324 3710 caeterorum,
3365 3658 3475 3715 quo
3503 3650 3559 3699 et
3588 3641 3742 3698 ﬁlius

2129 3728 2552 3801 nuncupabatur
2596 3730 2818 3804 Ioseph.
2871 3731 3108 3799 Quidam
3153 3734 3302 3790 enim
3333 3733 3488 3792 ducti
3519 3735 3744 3792 insania

2126 3817 2226 3875 hos
2273 3835 2433 3876 veros
2470 3821 2695 3877 Domini
2746 3822 2942 3880 fratres
2993 3823 3060 3880 de
3103 3824 3273 3882 Maria
3326 3834 3506 3895 natos,
3565 3827 3744 3900 impia

2125 3911 2426 3968 assertione
2466 3912 2836 3984 contendunt,
2863 3930 2991 3971 cum
3023 3914 3223 3987 Ioseph
3252 3931 3362 3972 non
3394 3930 3588 3972 verum
3619 3914 3744 3986 ejus

2125 4009 2332 4072 patrem
2379 4001 2570 4060 dicant
2617 4003 2976 4076 appellatum.
3028 4004 3086 4062 Si
3135 4005 3284 4062 enim
3330 4005 3391 4062 hi
3433 4006 3552 4062 veri
3581 4014 3744 4064 erant

2124 4091 2319 4148 fratres
2361 4091 2502 4163 ejus,
2551 4103 2605 4150 et
2646 4094 2847 4168 Ioseph
2889 4095 2994 4153 erit
3049 4111 3214 4153 verus
3263 4104 3450 4170 pater,
3478 4097 3610 4170 quia
3638 4097 3742 4170 qui

2123 4181 2271 4238 dixit
2302 4189 2514 4254 patrem
2546 4182 2664 4256 ejus
2689 4184 2910 4258 Ioseph,
2945 4187 3093 4244 idem
3121 4187 3269 4246 dixit
3296 4197 3351 4246 et
3389 4188 3588 4246 fratres
3617 4187 3745 4261 ejus

2122 4269 2385 4326 Iaeobum
2415 4280 2470 4328 et
2495 4282 2743 4332 cateros.

2197 4359 2378 4432 (Vers.
2421 4360 2536 4435 20.)
2584 4388 2602 4411 ε
2648 4363 2779 4431 Quae
2827 4372 3009 4421 autem
3059 4366 3241 4424 scribo
3276 4366 3455 4436 vobis,
3488 4383 3615 4426 ecce
3644 4384 3742 4427 co.

2124 4466 2241 4507 ram
2285 4453 2420 4522 Deo,
2449 4453 2580 4527 quia
2627 4471 2738 4511 non
2771 4456 3026 4512 mentior.
3051 4480 3068 4505 ι
3108 4457 3229 4525 Quo
3273 4458 3340 4514 ad
3370 4459 3743 4517 commenda-

2131 4541 2341 4599 tionem
2389 4543 2508 4616 ejus
2560 4548 2799 4618 pertinet
2825 4547 3132 4618 locuturus,
3169 4555 3365 4605 testem
3394 4551 3574 4606 Deum
3617 4550 3739 4621 dat,

2133 4631 2262 4702 quia
2301 4633 2382 4690 ita
2436 4649 2492 4690 se
2542 4633 2765 4704 habent,
2822 4653 2942 4710 quae
2997 4637 3247 4694 dicturus
3301 4646 3404 4706 est,
3468 4654 3539 4695 ne
3596 4639 3743 4695 forte

2131 4720 2414 4780 videretur
2483 4725 2891 4798 compositum;
2961 4743 3089 4785 cum
3152 4743 3400 4800 persona
3443 4726 3564 4800 ejus
3625 4745 3744 4786 non

2131 4814 2426 4872 conveniat
2473 4815 2683 4889 aliquid
2759 4815 2986 4888 ﬁngere.
3039 4815 3145 4874 Sed
3187 4834 3313 4874 cum
3359 4833 3417 4874 se
3457 4833 3747 4876 commeno

2130 4902 2242 4972 dat,
2298 4903 2400 4960 hos
2448 4906 2572 4962 vult
2615 4903 2917 4978 proﬁcere;
2978 4907 3386 4965 commendatio
3429 4907 3582 4963 enim
3621 4906 3746 4966 hac

2131 4991 2251 5047 istis
2306 4993 2546 5066 proﬁcit,
2584 5003 2646 5052 ut
2688 4995 2866 5053 sciant
2907 5011 2988 5068 ea,
3035 5013 3159 5072 qua;
3200 4997 3269 5056 ab
3307 4996 3413 5055 hoc
3441 4996 3741 5069 dicuntur,

2131 5098 2243 5138 esse
2273 5099 2579 5140 νει-18811118.

2203 5173 2385 5244 (Vers.
2435 5173 2646 5247 21-24.)
2690 5199 2708 5223 ‹
2736 5174 2948 5233 Deinde
3000 5175 3128 5233 veni
3178 5176 3237 5234 in
3280 5176 3535 5250 regiones
3560 5177 3743 5250 Syrias

2128 5269 2182 5319 et
2237 5263 2464 5321 Ciliciae.
2534 5264 2698 5320 Eram
2753 5272 2938 5322 autem
2987 5266 3210 5338 ignotus
3275 5266 3417 5325 facie
3467 5267 3745 5325 Ecclesiis

2128 5353 2348 5422 Iudaeae,
2399 5371 2519 5428 quae
2567 5363 2724 5411 erant
2773 5355 2830 5410 in
2862 5354 3124 5414 Christo:
3165 5357 3520 5414 solummodo
3549 5357 3745 5416 audie-

2127 5441 2280 5512 bant,
2312 5443 2443 5515 quia
2485 5443 2580 5516 qui
2631 5445 3057 5518 persequebatur
3084 5464 3188 5504 nos
3221 5445 3546 5519 aliquando,
3588 5463 3746 5506 nunc

2128 5531 2388 5606 praedicat
2435 5533 2623 5604 ﬁdem,
2687 5549 2852 5608 quam
2899 5536 3196 5612 aliquando
3240 5536 3640 5611 expugnabat;
3687 5547 3744 5595 et

492 5721 612 5797 (49)
648 5725 777 5784 Mss.
825 5730 1103 5799 nonnulli,
1135 5747 1200 5789 ne
1233 5734 1646 5808 subripientibus
1668 5741 2142 5815 pseudoapostolis.
