3908 6192
38 359 42 368 _
120 288 220 346 365

1176 285 1538 347 COMMENT.
1585 285 1658 343 IN
1694 283 1911 342 EPIST.
1953 286 2049 341 AD
2089 283 2346 344 GALAT.

3300 287 3406 348 366

122 410 182 466 in
210 427 293 466 me
315 410 742 484 magnificabant
786 412 984 466 Deum.
1027 436 1045 459 ι
1089 411 1204 467 Hoc
1232 409 1391 478 dicit,
1421 410 1551 484 quia
1578 425 1704 466 cum
1733 411 1784 470 Α
1819 408 2132 465 idololatria
2188 409 2328 480 (Act.
2388 427 2484 480 xv,
2539 412 2655 483 29).
2703 412 2861 468 Nunc
2899 410 3086 470 dicant
3143 412 3405 485 sophistas

116 501 452 560 Judaismum
505 501 826 560 defenderet
876 509 1069 559 contra
1115 500 1303 569 ﬁdem,
1351 501 1496 557 sicut
1546 507 1600 556 et
1645 499 1707 555 hi

114 606 145 645 a
173 591 370 664 quibus
399 592 607 649 Galatae
637 592 861 648 fuerant
891 590 1087 660 eversi,
1119 607 1151 647 a
1207 591 1322 647 Deo
1349 590 1557 645 electus
1601 595 1704 656 est,

115 687 169 736 et
195 681 392 740 doctus
418 682 773 739 dissimulare
813 699 846 738 a
884 681 1187 750 Judaismo,
1217 688 1270 737 et
1307 695 1506 735 novam
1535 679 1711 749 legem

113 771 409 842 praedicare
443 790 454 828 :
492 773 570 828 ita
597 765 660 827 u’t
688 771 988 844 gauderent
1034 770 1092 827 in
1123 786 1187 826 eo
1216 786 1285 827 ex
1319 769 1522 826 Iudaeis
1583 784 1711 825 cre-

111 858 324 929 dentes,
389 877 528 934 quos
565 860 780 934 pridem
810 860 1255 934 persequebatur,
1315 861 1429 915 Deo
1487 866 1707 930 agentes

108 951 339 1022 gratias,
399 951 495 1024 qui
551 951 617 1006 de
645 958 988 1024 persecutore
1038 949 1166 1005 fecit
1221 947 1594 1014 defensorem;
1647 953 1712 1002 ut

105 1039 344 1112 perinde
373 1041 576 1098 scirent
601 1041 803 1098 Galatza
834 1040 1240 1096 circumventos
1268 1054 1345 1108 se,
1376 1045 1441 1094 ut
1469 1037 1570 1094 sub
1599 1052 1712 1093 no-

106 1129 265 1186 mine
326 1129 532 1187 Christi
582 1130 801 1188 Judaeos
842 1146 898 1186 se
943 1128 1352 1204 profiterentur,
1408 1127 1712 1185 circumci—

107 1217 306 1275 dentes
351 1235 571 1278 carnem
603 1221 859 1293 praeputii
892 1220 1000 1289 sui,
1034 1237 1163 1277 cum
1198 1218 1408 1278 Christi
1436 1219 1529 1274 lex
1557 1217 1712 1274 aliud

109 1308 365 1381 imperet,
395 1326 556 1382 quam
613 1309 970 1379 Judaismus;
1034 1311 1152 1368 illic
1181 1310 1330 1366 enim
1361 1307 1712 1367 circumcisio

107 1397 295 1454 carnis
327 1405 430 1468 est,
461 1398 554 1455 hic
582 1399 799 1456 cordis.-
835 1399 954 1456 illic
994 1399 1096 1456 sub
1141 1399 1428 1457 elementis
1475 1398 1716 1456 servitur

108 1487 422 1545 neomeniis
468 1497 523 1545 et
555 1488 814 1558 Sabbato,
847 1489 942 1544 hic
969 1489 1072 1545 soli
1104 1491 1218 1546 Deo
1245 1490 1305 1545 in
1330 1490 1553 1562 spiritu,
1586 1488 1716 1562 quia

106 1576 283 1634 corde
311 1577 560 1636 creditur
590 1597 602 1636 :
630 1578 749 1634 illic
786 1577 1034 1635 conditio
1061 1587 1143 1636 est
1171 1595 1335 1637 causa
1373 1581 1600 1652 peccati,
1623 1578 1718 1636 hic

108 1666 349 1724 libertas
403 1683 476 1724 ex
529 1667 860 1726 remissione
907 1677 1276 1742 peccatorum.
1311 1669 1485 1729 Multa
1532 1670 1715 1744 itaque

103 1755 389 1815 distantia
420 1765 518 1815 est.

758 1854 987 1913 CAPUT
1005 1858 1074 1914 II.

186 1944 379 2018 (Vers.
414 1945 463 2013 1,
499 1943 579 2018 2.)
644 1969 662 1993 ε
689 1945 901 2003 Deinde
930 1956 1053 2021 post
1081 1964 1253 2006 annos
1303 1947 1717 2023 quatuordecim

108 2035 326 2092 iterum
350 2033 571 2092 ascendi
601 2035 1044 2109 Hierosolymam
1073 2054 1198 2094 cum
1211 2037 1482 2108 Barnaba,
1512 2054 1720 2095 assum-

104 2132 209 2196 pto
239 2132 297 2180 et
326 2123 474 2178 Tito.
493 2125 732 2179 Ascendi
766 2132 952 2180 autem
971 2127 1272 2183 secundum
1302 2127 1718 2199 revelationem,

105 2222 161 2270 et
189 2213 436 2286 exposui
468 2213 584 2268 illis
627 2213 994 2285 Evangelium
1045 2215 1186 2286 (50),
1221 2216 1367 2288 quod
1393 2216 1631 2288 praedico
1663 2217 1721 2272 in

105 2303 404 2377 gentibus,
443 2309 656 2359 secreto
685 2309 908 2358 autem:
961 2302 1049 2359 his
1077 2304 1174 2376 qui
1214 2304 1427 2376 aliquid
1480 2321 1594 2361 esse
1624 2305 1724 2361 vi—

105 2392 398 2448 debantur
419 2409 432 2458 ;
454 2407 521 2447 ne
551 2391 694 2447 forte
725 2391 783 2446 in
814 2407 1052 2447 vacuum
1082 2407 1380 2460 currerem,
1415 2400 1508 2449 aut
1535 2408 1727 2449 cucur-

107 2484 338 2540 rissem.
371 2507 388 2529 -
460 2480 732 2549 Quoniam
779 2482 956 2538 multo
995 2490 1241 2555 tempore
1273 2483 1419 2538 fama
1447 2482 1565 2556 ejus
1601 2499 1730 2540 cre-

110 2571 418 2629 brescebat
456 2571 612 2642 apud
641 2587 833 2626 omnes
890 2569 1127 2639 Iudaeos,
1179 2571 1318 2627 facie
1363 2579 1546 2628 autem
1615 2589 1728 2629 non

109 2661 440 2731 videbatur,
470 2660 891 2734 perambulabat
918 2661 1068 2716 enim
1119 2659 1352 2718 fundare
1379 2670 1434 2718 et
1471 2661 1729 2719 roborare

108 2750 436 2808 Ecclesiam
494 2751 609 2822 (51)
667 2751 830 2806 solita
884 2750 1194 2807 constantia
1233 2751 1378 2807 inter
1433 2760 1654 2825 gentes:
1698 2769 1730 2808 a

106 2843 338 2901 Iudaeis
390 2848 573 2898 autem
602 2859 765 2900 causa
820 2843 957 2916 legis
984 2845 1130 2900 mala
1159 2844 1243 2900 illi
1300 2843 1466 2901 ﬁebat
1511 2845 1724 2918 opinio,

107 2933 283 3007 quasi
341 2930 680 2989 discordaret
707 2949 737 2988 a
774 2932 1163 3005 praedicatione
1222 2942 1544 2990 caeterorum
1587 2949 1730 3006 apo-

108 3026 441 3091 stolorum;
484 3031 538 3079 et
586 3023 719 3080 hinc
769 3024 935 3080 ﬁebat
986 3024 1180 3080 multis
1209 3025 1521 3097 scrupulus,
1567 3025 1643 3081 ita
1666 3030 1728 3080 ut

110 3121 317 3188 gentes
376 3122 599 3187 possent
641 3113 973 3186 perturbari,
1006 3130 1075 3170 ne
1106 3114 1165 3170 in
1193 3114 1346 3170 aliud
1383 3114 1727 3170 induceren—

108 3213 212 3261 tur
247 3204 320 3260 ab
350 3220 438 3272 eo,
497 3219 661 3276 quam
718 3203 1010 3260 tradebant
1040 3203 1295 3275 apostoli,
1327 3203 1422 3276 qui
1452 3219 1578 3260 cum
1607 3204 1732 3258 Do-

108 3295 280 3351 mino
341 3293 578 3350 fuerant.
623 3293 764 3351 Nam
812 3293 931 3366 ipsa
978 3293 1267 3350 occasione
1295 3292 1546 3348 subversi
1601 3299 1732 3349 sunt

109 3385 339 3440 Galatae
383 3399 415 3438 a
460 3382 686 3450 Iudaeis,
746 3383 1059 3440 dicentibus
1108 3382 1239 3456 quia
1286 3381 1439 3439 aliud
1485 3381 1736 3440 tradebat

66 3527 72 3536 ,
106 3474 346 3541 Petrus,
385 3489 551 3546 quam
596 3473 839 3542 Paulus;
890 3473 1023 3530 hinc
1070 3473 1279 3530 factum
1309 3479 1391 3528 est
1437 3480 1500 3528 ut
1530 3471 1732 3529 admo-

107 3565 279 3620 nitus
303 3564 644 3620 revelatione
673 3562 898 3621 Domini
929 3563 1246 3622 ascenderet
1293 3563 1734 3636 Hierosolymam

104 3671 251 3712 cum
317 3653 554 3710 testibus
609 3653 1018 3726 praedicationis
1073 3671 1204 3724 suae,
1245 3652 1305 3712 id
1347 3661 1429 3710 est
1486 3652 1736 3710 Barnaba

105 3755 166 3803 et
202 3747 362 3815 Tito,
387 3763 500 3804 uno
540 3764 610 3805 ex
634 3749 845 3820 Iudaeo,
875 3760 930 3807 et
985 3752 1158 3809 altero
1189 3767 1260 3808 ex
1324 3749 1519 3824 gentili
1542 3767 1563 3815 ;
1593 3758 1656 3806 ut
1684 3747 1732 3804 si

103 3837 215 3910 qui
251 3835 323 3891 de
381 3851 446 3892 eo
476 3835 740 3895 baberent
793 3838 1135 3910 scandalum,
1180 3839 1381 3897 horum
1410 3839 1734 3896 testimonio

103 3928 439 3994 tolleretur,
477 3927 797 4001 adaperiens
854 3931 970 3987 illis
1014 3947 1236 3988 sensum
1313 3929 1729 4004 praedicationis

99 4024 255 4072 stiae.
293 4015 435 4072 Cum
493 4019 755 4088 apostolis
785 4035 919 4074 vero
968 4028 1177 4076 secreto
1205 4021 1444 4076 contulit
1477 4037 1488 4076 :
1524 4027 1588 4076 ut
1615 4019 1736 4076 sci-

102 4115 245 4164 rent
278 4121 398 4161 non
431 4104 594 4159 illum
641 4105 956 4163 discordare
982 4124 1014 4162 a
1040 4109 1232 4181 regula
1260 4108 1596 4182 evangelica,
1629 4108 1734 4166 hoc

98 4209 214 4270 est,
253 4215 330 4256 ne
393 4203 652 4269 putarent
699 4197 858 4252 illum
907 4199 963 4253 in
992 4216 1232 4256 vacuum
1259 4216 1478 4257 currere
1506 4208 1601 4256 aut
1628 4217 1735 4256 cu—

99 4290 398 4354 currisse,
430 4284 577 4341 sicut
602 4286 950 4343 aestimabant
975 4288 1245 4360 aliquanti
1275 4305 1345 4344 ex
1376 4287 1581 4344 Judmis
1607 4306 1736 4346 cre-

100 4379 418 4436 dentibus.
452 4374 566 4432 Nec
602 4374 750 4430 enim
795 4374 1007 4448 aliquid
1039 4375 1107 4433 ab
1141 4377 1220 4432 eis
1249 4375 1456 4432 discere
1484 4384 1732 4450 poterat;

101 4474 253 4544 quia
314 4487 347 4525 a
376 4470 495 4526 Deo
561 4467 739 4523 fuerat
778 4467 1122 4525 instructus:
1169 4468 1263 4526 sed
1316 4477 1538 4543 propter
1591 4487 1732 4527 con—

100 4560 376 4618 cordiam
404 4564 460 4614 et
489 4573 679 4630 pacem
717 4556 818 4613 Dei
848 4565 989 4613 nutu
1017 4558 1221 4615 factum
1252 4568 1366 4616 est:
1402 4566 1464 4615 ut
1500 4559 1731 4616 tollere-

96 4659 207 4706 tur
258 4647 561 4721 scrupulus
588 4653 684 4703 aut
735 4647 977 4719 suspicio
1006 4647 1269 4705 fratribus
1297 4657 1350 4706 et
1405 4648 1732 4721 coapostolis

99 4739 266 4812 ejus,
296 4745 352 4793 et
381 4744 445 4793 ut
474 4736 728 4809 gentibus
755 4735 1068 4810 proficeret,
1119 4738 1574 4811 cognoscentibus
1603 4739 1733 4813 quia

96 4825 507 4886 concordabat
533 4825 900 4899 Evangelium
948 4827 1068 4900 ejus
1097 4844 1223 4885 cum
1253 4829 1534 4901 apostolis.
1575 4829 1733 4886 Prai—

97 4928 275 4976 terea
334 4933 464 4973 cum
499 4917 671 4989 legem
705 4917 989 4974 dedissent
1016 4918 1132 4991 (52)
1165 4935 1276 4974 non
1306 4918 1585 4977 molestari
1617 4936 1728 4988 eos,

97 5009 207 5084 qui
259 5022 336 5064 ex
371 5005 628 5079 gentibus
671 5006 967 5065 credebant
998 5025 1011 5064 :
1070 5007 1165 5064 sed
1196 5016 1258 5063 ut
1283 5007 1350 5064 ab
1395 5009 1484 5065 his
1513 5017 1730 5066 tantum

96 5101 509 5168 observarent,
577 5099 634 5156 id
661 5108 764 5170 est,
794 5118 826 5158 a
867 5102 1132 5175 sanguine
1191 5109 1244 5158 et
1284 5102 1650 5159 fornicatione
1677 5108 1733 5158 et

209 5234 324 5307 50)
356 5234 519 5307 Rom.
554 5232 711 5307 edit.,
745 5235 1013 5307 et‘conluli
1040 5252 1159 5291 cum
1211 5236 1324 5292 illis
1355 5236 1726 5307 Evangelium.

209 5238 296 5294 50
357 5238 519 5290 Rom.
554 5238 711 5303 edit.,
745 5240 793 5289 et
815 5238 1013 5290 contuli
1040 5252 1159 5291 cum
1211 5238 1324 5292 illis
1355 5238 1726 5307 Evangelium.

177 5238 324 5380 éSI;
353 5304 564 5362 Eadem
592 5304 723 5362 edit.
733 5348 749 5374 ,
779 5304 929 5380 fama
956 5307 1199 5380 Apostoli
1217 5309 1728 5379 percrebrescebat...

89 5378 256 5450 facie
290 5384 470 5432 autem
524 5394 632 5450 non
675 5378 1120 5450 agnoscebatur...
1154 5378 1436 5450 fundanda
1463 5386 1510 5435 et
1563 5379 1730 5435 robo-

88 5449 300 5509 randa
331 5449 619 5505 Ecclesias.

174 5523 330 5596 (52)
355 5521 481 5596 νει.
516 5520 671 5596 edit;
711 5529 765 5578 et
793 5537 923 5579 mss.
952 5521 1192 5596 aliquo,__
1229 5537 1348 5596 cum
1389 5519 1730 5596 legentem-

85 5591 318 5652 cissent
342 5610 362 5656 ;
392 5591 774 5666 Rom.‘edit.,_
801 5609 918 5666 enm
949 5591 1382 5666 lege'rdidicissent
1401 5593 1726 5666 ;__alii_mss.

85 5667 350 5732 melius,
382 5679 503 5719 cum
558 5663 714 5736 legem
741 5662 1022 5722 dedissent.
1055 5663 1208 5721 Infra
1229 5680 1363 5721 vero
1391 5662 1524 5720 edit.
1567 5663 1728 5721 Rom.

1819 497 2159 565 Graecorum,
2193 498 2288 570 qui
2341 498 2445 554 sibi
2477 500 2730 572 peritiam
2761 501 3066 570 vindicant,
3099 501 3406 560 subtilitate

1821 586 2028 659 ingenii
2059 602 2114 643 se
2145 587 2469 643 naturaliter
2499 589 2701 660 vigere,
2739 606 2857 662 quae
2895 589 3096 647 tradita
3123 597 3252 647 sunt
3280 605 3404 664 gen-

1821 679 1972 735 tibus
2001 679 2343 735 observanda
2364 680 2391 736 ?
2449 679 2578 747 Quae
2607 679 2950 751 ignorabant,
2985 698 3054 737 an
3085 699 3205 756 quae
3251 683 3400 740 scie-

1820 768 1954 826 bant
1977 770 2005 826 7
2045 768 2149 826 Sed
2175 768 2450 843 quomodo
2508 769 2628 826 ﬁeri
2659 776 2855 842 potest,
2909 780 2971 827 ut
2997 772 3199 844 aliquis
3227 788 3289 829 ea
3311 774 3408 829 di-

1823 867 1956 928 scat,
1987 877 2110 933 quas
2144 859 2349 916 novit?
2371 860 2515 932 Ergo
2541 858 2660 915 hac
2684 858 2881 914 illicita
2909 875 3024 916 esse
3052 868 3268 917 ostensa
3282 868 3410 917 sunt

1825 949 2100 1022 gentibus,
2132 967 2255 1023 quae
2285 948 2552 1022 putabant
2574 950 2771 1007 licere:
2803 966 2866 1007 ac
2893 965 2989 1022 per
3015 949 3123 1006 hoc
3150 965 3261 1005 nou
3293 951 3415 1005 uti-

1823 1055 1930 1112 que
1958 1038 2027 1095 ab
2075 1037 2380 1095 homicidio
2415 1038 2682 1111 prohibiti
2738 1046 2885 1108 sunt,
2939 1054 3064 1095 cum
3089 1037 3357 1111 jubentur
3387 1055 3419 1094 a

1823 1127 2091 1201 sanguine
2119 1127 2428 1184 observare.
2487 1128 2593 1185 Sed
2622 1129 2727 1187 hoc
2755 1135 3101 1202 acceperunt,
3131 1127 3278 1202 quod
3306 1128 3418 1185 Noe

1823 1233 1855 1273 a
1880 1217 1994 1273 Deo
2031 1216 2148 1290 (53)
2181 1216 2471 1287 didicerat,
2505 1226 2567 1274 ut
2594 1217 2952 1275 observarent
2980 1234 3037 1274 se
3092 1233 3124 1273 a
3151 1215 3418 1289 sanguine

1825 1306 2038 1364 edendo
2067 1324 2192 1365 cum
2233 1324 2395 1365 carne
2427 1309 2583 1383 (Gen.
2605 1326 2682 1378 1x,
2715 1308 2795 1382 4),
2833 1309 2969 1365 Nam
3000 1305 3277 1381 quomodo
3302 1305 3422 1362 fieri

1826 1405 2037 1471 poterat
2066 1405 2128 1453 ut
2156 1398 2419 1455 Romanis
2466 1398 2678 1472 legibus
2725 1397 2949 1468 imbuti,
2980 1414 3215 1472 quorum
3271 1404 3425 1454 tanta

1827 1487 2126 1544 auctoritas
2152 1487 2212 1543 in
2261 1487 2547 1545 servandis
2576 1487 2850 1546 mandatis
2877 1495 2978 1558 est,
3010 1488 3285 1546 nescirent
3312 1487 3426 1543 ho-

1828 1577 2122 1634 micidium
2154 1594 2265 1635 non
2295 1595 2410 1636 esse
2437 1578 2752 1636 faciendum
2780 1597 2793 1637 :
2836 1579 3037 1656 quippe
3062 1595 3189 1637 cum
3217 1577 3424 1634 adulte-

1827 1682 1918 1723 ros
1948 1674 2002 1724 et
2039 1666 2367 1737 homicidas,
2402 1673 2546 1732 215
2581 1678 2634 1726 et
2663 1669 2829 1726 falsos
2872 1676 3054 1736 testes,
3085 1675 3140 1724 et
3165 1667 3333 1735 fures,
3371 1672 3426 1723 et

1747 1781 1796 1844 Β
1829 1762 2128 1836 maleﬁcos,
2185 1773 2238 1822 et
2292 1773 2618 1824 caeterorum
2655 1766 2929 1823 malorum
2958 1763 3284 1822 admissores
3313 1779 3425 1837 pu-

1829 1863 1987 1919 niant
2015 1863 2426 1937 legesRomanae
2459 1866 2487 1924 ‘2
2515 1864 2763 1939 Denique
2786 1865 2893 1922 tria
2922 1862 3040 1922 haec
3071 1860 3328 1920 mandata
3356 1861 3426 1919 ab

1831 1954 2093 2026 apostolis
2124 1962 2178 2012 et
2226 1956 2541 2013 senioribus
2573 1956 2699 2014 data
2740 1956 3110 2029 reperiuntur,
3164 1970 3284 2028 qua)
3332 1953 3427 2026 ig—

1833 2053 2032 2100 norant
2061 2047 2205 2118 leges
2249 2048 2531 2116 Romanae,
2560 2047 2619 2103 id
2647 2054 2750 2117 est,
2781 2054 2843 2104 ut
2896 2045 3210 2104 abstineant
3271 2059 3328 2101 se
3356 2043 3425 2100 ab

1835 2135 2168 2205 idololatria,
2202 2146 2255 2194 et
2295 2136 2584 2209 sanguine,
2617 2136 2763 2194 sicut
2789 2137 2922 2205 Noe,
2955 2145 3009 2194 et
3035 2133 3423 2193 fornicatione.

1835 2225 1966 2292 Quae
1999 2224 2257 2297 sophistae
2303 2227 2620 2283 Graecorum
2650 2242 2764 2281 non
2794 2225 3183 2298 intelligentes,
3235 2225 3426 2282 scien—

1837 2320 1917 2369 tes
1974 2322 2156 2370 tamen
2207 2331 2239 2371 a
2293 2315 2558 2387 sanguine
2610 2313 3020 2384 abstinendum,
3051 2314 3432 2371 adulterarant

1840 2400 2202 2473 Scripturam,
2260 2413 2520 2476 quartum
2577 2404 2901 2461 mandatum
2949 2403 3230 2473 addentes,
3289 2410 3343 2459 et
3397 2417 3430 2458 a

1839 2490 2105 2547 sull‘ocato
2136 2490 2539 2547 observandum
2571 2509 2583 2548 ε
2614 2491 2781 2565 quod,
2805 2500 2959 2564 puto,
2988 2507 3137 2548 nunc
3163 2491 3264 2548 Dei
3293 2498 3434 2547 nutu

1841 2580 2180 2637 intellecturi
2210 2588 2360 2652 sunt,
2391 2581 2522 2656 quia
2545 2579 2658 2654 jam
2683 2597 2848 2655 supra
2875 2580 3085 2639 dictum
3123 2588 3259 2650 erat,
3289 2578 3435 2653 quod

1840 2667 2192 2727 addiderunt.
2439 2673 2444 2680 ’

1914 2767 2098 2839 (Vers.
2133 2767 2212 2840 3.)
2279 2790 2296 2816 ι
2327 2766 2433 2824 Sed
2463 2783 2639 2843 neque
2667 2767 2845 2837 Titus,
2873 2768 2968 2843 qui
3000 2785 3212 2826 mecum
3244 2776 3378 2839 erat,
3403 2793 3422 2819 ι

1841 2854 1947 2914 hoc
1977 2864 2079 2926 est,
2112 2856 2211 2912 illo
2242 2856 2360 2930 ipso
2385 2866 2625 2930 tempore
2653 2874 2762 2932 quo
2802 2858 2905 2928 fui,
2933 2859 3137 2932 inquit,
3169 2859 3435 2917 Hieroso-

1843 2947 2034 3020 lymis,
2083 2971 2101 2994 ι
2129 2946 2309 3013 Titus,
2356 2946 2451 3020 qui
2497 2964 2710 3005 mecum
2741 2956 2896 3004 erat»
2954 2949 3291 3022 compulsus,
3321 2966 3433 3006 non

1841 3044 1922 3093 est
1952 3035 2299 3093 circumcidi.
2344 3037 2482 3095 Cum
2523 3037 2714 3110 utique
2747 3038 2891 3095 inter
2941 3039 3234 3112 apostolos,
3265 3047 3318 3094 et
3343 3056 3436 3096 eos

1841 3126 1936 3200 qui
1977 3141 2046 3182 ex
2072 3125 2276 3182 Iudaeis
2324 3126 2693 3195 crediderant,
2721 3143 2984 3195 essemus,
3025 3142 3189 3183 nemo
3217 3143 3343 3182 eum
3369 3127 3438 3183 de

1843 3214 1952 3283 his,
1984 3214 2042 3270 id
2070 3223 2154 3272 est
2199 3216 2407 3284 Titum,
2449 3216 2721 3288 compulit
2750 3214 3094 3273 circumcidi.
3127 3215 3200 3271 Et
3252 3215 3439 3272 subin-

1843 3305 2154 3377 telligitur:
2190 3304 2335 3372 Quid
2364 3315 2445 3362 est
2473 3313 2534 3362 ut
2555 3304 3165 3373 voscircumcidamini,
3196 3320 3324 3362 cum
3351 3303 3439 3360 Ti-

1844 3402 1934 3450 tus
1965 3393 2034 3450 ab
2083 3395 2366 3467 apostolis,
2418 3393 2513 3468 qui
2560 3394 2892 3452 videbantur
2918 3392 3130 3468 aliquid
3159 3408 3293 3464 esse,
3326 3408 3439 3450 non

1843 3491 1925 3540 est
1971 3485 2288 3556 compulsus
2315 3484 2663 3554 circumcidi,
2707 3483 2801 3542 sed
2829 3491 3116 3559 susceptus
3145 3492 3227 3541 est
3255 3482 3436 3542 incir—

1842 3573 2121 3632 cumcisus
2140 3574 2168 3631 ?

1918 3665 2100 3736 (Vers.
2133 3663 2188 3734 4,
2218 3665 2299 3739 5.)
2345 3689 2362 3712 ι
2381 3664 2609 3739 Propter
2624 3662 3074 3722 subintroductos
3105 3663 3223 3738 (54)
3242 3673 3425 3721 autem

1841 3752 2010 3810 falsos
2039 3755 2255 3823 fratres,
2286 3755 2381 3829 qui
2427 3754 2883 3812 subintraverunt
2913 3752 3200 3826 explorare
3259 3753 3438 3808 liber-

1845 3849 2013 3900 tatem
2043 3851 2310 3911 nostram,
2343 3861 2508 3917 quam
2552 3843 2818 3901 habemus
2847 3842 2906 3897 in
2937 3841 3158 3898 Christo
3185 3841 3332 3909 Jesu,
3374 3847 3438 3897 ut

1845 3951 1944 3990 nos
1974 3935 2032 3990 in
2077 3935 2400 3991 servitutem
2446 3932 2805 4004 subjicereut,
2835 3929 2904 3987 ad
2955 3929 3146 3987 horam
3173 3929 3440 3987 cessimus

1843 4023 2196 4098 subjectioni,
2256 4030 2316 4079 ut
2373 4022 2575 4078 veritas
2607 4020 2894 4093 Evangelii
2925 4027 3240 4094 permaneat
3292 4020 3438 4094 apud

1843 4129 1962 4169 vos.
1996 4138 2014 4162 ι
2060 4111 2265 4179 Titum,
2299 4111 2429 4184 quia
2461 4109 2681 4168 Graecus
2709 4117 2825 4166 erat
2845 4109 2990 4167 sicut
3017 4108 3243 4180 Galatae,
3274 4120 3436 4184 negat

1813 4207 1817 4212 “
1842 4201 2256 4259 circumcisum.
2289 4201 2409 4270 Quo
2440 4199 2610 4268 dicto,
2643 4199 2743 4256 hos
2771 4198 2972 4272 arguit,
2995 4198 3091 4275 qui
3117 4207 3437 4274 paterentur

1841 4307 1898 4348 se
1924 4289 2270 4361 circumcidi,
2299 4307 2426 4349 cum
2454 4299 2634 4348 essent
2671 4289 2866 4348 (ἓνκαὶ.
2922 4289 3029 4347 Sed
3059 4307 3127 4348 ne
3158 4293 3298 4350 forte
3327 4309 3436 4366 op—

1842 4389 2138 4456 poneretur
2190 4381 2262 4451 ei,
2293 4381 2421 4456 quia
2472 4382 2588 4456 ipse
2615 4380 3039 4442 circumciderat
3084 4382 3436 4440 Timotheum

1845 4470 1984 4542 (Act.
2038 4490 2158 4542 xvr,
2211 4472 2290 4545 3),
2352 4489 2502 4530 nunc
2555 4489 2746 4530 causas
2801 4472 3034 4546 exponit
3090 4487 3190 4528 cur
3245 4471 3436 4528 fecerit

1840 4562 1987 4635 quod
2017 4563 2330 4621 faciendum
2361 4561 2612 4637 negabat,
2643 4562 2832 4619 dicens
2865 4579 2877 4618 :
2925 4584 2943 4608 ι
2984 4560 3212 4632 Propter
3231 4559 3436 4614 subin-

1840 4651 2122 4710 troductos
2145 4661 2331 4710 autem
2378 4652 2544 4708 falsos
2592 4649 2808 4717 fratres,
2849 4647 2946 4720 qui
2977 4645 3435 4702 subintraverunt

1839 4745 2126 4816 explorare
2178 4742 2489 4797 libertatem
2541 4745 2811 4804 nostram,
2859 4749 3024 4806 quam
3054 4733 3320 4790 habemus
3374 4734 3433 4789 in

1840 4831 2062 4890 Christo
2108 4829 2257 4896 Jesu,
2287 4837 2350 4885 ut
2392 4844 2492 4883 nos
2540 4827 2600 4882 in
2628 4824 2953 4879 servitutem
2983 4819 3336 4891 subjicereut,
3367 4820 3435 4879 ad

1839 4920 2035 4977 horam
2091 4915 2359 4974 cessimus
2411 4910 2764 4986 subjectioni,
2822 4917 2885 4965 ut
2914 4909 3119 4965 veritas
3146 4910 3434 4985 Evangelii

1841 5009 1986 5085 apud
2013 5025 2112 5066 vos
2136 5011 2474 5082 permaneat.
2504 5027 2522 5051 ι
2569 4997 2747 5058 Graeci
2777 5014 2805 5055 e
2842 5007 3034 5056 contra
3060 4997 3288 5058 dicunt:
3325 5001 3436 5060 Nec

1840 5100 1910 5157 ad
1938 5099 2131 5157 horam
2162 5096 2447 5165 cessimus,
2480 5103 2535 5152 et
2562 5092 2668 5150 hoc
2695 5088 2854 5147 aiunt
2881 5088 3180 5149 convenire
3215 5104 3431 5158 causai;

1841 5236 1976 5304 sola,
2009 5233 2348 5301 abstinerent,
2378 5231 2438 5288 id
2466 5236 2558 5301 est,
2599 5247 2635 5286 a
2673 5225 2946 5299 sanguine,
2977 5231 3026 5282 et
3060 5221 3434 5296 fornicatione,

1839 5313 1888 5362 et
1913 5307 2224 5378 idololhglo.

1915 5377 2032 5449 (53)
2079 5365 2252 5449 Rom.
2279 5375 2437 5445 edit.,
2469 5369 2787 5449 a_sanguine
2814 5368 3094 5449 abstinere.
3153 5365 3293 5423 Nam
3346 5367 3439 5422 hoc

1840 5446 2203 5520 acceperunta
2232 5448 2360 5516 Noe,
2391 5446 2531 5520 quod
2559 5463 2594 5500 a
2623 5446 2755 5520 Deo,
2782 5448 2888 5520 etc.
2907 5510 2921 5520 _
2951 5511 2963 5520 _
3064 5517 3074 5520 _
3119 5508 3130 5520 .
3185 5505 3207 5520 .
3385 5506 3398 5519 .

1913 5505 2028 5592 (Fili)
2061 5519 2192 5592 Mss.
2223 5505 2532 5592 non'p'auci
2551 5505 2870 5574 constanter
2907 5510 3000 5569 hic
3027 5517 3082 5568 et
3116 5505 3268 5564 infra
3293 5506 3442 5565 acri-

1838 5589 2017 5658 bunt,
2047 5589 2401 5648 subinductos.
