3908 6192
518 331 622 390 367
1527 316 1624 370 AD
1661 312 1896 370 OPEBA
1931 309 1986 366 S.
2029 304 2360 366 AMBROSII
2397 297 2778 358 APPENDIX.

522 456 660 532 quia
687 452 783 528 qui
814 449 933 508 ﬁeri
971 445 1318 522 prohibebat,
1348 457 1460 532 non
1489 437 1793 512 oportebat,
1826 435 2108 532 inquiunt,
2140 437 2190 496 Α

516 523 721 604 dicere'
765 558 822 598 se
887 538 1115 604 fecisse;
1164 551 1234 591 ne
1293 530 1546 604 probaret
1596 542 1711 583 esse
1773 523 2104 580 faciendum.

517 636 624 695 Sed
669 629 951 706 apostolus
992 627 1081 681 vir
1126 623 1352 680 divinus
1380 618 1559 676 sciens
1578 629 1734 688 posse
1762 614 1869 670 hoc
1906 612 2108 684 opponi

518 727 634 798 ipse
665 703 804 779 illud
832 715 1112 791 proponit,
1162 720 1224 768 ut
1253 707 1554 782 praeveniat
1583 703 1953 761 calumniosos
1985 719 1996 756 :
2057 707 2110 756 et

517 788 700 872 reddit
746 788 953 867 causas
989 802 1189 877 quibus
1221 798 1538 871 compulsus
1581 801 1662 850 est
1724 792 1900 848 facere
1964 788 2110 863 quod

516 901 761 960 nolebat.
823 923 840 945 ι
870 897 1102 966 Propter
1159 886 1614 946 subintroductos
1668 891 1870 949 autem,
1904 879 2109 953 inquit,

517 992 684 1048 falsos
740 988 956 1043 fratres.
993 1009 1011 1032 ι
1075 977 1539 1038 Subintroductos
1589 973 1745 1040 dicit,
1795 969 1924 1043 quia
1981 985 2107 1024 cum

515 1078 644 1134 dolo
691 1075 1060 1138 intraverunt,
1115 1064 1466 1124 ostendentes
1494 1078 1550 1118 se
1597 1060 1813 1126 fratres,
1856 1073 1982 1112 cum
2015 1072 2108 1110 es-

515 1176 637 1226 sent
686 1163 922 1222 inimici.
970 1185 987 1209 ι
1022 1158 1128 1228 Qui
1184 1157 1658 1218 subintraverunt,
1709 1148 1815 1204 hoc
1861 1153 1963 1213 est,
2012 1143 2109 1216 qui

515 1274 641 1316 cum
687 1253 1005 1310 humilitate
1049 1250 1395 1305 intraverunt
1447 1243 1713 1314 ﬁngentes
1785 1234 2104 1291 amicitiam.

529 1374 548 1396 ι
569 1346 873 1418 Explorare
903 1339 1216 1398 libertatem
1244 1343 1510 1401 nostram,
1544 1347 1706 1404 quam
1736 1327 2002 1384 habemus
2048 1325 2108 1379 in

516 1416 736 1496 Christo
795 1433 943 1500 Jesu,
973 1436 1035 1485 ut
1086 1444 1187 1483 nos
1216 1426 1274 1481 in
1311 1423 1634 1481 servitutem
1683 1416 2037 1489 subjicerent.
2076 1439 2094 1464 ι

515 1526 820 1598 Explorare
874 1527 957 1577 est
983 1518 1064 1575 sic
1091 1518 1314 1575 intrare.
1357 1519 1418 1569 ut
1455 1509 1606 1566 aliud
1653 1509 1843 1580 ﬁngat,
1874 1513 1928 1562 et
1956 1503 2110 1561 aliud

517 1621 744 1690 quaerat.
804 1611 925 1680 Quo
1001 1613 1221 1680 possent
1268 1617 1522 1660 accusare
1577 1626 1593 1648 ι
1641 1599 1949 1655 libertatem
2000 1611 2110 1650 no-

517 1684 708 1771 stram,
736 1717 900 1775 quam
931 1697 1201 1754 habemus
1229 1694 1285 1748 in
1308 1691 1527 1751 Christo
1555 1690 1700 1746 Jesu.
1735 1715 1752 1736 ι
1784 1687 2030 1743 Libertas
2052 1684 2110 1740 in

519 1773 901 1852 Christo—Iesu
929 1787 1048 1843 haec
1079 1791 1182 1850 est,
1216 1799 1326 1838 non
1357 1778 1558 1852 subjici
1588 1778 1716 1851 legi.
1757 1802 1775 1826 ι
1806 1776 1876 1832 Ut
1907 1791 2006 1830 nos
2045 1773 2103 1829 in
2137 1801 2185 1865 Β

519 1884 842 1942 servitutem
889 1876 1260 1949 subjicerent;
1295 1899 1313 1922 ι
1357 1871 1465 1929 hoc
1491 1881 1599 1949 est,
1621 1869 1690 1925 ad
1719 1868 1824 1924 hoc
1855 1867 2107 1923 intrave—

518 1979 650 2029 runt
708 1986 832 2028 cum
865 1967 993 2024 dolo
1040 1975 1095 2024 et
1145 1963 1383 2032 fallacia,
1436 1969 1498 2017 ut
1524 1967 1765 2017 nostram
1800 1958 2107 2013 libertatein

519 2060 776 2119 servituti
820 2057 1176 2131 subjicerent,
1215 2061 1468 2126 cogentes
1498 2066 1598 2105 nos
1627 2046 1826 2120 subjici
1858 2046 1964 2118 legi
1991 2045 2110 2102 cir-

516 2149 894 2211 cumcisionis.
966 2171 984 2195 ‹
1015 2146 1103 2203 Ad
1149 2144 1343 2201 horam
1383 2139 1647 2197 cessimus
1692 2134 2045 2208 subjectioni,
2079 2160 2096 2183 ι

518 2243 625 2298 hoc
652 2248 756 2310 est,
786 2238 856 2295 ad
886 2236 1080 2292 horam
1109 2251 1211 2290 nos
1239 2229 1566 2302 subiicimus
1599 2223 1879 2294 servituti,
1914 2221 2113 2279 humi—

519 2331 718 2388 liantes
774 2344 875 2384 nos
904 2326 1034 2398 legi,
1086 2331 1149 2380 ut
1177 2318 1505 2380 circumciso
1535 2314 1847 2383 Timotheo,
1880 2319 2112 2370 cessaret

519 2420 680 2478 dolus
704 2427 760 2475 et
806 2415 1127 2475 scandalum
1168 2410 1504 2467 Iudaeorum.
1536 2405 1720 2464 Parati
1749 2404 1897 2460 enim
1936 2410 2110 2470 erant,

519 2513 664 2570 sicut
699 2509 862 2566 datur
913 2503 1175 2578 intelligi,
1218 2515 1568 2559 commovere
1611 2497 1698 2554 illi
1729 2495 2029 2553 tumultum
2060 2498 2112 2546 et

518 2600 872 2659 seditionem.
932 2596 1063 2654 Fuit
1115 2593 1264 2650 enim
1295 2607 1476 2660 causa,
1512 2587 1789 2663 quomodo
1848 2584 2114 2640 haberent

518 2693 731 2752 aditum
789 2687 1078 2748 calumnia:
1123 2682 1421 2751 faciendae;
1471 2678 1793 2737 Timotheus
1821 2675 1968 2732 enim
1999 2677 2114 2727 erat

521 2792 696 2842 matre
752 2780 975 2853 quidem
1033 2777 1241 2845 Iudaea,
1294 2783 1447 2847 patre
1497 2781 1676 2828 autem
1709 2769 1932 2826 Graeco:
1967 2762 2114 2818 unde

525 2873 732 2928 factum
757 2852 861 2935 est,
890 2876 953 2922 ut
981 2865 1285 2920 secundum
1315 2863 1490 2932 legem
1521 2857 1878 2915 circumcisus
1934 2852 2114 2909 infans

526 2975 638 3016 non
669 2962 830 3012 esset.
859 2955 1066 3011 Volens
1093 2959 1272 3006 autem
1321 2949 1618 3021 Apostolus
1645 2964 1771 3003 eum
1818 2958 2112 3011 assumere,

3717 288 3808 346 368

2219 441 2330 488 tres
2359 430 2386 486 ?
2415 427 2472 484 Si
2503 424 2822 499 quominus,
2853 415 3131 494 quomodo
3162 413 3330 472 verba
3371 419 3468 468 aut
3493 428 3698 468 sensus
3724 429 3805 468 se-

2218 523 2516 591 querentur
2541 515 2568 570 ?
2598 513 2780 569 Titum
2812 515 2960 566 certe
2996 512 3156 579 negat
3183 503 3538 576 compulsum
3567 500 3804 559 circum-

2217 611 2366 677 cidi;
2410 616 2631 680 propter
2677 601 3131 661 subintroductos
3172 606 3359 654 autem
3392 596 3568 653 falsos
3598 597 3800 665 fratres,

2220 697 2354 772 quid
2388 705 2567 764 sonat,
2599 694 2707 750 nisi
2742 692 2872 766 quia
2899 689 3063 749 cessit
3091 688 3118 745 ‘P
3146 688 3204 744 Si
3233 694 3417 742 autem
3451 686 3800 759 proptersub-

2220 785 2563 842 introductos
2582 783 2748 839 falsos
2787 781 2982 837 fratres
3005 794 3118 834 non
3147 775 3330 844 cessit,
3363 792 3478 830 non
3528 776 3799 832 voluntate

2219 892 2332 931 non
2377 873 2570 941 cessit;
2621 888 2747 927 nam
2798 884 3080 926 cessurum
3114 882 3170 923 se
3226 863 3588 937 signiﬁcavit,
3636 865 3680 920 si
3707 863 3798 920 hoc

2219 975 2335 1022 est:
2387 964 2480 1020 sed
2523 970 2746 1035 propter
2789 956 3246 1016 subintroductos
3285 955 3454 1011 falsos
3480 956 3672 1011 fratres
3696 971 3794 1011 non

2218 1056 2402 1113 cessit.
2434 1055 2490 1111 Si
2517 1071 2644 1126 ergo
2673 1050 2978 1111 cedendum
3011 1065 3124 1104 non
3163 1047 3292 1116 fuit,
3325 1061 3495 1120 quare
3520 1045 3645 1101 falsi
3688 1044 3793 1099 fra-

2220 1156 2329 1204 tres
2369 1145 2654 1213 dicuntur,
2713 1158 2947 1216 quorum
2986 1137 3256 1196 beneﬁcio
3299 1153 3412 1193 non
3453 1136 3606 1205 fecit,
3665 1131 3791 1208 quod

2218 1235 2532 1292 faciendum
2561 1249 2675 1289 non
2703 1241 2820 1287 erat
2839 1231 2866 1287 ?
2914 1231 3096 1302 Itaque
3127 1227 3174 1284 si
3204 1226 3310 1284 hoc
3348 1235 3450 1294 est,
3483 1223 3790 1281 beneﬁcium

2219 1323 2591 1396 prmstiterunt
2647 1320 2932 1393 Apostolo,
2967 1317 3096 1391 quia
3143 1316 3343 1372 horum
3374 1330 3538 1372 causa
3562 1329 3670 1369 non
3695 1328 3788 1370 ces-

2218 1416 2310 1482 sit,
2344 1414 2491 1486 quod
2520 1411 2710 1476 cedere
2766 1410 3021 1490 habebat.
3064 1407 3175 1466 Cur
3220 1407 3390 1480 igitur
3436 1406 3788 1479 exploratores

2218 1503 2356 1560 dicti
2383 1513 2530 1571 sunt,
2563 1503 2610 1558 si
2639 1501 2746 1557 hoc
2793 1500 2951 1556 illum
2982 1498 3159 1555 facere
3189 1495 3471 1564 nolebant,
3517 1493 3660 1569 quod
3712 1493 3790 1549 fa-

2218 1604 2408 1653 cturus
2437 1603 2587 1651 erat:
2623 1591 2716 1648 sed
2746 1597 2967 1664 propter
2995 1588 3131 1645 istos
3173 1602 3287 1642 non
3325 1586 3457 1644 fecit
3487 1585 3514 1641 ‘f
3541 1585 3598 1641 Si
3624 1590 3786 1639 autem

2218 1701 2331 1741 non
2360 1692 2476 1740 erat
2505 1684 2770 1750 facturus,
2833 1679 2952 1736 sine
2998 1677 3170 1735 dubio
3219 1683 3440 1749 propter
3468 1675 3599 1730 istos
3627 1671 3783 1729 fecit:

2218 1773 2370 1830 aliud
2428 1772 2576 1828 enim
2606 1788 2720 1827 non
2775 1777 2876 1826 est.
2930 1767 3155 1825 Litterae
3200 1765 3348 1821 enim
3404 1763 3509 1821 hoc
3538 1761 3782 1828 indicant,

2219 1862 2350 1937 quia
2377 1861 2558 1929 cessit,
2593 1870 2645 1917 et
2675 1857 2909 1915 historia
2953 1856 3158 1913 factum
3190 1854 3477 1910 exclamat.
3520 1849 3786 1920 Quomodo

2218 1953 2366 2008 enim
2395 1950 2464 2008 ad
2494 1949 2687 2006 horam
2741 1954 2962 2021 negaret
2991 1963 3048 2002 se
3101 1943 3338 2011 cessisse,
3388 1958 3508 1998 cum
3538 1941 3784 2014 probetur

2218 2050 2440 2116 propter
2470 2039 2687 2096 Judaaos
2718 2036 3070 2094 Timotheum
3091 2030 3514 2099 circumcidisse,
3545 2029 3694 2103 quod
3721 2037 3784 2085 est

2219 2133 2288 2190 ad
2323 2133 2515 2188 horam
2545 2129 2790 2198 cessisse,
2823 2135 2877 2185 et
2920 2125 3222 2186 secundum
3251 2126 3423 2197 legem
3451 2120 3779 2195 puriﬁcatam

2220 2224 2279 2279 in
2300 2223 2568 2295 templum
2623 2218 2932 2276 ascendisse
2991 2218 3134 2291 (Act.
3183 2232 3304 2283 xxx,
3336 2212 3456 2284 26).
3514 2211 3612 2267 Ille
3655 2208 3779 2266 enim

2219 2313 2402 2388 posset
2435 2312 2618 2369 dicere
2648 2327 2748 2367 nec
2787 2307 2856 2365 ad
2903 2307 3095 2364 horam
3144 2321 3201 2362 se
3229 2303 3474 2371 cessisse,
3524 2301 3616 2374 qui
3651 2314 3779 2356 nun-

2221 2420 2385 2478 quam
2451 2403 2796 2459 inveniretur
2850 2397 3096 2456 cessisse.
3151 2397 3265 2452 Aut
3317 2393 3466 2450 enim
3537 2406 3776 2454 cessurus,

2221 2504 2444 2570 propter
2473 2495 2640 2550 falsos
2668 2493 2864 2548 fratres
2894 2505 3006 2545 non
3031 2487 3197 2546 cessit
3227 2506 3238 2544 :
3275 2492 3368 2541 aut
3400 2499 3511 2541 non
3539 2496 3777 2548 cessurus,

2222 2569 2446 2658 propter
2503 2583 2699 2640 fratres
2751 2581 2921 2637 falsos
2964 2577 3150 2638 cessit.
3183 2577 3516 2647 Unumergo
3543 2590 3571 2630 e
3597 2569 3780 2628 duobus

2222 2674 2475 2746 accipite.
2504 2671 2651 2728 Falsi
2697 2671 2893 2727 fratres
2921 2675 3108 2726 autem
3138 2665 3420 2733 dicuntur,
3453 2663 3550 2737 qui
3577 2658 3780 2720 creden-

2222 2773 2302 2821 tes
2329 2761 2706 2835 judaizabant.

2298 2832 2480 2926 (Vera.
2509 2851 2589 2924 6.)
2635 2875 2654 2898 ι
2683 2849 2772 2908 Ab
2789 2849 2878 2906 his
2906 2863 3038 2904 vero
3067 2845 3164 2920 qui
3193 2842 3587 2901 existimantur
3607 2832 3783 2910 ahquid

2223 2961 2361 3014 esse,
2392 2945 2580 3018 quales
2629 2941 2928 3016 aliquando
2973 2940 3221 3006 fuerunt,
3251 2934 3396 2993 nihil
3419 2949 3543 2990 mea
3569 2931 3780 2993 interest,

525 3057 588 3105 ut
625 3045 907 3102 ordinaret
941 3042 1099 3107 illum
1138 3040 1476 3113 episcopum,
1503 3039 1648 3095 sicut
1667 3037 1799 3094 fecit
1830 3035 1983 3109 (quia
2026 3044 2117 3091 te-
2223 3039 2370 3093 Deus
2399 3015 2687 3108 personam
2723 3015 2971 3088 hominis
2998 3045 3111 3086 non
3157 3025 3380 3099 accipit.
3407 3048 3426 3073 ι
3476 3023 3592 3079 Hoc
3615 3015 3786 3092 signiﬁ-

526 3133 856 3195 stimonium
883 3132 956 3198 ei,
983 3112 1182 3202 inquit,
1197 3129 1340 3202 (Act.
1374 3145 1493 3197 xvi,
1524 3127 1606 3201 2),
1635 3127 1842 3183 bonum
1869 3122 2117 3198 perhibe-
2153 3191 2190 3202 η
2227 3135 2335 3194 cat,
2368 3124 2497 3196 quia
2526 3121 2762 3196 apostoli
2792 3120 2947 3194 prius
2999 3117 3283 3191 simplices
3311 3113 3568 3170 homines
3595 3112 3787 3166 erantet

524 3227 658 3285 bant
689 3239 878 3281 omnes
927 3220 1034 3279 loci
1062 3191 1267 3292 illius),
1312 3191 1543 3276 insidias
1561 3191 1760 3290 passus
1787 3191 1886 3272 est-
1908 3212 2116 3270 Judaao-
2148 3191 2192 3253 δ
2229 3191 2495 3286 imperiti,
2544 3191 2755 3268 nullius
2793 3191 3108 3282 dignitatis
3156 3207 3215 3262 in
3263 3205 3400 3277 lege,
3435 3201 3539 3259 sed
3579 3199 3676 3257 hoc
3702 3209 3786 3252 non

525 3333 671 3376 rum.
703 3311 1084 3388 Explorabant
1116 3309 1264 3368 enim
1296 3307 1343 3365 si
1364 3307 1544 3364 ﬁlium
1572 3305 1772 3362 Iudaeae
1803 3303 2120 3360 incircum-
2231 3310 2440 3367 obesse,
2473 3307 2610 3375 Quis
2647 3305 2796 3363 enim
2824 3312 3046 3363 accuset
3081 3318 3230 3371 eum,
3259 3315 3423 3374 quem
3472 3299 3619 3354 Deus
3659 3305 3789 3350 eun.

524 3409 702 3466 cisum
749 3375 1072 3475 susciperet,
1127 3405 1378 3472 parantes
1428 3396 1774 3464 seditionem,
1821 3392 1950 3466 quia
1978 3391 2023 3448 si
2054 3388 2121 3446 de
2233 3401 2364 3456 sui?
2410 3398 2551 3466 Quia
2622 3413 2735 3452 non
2809 3393 3074 3469 quini-itur
3139 3391 3264 3466 quis
3303 3388 3437 3464 quid
3489 3386 3670 3453 fuerit,
3721 3375 3792 3435 sed

528 3494 735 3555 GI‘EBCiS
759 3489 1174 3549 contradicebat
1213 3504 1324 3544 non
1354 3503 1468 3543 esse
1516 3482 2011 3549 circumcidendos,
2037 3479 2123 3538 εἰ-
2411 3489 2502 3545 δὴ,
2553 3485 2837 3543 Ριιωιειιίιδ
2855 3484 3002 3540 enim
3033 3499 3134 3539 nec
3163 3478 3543 3538 condemnant
3568 3491 3663 3532 nec
3687 3469 3795 3526 vin-

529 3593 625 3642 cut
655 3592 709 3638 et
755 3580 989 3653 epistola
1023 3576 1091 3633 ab
1138 3577 1401 3648 apostolis
1430 3575 1497 3630 de
1527 3574 1630 3630 hac
1683 3589 1739 3629 re
1770 3573 1948 3628 fuerat
2000 3568 2126 3625 data
2236 3562 2424 3637 dicant
2456 3578 2598 3652 (ss).
2632 3577 2738 3634 Sed
2756 3585 2945 3633 tamen
2969 3573 3093 3630 vult
3125 3571 3361 3643 intelligi
3383 3569 3521 3644 quia
3548 3576 3600 3624 et
3621 3562 3792 3638 peritus

536 3671 680 3744 (Α⁶ί·
734 3685 834 3738 κν»
865 3665 1115 3764 ξδ’-Ψ.)ς,
1139 3664 1406 3764 ἶθιξξίίοβ
1452 3664 1618 3762 Ῑετξιθί
1644 3657 1989 3764 ξείΐοιιξυοίάί.
2014 3674 2126 3758 Πίξη
2238 3678 2352 3726 erat
2383 3671 2439 3726 in
2491 3671 2628 3740 lege,
2659 3674 2714 3722 et
2760 3667 2942 3724 clarus
2977 3664 3094 3720 vita
3126 3683 3139 3720 :
3192 3679 3255 3719 ac
3285 3676 3380 3734 per
3407 3659 3521 3717 hoc
3542 3665 3594 3715 et
3619 3655 3798 3724 dispen-

534 3764 782 3853 γειετεη
811 3756 941 3831 quia
1149 3753 1216 3810 de
1246 3752 1335 3809 his
1371 3752 1432 3851 ln
1465 3749 1918 3853 θρίεῖφίλξὸἀθῐῐξ
1947 3747 2129 3846 δίέξιί-
2239 3760 2450 3817 satione
2477 3757 2766 3830 Evangelii
2795 3755 3105 3830 praecipuus
3133 3752 3407 3809 minister.
3454 3774 3474 3795 ι
3499 3745 3635 3806 Mihi
3661 3740 3795 3804 enim,

534 3847 832 3906 ﬁcaverant
882 3842 1116 3920 apostoli
1150 3862 1162 3900 :
1197 3859 1266 3900 ex
1296 3841 1456 3914 cujus
1509 3837 1832 3898 auctoritate
1864 3838 1988 3910 plus
2032 3837 2110 3892 in-

2243 3850 2336 3924 qui
2357 3849 2752 3906 cxistimantur
2786 3844 3000 3918 aliquid
3028 3859 3163 3912 esse,
3216 3840 3360 3897 nihil
3393 3836 3750 3896 contulerunt.
3775 3848 3788 3872 ι

535 3937 836 3997 εωνίθδὸηῖ
877 3935 1161 3994 credentes
1217 3931 1414 4002 διιδεῖν
1457 3930 1587 4006 qnla
1635 3945 1750 3987 non
1805 3926 2134 4002 Pl‘Olllllellat
2242 3921 2396 3997 Nihil
2431 3938 2567 3996 dicit
2593 3954 2650 3994 se
2679 3937 2745 3993 ab
2771 3934 3033 4010 apostolis
3063 3937 3440 3996 consecutum,
3474 3925 3574 3984 sed
3601 3941 3630 3980 a
3676 3921 3797 3981 D60;

536 4031 753 4089 Iudaeos
781 4029 927 4086 ﬁlios
959 4045 1086 4086 suos
1115 4023 1513 4086 circumcidere
1533 4024 1652 4097 ipsa
1679 4022 1931 4096 epistola.
1953 4021 2130 4088 Tunc,
2245 4033 2377 4106 quia
2405 4032 2500 4106 qui
2531 4006 2825 4103 imperiti;
2854 4044 3076 4085 sensum
3105 4023 3302 4082 tribuit
3344 4019 3652 4093 disciplina
3678 4006 3806 4070 Chii.

542 4121 744 4219 inqu“;
792 4119 1070 4219 εοίξίρίξεηες
1087 4133 1214 4219 ei}?
1252 4114 1604 4219 θίξίξιλωοίάίῐ
1652 4120 1874 4186 Propter
1919 4109 2135 4167 Ῑιιάαὲοε
2246 4095 2458 4190 έῐίειῐιεέ,
2491 4095 2694 4192 ipse-et
2741 4118 2903 4188 mihi,
2931 4116 3136 4192 inquit,
3177 4130 3305 4172 cum
3333 4127 3513 4169 essem
3542 4106 3670 4180 legis
3695 4095 3803 4175 peri-

1411 4211 1421 4219 .
1618 4202 1669 4219 n\
1731 4204 1772 4219 ῃ
1919 4200 2133 4219 -.ιι-ι---
2414 4211 2453 4219 -.
2576 4217 2581 4219 .
2777 4217 2786 4219 _
2827 4209 2837 4219 .
3007 4206 3040 4219 _.
3081 4205 3092 4216 .
3395 4198 3623 4219 ,,_‘34_.:-
3652 4189 3803 4219 ιηιξηε.

542 4209 636 4282 qni
668 4215 823 4264 erant
878 4207 938 4261 in
966 4205 1104 4263 l°°l3
1134 4206 1246 4262 lllls
1297 4205 1594 4276 (Ad-XVI,
1617 4202 1696 4274 3)-
1731 4204 1807 4258 De
1839 4200 2137 4275 gentilibus
2249 4219 2356 4281 tus,
2401 4189 2657 4284 dignatus
2713 4217 2795 4266 est
2823 4189 3097 4281 impertiri
3126 4219 3346 4261 sensum
3391 4198 3627 4257 rationis
3652 4189 3804 4282 Ῐιιιὶῐιε)⁸

545 4273 727 4355 autem
766 4294 1086 4353 scandalum
1137 4311 1252 4351 non
1296 4273 1591 4362 habebant,
1622 4292 1769 4349 unde
1821 4273 1976 4347 Titus
2025 4307 2136 4346 non
2250 4273 2422 4359 ωοξλί,
2463 4273 2768 4369 “Quomodo
2814 4273 2943 4370 crsu
2991 4295 3111 4353 ﬁeri
3166 4297 3398 4366 poterat,
3448 4299 3517 4345 ut
3544 4285 3634 4343 hic
3659 4281 3718 4337 ab
3743 4273 3809 4331 his

546 4395 628 4443 est
655 4385 972 4456 compulsus
1024 4381 1369 4440 circumcidi.
1410 4380 1497 4437 Ad
1527 4380 1718 4437 horam
1769 4395 1896 4451 ergo
1952 4378 2136 4445 cessit,
2251 4363 2521 4459 disceret:
2539 4405 2701 4462 quem
2758 4363 2996 4461 perifum
3025 4363 3339 4448 iuvui—imus,
3370 4376 3684 4452 puriiiomm
3707 4363 3809 4422 fecit

547 4483 610 4533 ut
637 4473 840 4530 veritas
867 4471 1192 4545 Evangelii;
1233 4477 1548 4543 permaneat
1595 4467 1982 4557 apudgentes,
2014 4485 2140 4524 cum
2256 4483 2428 4557 gratia
2456 4479 2669 4540 Chi-isti
2691 4479 2719 4536 (γ

551 4581 663 4622 non
717 4537 1107 4634 subjiciunt'se
1137 4537 1568 4617 circumcisioni.
1609 4537 2015 4630 Apud'Judaeos
2036 4574 2144 4615 au—
2171 4552 2221 4611 D
2256 4537 2510 4645 τ’-ξήθι-έ,
2547 4571 2598 4638 7³
2630 4569 2712 4640 8,)
2757 4592 2775 4615 ς
2803 4565 2909 4624 Sed
2937 4581 2966 4620 θ
2998 4571 3210 4631 comi-3,
3242 4573 3370 4617 cum
3400 4553 3674 4612 vidissent
3695 4537 3812 4618 quod

552 4664 663 4713 lem
707 4669 820 4709 non
866 4659 982 4707 erat
1027 4649 1232 4706 νθτίίὲε
1287 4647 1609 4720 Evangelii;
1663 4646 1792 4721 (illia
1859 4646 2143 4704 (πθάθηῑθε
2253 4637 2528 4719 creditum
2555 4637 2637 4715 est
2652 4637 3181 4725 mihiEvangelium
3211 4644 3494 4721 praeputii,
3521 4643 3662 4700 sicut
3685 4637 3816 4692 Petro

551 4740 1023 4803 circumcidebant
1069 4739 1215 4796 ﬁlios
1243 4755 1408 4807 suos;
1470 4738 1528 4794 iu
1587 4736 1809 4796 Christo
1843 4737 1990 4794 enim
2019 4737 2147 4793 Jesu
2255 4747 2726 4815 circumcisionis;
2779 4744 2875 4818 qui
2921 4719 3070 4800 enim
3119 4719 3374 4813 ope—ratus
3424 4741 3512 4791 est
3587 4731 3736 4788 Petro
3773 4719 3818 4774 in

555 4850 734 4908 neque
764 4831 1120 4906 praeputium,
1150 4845 1328 4904 neque
1357 4827 1710 4886 circumcisio
1734 4827 1946 4901 aliquid
1975 4826 2110 4882 valet

2257 4840 2622 4914 apostolatum
2670 4831 3132 4901 circumcisionis,
3169 4833 3426 4902 operatus
3453 4830 3540 4880 est
3598 4815 3729 4876 etin
3754 4820 3820 4864 me

556 4906 660 4980 sed
680 4923 817 4979 ﬁdes
873 4938 971 4994 per
1009 4919 1365 4977 dilectionem
1397 4935 1628 4993 operans
1660 4919 1868 4991 (Galat.
1917 4934 1995 4985 IV,
2031 4916 2097 4971 15
2129 4933 2143 4983 ;
2258 4906 2326 4987 au
2357 4937 2563 5002 uenies.
2594 4952 2613 4975 .
2679 4927 2904 4983 peti-um
2944 4923 3124 4980 solum
3170 4917 3442 4984 nominat,
3471 4922 3530 4970 et
3577 4906 3679 4966 sibi
3703 4912 3821 4959 com.

559 5031 617 5082 v,
647 5013 730 5085 6).
769 5012 907 5068 Nam
937 5027 1050 5066 non
1080 5009 1260 5066 solum
1314 4991 1569 5076 historia,
1601 5006 1695 5064 sed
1733 5013 1787 5062 et
1816 5005 2014 5062 littera
2043 5003 2150 5061 hoc
2261 4991 2434 5093 parui,
2471 5018 2600 5091 quia
2640 5016 2940 5091 primatum
2969 5013 3085 5085 ipse
3114 5015 3396 5082 acceperat
3416 5004 3488 5061 ad
3517 4991 3824 5059 fundendum

560 5101 830 5170 indicant,
861 5099 991 5173 quia
1032 5099 1214 5156 cessit.
1261 5098 1398 5156 Nam
1429 5111 1592 5170 supra
1621 5095 1758 5152 dicit
1785 5094 1994 5162 Titum,
2023 5109 2149 5151 cum
2260 5078 2562 5168 iacue'sigm
2588 5127 2601 5165 ε
2640 5078 2719 5165 ’δε
2746 5121 2961 5181 quoque
2991 5078 3141 5175 Ῥετί
3170 5078 3336 5155 quo
3367 5097 3628 5160 eiectum,
3657 5095 3713 5143 ιιι
3738 5078 3825 5154 pri-

559 5198 701 5247 esset
730 5191 1125 5260 Graecus,,non
1159 5203 1275 5244 esse
1303 5169 1652 5259 compulsum
1690 5182 2050 5252 circumcidi;
2100 5200 2110 5237 ι

2263 5209 2470 5256 rnatum
2503 5197 2699 5255 habeat
2724 5169 2783 5253 in
2816 5169 3116 5251 fundandis
3145 5187 3390 5261 gentium
3450 5176 3740 5278 Ecclesiis:
3770 5169 3830 5224 ita

560 5278 807 5353 subjicit,
861 5278 1089 5336 dicens:
1158 5302 1177 5327 ι
1222 5277 1454 5349 Propter
1502 5272 1953 5332 subintroductos
2010 5276 2154 5336 216
2263 5300 2468 5358 tamen,
2494 5297 2557 5345 ut
2583 5295 2636 5344 ei
2684 5288 2877 5344 petrus
2929 5279 3185 5356 gentibus
3230 5273 3581 5350 pradicant,
3624 5266 3668 5324 si
3696 5269 3832 5321 causa

560 5385 744 5434 autem
777 5377 946 5433 £31303
997 5375 1216 5432 Ῑηιιτθεο
1247 5397 1266 5422 ²
1327 5371 1476 5442 Ωιιίά
1511 5371 1627 5444 lam
1657 5379 1835 5442 301133»
1891 5369 2000 5427 ηίεί
2029 5368 2158 5442 quia
2267 5349 2480 5450 fuisset,
2512 5387 2566 5436 et
2601 5377 2804 5434 Paulus
2859 5349 3084 5430 Iudaeis.
3121 5349 3260 5426 Nam
3317 5372 3551 5437 uterque
3581 5349 3834 5415 invenitur

567 5468 730 5525 cessit
757 5464 827 5524 ad
861 5463 1054 5522 horam
1083 5469 1308 5538 propter
1333 5442 1788 5521 subintroductos
1819 5459 1986 5518 falsos
2036 5456 2158 5514 fra-
2267 5442 2564 5545 uirumque
2621 5467 2814 5528 fecisse
2859 5480 2872 5522 ;
2955 5461 3051 5522 sed
3103 5465 3289 5517 tamen
3339 5455 3504 5529 plena
3540 5442 3834 5507 auctoritas,

635 5693 754 5766 (55)
814 5692 1002 5752 Codex
1052 5692 1227 5763 Vall.,
1257 5707 1349 5750 nec
1378 5689 1744 5758 dondemnant,
1777 5700 1867 5746 nec
1887 5684 2156 5758 judicant.
