3908 6192
141 255 240 315 369

1196 262 1558 326 COMMENT.
1599 270 1672 329 IN
1707 272 1925 336 EPIST.
1965 279 2062 337 AD
2101 278 2358 337 GALAT.

3315 273 3424 331 370

141 381 294 440 Petro
337 382 395 440 in
445 383 712 442 Iudaismi
774 385 1162 460 pradicatione
1206 388 1332 446 data
1359 390 1720 470 dignoscitur,
1751 402 1803 462 A
1831 401 1931 460 illo
1953 412 2008 460 et
2027 405 2210 467 caeteri
2231 403 2422 473 Iudai,
2447 403 2523 460 ita
2539 411 2602 460 ut
2617 413 2672 462 et
2695 402 2970 462 Barnabas
2989 401 3327 462 consentiret
3347 403 3420 459 si-

141 479 194 528 et
220 473 372 530 Pauli
404 474 646 547 perfecta
676 476 978 534 auctoritas
997 476 1055 533 in
1071 478 1460 550 pradicatione
1476 486 1720 556 gentium

140 558 437 620 invenitur.
470 565 625 622 Unde
668 573 722 623 et
752 567 1077 640 magistrum
1107 585 1163 624 se
1201 571 1444 642 gentium
1475 584 1636 632 vocat
1665 578 1725 633 in

139 653 242 712 ﬁde
271 664 324 712 et
354 658 586 716 veritate
619 659 710 733 (ΙΙ
751 661 888 716 Tim.
935 678 974 730 ι,
1011 662 1134 733 11);
1165 667 1545 741 unusquisque
1575 671 1723 728 enim

136 761 232 818 pro
259 746 474 805 viribus
502 749 618 806 suis
645 749 1111 824 dispensationem
1135 755 1363 812 sortitus
1383 765 1483 813 est.
1521 760 1726 817 Difﬁci-

133 831 242 890 lius
279 837 431 892 enim
462 837 572 893 fuit
601 855 694 894 eos
732 840 828 912 qui
850 841 1009 914 longe
1032 857 1063 896 a
1099 843 1211 898 Deo
1242 854 1416 913 erant,
1457 848 1524 904 ad
1556 848 1725 907 ﬁdem

129 938 287 983 suam
323 926 597 984 attrahere
628 938 681 986 et
709 929 956 997 suadere,
993 947 1153 1003 quam
1184 933 1489 1004 proximos.

215 1015 400 1090 (Vers.
432 1021 486 1088 9,
539 1018 650 1091 10.)
711 1041 732 1066 ι
763 1020 835 1074 Et
873 1019 1105 1076 scientes
1153 1022 1383 1094 gratiam
1430 1025 1552 1096 Dei,
1603 1044 1724 1102 qua

125 1111 258 1168 data
304 1117 386 1165 est
439 1107 598 1175 mihi,
640 1107 832 1163 Petrus
877 1115 931 1164 et
970 1108 1204 1166 Iacobus
1248 1121 1300 1168 et
1339 1114 1596 1186 Ioannes,
1628 1118 1724 1192 qui

126 1198 462 1256 videbantur
486 1197 758 1253 columna
786 1213 922 1266 esse,
956 1197 1180 1255 dextras
1199 1200 1472 1259 dederunt
1501 1205 1640 1262 mihi
1673 1214 1727 1263 et

124 1285 392 1344 Barnaba
420 1284 829 1344 communionis
863 1304 876 1354 ;
915 1293 976 1342 ut
995 1303 1096 1343 nos
1126 1289 1193 1345 ad
1224 1299 1430 1362 gentes,
1458 1293 1562 1365 ipsi
1591 1311 1726 1352 vero

126 1379 186 1435 in
215 1375 731 1442 circumcisionem;
761 1381 979 1431 tantum
1011 1385 1072 1432 ut
1101 1394 1404 1450 pauperum
1457 1399 1726 1442 memores

122 1485 391 1536 essemus,
413 1465 560 1540 quod
583 1465 891 1522 etsollicite
921 1468 1109 1522 curavi
1138 1467 1246 1526 hoc
1267 1471 1446 1542 ipsum
1474 1473 1672 1532 facere.
1694 1500 1712 1522 ι

122 1557 217 1614 Ab
236 1555 499 1631 apostolis
531 1555 629 1628 qui
666 1553 930 1611 clariores
960 1557 1103 1612 inter
1133 1569 1358 1616 caeteros
1390 1571 1565 1632 erant,
1589 1582 1725 1637 quos

119 1657 177 1706 et
210 1646 496 1704 ﬁrmitatis
524 1661 686 1702 causa
723 1647 1008 1702 columnas
1049 1651 1309 1722 appellat,
1343 1654 1549 1726 quique
1596 1672 1722 1711 cum

1831 493 2123 550 mulationi
2141 510 2349 550 eorum.
2370 518 2387 540 ι
2413 494 2481 549 Hi
2503 510 2690 551 omnes
2706 493 3001 567 Iudai,qui
3017 503 3419 552 consenserunt

1832 582 2170 640 simulationi
2184 583 2327 640 Petri
2351 591 2404 640 et
2418 583 2700 650 Barnabas,
2719 584 2877 639 bona
2892 583 3019 640 ﬁdei
3037 583 3266 641 fuerunt
3284 604 3296 642 :
3320 585 3418 642 sed

1832 682 2055 746 propter
2083 673 2400 730 scandalum
2430 673 2676 739 illorum,
2702 671 2797 744 qui
2824 672 3115 730 veniebant
3134 673 3201 728 ab
3216 674 3419 731 Iacobo

1837 763 1857 834 (
1862 771 2016 818 erant
2031 765 2178 819 enim
2197 765 2541 820 amulatores
2556 760 2810 835 legis,qui
2825 768 2878 816 et
2892 761 3063 832 legem
3079 762 3419 820 etChristum

1834 867 1990 924 aquo
2000 851 2126 924 jure
2138 861 2547 909 venerarentur:
2563 848 2712 924 quod
2722 855 2912 906 contra
2929 848 3055 905 ﬁdei
3072 849 3421 921 disciplinam

1833 939 1938 1012 est)
1972 942 2333 1012 praesentibus
2361 941 2438 997 eis
2475 956 2586 997 non
2619 937 3118 995 commiscebantur
3145 938 3424 1010 gentibus.

1833 1029 2125 1088 Timebant
2151 1031 2299 1087 enim
2331 1031 2597 1102 impetum
2628 1026 2868 1084 audacia
2898 1043 3108 1094 eorum,
3139 1028 3233 1101 qui
3259 1045 3425 1085 amu-

1834 1120 2088 1176 labantur
2119 1123 2312 1194 legem.
2345 1119 2501 1186 Quod
2530 1118 2577 1174 si
2606 1117 2782 1173 solum
2816 1116 3029 1186 fuisset,
3061 1133 3172 1173 non
3203 1125 3318 1174 erat
3346 1136 3427 1176 re-

1834 1209 2243 1284 prehensibile:
2297 1210 2390 1267 sed
2430 1210 2488 1264 in
2518 1225 2626 1282 quo
2657 1217 2897 1264 erratum
2931 1214 3032 1274 est,
3078 1207 3136 1263 in
3166 1207 3430 1278 subjectis

1833 1299 2094 1357 ostendit.
2144 1300 2282 1356 Nam
2331 1306 2384 1354 et
2431 1297 2545 1371 ipse
2578 1297 2773 1369 utique
2810 1295 2974 1353 cessit
3002 1295 3341 1355 animositati
3375 1306 3432 1354 et

1833 1390 2074 1447 audacia
2103 1389 2443 1459 Iudaeorum,
2490 1389 2692 1445 timens
2732 1403 2802 1443 ne
2829 1404 2926 1460 per
2953 1386 3058 1444 hoc
3089 1388 3235 1462 quod
3267 1388 3429 1445 facile

1833 1491 1932 1551 est,
1965 1482 2282 1555 subreperet
2310 1482 2651 1550 scandalum,
2686 1480 2832 1554 quod
2859 1480 3085 1537 difﬁcile
3113 1479 3417 1548 sedaretur;

1833 1573 1964 1647 quia
1988 1581 2042 1629 et
2072 1573 2375 1629 secundum
2407 1574 2578 1645 legem
2608 1571 2924 1645 puriﬁcavit
2952 1587 3008 1628 se
3033 1579 3254 1629 coactus
3284 1572 3428 1644 (Act.

1833 1679 1953 1730 xxx,
1984 1663 2099 1734 26),
2133 1670 2187 1718 et
2233 1661 2586 1718 Timotheum
2618 1659 2970 1719 circumcidit
3011 1660 3224 1717 invitus
3282 1660 3426 1734 (Act.

117 1737 371 1794 Domino
414 1750 628 1808 semper
674 1735 730 1790 in
779 1736 999 1792 secretis
1043 1735 1281 1807 fuerant,
1333 1742 1563 1813 gloriam
1603 1743 1722 1816 ejus
1753 1759 1799 1820 Β
1829 1767 1950 1818 xvr,
1981 1751 2059 1820 3).

117 1826 284 1901 digni
323 1827 380 1883 in
428 1832 610 1882 monte
644 1825 910 1898 respicere
952 1826 1164 1898 (Matth.
1207 1845 1349 1899 xvn,
1385 1831 1480 1904 2);
1519 1833 1586 1889 ab
1635 1834 1724 1891 his

118 1915 314 1989 itaque
341 1913 629 1988 probatum
660 1913 799 1970 dicit
826 1913 1054 1983 donum,
1089 1916 1234 1989 quod
1263 1920 1473 1993 accepit
1511 1937 1542 1976 a
1569 1925 1717 1992 Deo;

117 2013 183 2062 ut
235 2004 434 2078 dignus
459 2001 623 2060 esset
651 2002 854 2058 habere
903 2003 1199 2076 primatum
1240 2006 1300 2062 in
1330 2010 1723 2080 praedicatione

119 2095 402 2169 gentium,
436 2093 582 2150 sicut
635 2100 691 2147 et
722 2091 960 2149 habebat
1007 2094 1204 2152 Petrus
1240 2097 1298 2152 in
1335 2100 1725 2170 pradicatione

117 2181 593 2243 circumcisionis.
644 2180 720 2235 Et
769 2181 914 2236 sicut
960 2181 1052 2238 dat
1096 2184 1260 2240 Petro
1319 2189 1518 2256 socios,
1577 2192 1728 2248 viros

117 2272 374 2349 egregios
420 2271 566 2327 inter
610 2269 926 2342 apostolos:
977 2269 1053 2326 ita
1081 2278 1135 2327 et
1174 2272 1280 2328 sibi
1314 2274 1498 2349 jungit
1527 2278 1726 2335 Barna-

116 2365 275 2432 bam,
305 2359 403 2436 qui
451 2359 647 2416 divino
679 2358 895 2431 judicio
922 2359 972 2415 ei
999 2360 1297 2433 adjunctus
1318 2371 1399 2420 est
1432 2365 1573 2437 (Act.
1601 2385 1727 2438 xm,

118 2454 216 2527 2);
253 2450 486 2527 gratiam
518 2455 700 2504 tamen
732 2447 1002 2522 primatus
1039 2449 1148 2506 sibi
1181 2452 1287 2508 soli
1308 2453 1558 2512 vindicat
1585 2474 1732 2513 con-

117 2560 337 2603 cessam
372 2559 404 2598 a
430 2543 562 2610 Deo,
594 2540 739 2597 sicut
768 2546 824 2595 et
852 2540 956 2596 soli
981 2541 1145 2597 Petro
1170 2558 1428 2600 concessa
1467 2553 1548 2601 est
1583 2547 1730 2603 inter

115 2634 437 2711 apostolos:
489 2632 566 2689 ita
613 2638 676 2688 ut
721 2631 958 2704 apostoli
1011 2632 1456 2692 circumcisionis
1504 2636 1729 2695 dextras

116 2725 475 2799 porrigerent
510 2720 770 2794 apostolis
813 2721 1058 2794 gentium
1105 2721 1174 2778 ad
1224 2724 1581 2782 concordiam
1629 2745 1728 2782 so-

115 2815 354 2874 cietatis
381 2811 856 2870 demonstrandam
885 2829 898 2879 ;
939 2819 1002 2868 ut
1029 2813 1252 2887 utrique
1292 2815 1525 2873 scientes
1551 2816 1724 2890 perfe-

113 2904 335 2962 ctionis
393 2901 646 2976 spiritum
695 2902 752 2958 in
798 2902 1205 2975 dispensatione
1249 2903 1538 2977 Evangelii
1592 2922 1647 2962 se
1695 2923 1726 2962 a

115 2995 371 3052 Domino
426 2998 768 3060 consecutos,
818 2991 874 3047 iu
931 2991 1089 3048 nullo
1137 3009 1192 3049 se
1251 2993 1490 3051 invicem
1548 2995 1724 3067 legere

1906 1849 2226 1923 (Ver-$.14.)
2273 1873 2291 1897 ι
2322 1847 2427 1906 Sed
2455 1864 2580 1906 cum
2628 1847 2890 1905 vidissem
2935 1846 3082 1921 quod
3126 1861 3239 1904 non
3279 1855 3429 1905 recta

1833 1938 1924 1994 via
1965 1939 2282 1997 incederent
2321 1937 2390 1995 ad
2437 1938 2724 1995 veritatem
2773 1936 3084 2010 Evangelii,
3117 1935 3237 1993 dixi
3265 1936 3427 1993 Petro

1831 2044 2014 2086 coram
2045 2027 2322 2084 omnibus.
2353 2051 2371 2074 ι
2415 2025 2542 2084 Ideo
2573 2027 2629 2083 in
2661 2027 2838 2083 solum
2869 2027 3094 2082 Petrum
3117 2024 3424 2093 invehitur,

1834 2125 1895 2173 ut
1924 2116 1980 2172 in
2009 2134 2072 2173 eo
2103 2115 2196 2189 qui
2244 2117 2457 2189 primus
2486 2124 2586 2185 est,
2634 2114 2909 2173 discerent
2955 2114 3158 2172 cateri.
3206 2139 3225 2162 ι
3255 2115 3314 2171 Si
3364 2123 3428 2172 tu

1834 2221 1962 2262 cum
2002 2207 2078 2260 sis
2124 2204 2362 2273 Iudaus,
2395 2204 2673 2277 gentiliter
2704 2204 2870 2273 vivis,
2916 2203 3194 2278 quomodo
3242 2211 3430 2277 gentes

1836 2291 1985 2364 cogis
2022 2292 2305 2350 Iudaizare
2328 2293 2356 2349 ?
2387 2319 2405 2342 ›
2446 2293 2606 2349 Nunc
2646 2292 2821 2366 aperit
2864 2309 3082 2350 causam
3125 2293 3433 2366 reprehen-

1836 2379 2046 2447 sionis;
2097 2397 2208 2436 non
2256 2382 2404 2436 enim
2448 2380 2659 2454 aliquid
2706 2379 2901 2438 fuisset
2947 2382 3168 2450 erroris,
3213 2383 3260 2439 si
3297 2399 3428 2455 pra-

1838 2469 2087 2526 sentibus
2127 2469 2333 2524 Iudais
2367 2469 2764 2525 dissimulasset
2801 2486 2832 2525 a
2861 2470 3180 2542 gentilibus,
3227 2471 3430 2528 timens

1837 2559 2194 2615 scandalum:
2228 2558 2321 2614 sed
2359 2558 2451 2614 hic
2495 2565 2612 2612 tota
2656 2573 2816 2614 causa
2861 2557 3305 2630 reprehensionis
3328 2568 3432 2628 est,

1837 2648 1969 2722 quia
2015 2648 2440 2705 advenientibus
2489 2648 2692 2704 Iudaeis
2730 2647 2798 2704 ab
2835 2647 3056 2716 Iacobo,
3104 2664 3216 2704 non
3257 2649 3435 2705 solum

1835 2738 2154 2812 segregabat
2181 2754 2238 2794 se
2266 2737 2332 2793 ab
2364 2738 2464 2808 eis,
2493 2754 2620 2795 cum
2650 2737 2850 2812 quibus
2884 2735 3164 2811 gentiliter
3191 2736 3428 2806 vixerat,

1834 2828 1928 2886 sed
1979 2837 2033 2886 et
2080 2829 2443 2902 compellebat
2495 2844 2588 2884 eos
2625 2827 2926 2900 judaizare,
2995 2843 3160 2885 causa
3219 2825 3439 2884 timoris

1835 2919 2082 2988 illorum,
2131 2927 2192 2976 ut
2237 2918 2371 2993 quid
2428 2918 2628 2975 horum
2671 2934 2865 2974 verum
2909 2925 3069 2988 esset,
3121 2917 3439 2992 ignorarent

1834 3007 2083 3081 gentiles.
2137 3007 2392 3064 Sciebant
2439 3009 2588 3065 enim
2647 3007 2826 3081 ipsum
2873 3023 3058 3064 secum
3107 3024 3220 3064 non
3280 3007 3437 3082 quasi

113 3083 501 3142 ostenderent.
535 3083 651 3139 HOC
679 3083 858 3138 solum
889 3089 1070 3138 tamen
1104 3082 1252 3139 inter
1279 3100 1335 3140 SB
1363 3085 1719 3154 convenisse;
1755 3121 1804 3185 C
1832 3098 2083 3155 Judgenm
2113 3099 2355 3155 vixisse;
2404 3106 2528 3173 post
2553 3106 2736 3154 autem
2776 3098 3061 3154 audientes
3099 3097 3168 3154 ab
3216 3115 3280 3155 eo
3308 3102 3438 3173 quia

114 3183 178 3230 ut
210 3171 368 3249 quod
400 3189 510 3228 non
540 3188 608 3228 ex
637 3180 906 3244 pracepto
935 3173 1023 3228 vel
1062 3171 1210 3229 dono
1247 3173 1474 3229 Domini
1505 3173 1725 3230 fuerant

116 3273 411 3342 instructi,
447 3272 574 3346 quia
619 3271 777 3328 facile
804 3279 921 3326 erat
951 3265 1097 3324 217
1124 3271 1231 3328 hoc
1257 3289 1326 3328 ex
1358 3273 1475 3346 lege
1505 3291 1604 3347 cog
1618 3291 1728 3330 no-

112 3380 295 3432 scere,
330 3362 434 3418 hos
461 3360 661 3435 quibus
692 3359 1081 3434 pradicabant,
1124 3377 1424 3434 pauperum
1457 3380 1727 3420 memores

110 3470 237 3512 esse
278 3453 579 3528 juberent;
630 3461 690 3510 ut
734 3451 1189 3521 misericordiam,
1225 3469 1321 3525 per
1363 3469 1525 3526 quam
1558 3470 1590 3509 a
1616 3455 1728 3510 Deo

112 3543 400 3618 redempti
445 3550 593 3612 sunt,
640 3544 902 3602 colerent.
953 3542 1166 3600 Idcirco
1204 3541 1374 3616 igitur
1420 3542 1562 3612 hac,
1610 3561 1728 3617 qua

112 3632 268 3690 inter
292 3649 355 3691 se
377 3642 430 3690 et
458 3633 732 3706 apostolos
747 3632 892 3689 facta
911 3640 1060 3700 sunt,
1080 3631 1432 3700 manifestat;
1462 3641 1524 3688 ut
1552 3632 1730 3689 sciant

111 3725 329 3782 Galatae
363 3722 493 3795 quia
521 3722 668 3796 quod
705 3721 772 3779 ab
801 3739 866 3780 eo
897 3730 1238 3796 acceperant,
1286 3721 1394 3778 hoc
1422 3739 1614 3778 verum
1647 3731 1728 3780 est

108 3823 164 3872 et
186 3814 516 3888 probatum.

185 3912 388 3986 (Vers.
425 3911 537 3983 11.)
584 3934 601 3957 ι
633 3909 772 3968 Cum
802 3917 984 3966 autem
1015 3910 1256 3968 venisset
1297 3909 1488 3968 Petrus
1518 3909 1730 3967 Antio-

103 4001 329 4070 chiam,
366 3999 426 4055 in
450 4000 644 4056 faciem
666 3999 750 4056 illi
772 3999 980 4067 restiti;
1025 4000 1155 4074 quia
1169 3999 1531 4073 reprehensus
1552 4006 1734 4057 erata"

103 4092 243 4148 Post
274 4089 641 4149 concordiam
670 4089 968 4158 societatis,
1012 4097 1066 4146 et
1093 4089 1578 4147 honoriﬁcentiam
1618 4091 1726 4164 pri-

103 4191 322 4249 matus,
349 4195 522 4252 quam
543 4177 650 4234 sibi
666 4177 905 4234 invicem
924 4195 1019 4250 per
1034 4179 1264 4251 gratiam
1275 4179 1374 4235 Dei
1388 4179 1722 4246 detulerunt;

104 4287 262 4329 nunc
317 4266 740 4325 interveniente
775 4281 936 4322 causa
974 4265 1330 4338 negligentiae
1375 4268 1465 4322 vel
1505 4268 1722 4336 erroris,

105 4359 400 4417 dissidere
433 4355 580 4412 inter
618 4373 674 4413 se
695 4355 954 4412 videntur
983 4355 1236 4428 apostoli,
1270 4372 1381 4412 non
1412 4355 1468 4412 in
1508 4351 1726 4430 propria

102 4465 304 4514 causa,
358 4443 458 4502 sed
500 4443 559 4500 in
592 4443 971 4500 sollicitudine
1015 4441 1295 4500 Ecclesia.
1347 4465 1364 4488 ι
1406 4444 1468 4498 In
1508 4442 1720 4512 faciem,

105 4537 327 4613 inquit,
360 4535 449 4593 illi
471 4535 672 4592 restiti.
707 4554 734 4586 »
777 4533 922 4603 Quid
951 4540 1034 4589 est
1061 4533 1184 4601 hoc,
1215 4532 1319 4589 nisi
1350 4531 1406 4589 in
1437 4534 1723 4606 prasentia

101 4630 151 4685 ei
207 4625 588 4683 contradixi?
642 4624 714 4680 Et
785 4639 892 4696 qua
959 4638 1120 4679 causa
1168 4621 1456 4694 subjunxit
1497 4623 1716 4680 dicens:

114 4741 135 4764 σ
166 4716 325 4786 Quia
354 4713 722 4786 reprehensus
750 4720 866 4768 erat
886 4713 914 4769 ‘2
962 4738 978 4758 -
1033 4711 1500 4784 Reprehensibilis
1532 4713 1722 4785 utique

98 4806 170 4862 ab
195 4803 536 4877 evangelica
562 4802 815 4870 veritate,
858 4803 945 4858 cui
993 4801 1098 4857 hoc
1145 4801 1353 4857 factum
1385 4801 1724 4858 adversaba-

100 4905 216 4952 tur.
260 4895 407 4952 Nam
439 4893 565 4967 quis
586 4909 774 4948 eorum
803 4891 1027 4948 auderet
1058 4891 1218 4947 Petro
1246 4891 1426 4963 primo
1454 4891 1720 4963 apostolo,

97 4985 191 5041 cui
225 4985 430 5043 claves
461 4981 610 5055 regni
637 4981 904 5038 calorum
929 4979 1202 5037 Dominus
1232 4978 1404 5048 dedit,
1435 4978 1719 5044 resistere;

100 5074 214 5130 nisi
248 5073 409 5130 alius
435 5071 584 5140 talis,
626 5072 721 5144 qui
761 5069 966 5127 ﬁducia
993 5066 1283 5125 electionis
1319 5084 1430 5124 sua
1462 5067 1639 5123 sciens
1668 5083 1724 5121 se

99 5180 215 5219 non
253 5163 558 5234 imparem,
591 5166 907 5217 constanter
936 5157 1292 5231 improbaret,
1316 5157 1462 5230 quod
1484 5157 1578 5212 ille
1607 5157 1725 5212 sine

95 5253 360 5310 consilio
391 5251 613 5307 fecerat.

171 5344 384 5416 (Vers.
439 5342 525 5410 l2,
587 5340 701 5411 13.)
760 5363 777 5386 ι
827 5338 989 5396 Prius
1037 5339 1182 5395 enim
1234 5355 1397 5413 quam
1446 5338 1727 5395 venissent

96 5433 352 5508 quidam
402 5447 434 5485 a
481 5429 703 5496 Iacobo,
754 5444 879 5484 cum
909 5427 1163 5501 gentibus
1197 5427 1425 5484 edebat:
1460 5444 1589 5484 cum
1619 5443 1728 5483 au-

97 5532 210 5582 tem
247 5520 571 5586 venissent,
611 5515 967 5574 subtrahebat
994 5525 1047 5572 et
1069 5516 1386 5589 segregabat
1415 5533 1494 5582 se,
1528 5515 1727 5570 timens

96 5629 189 5669 eos
212 5609 496 5686 quierant
511 5621 582 5664 ex
610 5603 1052 5664 circumcisione.
1076 5605 1148 5660 Et
1174 5603 1577 5660 simulaverunt
1599 5618 1727 5660 cum

1836 3188 2152 3245 Iudaeorum
2182 3188 2356 3243 instar
2376 3187 2716 3261 sequendum
2739 3194 2875 3255 erat,
2896 3185 3227 3243 hasitabant
3243 3187 3438 3262 utique

1837 3277 1970 3354 quid
2001 3285 2142 3332 esset
2179 3293 2394 3333 verum.
2427 3277 2483 3334 Si
2510 3276 2660 3331 enim
2691 3275 2799 3332 hoc
2844 3291 3037 3330 verum
3085 3283 3202 3330 erat
3254 3284 3316 3332 ut
3345 3275 3432 3347 ju-

1837 3366 2138 3434 daizarent,
2185 3365 2364 3439 ipsum
2435 3365 2910 3439 praevaricatorem
2977 3362 3256 3432 tenebant,
3307 3365 3438 3438 quia

1838 3455 2117 3529 gentiliter
2161 3457 2413 3512 vixerat:
2462 3456 2510 3512 si
2566 3463 2749 3512 autem
2788 3453 2930 3511 illud
2977 3453 3174 3510 melius
3220 3461 3335 3511 erat
3379 3463 3437 3512 et

1836 3561 2047 3614 verum,
2084 3553 2144 3602 ut
2173 3545 2498 3618 simpliciter
2524 3544 2796 3613 viverent,
2829 3544 3040 3602 eversio
3089 3551 3204 3601 erat
3247 3544 3435 3617 genti-

1836 3635 1984 3690 leum
2013 3649 2110 3707 per
2138 3635 2256 3706 ejus
2285 3633 2585 3709 ignaviam,
2618 3632 2820 3707 quibus
2865 3632 3120 3706 adempto
3149 3632 3318 3703 bono,
3344 3651 3432 3691 res

1837 3722 2109 3778 laboriosa
2139 3730 2192 3779 et
2219 3723 2474 3779 inefﬁcax
2523 3717 2882 3778 tradebatur.
2916 3722 3210 3794 Apostolus
3247 3729 3431 3780 autem

1836 3814 2060 3883 Paulus,
2091 3814 2311 3888 quando
2339 3815 2407 3870 ad
2437 3813 2628 3869 horam
2670 3812 2834 3869 cessit
2882 3827 2991 3868 non
3020 3811 3125 3868 hoc
3151 3818 3205 3867 et
3234 3812 3427 3882 suasit,

1838 3903 1931 3960 sed
1968 3921 2081 3960 rem
2131 3921 2185 3960 se
2234 3903 2565 3976 superfluam
2611 3909 2666 3959 et
2712 3901 2931 3956 inanem
2983 3900 3161 3957 facere
3187 3897 3432 3957 clamita-

1842 3992 1938 4061 vit,
1992 4001 2210 4065 propter
2256 3993 2499 4048 furorem
2537 3989 2872 4047 Iudaeorum.
2929 3989 3029 4048 Cui
3079 3987 3302 4064 quidem
3351 3989 3432 4047 rei

1837 4099 1948 4138 non
1997 4080 2395 4149 succubuisset,
2444 4079 2553 4136 nisi
2597 4095 2759 4136 causa
2791 4078 3150 4150 interfuisset,
3199 4096 3308 4155 qua
3335 4096 3428 4138 au-

1836 4171 1991 4230 dacia
2020 4171 2331 4228 Iudaeorum
2364 4171 2729 4244 plurimorum
2779 4187 2836 4228 se
2860 4171 3110 4245 jactaret.
3153 4173 3287 4230 Erat
3337 4189 3429 4230 au-

1835 4267 1944 4317 tem
1977 4259 2298 4319 Timotheus
2345 4260 2494 4317 ﬁlius
2524 4258 2774 4317 mulieris
2803 4260 3024 4332 Iudaea,
3064 4269 3216 4337 patre
3247 4269 3429 4320 autem

1834 4351 2024 4408 Graco
2079 4351 2220 4422 (Act.
2273 4367 2389 4421 xvr,
2448 4351 2534 4423 1);
2578 4349 2725 4407 unde
2773 4351 2980 4410 factum
3023 4361 3126 4422 est,
3153 4361 3216 4410 ut
3245 4352 3428 4409 infans

1833 4440 2136 4497 secundum
2166 4441 2338 4514 legem
2380 4440 2610 4497 minime
2642 4441 3152 4499 circumcideretur.
3198 4441 3428 4497 Insidia-

1830 4528 2033 4586 bantur
2061 4545 2207 4603 ergo,
2241 4530 2591 4603 explorantes
2628 4530 2674 4585 si
2705 4545 2852 4599 eum,
2883 4529 2978 4605 qui
3007 4528 3228 4586 Iudaus
3266 4537 3429 4584 natus

1834 4626 1972 4686 erat,
2053 4617 2505 4675 incircumcisum
2561 4627 2894 4674 assumeret:
2951 4617 3095 4691 quod
3166 4616 3424 4670 illicitum

1831 4707 2096 4777 putabant
2126 4707 2306 4778 generi
2341 4707 2677 4774 Iudaeorum,
2712 4706 3054 4763 occasionem
3101 4709 3424 4778 quaerentes,

1833 4811 1940 4868 qua
1977 4810 2102 4848 eum
2151 4809 2460 4848 eversorem
2491 4800 2742 4848 tenerent
2785 4793 2958 4865 legis;
3003 4793 3108 4848 hac
3151 4805 3314 4847 causa
3358 4791 3426 4848 ad

1833 4882 2024 4938 horam
2054 4881 2218 4938 cessit
2250 4879 2427 4935 furori
2456 4895 2667 4936 eorum.

1908 4980 2091 5053 (Vers.
2123 4978 2210 5047 15,
2257 4977 2370 5050 16.)
2426 5004 2443 5026 ι
2474 4977 2582 5033 Nos
2626 4983 2824 5033 natura
2870 4973 3064 5046 Iudai,
3116 4963 3307 5036 et'non
3357 4997 3426 5036 ex

1833 5068 2086 5144 gentibus
2117 5075 2445 5143 peccatores.
2474 5066 2717 5124 Scientes
2744 5073 2927 5123 autem
2961 5066 3091 5140 quia
3127 5083 3238 5123 non
3266 5066 3426 5140 justi-

1833 5158 2029 5214 ﬁcatur
2056 5157 2224 5215 homo
2253 5173 2324 5214 ex
2356 5155 2613 5230 operibus
2652 5155 2806 5230 legis,
2837 5154 2945 5212 nisi
2970 5171 3067 5230 per
3097 5156 3258 5213 ﬁdem
3300 5158 3428 5215 Iesu

1833 5245 2074 5314 Christi;
2124 5255 2179 5302 et
2225 5263 2326 5304 nos
2372 5247 2430 5303 in
2460 5244 2740 5304 Christum
2791 5245 2979 5304 Iesum
3015 5244 3312 5314 credimus,
3364 5254 3428 5303 ut

1829 5334 2199 5408 justiﬁcemur
2253 5352 2322 5392 ex
2379 5337 2488 5394 ﬁde
2541 5336 2769 5407 Christi,
2800 5343 2856 5394 et
2906 5352 3014 5393 non
3055 5352 3124 5392 ex
3171 5336 3428 5409 operibus

1837 5426 1988 5499 legis.
2023 5452 2040 5473 ι
2081 5425 2369 5481 Manifesta
2391 5427 2601 5483 ratione
2621 5427 3030 5483 circumventos
3047 5439 3138 5480 eos
3164 5424 3428 5494 ostendit,

1837 5523 1897 5571 ut
1917 5519 2198 5568 servarent
2228 5512 2433 5583 legem;
2466 5513 2523 5568 in
2557 5530 2663 5585 qua
2699 5531 2863 5569 nemo
2906 5511 3244 5583 justificatur
3282 5512 3432 5584 apud

1836 5603 2010 5658 Deum
2036 5618 2050 5667 ;
2079 5597 2281 5672 quippe
2305 5614 2429 5655 cum
2461 5599 2519 5654 hi
2556 5599 2663 5671 ipsi
2699 5599 2795 5671 qui
2844 5607 3040 5654 natura
3060 5597 3242 5654 Iudai
3280 5605 3434 5663 sunt,
