3908 6192
484 279 590 338 371

1535 271 1633 328 AD
1671 269 1908 328 OPERA
1943 269 2003 326 S.
2039 268 2374 327 AMBROSII
2411 266 2791 324 APPENDIX.

3725 262 3820 320 372

487 413 735 470 volentes
748 407 1063 484 justiﬁcari,
1095 407 1288 467 relicta
1313 405 1452 480 lege,
1473 402 1795 476 confugiant
1820 401 1889 458 ad
1920 399 2086 458 ﬁdem
2113 400 2167 463 Α
2195 399 2299 458 hoc
2336 415 2447 456 non
2485 397 2652 472 gratis
2685 403 2938 454 mortuus
2964 401 3047 454 est
3077 411 3093 464 ;
3123 409 3271 453 mors
3299 393 3454 453 enim
3489 393 3619 468 ejus
3651 392 3818 466 justi-

489 500 722 560 Christi.
759 524 777 547 ι
805 498 1077 568 Quoniam
1099 514 1169 555 ex
1199 495 1458 570 operibus
1475 494 1610 568 legis
1626 509 1738 549 non
1755 490 2094 564 justiﬁcatur

489 589 673 649 omnis
700 606 849 648 caro.
899 611 918 635 ι
965 587 1191 648 Nullum
1239 583 1524 641 hominem
1563 581 1929 654 justiﬁcatum
1958 579 2097 638 dicit

491 708 563 749 ex
588 688 849 764 operibus
878 685 1047 759 legis;
1080 684 1401 759 quicunque
1430 681 1581 739 enim
1604 680 1742 754 justi
1766 687 1916 748 sunt,
1948 674 2093 732 218

494 789 549 838 et
576 779 684 837 ﬁde
717 775 1011 850 justiﬁcati
1050 781 1202 842 sunt,
1241 773 1387 830 sicut
1435 770 1717 830 Abraham
1761 777 1816 828 et
1861 770 2009 826 Isaac
2043 776 2098 825 et

493 870 661 928 Jacob
690 876 746 924 et
775 865 961 924 caeteri
991 863 1190 921 sancti.

569 959 754 1032 (Vers.
803 955 918 1028 17.)
962 977 980 1002 ι
1011 953 1069 1010 Si
1120 958 1307 1008 autem
1355 956 1664 1024 quaerentes
1705 946 1999 1021 justiﬁcari
2037 945 2097 1003 in

496 1048 739 1116 Christo,
793 1044 1113 1102 invenimur
1159 1050 1214 1099 et
1264 1040 1369 1115 ipsi
1423 1048 1774 1112 peccatores;
1806 1053 1940 1094 num
1970 1053 2098 1109 ergo

497 1137 753 1198 Christus
788 1134 996 1210 peccati
1032 1131 1286 1190 minister
1328 1130 1459 1188 est?
1511 1129 1689 1185 Absit.
1738 1153 1757 1178 ι
1812 1125 2098 1195 Quomodo

499 1226 757 1286 Christus
804 1221 1012 1298 peccati
1061 1221 1318 1278 minister
1364 1226 1544 1292 potest
1595 1234 1732 1286 esse,
1782 1216 1876 1290 qui
1931 1217 2101 1273 donat

501 1314 770 1392 peccata?
817 1313 968 1381 Ideo,
1009 1309 1164 1378 absit,
1214 1309 1418 1382 inquit.
1453 1308 1559 1366 Sed
1586 1309 1635 1364 si
1661 1306 1958 1380 justiﬁcari
1992 1323 2102 1362 vo-

503 1410 678 1466 lentes
710 1421 807 1478 per
829 1402 995 1460 ﬁdem
1019 1397 1250 1468 Christi,
1273 1399 1380 1471 legi
1411 1398 1706 1464 servimus,
1747 1396 1849 1454 sub
1878 1403 2102 1468 peccato

503 1514 603 1555 nos
631 1503 771 1552 esset
798 1491 1152 1567 proﬁtemur;
1198 1489 1327 1562 quia
1374 1486 1511 1545 ﬁdes
1538 1486 1783 1544 extrahit
1817 1485 2102 1542 hominem

503 1603 536 1643 a
572 1587 711 1658 lege,
740 1591 804 1641 ut
828 1582 1012 1655 justus
1040 1579 1134 1636 sit.
1174 1579 1321 1651 Ergo
1351 1576 1400 1634 si
1439 1577 1633 1634 damus
1673 1593 1772 1634 nos
1804 1576 1933 1649 legi,
1965 1591 2103 1649 pec-

505 1683 718 1734 catores
765 1671 1119 1738 invenimur;
1169 1668 1300 1742 quia
1341 1667 1439 1741 qui
1485 1667 1587 1724 sub
1629 1667 1746 1740 lege
1795 1672 1946 1734 sunt,
2003 1663 2106 1720 sub

509 1763 804 1824 maledicto
835 1767 984 1818 sunt.

583 1854 768 1926 (Vers.
799 1850 912 1922 18.)
961 1873 979 1895 ι
1018 1847 1075 1905 Si
1117 1847 1265 1905 enim
1296 1863 1416 1920 qua:
1455 1843 1728 1913 destruxi,
1763 1842 1879 1900 haec
1908 1843 2108 1900 iterum

511 1942 808 2010 resediﬁco,
856 1935 1332 2014 pravaricatorem
1381 1953 1468 1993 me
1511 1933 1812 1994 constituo.
1859 1959 1876 1982 ι
1940 1933 2110 1990 Abso-

512 2036 691 2092 lutum
741 2038 822 2088 est
869 2028 999 2104 quia
1041 2027 1306 2086 accedens
1357 2025 1427 2082 ad
1484 2025 1795 2093 Christum,
1843 2022 2113 2096 relinquit

513 2127 687 2198 legem
719 2140 731 2189 ;
764 2119 833 2177 de
861 2135 1019 2177 servo
1041 2117 1191 2174 enim
1222 2116 1285 2172 ﬁt
1315 2115 1455 2172 liber
1488 2112 1629 2187 (56).
1652 2111 1811 2182 Quod
1839 2112 1885 2168 si
1908 2112 2111 2168 iterum

514 2212 701 2272 redeat
737 2210 806 2268 ad
837 2210 1031 2282 legem,
1071 2205 1185 2279 ipse
1213 2204 1299 2262 sui
1354 2210 1638 2262 accusator
1681 2201 1933 2259 exsistit:
1985 2201 2114 2274 quia

517 2305 724 2363 factum
755 2317 917 2358 suum
955 2296 1307 2368 condemnat.

591 2395 774 2466 (Vers.
820 2391 932 2464 19.)
979 2413 997 2436 ι
1027 2389 1144 2461 Ego
1174 2385 1322 2442 enim
1353 2399 1450 2456 per
1486 2382 1660 2456 legem
1709 2380 1815 2456 legi
1864 2388 2116 2438 mortuus

520 2501 664 2552 sum,
682 2489 745 2539 ut
770 2481 885 2536 Deo
907 2478 1112 2535 vivam.
1147 2500 1166 2524 ι
1201 2475 1316 2532 Hoc
1336 2472 1492 2543 dicit,
1517 2473 1647 2548 quia
1669 2489 1765 2546 per
1790 2472 1963 2544 legem
1985 2469 2116 2527 ﬁdei

521 2581 776 2632 mortuus
821 2578 902 2628 est
940 2568 1046 2642 legi
1081 2567 1327 2640 Moysis;
1377 2564 1614 2622 moritur
1657 2562 1807 2619 enim
1850 2561 1978 2635 legi,
2022 2559 2118 2632 qui

525 2665 791 2723 liberatur
851 2659 919 2717 ab
961 2675 1059 2716 ea:
1102 2665 1155 2714 et
1201 2655 1344 2714 vivit
1404 2657 1538 2724 Deo,
1587 2653 1745 2726 cujus
1798 2651 1862 2708 ﬁt
1923 2666 2116 2708 servus

525 2761 742 2828 emptus
771 2767 803 2806 a
831 2749 1072 2807 Christo.
1113 2771 1133 2794 ι
1162 2746 1384 2806 Christo
1423 2745 1677 2803 conﬁxus
1721 2759 1842 2800 sum
1881 2739 2053 2798 cruci.
2086 2763 2104 2788 ι

526 2844 631 2900 llic
678 2838 832 2898 cruci
880 2835 1174 2906 conﬁgitur
1221 2834 1460 2895 Christo.
1521 2833 1616 2906 qui
1663 2833 1895 2889 aemulus
1943 2828 2122 2885 vcsti-

533 2931 749 3002 giorum
771 2924 908 2996 ejus,
930 2925 1087 2978 nulla
1113 2921 1308 2978 mundi
1329 2921 1776 2992 concupiscentia
1790 2919 2006 2992 capitur
2028 2936 2042 2987 ;
2061 2925 2124 2974 ut

530 3021 645 3076 Deo
665 3016 881 3083 vivens,
905 3011 1114 3070 mundo
1135 3018 1387 3067 mortuus
1416 3009 1692 3066 videatur.
1721 3009 1826 3077 Qui
1848 3008 1995 3065 enim
2012 3023 2124 3063 non

529 3107 642 3182 agit
661 3123 782 3181 quae
799 3101 992 3160 mundi
1012 3101 1255 3168 sunt,vel
1275 3097 1495 3166 erroris,
1521 3105 1772 3154 mortuus
1793 3103 1873 3153 est
1893 3095 2121 3152 mundo.

604 3198 787 3270 (Vers.
832 3194 948 3268 20.)
1004 3218 1024 3241 ι
1053 3191 1198 3250 Vivo
1236 3197 1442 3258 autem,
1466 3187 1582 3262 jam
1612 3204 1724 3244 non
1761 3204 1878 3260 ego,
1909 3187 2005 3244 sed
2032 3185 2129 3243 vi-

536 3287 640 3356 vit,
682 3285 781 3361 qui
811 3283 871 3342 in
899 3300 986 3340 me
1024 3288 1127 3351 est,
1161 3278 1433 3339 Christus.
1462 3303 1480 3327 ι
1533 3279 1652 3336 Non
1681 3285 1762 3334 est
1787 3277 2127 3350 ambiguum,

532 3377 592 3434 in
637 3393 701 3433 eo
731 3375 828 3450 qui
856 3391 952 3447 per
984 3371 1151 3429 ﬁdem
1201 3369 1466 3426 liberatur
1522 3385 1554 3425 a
1598 3375 1795 3436 morte,
1847 3367 2130 3425 Christum

532 3465 758 3533 vivere;
810 3471 989 3518 morte
1029 3461 1179 3516 enim
1209 3459 1338 3530 digo
1367 3459 1501 3515 dum
1529 3458 1700 3516 donat
1733 3465 1974 3530 peccata,
2016 3457 2130 3529 ipse

535 3553 680 3609 vivit
702 3552 761 3608 in
779 3551 916 3616 illo;
950 3548 1069 3621 ejus
1113 3546 1261 3604 enim
1290 3547 1548 3620 praesidio
1583 3557 1801 3620 ereptus
1831 3556 1912 3604 est
1941 3547 2128 3604 morti.

553 3665 572 3688 ε
605 3639 763 3708 Quod
791 3654 922 3694 vero
953 3653 1102 3694 nunc
1131 3635 1263 3692 vivo
1303 3636 1362 3692 in
1382 3653 1563 3703 carne,
1606 3638 1664 3691 in
1690 3637 1796 3692 ﬁde
1823 3637 1955 3693 vivo
2002 3638 2132 3696 Filii

540 3730 665 3800 Dei,
698 3729 793 3804 qui
841 3726 1042 3784 dilexit
1083 3741 1192 3791 me,
1238 3733 1293 3781 et
1339 3724 1571 3782 tradidit
1621 3741 1676 3781 se
1714 3742 1812 3798 pro
1858 3743 1964 3782 me.
2010 3727 2132 3784 Non

539 3837 661 3879 sum
722 3819 968 3892 ingratus
1012 3815 1201 3891 gratiae
1240 3815 1363 3872 Dei.
1395 3839 1412 3862 ι
1471 3813 1740 3882 Quoniam
1790 3815 1974 3872 futura
2019 3816 2134 3874 vita

539 3910 810 3987 promissa
836 3916 918 3966 est
947 3905 1298 3974 Christianis,
1341 3904 1465 3962 ideo
1491 3903 1586 3978 qui
1625 3920 1774 3962 nunc
1801 3905 1860 3961 in
1890 3906 1992 3963 hac
2019 3909 2136 3964 vita

538 4000 768 4059 auxiliis
796 4000 898 4057 Dei
931 3998 1180 4055 munitus
1221 3995 1383 4064 vivit,
1424 3994 1483 4051 in
1523 3994 1631 4052 fide
1677 3996 1810 4053 vitae
1852 3998 2133 4070 promissae

540 4092 703 4147 vivit.
738 4090 842 4146 Hic
869 4090 1019 4146 enim
1047 4089 1344 4160 imaginem
1374 4086 1492 4159 ejus
1521 4089 1946 4161 contemplatur,
1978 4087 2134 4160 quasi

541 4179 744 4252 pignus
797 4177 1004 4233 habens
1048 4178 1179 4233 vita:
1229 4177 1450 4244 futurae,
1497 4193 1617 4249 quae
1666 4194 1761 4249 per
1807 4177 1907 4234 Dei
1935 4184 2132 4233 nutum

543 4264 752 4324 Christi
798 4279 980 4319 amore
1019 4263 1181 4320 nobis
1211 4264 1440 4334 quaesita
1467 4271 1568 4320 est.
1603 4264 1704 4321 Hic
1742 4281 1868 4337 ergo
1913 4281 2026 4322 non
2055 4275 2136 4323 est

543 4353 793 4425 ingratus
833 4351 1076 4420 Christo,
1107 4351 1202 4424 qui
1247 4368 1306 4406 ιιι
1335 4351 1442 4408 ﬁde
1471 4351 1589 4423 ejus
1618 4353 1905 4424 perdurat:
1958 4354 2135 4412 sciens

544 4450 756 4508 nullius
797 4467 853 4508 se
899 4448 1099 4506 habere
1149 4448 1504 4517 beneﬁcium,
1551 4450 1660 4506 nisi
1715 4450 1926 4523 hujus:
1977 4458 2032 4507 et
2066 4452 2135 4510 ad

542 4540 935 4603 contumeliam
975 4540 1092 4614 ejus
1133 4539 1414 4614 proﬁcere,
1462 4540 1510 4596 si
1556 4541 1787 4598 alterum
1836 4542 1886 4598 ei
1923 4558 2138 4616 compa-

544 4641 647 4704 ret,
670 4631 828 4705 cujus
849 4630 1122 4689 auxilium
1152 4630 1355 4688 habere
1383 4646 1495 4687 non
1520 4630 1720 4704 potuit.

616 4723 799 4797 (Ve'rs.
840 4720 957 4793 21.)
1021 4746 1040 4769 ι
1069 4720 1128 4780 Si
1165 4720 1313 4778 enim
1361 4737 1458 4794 per
1505 4724 1678 4794 legem
1713 4721 1957 4795 justitia,
2007 4738 2135 4797 ergo

543 4813 795 4873 Christus
832 4810 1000 4885 gratis
1028 4820 1280 4869 mortuus
1310 4818 1410 4868 est.
1444 4838 1462 4861 ι
1503 4811 1657 4870 Nihil
1699 4820 1811 4868 tam
1843 4821 2132 4884 apertum;

543 4903 672 4975 quia
702 4903 750 4958 si
784 4919 881 4976 per
911 4903 1083 4975 legem
1121 4903 1391 4976 potuisset
1419 4902 1585 4960 homo
1622 4901 1937 4975 justiﬁcari,
1979 4901 2135 4961 Chri-

542 4999 690 5048 stum
720 5007 833 5048 non
885 5001 1202 5065 oportuerat
1247 4993 1409 5050 mori.
1444 4992 1550 5050 Sed
1595 4992 1726 5066 quia
1764 4993 1856 5049 lex
1897 4992 2026 5049 dare
2054 5008 2132 5049 re-

544 5081 863 5140 missionem
905 5091 1253 5155 peccatorum
1297 5101 1408 5142 non
1451 5091 1684 5157 poterat,
1717 5099 1894 5157 neque
1943 5099 2133 5140 secun-

541 5174 668 5231 dam
691 5179 922 5230 mortem
939 5172 1356 5244 detriumphans
1375 5174 1682 5247 exspoliare
1707 5171 1976 5246 captivos,
1995 5188 2135 5246 quos

541 5263 762 5321 tenebat
811 5280 974 5322 causa
1032 5262 1278 5337 peccati;
1337 5263 1544 5322 idcirco
1591 5264 1844 5324 Christus
1883 5273 2135 5321 mortuus

539 5361 641 5426 est,
675 5363 736 5410 ut
771 5369 835 5410 ea
878 5359 1178 5426 praestaret,
1225 5369 1345 5427 quae
1375 5355 1464 5412 lex
1494 5372 1606 5412 non
1636 5362 1849 5428 poterat
1880 5372 1894 5410 :
1933 5369 1997 5411 ac
2040 5370 2136 5426 per

616 5514 734 5578 (56)
785 5515 874 5571 Sic
915 5514 1050 5590 edit.
1094 5515 1391 5572 Amerb.et
1438 5534 1566 5574 mss.
1599 5519 1819 5590 plures:
1852 5519 2009 5574 Eras.
2041 5534 2130 5590 au-

542 5593 652 5640 tem
679 5592 749 5661 _et
793 5602 918 5661 seq._
967 5585 1100 5641 edit.
1151 5603 1289 5661 cum
1322 5605 1449 5644 mss.
1503 5585 1807 5658 nonnullis,
1852 5590 1946 5661 qui
1995 5589 2134 5646 enim

541 5655 852 5711 accedens...
869 5655 946 5711 'de
971 5673 1120 5712 servo
1149 5657 1209 5729 ﬁt
1230 5658 1380 5714 liber.

2132 1766 2179 1827 B

2203 489 2386 547 ﬁcatio
2411 495 2762 561 peccatorum
2793 495 2896 544 est.

2825 611 3053 671 CAPUT
3091 612 3187 669 III.

2280 725 2462 800 (Vers.
2509 725 2586 796 1.)
2632 748 2649 771 ε
2681 724 2725 781 Ο
2773 721 3039 779 insensati
3087 719 3290 778 Galatae
3321 721 3334 776 τ
3368 720 3499 794 quis
3531 737 3635 779 vos
3664 722 3819 781 fasci-

2205 817 2408 875 navit?
2473 839 2492 864 ι
2539 813 2829 872 Irascentis
2889 829 3017 870 cum
3076 811 3356 868 miraculo
3414 811 3594 870 verba
3650 823 3817 883 sunt;

2206 909 2336 982 quia
2369 907 2449 963 sic
2499 906 2718 962 fuerant
2765 901 3070 977 depravati,
3121 910 3316 960 utnec
3359 917 3418 959 se
3457 912 3818 976 agnoscerent

2205 998 2633 1055 circumventos.
2665 992 2940 1051 Prooemio
2972 1009 3106 1048 usus
3136 1001 3219 1049 est
3248 991 3373 1064 (57)
3403 1010 3418 1060 ;
3453 993 3645 1050 omnis
3673 994 3813 1050 enim

2185 1084 2302 1161 ‘qui
2331 1087 2651 1155 fascinatur,
2697 1083 2764 1141 de
2792 1083 2939 1139 bono
2969 1080 3166 1140 transit
3196 1082 3254 1138 in
3295 1083 3532 1153 malum,
3577 1083 3722 1142 sicut
3771 1093 3817 1141 et

2208 1177 2267 1234 hi
2296 1179 2364 1236 de
2395 1177 2647 1234 libertate
2695 1182 2748 1231 et
2796 1173 3090 1232 securitate
3120 1171 3188 1228 ad
3210 1172 3506 1230 servitium
3545 1182 3601 1231 et
3623 1175 3815 1232 sollici-

2209 1268 2458 1324 tudinem
2498 1264 2856 1322 transierunt.
2904 1288 2922 1311 ι
2967 1262 3216 1330 Quorum
3265 1270 3394 1320 ante
3444 1265 3641 1321 oculos
3669 1264 3817 1322 Chri-

2212 1366 2328 1418 stus
2373 1360 2530 1416 Jesus
2559 1356 2900 1431 proscriptus
2929 1363 3032 1424 est,
3061 1362 3116 1412 et
3149 1354 3207 1410 in
3237 1354 3398 1412 vobis
3437 1356 3762 1412 cruciﬁxus.
3790 1381 3808 1405 ι

2211 1451 2564 1512 Manifestum
2591 1455 2672 1504 est
2701 1446 2831 1520 quia
2878 1446 3178 1502 stultorum
3207 1445 3385 1502 oculis
3417 1444 3680 1504 Christus
3708 1463 3815 1520 pro

2213 1543 2450 1616 scriptus
2469 1538 2710 1606 videtur,
2734 1536 2792 1593 id
2812 1542 2893 1592 est
2919 1534 3262 1608 exspoliatus
3285 1535 3374 1590 vel
3395 1535 3811 1601 condemnatus;

2212 1631 2571 1710 prudentium
2592 1645 2723 1685 vero
2749 1625 2925 1684 oculis
2961 1633 3017 1681 et
3063 1624 3316 1681 sensibus
3348 1641 3462 1680 non
3491 1626 3678 1682 solum
3720 1642 3814 1682 non

2213 1726 2630 1791 condemnatus,
2657 1717 2752 1777 sed
2791 1720 2906 1792 ipse
2935 1725 3169 1774 mortem
3212 1733 3373 1774 cruce
3412 1733 3512 1773 sua
3541 1717 3814 1774 damnasse

2218 1816 2476 1884 videtur;
2525 1812 2706 1886 passio
2748 1809 2901 1867 enim
2953 1807 3180 1865 Domini
3228 1807 3340 1864 vita
3377 1816 3572 1864 nostra
3621 1818 3729 1873 est,
3774 1817 3815 1862 et

2219 1903 2522 1964 destructio
2569 1901 2784 1960 mortis.
2827 1898 2932 1957 Sed
2986 1897 3116 1972 quia
3168 1897 3226 1952 hi
3273 1897 3495 1969 indigne
3545 1903 3814 1969 coeperant

2221 1995 2423 2053 sentire
2448 1991 2698 2051 translati
2727 1989 2796 2046 ad
2831 1989 3028 2062 legem,
3071 1988 3275 2046 idcirco
3304 1984 3588 2043 mentibus
3628 2001 3810 2042 eorum

2223 2086 2504 2145 Christum
2609 2079 3038 2138 condemnatum
3125 2073 3302 2134 videri
3407 2075 3809 2150 conqueritur;

2224 2175 2455 2250 ideoque
2502 2170 2774 2244 subjecit:
2840 2192 2859 2216 ι
2906 2170 2968 2226 In
3025 2167 3183 2224 vobis
3239 2165 3566 2224 cruciﬁxus.
3631 2190 3650 2214 ι
3718 2166 3813 2221 Hoc

2223 2273 2323 2335 est,
2401 2280 2565 2320 sensu
2637 2268 2821 2318 vestro
2897 2257 3199 2317 cruciﬁxus
3253 2264 3358 2323 est,
3410 2254 3572 2330 quasi
3630 2254 3809 2321 homo;

2225 2355 2282 2411 in
2344 2370 2452 2428 quo
2517 2349 2665 2410 enim
2724 2365 2845 2423 spes
2912 2349 3074 2421 plena
3135 2362 3246 2404 non
3328 2353 3432 2414 est,
3493 2344 3666 2402 homo
3726 2351 3810 2401 est.

2226 2445 2353 2503 Ideo
2418 2442 2478 2500 hi
2533 2457 2645 2499 non
2707 2437 2972 2513 putabant
3029 2438 3249 2510 plenam
3313 2437 3549 2492 salutem
3615 2434 3812 2492 essein

2228 2535 2466 2603 Christo,
2500 2531 2631 2607 quia
2657 2531 2831 2604 legem
2863 2528 2948 2585 illi
2985 2527 3302 2603 aequabant.
3333 2527 3396 2583 In
3434 2525 3525 2582 his
3571 2541 3702 2582 vero
3731 2524 3812 2598 qui

2227 2642 2464 2700 congrue
2489 2623 2811 2696 intelligunt
2842 2618 3154 2688 Christum,
3192 2618 3336 2676 vivit
3363 2617 3420 2673 in
3450 2617 3529 2674 eis
3561 2615 3817 2685 Christus,

2229 2721 2286 2778 in
2315 2715 2553 2776 Photino
2600 2711 2901 2771 cruciﬁxus
2931 2717 3030 2768 est.
3087 2709 3189 2766 Hic
3236 2708 3384 2765 enim
3419 2722 3548 2764 vere
3582 2714 3820 2763 mortuus

2230 2819 2330 2880 est,
2368 2808 2425 2864 in
2455 2821 2562 2879 quo
2612 2802 2867 2862 Christus
2895 2799 3101 2857 dicitur
3141 2795 3446 2856 cruciﬁxus
3479 2816 3492 2865 ;
3527 2796 3658 2870 quia
3686 2795 3818 2852 istud

2232 2902 2354 2958 loco
2380 2894 2746 2956 accusationis
2784 2890 3066 2964 objicitur.

2305 2989 2487 3061 (Vers.
2525 2984 2606 3056 2.)
2649 3008 2667 3030 ι
2698 2983 2815 3039 Hoc
2850 2981 3029 3037 solum
3076 2978 3206 3035 volo
3237 2978 3448 3035 discere
3468 2993 3499 3033 a
3528 2975 3722 3032 vobis:
3749 2975 3819 3030 Ex

2238 3080 2496 3156 operibus
2553 3075 2688 3147 legis
2744 3071 3011 3146 Spiritum
3069 3069 3375 3142 accepistis,
3429 3084 3502 3123 an
3547 3084 3614 3124 ex
3645 3066 3818 3123 auditu

2161 3133 2204 3192 Ο
2440 3133 2537 3226 “Sic
2584 3133 2703 3223 sine
2733 3133 3016 3220 intellectu
3064 3133 3242 3217 estis?
3270 3184 3287 3206 ι
3332 3133 3533 3216 Adhuc
3564 3175 3692 3215 cum
3731 3165 3819 3213 sto.

2241 3261 2437 3320 macho
2487 3256 2770 3331 loquitur;
2821 3253 2969 3311 dolet
3029 3252 3178 3308 enim
3225 3249 3384 3307 valde
3431 3266 3596 3324 super
3657 3262 3822 3304 errore

2241 3370 2455 3423 eorum,
2506 3348 2636 3424 quia
2692 3345 2954 3403 fabricam
3000 3359 3178 3412 suam,
3227 3359 3332 3416 qua
3361 3359 3452 3399 eos
3501 3357 3597 3414 per
3646 3341 3822 3397 Evan-

2245 3446 2447 3521 gelium
2478 3440 2864 3506 aediﬁcaverat,
2907 3435 3130 3492 videbat
3160 3451 3274 3490 esse
3311 3433 3671 3489 destructam.
3722 3431 3824 3488 Non

2243 3538 2323 3594 sic
2351 3536 2419 3592 de
2461 3528 2767 3592 Corinthiis
2797 3533 2980 3583 motus
3009 3534 3110 3594 est,
3143 3523 3273 3599 quia
3300 3522 3557 3596 quamvis
3599 3523 3826 3579 carnales

2244 3645 2337 3686 eos
2366 3625 2601 3701 appellet
2635 3622 2691 3694 (Ι
2716 3619 2841 3676 Cor.
2870 3635 2953 3687 ιιι,
2986 3616 3068 3688 2),
3101 3631 3215 3670 non
3257 3621 3444 3670 tamen
3488 3629 3664 3686 usque
3710 3611 3825 3669 adeo

2246 3724 2462 3778 fuerant
2494 3721 2678 3771 mente
2707 3708 2871 3784 capti,
2905 3716 2967 3765 ut
3019 3705 3348 3765 circumcidi
3399 3721 3457 3761 se
3501 3712 3822 3777 paterentur.

2245 3819 2373 3876 ldeo
2401 3823 2455 3872 et
2484 3813 2543 3872 hi
2573 3811 2734 3869 stulti
2776 3817 2830 3865 et
2875 3807 2994 3864 sine
3042 3804 3326 3861 intellectu
3381 3818 3499 3858 esse
3546 3802 3824 3866 dicuntur;

2245 3909 2374 3984 quia
2415 3921 2517 3961 nec
2562 3899 2740 3960 dolori
2785 3896 2966 3956 carnis
3029 3910 3140 3950 suae
3185 3893 3473 3950 consulere
3525 3893 3824 3950 valuerunt.

2245 3982 2426 4071 quue
2455 3993 2525 4050 ad
2553 3992 2660 4048 hoc
2688 3987 2837 4046 enim
2858 3987 2997 4042 solet
3025 3983 3148 4058 quis
3178 3983 3391 4052 induci,
3408 3982 3560 4055 quod
3589 3983 3826 4047 delectat,

2246 4102 2345 4151 aut
2374 4093 2619 4150 dolorem
2655 4103 2766 4144 non
2800 4092 3040 4159 praestat.
3091 4078 3234 4138 219
3270 4080 3674 4154 Interrogantis
3721 4093 3829 4151 ergo

2247 4183 2413 4240 verba
2445 4187 2596 4246 sunt,
2627 4186 2682 4235 et
2706 4176 2854 4253 quod
2881 4175 3181 4248 interrogat
3212 4190 3283 4230 ex
3313 4179 3466 4245 parte
3511 4170 3825 4227 conﬁrman-

2247 4276 2338 4343 tis,
2371 4289 2499 4331 cum
2529 4269 2702 4328 dicit:
2762 4292 2780 4316 α
2805 4267 2920 4324 Hoc
2952 4266 3132 4321 solum
3159 4263 3288 4318 volo
3329 4261 3542 4318 discere
3583 4278 3617 4317 a
3646 4261 3827 4318 vobis:

2246 4367 2333 4421 Ex
2362 4361 2620 4437 operibus
2651 4358 2785 4431 legis
2815 4355 3079 4430 Spiritum
3108 4353 3417 4426 accepistis,
3449 4369 3522 4408 an
3551 4369 3626 4408 ex
3655 4351 3830 4408 auditu

2247 4454 2419 4511 ﬁdei?
2457 4476 2476 4500 ι
2529 4451 2645 4507 Hoc
2669 4449 2736 4505 ab
2765 4447 2844 4504 eis
2873 4444 3088 4519 quaerit,
3126 4443 3186 4500 in
3223 4458 3332 4515 quo
3360 4449 3417 4498 et
3441 4441 3832 4514 gloriabantur,

2248 4553 2301 4602 et
2332 4557 2528 4616 negare
2565 4555 2676 4596 non
2708 4543 2960 4610 poterant
2999 4534 3128 4607 quia
3165 4531 3435 4605 Spiritum
3468 4541 3722 4588 sanctum
3751 4545 3834 4603 per

2245 4634 2410 4690 fidem
2457 4635 2795 4703 acceperant,
2842 4641 2955 4682 non
2984 4641 3080 4698 per
3103 4621 3335 4694 _legem;
3368 4629 3434 4678 ut
3462 4621 3835 4694 resipiscentes

2244 4726 2600 4794 agnoscerent
2629 4716 2759 4790 quia
2785 4715 2995 4773 donum
3034 4711 3156 4779 Dei,
3188 4709 3247 4766 in
3286 4726 3395 4784 quo
3443 4709 3833 4783 gloriabantur,

2245 4827 2357 4868 non
2399 4827 2469 4867 ex
2521 4824 2685 4882 opere
2735 4805 2871 4878 legis
2926 4809 3266 4876 acceperant,
3320 4801 3418 4858 sed
3461 4801 3752 4858 credentes
3785 4798 3837 4853 in

2245 4901 2566 4966 Christum;
2612 4905 2674 4954 ut
2724 4895 2815 4952 vel
2851 4894 2932 4953 sic
2981 4892 3120 4966 grati
3147 4890 3389 4959 Christo,
3447 4891 3626 4963 legem
3682 4902 3836 4962 quam

2242 4990 2352 5048 sibi
2407 4990 2466 5045 in
2513 4988 2671 5044 nullo
2726 4985 2981 5059 prodesse
3036 4981 3364 5048 didicerant,
3444 4979 3836 5054 relinquerent.

2244 5081 2360 5137 Hoc
2410 5075 2688 5152 proponit,
2720 5075 2867 5150 quod
2921 5073 3018 5128 illo
3066 5070 3125 5126 in
3184 5079 3431 5143 tempore
3489 5069 3677 5141 negari
3733 5081 3839 5121 non

2243 5176 2474 5242 poterat,
2533 5166 2801 5241 Spiritum
2845 5162 2946 5222 Dei
2978 5163 3155 5218 inesse
3201 5159 3593 5228 credentibus;
3635 5159 3706 5216 ad
3761 5173 3838 5211 ru.

2242 5259 2489 5318 dimenta
2515 5258 2663 5315 enim
2705 5255 2834 5313 ﬁdei
2863 5253 3318 5321 commendanda,
3351 5251 3563 5308 donum
3597 5250 3698 5308 Dei
3741 5248 3841 5303 hoc

2244 5355 2694 5413 manifestabatur
2742 5351 3093 5419 hominibus;
3131 5350 3276 5406 sicut
3333 5350 3479 5406 inter
3525 5350 3645 5422 ipsa
3679 5346 3840 5402 initia

2314 5517 2431 5589 (57)
2466 5516 2684 5589 Ultimae
2713 5512 3048 5589 editaParAis.
3081 5509 3349 5568 Parcemia
3399 5526 3530 5566 usus
3585 5515 3682 5566 est.
3723 5507 3836 5565 Non

2243 5584 2478 5656 male,'si
2508 5605 2614 5660 qua
2642 5604 2768 5644 mss.
2802 5586 2910 5644 ﬁde
2939 5584 3224 5641 niteretur.
