3908 6192
204 223 314 282 373

1288 221 1656 284 COMMENT.
1696 222 1769 281 IN
1803 221 2022 282 EPIST.
2062 225 2160 283 AD
2199 224 2460 285 GALAT.

3419 227 3525 288 374

211 351 420 409 factum
440 357 522 406 est
550 348 609 406 in
639 347 901 423 apostolis
917 355 974 406 et
999 347 1214 408 cateris
1241 347 1555 422 discipulis,
1579 365 1682 408 nec
1704 367 1814 407 non
1847 351 1900 412 A
1925 349 2080 406 ribus
2108 350 2243 422 legis
2271 359 2420 420 sunt,
2449 351 2553 411 sub
2577 350 2872 412 maledicto
2899 359 3050 412 sunt.
3092 375 3114 404 ι
3172 351 3524 412 Manifestum

209 449 269 500 et
298 443 355 500 in
399 441 511 498 illis
549 439 864 508 duodecim,
899 456 1036 513 quos
1081 440 1236 514 (quia
1284 440 1344 496 in
1373 439 1684 497 adulterino
1711 440 1820 497 ba-

213 535 472 608 ptismate
504 534 622 606 (58)
672 532 776 591 sub
805 532 1033 588 nomine
1061 531 1323 604 baptismi
1349 533 1576 590 Joannis
1605 534 1822 589 fuerant

211 644 328 686 non
362 626 547 694 tincti,
597 624 694 681 sed
721 623 1011 696 sordidati)
1045 624 1246 680 Paulus
1290 626 1570 697 apostolus
1609 624 1666 680 in
1699 623 1814 680 Tri-

211 717 409 776 nitatis
457 715 683 774 nomine
727 713 993 787 baptizari
1037 714 1314 786 praecepit,
1365 714 1569 786 quibus
1596 714 1818 788 imposi-

212 809 289 866 tis
328 807 605 876 manibus,
658 804 870 863 decidit
927 805 987 862 in
1039 821 1132 861 eos
1183 804 1419 877 Spiritus
1466 812 1708 872 sanctus,
1766 812 1820 861 et

209 896 564 955 diversarum
626 895 938 968 linguarum
995 893 1351 952 ministrabat
1414 893 1634 967 eloquia
1691 911 1817 952 cum

211 986 678 1060 interpretatione
723 1001 946 1052 earum;
996 992 1059 1040 ut
1095 984 1285 1040 nullus
1338 982 1564 1040 auderet
1619 999 1816 1057 negare

211 1077 489 1149 Spiritum
552 1083 800 1132 sanctum
856 1074 1032 1130 inesse
1087 1073 1186 1129 eis.
1267 1072 1638 1140 Quamobrem
1697 1075 1816 1129 sine

211 1165 505 1222 intellectu
537 1165 753 1222 Galatas
782 1179 896 1220 esse
925 1161 1183 1236 appellat,
1232 1161 1329 1236 qui
1353 1161 1521 1234 hujus
1550 1162 1629 1218 rei
1659 1163 1814 1235 gnari

209 1262 271 1312 et
297 1255 525 1324 conscii,
572 1253 930 1326 degradantes
959 1269 1037 1322 se,
1084 1251 1267 1311 carnis
1311 1269 1457 1308 cura:
1486 1269 1543 1308 se
1572 1251 1814 1324 subjece-

211 1354 365 1403 runt.

289 1436 472 1509 (Vere.
505 1434 584 1507 3.)
632 1458 650 1483 ι
677 1431 1010 1506 Incipientes
1053 1430 1273 1504 spiritu,
1302 1447 1453 1488 nunc
1472 1447 1643 1489 .carne
1671 1448 1813 1488 con-

210 1525 574 1585 summamini
594 1526 622 1582 ?
653 1549 671 1575 ι
713 1526 831 1582 Hoc
859 1523 1018 1592 dicit,
1048 1522 1178 1596 quia
1201 1539 1328 1579 cum
1358 1522 1426 1578 ab
1458 1521 1813 1578 inferioribus

211 1615 287 1673 ad
314 1631 530 1674 summa
553 1613 686 1671 ﬁdei
709 1629 966 1670 ascensus
994 1611 1085 1679 sit,
1110 1611 1168 1666 hi
1190 1618 1381 1668 contra
1410 1610 1478 1667 de
1505 1609 1734 1668 summis
1754 1609 1812 1666 in

1930 446 2012 496 est
2042 439 2171 512 quia
2199 439 2388 497 ﬁdeles
2415 459 2539 498 cum
2586 443 2737 500 ﬁdeli
2765 442 3192 513 benedicuntur,
3223 459 3332 518 quo
3361 443 3526 502 modo

1930 527 2180 584 inﬁdeles
2227 545 2352 584 cum
2384 529 2700 588 inﬁdelibus
2732 533 3061 607 puniuntur.
3113 534 3252 592 Nam
3283 535 3381 609 qui
3421 534 3524 590 sub

1931 623 2046 694 lege
2074 629 2266 693 agunt,
2321 621 2422 679 sub
2457 624 2746 681 maledicto
2781 635 2909 683 sunt
2939 644 2952 685 :
3001 626 3134 701 quia
3166 636 3526 701 transgresso-

1930 727 2016 768 res
2047 711 2180 785 legis
2209 718 2360 768 sunt.

2017 824 2036 848 ι
2075 801 2352 874 Scriptum
2399 802 2600 876 quippe
2651 809 2777 860 est:
2829 803 3153 862 Maledictus
3204 807 3383 864 omnis
3427 808 3524 882 qui

1931 908 2045 948 non
2080 891 2442 965 permanserit
2497 891 2555 948 in
2585 892 2865 962 omnibus,
2909 909 3031 966 quae
3071 895 3272 966 scripta
3309 905 3438 953 sunt
3467 897 3525 954 in

1933 982 2077 1038 libro
2125 983 2282 1054 legis,
2333 990 2396 1038 ut
2443 982 2610 1040 faciat
2653 998 2716 1039 ea
2763 983 2940 1055 (Deut.
2972 999 3150 1052 xxvii,
3181 984 3298 1056 26.)
3336 1009 3354 1033 ι
3414 986 3530 1044 Hoc

1926 1072 2195 1144 scriptum
2237 1079 2320 1128 est
2355 1071 2414 1127 in
2462 1073 2911 1142 Deuteronomio,
2961 1073 3090 1146 quia
3135 1073 3182 1129 si
3227 1073 3360 1147 quid
3398 1075 3532 1148 legis

1926 1161 2257 1235 praeterisset
2283 1161 2505 1235 aliquis,
2548 1162 2874 1219 maledictus
2913 1162 3229 1220 haberetur.
3275 1163 3348 1220 Et
3375 1169 3528 1220 tanta

1925 1251 2196 1308 mandata
2242 1259 2392 1320 sunt,
2421 1260 2482 1308 ut
2534 1252 2874 1326 impossibile
2904 1253 2977 1311 sit
3010 1254 3216 1311 servari
3247 1271 3326 1312 ea.
3375 1254 3531 1312 Unde

1923 1347 1978 1396 et
2023 1341 2216 1398 Petrus
2256 1342 2536 1414 apostolus
2589 1343 2647 1398 in
2702 1343 2938 1400 Actibus
2993 1346 3368 1418 apostolorum
3403 1343 3526 1400 ait:

1937 1455 1956 1479 ι
1985 1431 2132 1500 Quid
2161 1431 2449 1506 imponitis
2482 1432 2678 1506 jugum
2719 1434 3006 1505 fratribus,
3049 1434 3196 1508 quod
3225 1451 3402 1507 neque
3432 1449 3526 1507 pa-

1938 1529 2050 1578 tres
2081 1524 2280 1592 nostri,
2324 1539 2501 1598 neque
2545 1540 2645 1581 nos
2685 1525 2968 1598 potuimus
3008 1533 3228 1598 portare
3259 1524 3400 1594 (Act.
3432 1539 3529 1593 xv,

1931 1609 2025 1683 10)
2045 1611 2073 1666 ?
2099 1637 2117 1660 ι
2155 1611 2465 1684 Negligenti
2505 1613 2653 1669 enim
2684 1621 2737 1671 et
2766 1613 3002 1688 superbo
3031 1615 3235 1688 populo
3264 1613 3381 1670 haec
3407 1612 3535 1670 data

213 1707 332 1764 ima
352 1703 560 1778 delapsi
589 1709 739 1760 sunt.
787 1703 890 1759 Per
927 1701 1087 1758 ﬁdem
1119 1701 1265 1756 enim
1309 1699 1582 1772 spiritales
1611 1699 1809 1769 eﬁecti,
1848 1717 1893 1779 Β
1929 1709 2086 1756 erant
2129 1701 2272 1773 (59),
2323 1709 2385 1757 ut
2427 1718 2525 1774 per
2567 1719 2786 1760 omnem
2837 1704 3313 1762 conversationem
3356 1704 3529 1776 legem

213 1793 473 1854 conversi
527 1793 596 1850 ad
648 1793 841 1865 legem,
893 1789 1247 1863 perdiderant
1294 1789 1522 1862 gratiam
1580 1789 1819 1863 Spiritus

211 1901 385 1958 quam
417 1884 632 1940 fuerant
659 1879 938 1940 consecuti
963 1898 976 1948 ;
1007 1878 1411 1936 consummatio
1441 1878 1592 1934 enim
1634 1879 1816 1953 perdi-

209 1973 424 2033 tionem
457 1971 752 2046 signiﬁcat,
785 1970 845 2027 id
875 1977 957 2028 est
981 1968 1166 2026 ﬁdem.

291 2063 472 2136 (Vers.
505 2061 560 2131 4,
591 2062 674 2132 5.)
721 2085 741 2108 ι
777 2060 951 2118 Tanta
1003 2059 1148 2132 passi
1200 2058 1332 2117 estis
1380 2057 1499 2116 sine
1547 2076 1731 2130 causa,
1771 2059 1818 2116 si

209 2163 403 2212 tamen
432 2153 553 2209 sine
590 2166 774 2208 causa.
807 2176 826 2198 ι
879 2151 1054 2208 Multa
1098 2167 1191 2207 eos
1223 2167 1412 2222 passos
1446 2167 1545 2223 pro
1584 2151 1694 2206 ﬁde
1735 2150 1822 2206 si-

209 2241 449 2318 gniﬁcat
481 2239 549 2297 ab
584 2237 944 2307 inﬁdelibus;
996 2247 1132 2296 tunc
1169 2238 1318 2293 enim
1363 2239 1460 2312 qui
1500 2239 1818 2307 credebant,

209 2329 434 2391 caeteris
475 2327 775 2402 opprobrio
808 2334 984 2394 erant,
1032 2326 1149 2382 sive
1192 2325 1528 2396 domesticis,
1571 2327 1688 2383 sive
1715 2342 1823 2382 ex-

210 2418 470 2479 traneis:
518 2433 647 2474 nam
692 2415 867 2490 digito
916 2414 1277 2488 signabantur
1323 2414 1480 2489 quasi
1527 2415 1605 2471 rei
1662 2413 1823 2486 maje-

213 2511 394 2569 statis.
428 2506 585 2566 Unde
613 2506 875 2564 similiter
902 2505 1106 2562 Galata
1134 2505 1311 2561 multa
1338 2503 1483 2577 passi
1511 2513 1640 2561 sunt
1668 2505 1826 2562 insa-

214 2603 404 2660 niores
431 2598 668 2672 experti,
719 2595 878 2668 cujus
911 2596 990 2652 rei
1020 2595 1281 2652 meritum
1315 2595 1670 2668 perdiderant
1699 2594 1823 2651 mit-

215 2697 398 2748 tentes
425 2705 482 2747 se
509 2688 612 2746 sub
642 2688 838 2759 legem.
887 2683 992 2742 Sed
1037 2683 1166 2757 quia
1193 2683 1398 2756 adjecit
1431 2702 1443 2741 :
1500 2708 1518 2733 ι
1546 2683 1602 2740 Si
1635 2692 1821 2740 tamen

216 2782 344 2840 sine
386 2795 568 2846 causa,
611 2802 629 2826 ι
684 2775 924 2833 ostendit
970 2790 1186 2848 sperare
1232 2789 1287 2830 se
1334 2791 1491 2846 posse
1533 2774 1821 2830 reformari

219 2873 376 2930 illos.
420 2894 439 2917 ι
467 2868 573 2937 Qui
614 2883 740 2940 ergo
781 2865 985 2939 praebet
1026 2865 1184 2921 vobis
1213 2864 1506 2938 Spiritum,
1555 2875 1608 2922 et
1635 2881 1820 2939 opera-

217 2972 321 3022 tur
349 2958 556 3018 virtute
585 2958 643 3014 in
670 2956 848 3026 vobis,
870 2973 940 3013 ex
968 2954 1226 3030 operibus
1255 2955 1409 3028 legis,
1432 2973 1502 3012 an
1531 2971 1602 3011 ex
1626 2955 1821 3011 auditu

221 3051 403 3113 ﬁdei?
432 3076 450 3100 ι
495 3049 645 3106 Idem
673 3064 864 3105 sensus
883 3054 985 3116 est,
1009 3046 1100 3104 cui
1126 3045 1407 3144 adduntur
1436 3046 1660 3104 virtutis
1690 3045 1820 3102 insi-
1852 3079 1902 3144 Ο

223 3143 374 3218 gnia,
411 3158 532 3216 qua;
553 3137 933 3197 testimonium
969 3137 1215 3210 praebent
1243 3135 1394 3204 ﬁdei,
1427 3136 1574 3210 quod
1603 3136 1676 3193 sit
1704 3153 1824 3209 spes

221 3234 336 3293 ﬁda
365 3240 420 3290 et
447 3228 814 3290 rationabilis.
866 3230 1064 3300 Legem
1100 3234 1282 3284 autem
1331 3225 1488 3283 nulla
1528 3225 1708 3282 virtus
1735 3242 1824 3282 co-

222 3326 475 3393 mitatur,
530 3340 652 3398 quae
703 3319 944 3378 attrahat
991 3318 1060 3375 ad
1112 3317 1230 3391 ejus
1283 3333 1466 3390 spem;
1525 3318 1655 3390 quia
1704 3333 1825 3390 quae

223 3415 508 3484 videntur,
539 3429 651 3470 non
681 3417 992 3485 sperantur,
1024 3407 1119 3466 sed
1147 3417 1276 3465 sunt
1304 3405 1649 3480 temporalia,
1684 3405 1827 3464 sicut

222 3505 319 3564 lex
345 3505 638 3571 factorum,
666 3516 831 3575 quam
861 3516 1024 3573 supra
1053 3498 1416 3556 ostendimus.

300 3595 484 3669 (Vers.
517 3593 598 3666 6.)
653 3617 671 3641 ι
700 3591 855 3650 Sicut
896 3591 1161 3662 scriptum
1195 3597 1276 3646 est
1309 3606 1320 3644 :
1375 3586 1623 3646 Credidit
1655 3587 1825 3645 Abra-

225 3686 355 3744 ham
386 3686 520 3753 Deo,
547 3689 602 3740 et
622 3682 954 3740 aestimatum
975 3688 1058 3736 est
1083 3681 1133 3736 ei
1155 3678 1224 3734 ad
1245 3677 1519 3751 justitiam
1551 3677 1706 3750 (Gen.
1727 3695 1823 3748 xv,

225 3777 308 3850 6).
344 3802 361 3825 ›
405 3773 660 3832 Ostendit
689 3771 942 3844 exemplo
971 3768 1225 3838 Abrahae,
1257 3768 1354 3843 qui
1384 3776 1538 3842 pater
1566 3767 1694 3826 ﬁdei
1721 3777 1822 3838 est,

219 3867 496 3941 justitiam
538 3880 652 3921 non
683 3879 752 3920 ex
794 3860 1054 3936 operibus
1103 3859 1238 3932 legis
1274 3858 1560 3932 imputari,
1610 3859 1706 3916 sed
1731 3875 1826 3933 per

225 3956 432 4023 ﬁdem;
490 3953 724 4011 credens
769 3951 917 4009 enim
959 3949 1294 4024 justiﬁcatus
1323 3956 1405 4006 est
1437 3967 1450 4006 :
1504 3965 1570 4006 ac
1596 3965 1692 4023 per
1721 3949 1827 4007 hoc

227 4047 396 4105 stulte
424 4053 479 4102 et
507 4043 817 4119 improvide
851 4042 957 4116 legi
1009 4059 1102 4100 eos
1133 4059 1190 4100 se
1211 4040 1529 4114 subjecisse,
1561 4057 1682 4115 qua
1715 4057 1825 4098 non

225 4139 296 4198 ad
321 4137 778 4212 justiﬁcationem
809 4135 937 4192 data
965 4142 1067 4192 est.

302 4231 493 4302 (Vere.
535 4228 615 4298 7.)
675 4251 694 4274 ι
743 4225 1085 4299 Cognoscitis
1132 4241 1259 4297 ergo
1301 4223 1430 4297 quia
1475 4223 1571 4296 qui
1613 4238 1682 4278 ex
1720 4221 1827 4279 ﬁde

223 4327 384 4388 sunt,
429 4317 490 4372 hi
519 4323 648 4372 sunt
678 4313 780 4370 ﬁlii
811 4313 1084 4369 Abrahae?
1114 4339 1133 4361 ι
1193 4313 1399 4368 Verum
1431 4320 1514 4368 est
1544 4310 1672 4384 quia
1699 4327 1829 4368 cre-

226 4413 423 4470 dentes
452 4405 559 4464 ﬁlii
589 4411 717 4461 sunt
745 4402 982 4459 Abrahae
1006 4420 1019 4470 ;
1067 4401 1196 4475 quia
1226 4403 1271 4457 si
1315 4399 1593 4457 Abraham
1623 4417 1692 4456 ex
1720 4400 1826 4456 ﬁde

223 4500 566 4576 justiﬁcatus
595 4503 676 4554 est
705 4495 936 4569 primus,
962 4502 1232 4568 quotquot
1251 4501 1372 4566 post
1401 4493 1548 4550 hunc
1572 4492 1821 4561 credunt,

231 4593 332 4650 ﬁlii
359 4592 480 4665 ejus
510 4597 662 4658 sunt,
695 4588 813 4644 sive
836 4602 905 4643 ex
932 4585 1154 4654 Iudaeis,
1187 4585 1302 4641 sive
1327 4599 1396 4642 ex
1425 4583 1698 4659 gentibus.

303 4693 485 4765 (Vers.
521 4689 602 4761 8.)
650 4711 669 4735 ‹
699 4685 1002 4744 Providens
1045 4693 1227 4741 autem
1275 4684 1556 4758 Scriptura
1594 4684 1723 4758 quia
1755 4699 1824 4740 ex

233 4782 336 4840 ﬁde
359 4777 628 4854 justiﬁcat
657 4765 842 4850 gentes
889 4777 1056 4844 Deus,
1105 4774 1497 4848 praenuntiavit
1542 4773 1819 4830 Abrahae:

233 4873 369 4940 Quia
387 4869 785 4928 benedicentur
804 4866 863 4923 in
884 4874 936 4924 te
957 4859 1147 4923 omnes
1169 4874 1353 4940 gentes
1385 4867 1539 4937 (Gen.
1574 4882 1676 4932 x11,
1707 4863 1813 4936 3).»

234 4962 344 5019 Hoc
369 4961 530 5028 dicit,
552 4959 681 5033 quia
709 4958 889 5014 forma
916 4965 999 5014 est
1019 4955 1297 5012 Abraham
1324 4956 1574 5012 omnium
1605 4952 1824 5010 creden-

235 5051 392 5120 tium,
441 5057 505 5106 ut
533 5049 592 5105 hi
621 5047 899 5106 benedicti
927 5047 984 5103 in
1011 5063 1076 5102 eo
1107 5045 1240 5112 sint,
1287 5044 1382 5119 qui
1413 5042 1682 5109 credunt;
1731 5058 1828 5096 se-

232 5147 456 5214 quentes
504 5138 652 5196 enim
699 5137 864 5195 ﬁdem
894 5135 1034 5210 ejus,
1084 5133 1380 5209 participes
1409 5131 1552 5188 ﬁunt
1589 5127 1828 5186 benedi-

231 5231 430 5288 ctionis
459 5229 725 5302 ejusdem.

305 5321 490 5392 (Vers.
517 5320 572 5387 9,
608 5319 721 5392 10.)
777 5341 796 5364 ι
830 5318 975 5390 Ergo
1013 5315 1107 5390 qui
1153 5331 1222 5371 ex
1253 5311 1360 5368 ﬁde
1408 5319 1557 5379 sunt,
1608 5305 1828 5366 benedi-

235 5418 454 5480 cuntur,
493 5426 563 5466 ex
589 5408 740 5465 ﬁdeli
771 5407 1077 5474 Abraham;
1113 5410 1384 5479 quotquot
1413 5403 1561 5458 enim
1592 5417 1663 5455 ex
1689 5413 1829 5471 ope-

305 5610 422 5685 (58)
463 5607 654 5670 Codex
685 5605 882 5676 Laud.,
912 5605 970 5662 in
995 5605 1168 5662 altera
1199 5602 1529 5675 baptismate.

1855 4453 1903 4510 D

1927 1788 2211 1848 haberent.

1999 1879 2184 1950 (Vere.
2222 1878 2335 1951 l2.)
2398 1902 2417 1927 ι
2446 1877 2606 1948 Quod
2645 1887 2830 1936 autem
2878 1877 2937 1935 in
2979 1879 3095 1953 lege
3139 1895 3303 1938 nemo
3327 1878 3528 1953 justiﬁ-

1927 1975 2085 2026 catur
2111 1969 2256 2042 apud
2287 1971 2484 2037 Deum,
2530 1966 2884 2025 manifestum
2918 1975 3034 2035 est;
3087 1968 3217 2042 quia
3247 1967 3432 2042 justus
3459 1986 3528 2026 ex

1929 2057 2037 2114 ﬁde
2065 2059 2208 2116 vivit
2238 2059 2462 2132 (Habac.
2498 2075 2561 2128 ιι,
2593 2058 2673 2130 4).
2710 2081 2730 2107 ι
2787 2059 2868 2116 Ac
2892 2074 2990 2131 per
3019 2057 3128 2115 hoc
3155 2059 3526 2117 recedendum

1927 2163 1959 2202 a
1986 2147 2102 2220 lege
2131 2147 2312 2217 docet,
2334 2165 2402 2204 ne
2424 2148 2643 2220 justitia
2667 2163 2763 2220 per
2791 2147 2959 2205 ﬁdem
2988 2148 3218 2222 quaesita
3246 2148 3522 2222 depereat.

1940 2257 1960 2282 ι
2001 2236 2114 2292 Lex
2145 2244 2327 2293 autem
2363 2253 2473 2292 non
2516 2244 2598 2293 est
2641 2254 2710 2293 ex
2747 2236 2877 2306 ﬁde,
2925 2237 3021 2293 sed
3050 2236 3186 2311 quid
3215 2237 3408 2296 fecerit
3434 2253 3518 2306 ea,

1930 2324 2082 2381 vivet
2133 2325 2191 2382 in
2237 2326 2316 2382 eis
2367 2327 2582 2398 (Ezech.
2616 2343 2712 2395 xx,
2755 2326 2871 2398 21).
2913 2350 2932 2376 ι
2975 2329 3120 2388 220
3161 2328 3282 2385 Non
3329 2336 3412 2386 est
3459 2344 3529 2384 ex

1932 2420 2040 2477 ﬁde
2069 2423 2190 2489 lex;
2218 2423 2346 2495 quia
2367 2422 2510 2478 nihil
2539 2421 2765 2478 mandat
2782 2423 3138 2480 credendum.
3163 2424 3362 2482 Omnia
3380 2424 3530 2482 enim

1933 2509 2052 2583 ejus
2091 2512 2384 2566 manifesta
2422 2519 2574 2577 sunt,
2621 2519 2684 2567 ut
2731 2528 2954 2568 servans
3001 2513 3197 2586 legem,
3241 2512 3436 2571 vivat:
3483 2513 3533 2569 si

1931 2599 2251 2675 quominus,
2299 2615 2519 2656 necesse
2566 2609 2647 2656 est
2681 2601 2984 2673 plectatur;
3037 2601 3166 2674 quia
3193 2603 3340 2676 quod
3371 2603 3538 2662 scivit

1931 2688 2246 2758 vitandum,
2273 2687 2517 2744 admisit.
2549 2687 2734 2744 Potest
2762 2688 2967 2762 oppeni
2988 2705 3017 2745 e
3037 2688 3280 2758 diverso,
3311 2697 3365 2747 et
3384 2689 3529 2748 dici:

1930 2778 1986 2836 Si
2017 2779 2074 2835 in
2107 2779 2223 2852 lege
2257 2794 2421 2835 nemo
2436 2775 2795 2849 justiﬁcatur,
2812 2777 2947 2852 quid
2971 2787 3052 2835 est
3070 2786 3133 2835 ut
3153 2777 3554 2850 maledicatur,-

1931 2867 2025 2941 qui
2054 2866 2264 2942 aliquid
2311 2867 2555 2940 praeterit
2603 2867 2786 2940 legis?
2837 2867 3042 2924 Verum
3075 2875 3156 2924 est
3198 2869 3327 2943 quia
3371 2885 3534 2928 nemo

1929 2973 2025 3032 per
2053 2958 2224 3030 legem
2251 2955 2606 3029 justiﬁcatur,
2641 2955 2736 3012 sed
2763 2955 2909 3030 apud
2940 2958 3115 3014 Deum
3150 2974 3162 3014 :
3191 2956 3532 3030 justiﬁcatur

1930 3055 2111 3103 autem
2159 3044 2302 3119 apud
2347 3043 2636 3114 mundum,
2681 3051 2742 3101 ut
2778 3061 3003 3103 securus
3047 3044 3120 3104 sit
3147 3044 3206 3103 in
3237 3046 3354 3104 vita
3395 3063 3532 3120 prae-

1934 3136 2096 3193 senti.
2129 3135 2187 3192 Si
2218 3141 2402 3191 autem
2450 3134 2596 3208 apud
2624 3136 2799 3191 Deum
2833 3135 3128 3207 justiﬁcari
3159 3137 3302 3202 vult,
3351 3144 3414 3193 ut
3441 3134 3529 3192 illi

1934 3225 2003 3281 ad
2031 3223 2289 3282 meritum
2335 3223 2586 3296 proﬁciat
2633 3222 2691 3278 in
2737 3223 2828 3279 die
2863 3223 3086 3294 judicii,
3138 3225 3238 3280 Dei
3273 3232 3533 3297 sequatur

1935 3314 2128 3383 ﬁdem;
2182 3314 2432 3387 alioquin
2473 3312 2567 3370 hic
2594 3328 2836 3381 securus,
2871 3328 2997 3368 reus
3024 3313 3130 3370 erit
3156 3313 3213 3368 in
3259 3313 3531 3372 futurum.

1934 3403 2163 3462 Prodest
2208 3418 2337 3476 ergo
2380 3403 2491 3472 lex,
2544 3399 2641 3458 sed
2682 3417 2804 3474 qum
2841 3400 2899 3456 in
2940 3400 3143 3458 tabulis
3176 3402 3381 3476 scripta
3412 3409 3530 3472 est;

1935 3510 2062 3550 nam
2116 3501 2334 3560 caetera,
2391 3491 2535 3549 sicut
2589 3489 2755 3560 dixit,
2808 3497 2871 3546 ut
2926 3491 3082 3548 oneri
3134 3499 3353 3562 essent,
3405 3491 3534 3549 data

1935 3591 2084 3641 sunt.

2007 3673 2190 3746 (Vere.
2222 3670 2335 3744 13.)
2384 3694 2402 3720 ι
2432 3668 2683 3730 Christus
2709 3684 2810 3726 nos
2855 3667 3090 3726 redemit
3129 3668 3198 3727 de
3235 3669 3532 3728 maledicto

1936 3763 2093 3837 legis,
2115 3763 2293 3822 factus
2314 3778 2412 3837 pro
2434 3759 2594 3818 nobis
2613 3758 2991 3818 maledictum.
3014 3781 3032 3807 ι
3067 3758 3341 3827 Quoniam
3370 3776 3532 3818 nemo

1935 3861 2146 3927 poterat
2187 3852 2416 3926 implere
2465 3851 2660 3923 legem,
2709 3848 2789 3904 rei
2819 3854 2975 3905 erant
3004 3863 3195 3903 omnes
3240 3847 3532 3905 maledicto

1936 3943 2091 4016 legis,
2137 3948 2200 3998 ut
2232 3940 2542 3997 vindicaret
2585 3937 2645 3992 in
2673 3953 2766 3993 eos
2797 3952 2809 3990 :
2859 3934 3115 3993 Christus
3153 3942 3335 3992 autem
3365 3934 3533 3991 homo

1933 4035 2117 4099 natus,
2171 4029 2393 4086 oblatus
2438 4043 2469 4081 a
2512 4026 2670 4082 Patre
2716 4039 2816 4097 pro
2862 4023 3044 4092 nobis,
3094 4022 3327 4080 redemit
3373 4039 3474 4080 nos
3502 4041 3534 4081 a

1935 4119 2176 4176 diabolo.
2230 4115 2396 4173 Morti
2440 4113 2588 4170 enim
2637 4114 2916 4170 volentem
2959 4112 3210 4183 offerens
3235 4113 3396 4170 illum
3433 4129 3533 4187 pro

1936 4209 2006 4266 iis
2036 4207 2132 4282 qui
2164 4204 2457 4263 maledicto
2507 4203 2641 4277 legis
2677 4210 2833 4261 erant
2869 4203 3124 4274 obnoxii,
3173 4204 3531 4264 maledictum

1937 4300 2097 4356 illum
2127 4297 2258 4355 fecit
2310 4296 2417 4355 hoc
2443 4297 2627 4368 modo,
2678 4297 2821 4356 sicut
2847 4296 2907 4355 in
2935 4299 3053 4373 lege
3081 4298 3260 4358 hostia
3288 4316 3387 4374 pro
3412 4314 3533 4372 pec-

1935 4391 2072 4450 catis
2131 4389 2316 4446 oblata
2364 4395 2648 4462 peccatum
2702 4389 3126 4464 nuncupabatur
3177 4407 3188 4447 :
3247 4395 3533 4464 propterea

1933 4497 2033 4555 pro
2062 4478 2371 4537 maledictis
2400 4478 2636 4550 oblatus,
2666 4479 2843 4540 factus
2871 4489 2952 4538 est
2975 4480 3328 4538 maledictum
3353 4498 3367 4547 ;
3404 4495 3530 4534 nam

1933 4580 1987 4630 et
2033 4571 2239 4629 Iudaeis
2289 4570 2466 4628 factus
2507 4579 2589 4628 est
2634 4571 3012 4640 maledictum,
3063 4571 3196 4627 dum
3226 4567 3382 4642 quasi
3410 4582 3532 4639 pec-

1933 4669 2084 4719 cator
2112 4660 2406 4720 occiditur.
2455 4659 2583 4716 Ideo
2613 4676 2725 4716 non
2755 4659 2903 4716 dixit
2936 4676 2949 4716 :
3004 4661 3202 4715 Factus
3239 4673 3340 4728 pro
3369 4655 3531 4712 nobis

1935 4751 2282 4819 maledictus,
2332 4747 2428 4805 sed
2469 4747 2858 4813 maledictum;
2913 4747 2963 4802 is
2997 4745 3146 4801 enim
3177 4743 3273 4816 qui
3310 4752 3531 4815 propter

1935 4851 2217 4915 peccatum
2266 4839 2550 4912 proprium
2600 4838 2765 4893 morti
2811 4835 3159 4902 offerebatur,
3207 4832 3530 4893 maledictus

1936 4930 2118 4998 ﬁebat,
2167 4930 2226 4985 in
2272 4925 2540 4983 sua‘enin
2581 4939 2744 4980 causa
2792 4921 3148 4980 moriebaturl
3198 4922 3270 4978 Et
3314 4923 3360 4980 si
3406 4940 3526 4997 pro-

1937 5019 2059 5092 pius
2087 5017 2336 5093 aspicias,
2386 5011 2601 5069 videbis
2629 5011 2912 5069 Christum
2942 5011 3299 5070 maledictum
3335 5029 3527 5071 eorum

1939 5112 2165 5176 factum,
2197 5125 2229 5164 a
2255 5104 2458 5181 quibus
2503 5101 2716 5158 occisus
2745 5109 2864 5170 est;
2911 5115 3050 5157 crux
3081 5103 3380 5162 Salvatoris
3409 5119 3529 5177 pec-

1935 5207 2119 5258 catum
2149 5206 2204 5256 et
2247 5192 2606 5254 maledictum
2649 5201 2732 5250 est
2774 5190 3111 5255 Iudaeorum.
3159 5216 3178 5242 ‹
3215 5193 3356 5263 Quia
3381 5191 3530 5251 scri-

1937 5299 2092 5363 ptum
2130 5295 2210 5346 est
2241 5305 2255 5346 :
2303 5279 2628 5344 Maledictus
2657 5281 2838 5341 omnis
2883 5280 2981 5354 qui
3025 5281 3226 5353 pendet
3273 5282 3332 5338 in
3378 5280 3530 5354 ligno

1940 5381 2116 5454 (Deut.
2148 5399 2268 5450 xxI,
2299 5379 2418 5452 23).
2458 5402 2477 5424 ι
2529 5375 2643 5432 Hoc
2685 5378 2901 5450 Moyses
2931 5372 3078 5428 dixit
3114 5375 3174 5431 in
3200 5378 3533 5433 Deuterono-

2011 5584 2124 5658 (59)
2165 5581 2314 5640 Idem
2342 5580 2519 5641 codex
2541 5578 2739 5650 Laud.,
2763 5577 2965 5654 populo
2993 5574 3098 5630 hac
3121 5578 3269 5638 dicta
3293 5576 3465 5635 erant.
