3908 6192
372 185 480 243 37s
566 140 576 149 κ

1389 178 1486 236 AD
1524 177 1760 234 OPERA
1796 177 1852 234 S.
1889 176 2222 237 AMBROSII
2260 173 2641 232 APPENDIX.

3581 170 3692 228 376

376 320 490 379 mio
518 317 588 376 de
616 317 723 376 reis
753 317 979 386 mortis;
1031 322 1093 373 ut
1119 315 1391 374 sufficeret
1426 315 1704 387 suspensis
1735 313 1795 370 in
1824 314 1974 388 ligno
2001 317 2051 377 Α
2154 313 2334 386 (Vers.
2369 311 2482 383 17.)
2529 335 2547 358 ι
2583 309 2697 368 Hoc
2723 316 2904 367 autem
2931 306 3077 378 dico,
3107 307 3526 364 Testamentum
3556 325 3689 365 con-

377 411 496 470 illic
519 425 637 468 esse
664 424 838 481 usque
866 407 936 463 ad
965 423 1269 479 vesperam,
1320 414 1373 463 et
1400 405 1599 477 deponi
1645 405 1703 460 in
1733 405 1974 478 sepultu-

374 518 512 560 ram.
545 498 708 568 Quia,
775 521 794 545 ι
831 496 1174 564 Maledictus,
1227 496 1428 569 inquit,
1471 494 1564 568 qui
1594 493 1794 567 pendet
1822 493 1880 550 in
1910 494 1973 549 li.

375 607 522 664 gno;
562 614 580 638 ι
639 596 700 644 ut
730 603 822 644 reo
863 586 1060 642 mortis
1099 584 1372 640 sufﬁceret
1419 583 1545 652 hoc,
1594 584 1723 656 quia
1750 599 1971 656 suspen-

374 697 466 737 sus
497 677 836 736 moriebatur
869 675 929 730 in
974 675 1157 746 ligno;
1219 691 1289 730 ne
1335 672 1545 729 diutius
1574 672 1620 730 si
1661 682 1802 730 esset
1844 691 1974 731 sus-

374 787 595 844 pensus,
619 767 798 839 majus
827 764 1054 821 haberet
1081 763 1436 836 opprobrium
1468 779 1615 819 mors
1635 762 1777 835 ejus,
1809 780 1973 837 quam

373 860 638 916 deberet:
694 865 744 912 et
777 855 934 910 ﬁeret
978 854 1193 910 macula
1241 851 1425 924 generi
1455 851 1594 924 ejus,
1642 852 1689 908 si
1737 852 1975 925 amplius

373 963 521 1002 mors
550 941 668 1015 ejus
706 940 1099 1015 publicaretur.
1147 941 1227 999 Ac
1258 958 1352 1013 per
1385 940 1487 997 hoc
1531 940 1780 997 Salvator
1816 940 1971 996 inno-

371 1051 501 1092 cens
539 1047 839 1104 suspensus
879 1030 938 1086 in
982 1031 1154 1105 ligno,
1204 1046 1315 1086 non
1361 1037 1444 1087 est
1482 1028 1830 1097 maledictus,
1879 1029 1974 1086 sed

373 1121 727 1180 maledictum
759 1120 1005 1188 illorum,
1044 1135 1075 1176 a
1105 1119 1305 1193 quibus
1334 1137 1628 1194 suspensus
1659 1128 1760 1177 est.
1791 1120 1974 1188 Quan-

371 1221 492 1271 tum
542 1218 730 1266 tamen
776 1207 846 1265 ad
885 1208 1102 1265 Iudaeos
1147 1209 1406 1282 pertinet,
1439 1209 1592 1282 quasi
1633 1217 1971 1282 peccatorem

371 1303 532 1360 illum
587 1299 955 1359 occidendum
1008 1299 1184 1354 Pilato
1243 1299 1560 1366 ollerentes,
1618 1297 1972 1355 maledictum

371 1391 532 1449 illum
564 1390 835 1457 fecerunt,
863 1396 923 1445 ut
948 1387 1103 1461 quasi
1133 1403 1259 1443 reus
1285 1386 1648 1456 occideretur,
1679 1403 1803 1444 cum
1833 1397 1972 1446 esset

373 1481 659 1546 innocens,
712 1477 840 1551 quia
884 1475 1084 1549 dignus
1128 1483 1304 1532 morte
1338 1475 1662 1532 maledictus
1709 1483 1791 1532 est
1811 1475 1976 1548 juxta

375 1572 569 1644 legem.
634 1567 898 1626 Videntes
952 1565 1100 1622 enim
1147 1565 1351 1621 multos
1389 1566 1666 1639 aggregari
1711 1566 1976 1624 doctrina:

2084 404 2359 460 ﬁrmatum
2389 419 2421 458 a
2447 403 2560 458 Deo
2589 400 2648 456 in
2679 399 2922 465 Christo,
2953 414 3074 472 quae
3105 404 3227 470 post
3246 396 3689 470 quadringentos

2081 501 2136 550 et
2163 493 2390 565 triginta
2417 507 2590 548 annos
2617 490 2758 546 facta
2789 496 2871 545 est
2907 492 3046 552 221
3096 487 3208 556 lex,
3257 503 3372 543 non
3401 485 3689 544 inﬁrmata

2082 590 2150 646 ad
2178 589 2550 647 evacuandam
2571 587 2991 661 promissionem
3013 585 3157 658 (62).
3182 610 3200 633 ι
3233 586 3296 641 In
3318 585 3439 641 solo
3459 584 3687 643 Christo

2082 680 2353 736 ﬁrmatam
2419 677 2818 735 benedictionis
2889 674 3310 748 promissionem
3373 673 3557 741 docet,
3624 681 3687 730 ut

2085 773 2254 843 legem
2303 776 2424 841 post
2454 766 2884 840 quadringentos
2926 771 2980 819 et
3027 763 3258 836 triginta
3289 778 3469 819 annos
3499 761 3682 819 datam

2081 857 2369 924 ostendat;
2409 855 2711 913 constituta
2748 854 2897 910 enim
2927 852 3292 926 promissione
3337 860 3532 924 postea
3559 851 3683 908 data

2081 959 2163 1006 est
2195 951 2304 1017 lex,
2335 964 2457 1020 quae
2503 963 2615 1002 non
2647 945 2838 1018 utique
2884 943 3192 1000 inﬁrmaret
3230 941 3677 1015 promissionem,

2080 1039 2175 1097 sed
2205 1036 2352 1111 quod
2381 1036 2589 1105 futura,
2613 1043 2669 1092 et
2697 1035 2918 1107 quando
2949 1040 3186 1090 ventura
3215 1038 3376 1099 esset,
3409 1031 3679 1104 signiﬁca-

2082 1137 2184 1186 ret.

2165 1240 2183 1264 ι
2224 1216 2283 1272 Si
2328 1215 2478 1273 enim
2524 1231 2594 1271 ex
2643 1215 2759 1286 lege
2804 1211 3117 1281 hereditas,
3153 1211 3270 1283 jam
3299 1227 3413 1268 non
3465 1227 3537 1268 ex
3563 1227 3681 1284 pro-

2082 1307 2344 1363 missione
2378 1323 2389 1360 :
2441 1303 2679 1361 Abrahae
2719 1310 2902 1358 autem
2933 1317 3028 1375 per
3065 1301 3550 1373 repromissionem
3591 1299 3682 1356 do-

2083 1393 2239 1451 navit
2265 1395 2432 1451 Deus.
2464 1416 2482 1440 ι
2525 1394 2674 1449 Duas
2697 1406 2886 1448 causas
2912 1390 3018 1447 sibi
3047 1389 3350 1446 contrarias
3380 1388 3684 1446 defendunt

2086 1483 2202 1556 (63)
2226 1481 2432 1550 Judaei;
2468 1481 2624 1536 nullo
2653 1480 2800 1537 enim
2829 1484 3010 1552 pacto,
3041 1478 3199 1534 nulla
3225 1477 3438 1534 ratione
3466 1476 3683 1534 suaderi

2083 1580 2262 1646 potest
2289 1571 2494 1628 Iudaeis
2523 1569 2758 1627 Abrahae
2785 1568 3209 1642 promissionem
3237 1574 3556 1624 evacuatam
3585 1583 3684 1640 per

373 1659 512 1732 ejus,
569 1657 728 1714 zelati
777 1663 908 1712 sunt
944 1654 1236 1712 dicentes:
1301 1677 1318 1702 ι
1357 1655 1498 1711 Ecce
1545 1661 1694 1711 totus
1735 1655 1975 1712 mundus

2092 1665 2280 1735 legem,
2329 1671 2383 1718 et
2430 1670 2575 1719 recte
2617 1678 2628 1717 :
2678 1659 2773 1717 sed
2818 1659 2970 1716 aliud
3026 1659 3320 1716 adversum
3371 1657 3686 1730 improvida

373 1749 511 1807 abiit
549 1756 670 1820 post
719 1746 877 1802 illum
925 1744 1107 1817 (Joan.
1143 1762 1246 1814 χιι,
1278 1746 1390 1817 19),
1427 1770 1443 1790 ι
1503 1761 1564 1802 ac
1594 1761 1691 1818 per
1731 1745 1838 1803 hoc
1877 1763 1976 1819 pro

375 1837 536 1896 nobis
565 1835 781 1894 occisus
810 1835 1037 1902 dicitur,
1070 1842 1124 1891 et
1170 1833 1380 1906 duplici
1411 1849 1604 1906 genere
1651 1851 1751 1908 pro
1780 1835 1972 1904 nobis;

374 1945 502 1987 cum
533 1927 683 1985 enim
714 1932 910 1999 putant
958 1924 1119 1980 illum
1162 1923 1342 1982 occidi
1385 1923 1602 1992 debere,
1636 1941 1702 1980 ne
1732 1924 1971 1994 doceret,

377 2018 520 2076 nihil
551 2016 939 2090 profecerunt;
991 2014 1121 2088 quia
1149 2021 1204 2071 et
1253 2013 1506 2072 doctrina
1534 2018 1651 2086 ejus
1694 2013 1889 2081 crevit,
1919 2020 1975 2068 et

376 2116 606 2166 mortem
638 2105 927 2162 evacuavit
950 2103 1006 2160 in
1028 2103 1280 2175 passione
1305 2119 1422 2159 sua.
1449 2102 1795 2159 Descendens
1821 2102 1972 2158 enim

375 2197 444 2254 ad
474 2197 700 2265 inferos,
733 2211 902 2268 genus
936 2191 1230 2249 hominum
1261 2191 1550 2260 liberavit;
1601 2209 1711 2266 qua
1739 2208 1902 2249 causa
1921 2200 1977 2250 et

377 2286 558 2344 occidi
586 2301 643 2343 se
679 2283 952 2359 permisit,
1001 2281 1182 2339 sciens
1216 2298 1316 2354 pro
1346 2280 1506 2339 nobis
1535 2298 1670 2351 esse,
1703 2291 1756 2340 et
1787 2291 1977 2340 contra

377 2375 682 2434 diabolum.

451 2465 632 2538 (Vers.
673 2463 784 2536 14.)
832 2489 848 2510 ι
889 2462 961 2521 Ut
987 2461 1046 2518 in
1095 2459 1350 2534 gentibus
1395 2459 1706 2518 benedictio
1737 2461 1976 2519 Abrahae

377 2556 532 2614 ﬁeret
560 2572 656 2631 per
703 2554 983 2614 Christum
1013 2552 1200 2610 Iesum
1235 2569 1246 2606 :
1299 2558 1353 2607 et
1381 2550 1821 2609 benedictionem
1859 2551 1975 2625 Spi-

377 2646 516 2704 ritus
563 2645 898 2720 accipiamus
932 2644 1048 2717 (60)
1099 2658 1195 2714 per
1237 2642 1423 2700 ﬁdem.
1458 2669 1476 2691 ι
1520 2643 1635 2698 Hoc
1663 2641 1820 2710 dicit,
1848 2642 1977 2716 quia

377 2736 724 2810 exprobratis
752 2743 806 2792 ct
835 2734 1144 2791 maledictis
1167 2733 1392 2801 Iudaeis,
1425 2750 1550 2790 cum
1573 2732 1676 2787 sibi
1709 2732 1776 2788 de
1798 2731 1976 2804 justi—

379 2826 454 2881 tia
484 2826 620 2896 legis
663 2822 1070 2888 blandirentur,
1119 2819 1300 2875 occiso
1348 2818 1630 2874 Salvatore
1662 2819 1815 2891 quasi
1847 2817 1975 2873 Sab-

381 2914 495 2970 bati
524 2912 793 2968 violatore
825 2911 941 2981 (61)
988 2907 1372 2980 promissionis
1401 2906 1713 2964 benedictio
1742 2906 1976 2964 Abrahae

2084 1750 2512 1826 praesumptione
2560 1749 2883 1818 defendunt,
2934 1755 3188 1821 putantes
3225 1746 3682 1820 justiﬁcationem

2084 1843 2202 1899 sine
2231 1856 2394 1914 opere
2423 1841 2558 1913 legis
2596 1838 2886 1912 provenire
2916 1855 3029 1895 non
3075 1853 3266 1911 posse;
3324 1854 3452 1894 cum
3502 1839 3685 1893 sciant

2084 1931 2384 2000 Abraham,
2435 1929 2529 2004 qui
2578 1931 2756 1987 forma
2800 1928 2918 2001 ejus
2967 1929 3046 1985 rei
3096 1938 3196 1998 est,
3248 1927 3364 1984 sine
3413 1927 3686 1999 operibus

2086 2021 2220 2094 legis
2247 2037 2340 2094 per
2368 2022 2541 2077 solam
2570 2020 2736 2076 ﬁdem
2755 2019 3151 2093 justiﬁcatum.
3192 2018 3291 2076 Sed
3318 2016 3684 2075 aemulatione

2085 2109 2320 2184 quadam
2370 2110 2557 2168 caecati
2607 2109 2750 2184 (64),
2805 2125 2916 2166 non
2957 2107 3294 2180 intelligunt,
3341 2122 3522 2180 neque
3553 2122 3682 2162 con-

2084 2200 2328 2257 siderant
2369 2199 2499 2272 quia
2541 2199 2587 2256 si
2620 2216 2716 2272 per
2764 2201 2936 2272 legem
2971 2197 3320 2272 justiﬁcatio,
3363 2195 3683 2253 excluditur

2086 2288 2384 2362 promissio
2413 2306 2425 2345 :
2473 2296 2528 2344 et
2556 2289 2604 2346 si
2628 2289 2853 2345 exclusa
2887 2288 3053 2344 fuerit
3081 2286 3392 2360 promissio,
3426 2286 3548 2342 sine
3572 2284 3684 2341 du-

2084 2380 2178 2438 bio
2220 2378 2575 2436 frustrabitur
2612 2377 2748 2434 ﬁdes
2784 2377 3020 2434 Abrahae
3051 2376 3199 2450 quod
3245 2393 3314 2432 ne
3343 2374 3538 2432 audire
3566 2373 3685 2448 qui-

2085 2468 2209 2526 dem
2237 2486 2293 2526 se
2321 2468 2608 2542 patiuntur
2666 2466 2861 2536 Judaei,
2918 2468 3151 2523 scientes
3208 2465 3338 2538 quia
3388 2462 3683 2537 promissio

2085 2579 2156 2619 ex
2183 2561 2290 2618 ﬁde
2320 2567 2402 2617 est
2430 2560 2688 2618 Abrahae.
2724 2560 2854 2628 Quae
2887 2557 3178 2631 promissio
3209 2573 3304 2629 per
3333 2556 3499 2612 ﬁdem
3522 2553 3682 2627 justi-

2086 2650 2233 2719 ﬁcat,
2259 2666 2371 2706 non
2397 2666 2494 2723 per
2533 2651 2704 2723 legem
2728 2666 2742 2716 ;
2784 2648 2928 2705 sicut
2958 2656 3012 2704 et
3041 2646 3323 2704 Abraham
3346 2644 3685 2717 justiﬁcatus

2085 2756 2156 2796 ex
2201 2739 2309 2797 ﬁde
2349 2747 2450 2798 est.
2511 2740 2580 2796 Hi
2629 2756 2757 2812 ergo
2808 2737 3051 2795 haeredes
3105 2746 3235 2794 sunt
3295 2736 3682 2810 promissionis

2086 2829 2342 2898 Abrahae,
2389 2829 2484 2903 qui
2518 2829 2602 2885 illi
2645 2828 2967 2896 succedunt,
3001 2826 3364 2899 suscipientes
3410 2825 3580 2882 ﬁdem
3628 2826 3684 2881 in

2085 2938 2195 2996 qua
2221 2921 2545 2978 benedictus
2575 2930 2630 2978 et
2657 2920 2993 2994 justiticatus
3035 2927 3118 2975 est
3155 2917 3453 2974 Abraham.
3499 2917 3685 2974 Testi-

382 3001 678 3061 transitum
721 2999 854 3055 fecit
888 2997 956 3052 ad
995 3003 1181 3069 gentes
1231 3013 1326 3068 per
1365 2995 1530 3052 ﬁdem
1581 2996 1787 3055 Christi
1827 2999 1974 3054 Jesu.

2092 2995 2339 3068 monium
2391 3027 2518 3084 ergo
2571 3010 2950 3084 promissionis
3005 3008 3241 3065 Abrahae
3289 3014 3682 3064 testamentum

383 3091 537 3151 Unde
585 3089 722 3148 dicit
768 3087 1040 3145 Dominus
1088 3085 1338 3143 Iudaeis:
1408 3109 1425 3133 ι
1455 3086 1702 3142 Tolletur
1749 3104 1780 3141 a
1821 3086 1977 3143 vobis

382 3198 611 3257 regnum
640 3179 760 3250 Dei,
805 3187 858 3236 et
891 3178 1116 3237 dabitur
1158 3176 1308 3251 genti
1351 3175 1575 3235 facienti
1621 3177 1833 3236 fructus
1861 3177 1980 3250 ejus

384 3273 597 3347 (Matth.
631 3289 751 3342 χχι,
783 3271 900 3344 43).
935 3295 953 3321 ι
1589 3291 1604 3300 ο

454 3367 631 3438 (Vers.
667 3366 779 3438 15.)
827 3389 846 3413 ι
875 3366 1111 3433 Fratres,
1143 3362 1446 3421 secundum
1469 3361 1749 3420 hominem
1780 3359 1924 3417 dico.
1947 3385 1964 3407 ι

383 3458 499 3514 Hoc
527 3457 686 3520 dicit,
726 3456 856 3529 quia
901 3454 1156 3526 exemplo
1198 3454 1453 3510 humanae
1485 3469 1660 3510 causae
1705 3466 1979 3509 commen-

383 3545 512 3600 dare
542 3545 665 3600 vult
692 3544 963 3598 rationem
995 3542 1203 3598 divinae
1232 3542 1631 3614 promissionis.
1679 3568 1695 3588 -
1727 3539 1980 3597 Hominis

384 3639 796 3699 testamentum,
846 3631 1236 3687 conﬁrmatum
1283 3638 1488 3698 tamen,
1550 3645 1711 3685 nemo
1758 3629 1978 3686 irritum

384 3722 538 3790 facit,
572 3729 668 3778 aut
698 3721 1102 3794 superordinat.
1134 3744 1152 3768 ι
1187 3721 1395 3776 Verum
1428 3725 1508 3774 est
1535 3717 1664 3791 quia
1693 3726 1980 3776 testamen-

385 3819 503 3869 tum
531 3810 780 3870 defuncti
802 3809 928 3883 jure
957 3810 1161 3868 factum
1193 3824 1306 3865 non
1337 3814 1514 3880 potest
1541 3806 1740 3864 scindi.

459 3911 641 3984 (Vers.
675 3911 789 3982 16.)
855 3933 875 3958 ι
911 3908 1147 3967 Abrahae
1194 3907 1354 3965 dictae
1402 3914 1532 3964 sunt
1565 3905 1956 3979 promissiones
1979 3949 1994 3974 ,

389 4009 443 4058 et
466 3999 665 4058 semini
693 3999 832 4072 ejus.
880 3999 1003 4056 Non
1032 3998 1172 4056 dicit
1205 4016 1216 4054 :
1265 3998 1338 4054 Et
1366 3996 1691 4066 seminibus,
1737 3996 1891 4070 quasi
1922 3998 1978 4053 in

386 4089 613 4155 multis;
647 4089 740 4144 sed
771 4087 926 4160 quasi
956 4088 1016 4143 in
1051 4104 1163 4144 uno
1198 4103 1208 4140 :
1243 4087 1317 4144 Et
1344 4085 1544 4144 semini
1574 4093 1691 4154 tuo,
1724 4085 1871 4159 quod
1900 4093 1982 4141 est

387 4179 660 4236 Christus.
701 4201 720 4224 ι
781 4178 896 4233 Hoc
941 4185 1042 4245 est,
1089 4177 1236 4249 quod
1279 4177 1546 4248 scriptum
1577 4185 1659 4234 est
1686 4177 1746 4234 in
1783 4178 1978 4235 Genesi

385 4265 455 4322 ad
484 4264 762 4322 Abraham
787 4283 800 4320 :
849 4289 866 4311 ι
895 4265 968 4320 Et
994 4264 1053 4319 in
1082 4264 1289 4321 semine
1319 4273 1415 4321 tuo
1442 4266 1838 4324 benedicentur
1867 4284 1982 4323 om-

388 4370 484 4410 nes
515 4361 699 4426 gentes
727 4353 882 4424 (Gen.
914 4369 1056 4421 χχιι,
1091 4353 1204 4424 18).
1229 4377 1246 4400 ι
1283 4353 1438 4420 Quod
1467 4355 1659 4427 utique
1689 4355 1975 4428 impletum

387 4451 469 4500 est
497 4443 555 4500 in
584 4441 826 4510 Christo,
856 4443 916 4499 in
952 4442 1112 4515 cujus
1141 4444 1364 4501 nomine
1393 4461 1582 4502 omnes
1611 4455 1796 4519 gentes
1819 4447 1978 4504 bene-

385 4532 646 4591 dicentur
673 4548 770 4605 per
797 4531 985 4589 ﬁdem.
1016 4531 1144 4588 Ideo
1175 4549 1287 4588 non
1318 4533 1376 4588 in
1401 4535 1612 4603 multis,
1659 4535 1754 4592 sed
1784 4536 1842 4591 in
1867 4553 1979 4595 uno

386 4624 602 4682 ﬁrmata
631 4631 713 4682 est
740 4623 1055 4697 promissio,
1099 4623 1193 4697 qui
1223 4632 1305 4681 est
1334 4623 1605 4683 Christus.
1654 4626 1768 4683 Hac
1795 4627 1978 4701 dispu-

386 4716 593 4773 tatione
619 4731 720 4773 sua
747 4715 1046 4788 Apostolus
1077 4714 1236 4788 quasi
1288 4731 1409 4772 reos
1457 4715 1639 4773 falsati
1667 4718 1978 4774 testamenti

383 4805 654 4878 designat,
687 4805 781 4879 qui
826 4803 1112 4862 credentes
1141 4803 1198 4860 in
1229 4803 1534 4875 Christum,
1575 4805 1740 4864 etiam
1766 4808 1834 4865 de
1862 4807 1979 4882 lege

383 4894 593 4968 aliquid
637 4903 898 4967 sperant;
947 4901 1008 4950 ut
1040 4911 1154 4951 non
1193 4895 1370 4952 solum
1413 4895 1560 4952 salus
1606 4897 1872 4970 promissa
1917 4899 1977 4955 in

382 4983 624 5053 Christo,
650 4985 747 5042 sed
767 4992 822 5042 et
841 4984 901 5041 in
929 4985 1045 5056 lege
1069 4985 1161 5042 sit.
1186 4985 1314 5042 ldeo
1342 4985 1535 5058 probat
1556 4988 1974 5060 promissionem

380 5070 784 5130 benedictionis
816 5074 874 5129 in
897 5073 1016 5130 solo
1043 5073 1262 5132 Christo
1291 5074 1511 5132 factam.

452 5184 566 5257 (60)
607 5185 765 5244 Rom.
796 5184 958 5251 edit.,
1005 5191 1053 5239 et
1083 5185 1482 5255 promissionem
1519 5188 1752 5260 Spiiitus
1781 5188 1974 5259 accipe-

378 5272 571 5312 remus.

419 5327 568 5452 {($12
587 5327 734 5452 Tllet.
778 5326 914 5384 edit.
958 5343 1086 5384 cum
1134 5343 1263 5384 mss.
1308 5327 1538 5402 aliquot,
1574 5316 1730 5401 quasi
1761 5329 1975 5388 Sabbati

377 5405 564 5452 violati
587 5415 695 5454 reo.

387 5537 396 5545 ι
451 5468 570 5547 (62)
613 5469 770 5547 llam.
804 5469 962 5539 edit.,
995 5471 1104 5528 Leo:
1132 5488 1251 5543 quae
1273 5476 1505 5547 post..."
1544 5471 1673 5527 data
1718 5477 1813 5540 est,
1868 5488 1972 5526 non

378 5538 594 5594 irritum
621 5538 772 5609 facit,
807 5547 861 5596 ut
893 5538 1100 5597 evacuet
1119 5538 1545 5614 promissionem.

2089 3103 2414 3174 appellatur,
2472 3110 2535 3157 ut
2579 3108 2700 3173 post
2746 3108 2979 3156 mortem
3031 3098 3150 3170 ejus
3207 3096 3449 3154 haeredes
3505 3106 3685 3155 essent

2089 3191 2147 3246 in
2206 3191 2589 3264 promissione,
2637 3190 2742 3246 ﬁlii
2797 3189 2915 3262 ejus
2975 3188 3105 3246 facti
3160 3204 3256 3261 per
3309 3187 3497 3244 ﬁdem.
3557 3188 3688 3256 Quae

2088 3296 2254 3338 causa
2289 3280 2534 3338 cucurrit
2579 3296 2752 3354 usque
2796 3279 2865 3336 ad
2906 3278 3189 3338 Christum
3227 3277 3462 3335 Abrahae
3506 3293 3687 3349 repro-

2092 3370 2342 3438 missum,
2375 3377 2436 3426 ut
2461 3377 2582 3442 post
2611 3377 2844 3426 mortem
2876 3368 3084 3427 Christi
3112 3367 3418 3436 credentes,
3443 3367 3687 3424 haeredes

2091 3465 2270 3514 essent
2328 3458 2457 3514 ﬁdei
2508 3458 2745 3515 Abrahae
2802 3475 2895 3531 per
2951 3467 3337 3516 testamentum
3403 3456 3688 3528 sanguinis

2094 3546 2326 3604 Christi.
2369 3549 2588 3604 Donum
2619 3563 2748 3619 ergo
2778 3547 2926 3620 quod
2957 3548 3286 3620 promissum
3315 3554 3397 3603 est
3428 3545 3682 3612 Abrahae,

2091 3635 2222 3692 ﬁliis
2256 3635 2374 3707 ejus
2402 3635 2463 3692 in
2501 3635 2721 3695 Christo
2767 3638 3011 3694 solutum
3041 3645 3158 3704 est;
3203 3635 3459 3711 quamvis
3489 3645 3544 3692 et
3573 3636 3687 3708 ipse

2090 3725 2370 3782 Abraham
2397 3734 2725 3784 consecutus
2752 3727 2825 3782 sit
2853 3727 3062 3784 donum
3083 3726 3188 3784 hoc
3206 3726 3344 3794 illic,
3377 3724 3472 3782 ubi
3496 3725 3684 3781 inven-

2091 3821 2180 3869 tus
2207 3822 2309 3870 est.

2165 3905 2346 3977 (Vers.
2379 3904 2490 3977 19.)
2536 3928 2555 3952 ι
2587 3903 2731 3972 Quid
2760 3922 2888 3979 ergo
2919 3908 3011 3962 lex
3041 3906 3158 3978 (65)
3205 3905 3479 3962 factorum
3508 3907 3684 3979 posita

2089 4003 2193 4064 est,
2237 3994 2412 4052 donec
2466 3995 2680 4052 veniret
2727 4012 2911 4054 semen
2958 3996 3049 4054 cui
3098 3995 3432 4068 promissum
3477 4005 3558 4053 est
3589 3997 3616 4052 ‘?
3654 4021 3671 4045 ι

2090 4085 2204 4140 Lex
2232 4083 2525 4152 factorum,
2575 4083 2634 4140 id
2679 4093 2760 4142 est
2803 4085 3004 4159 Moysi,
3041 4085 3220 4158 posita
3265 4093 3346 4142 est
3397 4085 3456 4141 in
3505 4085 3684 4144 medio

2090 4173 2234 4229 inter
2288 4179 2522 4246 coeptam
2577 4173 2999 4247 promissionem
3045 4184 3098 4232 et
3145 4191 3350 4244 semen,
3404 4175 3494 4231 cui
3545 4175 3682 4233 facta

2092 4262 2384 4334 promissio
2424 4269 2506 4319 est
2547 4263 2692 4320 inter
2741 4263 3018 4322 Abraham
3067 4274 3120 4322 et
3148 4265 3507 4323 Salvatorem.
3559 4265 3682 4323 Ideo

2092 4353 2250 4427 longe
2279 4355 2406 4411 data
2437 4361 2559 4427 post
2603 4354 2804 4412 factam
2852 4355 3292 4428 promissionem,
3341 4363 3404 4412 ut
3433 4355 3553 4428 ipsa
3578 4356 3681 4413 dis-

2092 4445 2360 4502 tinctione
2410 4446 2566 4503 aliud
2595 4447 2704 4516 lex,
2758 4455 2812 4504 et
2857 4447 3010 4504 aliud
3039 4446 3328 4520 promissio
3368 4446 3677 4513 videretur;

2091 4543 2153 4591 ut
2179 4536 2445 4609 populum
2474 4535 2574 4594 Dei
2604 4553 2637 4592 a
2665 4536 2916 4610 gentibus
2943 4545 3279 4609 segregatum
3309 4535 3558 4594 erudiret
3583 4535 3680 4593 sub

2090 4625 2188 4680 Dei
2224 4625 2447 4695 timore,
2494 4635 2555 4682 ut
2583 4625 2782 4700 dignus
2824 4625 2979 4682 ﬁeret
3015 4625 3083 4682 ad
3126 4624 3513 4698 excipiendam
3566 4643 3681 4700 pro-

2091 4713 2429 4784 missionem,
2462 4731 2583 4789 quae
2614 4722 2693 4771 est
2726 4714 3000 4772 Christus.
3037 4715 3153 4770 Lex
3196 4723 3382 4770 tamen
3411 4715 3678 4771 factorum

2088 4802 2211 4860 ideo
2240 4803 2464 4874 dicitur,
2497 4804 2628 4880 quia
2673 4804 2831 4862 docet
2872 4821 3012 4879 quae,
3054 4805 3168 4861 Deo
3192 4802 3446 4876 jubente,
3495 4819 3680 4876 corpo-

2087 4894 2274 4950 raliter
2301 4895 2437 4952 ﬁant
2466 4894 2533 4951 de
2564 4893 2868 4962 sacriﬁciis,
2913 4893 2978 4950 de
3009 4891 3413 4966 primogenitis,
3442 4893 3510 4950 de
3539 4893 3679 4950 deci-

2086 4985 2212 5054 mis,
2259 4985 2408 5042 etde
2435 4983 2646 5042 caeteris
2678 4985 2900 5042 talibus.
2965 5007 2984 5029 ‹
3017 4983 3293 5056 Disposita
3330 4999 3427 5054 per
3461 4984 3678 5056 angelos

2085 5075 2143 5132 in
2174 5093 2342 5135 manu
2379 5077 2717 5136 Mediatoris.
2747 5102 2764 5125 ι
2823 5075 3064 5147 Angelos
3103 5074 3239 5132 dicit
3285 5075 3385 5132 Dei
3430 5077 3673 5142 nuntios,

2157 5184 2272 5251 (63)
2314 5185 2472 5241 Rom.
2506 5183 2663 5249 edit.,
2699 5184 2817 5238 Duo
2845 5181 2944 5237 sibi
2972 5181 3250 5238 contraria
3277 5181 3586 5251 defendunt.

2157 5253 2273 5397 (64)
2314 5254 2502 5313 Codex
2529 5254 2696 5321 Vall.,
2743 5253 2843 5309 Sed
2869 5253 3201 5307 tetrarulatione
3240 5253 3455 5322 quidm:
3481 5253 3674 5309 caecati.

2182 5326 2273 5397 65)
2313 5327 2471 5382 Rom.
2504 5325 2660 5392 edit.,
2713 5324 2851 5392 Quid
2877 5341 3002 5397 ergo
3032 5325 3164 5379 (ex?
3209 5325 3446 5397 Propter,
3489 5331 3674 5380 trans-

2182 5324 2273 5407 65)
2313 5327 2471 5382 Rom.
2503 5325 2666 5407 edit.,
2713 5324 2851 5392 Quid
2875 5341 3003 5407 ergo
3032 5325 3164 5379 (ex?
3209 5325 3450 5407 Propter.
3489 5331 3674 5380 trans-

2079 5395 2364 5468 gressiones
2393 5399 2567 5467 posita
2597 5403 2758 5451 est....
2789 5395 3040 5450 ordinata
3061 5411 3161 5466 per
3185 5395 3397 5466 angelos
3427 5396 3488 5451 in
3516 5412 3675 5451 mnu.

2081 5467 2406 5524 mediatoris.
2440 5468 2579 5535 Quid
2607 5484 2726 5537 ergo
2757 5467 2862 5534 lex,
2892 5472 2996 5521 etc.
