3908 6192
168 234 267 293 377

169 448 457 523 prophetas
497 463 672 520 usque
726 445 795 502 ad
837 444 1102 500 Joannem
1143 440 1468 513 Baptistam,
1526 438 1593 495 de
1648 455 1758 512 quo

169 541 309 597 Deus
328 536 466 595 dicit
486 556 497 593 :
517 537 682 594 «Ecce
712 533 874 591 mitto
905 532 1159 604 angelum
1193 545 1378 586 meum
1409 537 1532 585 ante
1561 529 1759 586 faciem

171 636 317 686 tuam
345 627 605 699 (Malach.
633 642 720 690 Ill,
754 623 830 695 l).
866 649 884 670 ι
923 623 1026 679 Per
1053 621 1154 677 hos
1183 636 1313 692 ergo
1340 619 1432 675 lex
1484 617 1759 689 ordinata,

169 718 433 792 disposita
459 725 542 774 est
572 733 604 772 a
638 717 752 774 Deo
783 714 842 770 in
872 727 1061 780 manu,
1085 709 1142 767 id
1171 716 1254 765 est
1282 716 1548 782 potestate
1572 708 1759 764 Salva-

171 811 333 877 toris;
360 811 476 882 ipse
505 817 587 865 est
615 807 763 863 enim
806 803 1073 861 mediator
1110 802 1196 858 vel
1229 799 1614 858 reconciliator
1663 799 1762 855 Dei

167 908 221 955 et
257 901 549 956 hominum
575 897 632 968 (Ι
670 897 804 954 Tim.
826 911 887 962 ιι,
910 894 992 966 5),
1022 900 1082 948 ιιι
1101 893 1274 948 salvet
1296 906 1436 964 quos
1466 888 1588 945 vult
1603 904 1672 944 ex
1693 887 1762 945 iis

164 989 266 1063 qui
287 990 462 1062 legem
496 1004 594 1061 per
620 989 1112 1058 supramemoratos
1142 979 1362 1052 angelos
1404 986 1754 1051 acceperunt.

162 1080 288 1150 Ipse
327 1077 474 1133 enim
497 1077 607 1132 ait:
648 1074 988 1131 aSicutPater
1005 1070 1233 1127 suscitat
1262 1077 1510 1126 mortuos
1543 1076 1597 1124 et
1616 1068 1761 1123 vivi-

164 1167 330 1223 ﬁcat:
367 1166 446 1222 sic
473 1175 526 1222 et
547 1165 719 1222 Filius
743 1179 880 1236 quos
909 1159 1305 1228 vult,viviﬁcat
1335 1157 1702 1230 (Joan.v,2l).
1729 1183 1746 1205 ι

241 1255 422 1327 (Vers.
456 1255 570 1325 20.)
625 1276 641 1300 ε
672 1251 941 1311 Mediator
997 1259 1181 1307 autem
1228 1249 1395 1306 unius
1433 1264 1545 1303 non
1592 1255 1693 1303 est.
1730 1271 1746 1295 ι

162 1345 295 1402 Sine
332 1343 499 1400 dubio
530 1341 935 1410 mediator,hoc
955 1347 1057 1409 est,
1084 1338 1290 1396 arbiter
1319 1355 1431 1394 non
1460 1347 1541 1394 est
1569 1337 1759 1404 unius,

161 1433 260 1491 sed
298 1434 534 1491 duorum
558 1453 571 1502 ;
599 1449 727 1490 cum
754 1430 904 1488 enim
933 1430 1044 1486 duo
1061 1428 1250 1502 populi
1273 1427 1511 1484 invicem
1553 1426 1762 1482 adver-

161 1541 259 1581 sus
295 1540 350 1580 se
392 1522 746 1589 dimicarent,
805 1536 1020 1592 semper
1067 1517 1393 1575 dissidentes
1449 1524 1503 1573 et
1549 1515 1760 1573 inimici

160 1613 482 1670 diversitate
522 1611 814 1676 doctrinae,
855 1611 1110 1666 Salvator
1159 1608 1360 1664 horum
1408 1607 1614 1663 arbiter
1656 1624 1763 1663 ve-

1225 222 1587 283 COMMENT.
1628 221 1700 278 IN
1735 219 1951 279 EPIST.
1993 220 2088 276 AD
2128 218 2390 277 GALAT.

171 361 222 418 id
252 367 353 428 est,
382 357 628 432 Moysen,
665 364 719 412 et
769 354 956 412 Jesum
1005 349 1184 409 ﬁlium
1234 349 1382 407 Nave
1425 356 1480 406 et
1525 355 1754 406 caeteros
1779 349 1830 409 A
1855 346 1923 404 de
1961 344 2223 402 fratribus
2264 344 2461 401 vestris
2516 344 2693 418 (Deut.
2739 361 2902 415 xvm,
2955 344 3071 418 l5).
3129 367 3148 391 ι

3358 212 3464 273 378

3213 341 3331 401 Hoc
3393 341 3463 401 de

1869 435 2085 495 Christo
2126 433 2335 491 dictum
2374 435 2562 490 Petrus
2602 435 2874 507 apostolus
2938 434 3136 509 probat
3197 432 3256 489 in
3307 430 3462 490 Actis

1870 525 2241 600 apostolorum
2291 523 2432 596 (Act.
2488 540 2568 591 ιιι,
2601 524 2716 596 22).
2763 549 2779 570 ι
2805 524 3026 581 Etenim
3072 526 3120 582 si
3150 525 3280 581 data
3321 531 3462 581 esset

1871 616 1983 684 lex,
2015 631 2136 688 quae
2164 620 2343 686 posset
2371 611 2672 680 viviﬁcare,
2703 629 2827 669 vere
2857 631 2924 669 ex
2961 615 3080 686 lege
3121 622 3261 670 esset
3283 612 3460 686 justi-

1871 707 1968 763 tia.
2003 731 2019 753 ι
2062 703 2340 761 Justitiam
2369 702 2511 758 hanc
2540 701 2694 768 dicit,
2724 719 2843 775 quae
2867 704 3010 775 apud
3043 705 3212 760 Deum
3266 704 3460 776 impu—

1871 803 2020 852 tatur
2056 794 2294 867 justitia,
2345 793 2400 849 id
2461 799 2563 860 est,
2624 790 2771 859 ﬁdei,
2833 792 2964 864 quia
3022 801 3075 847 et
3132 793 3222 847 lex
3269 792 3462 848 habuit

1867 885 2160 959 justitiam,
2180 885 2273 941 sed
2303 885 2369 940 ad
2397 898 2653 955 praesens,
2686 897 2796 936 non
2825 897 2945 954 qua:
2963 878 3292 951 justiﬁcaret
3319 882 3464 952 apud

1870 979 2066 1034 Deum.
2110 975 2404 1034 Remittere
2435 974 2583 1029 enim
2645 979 2865 1045 peccata
2911 988 3023 1028 non
3052 971 3250 1044 potuit,
3286 979 3348 1028 ut
3398 973 3467 1028 de

1872 1065 2253 1139 peccatoribus
2277 1065 2478 1120 faceret
2503 1061 2715 1134 justos;
2746 1061 2841 1118 sed
2871 1061 2938 1118 ad
2969 1061 3074 1117 hoc
3103 1062 3228 1118 data
3275 1068 3375 1129 est,
3408 1068 3470 1116 ut

1870 1156 2066 1212 terrori
2105 1164 2244 1212 esset
2296 1169 2600 1227 provocans
2641 1152 2893 1208 homines
2931 1151 3000 1208 ad
3045 1151 3245 1208 bonam
3275 1151 3464 1218 vitam,

1871 1246 2238 1304 irreverentes
2267 1245 2520 1318 puniens.
2552 1243 2788 1317 Ideoque
2818 1259 2928 1298 non
2949 1250 3031 1298 est
3059 1243 3187 1299 data
3225 1241 3461 1314 lex,quze

1870 1345 2050 1410 posset
2076 1336 2380 1404 viviﬁcare,
2412 1335 2506 1392 sed
2537 1332 2924 1391 condemnare.

1945 1427 2126 1498 (Vers.
2158 1426 2275 1499 22.)
2322 1451 2339 1472 ι
2371 1424 2476 1482 Sed
2525 1424 2798 1481 conclusit
2827 1421 3111 1494 Scriptura
3153 1419 3340 1476 omnia
3367 1422 3469 1478 sub

1872 1528 2114 1595 peccato,
2142 1529 2202 1577 ut
2232 1520 2524 1594 promissio
2554 1537 2623 1576 ex
2662 1520 2770 1577 ﬁde
2823 1519 2951 1576 Iesu
3003 1515 3210 1577 Christi
3241 1515 3466 1572 daretur

1870 1611 2242 1670 credentibus.
2278 1640 2296 1659 ι
2340 1613 2500 1668 Hunc
2523 1627 2744 1667 sensum
2776 1619 2828 1666 et
2858 1611 2925 1667 ad
2955 1611 3230 1666 Romanos
3252 1603 3455 1678 posuit,

158 1701 272 1771 nit,
305 1711 594 1774 amputans
633 1700 880 1774 utrisque
910 1698 1127 1772 populis
1167 1714 1264 1770 per
1291 1698 1438 1771 quod
1469 1697 1759 1754 discorda—
1790 1713 1836 1774 Β
1872 1700 2098 1759 dicens:
2159 1726 2174 1748 ι
2224 1701 2508 1759 Conclusit
2538 1703 2684 1758 Deus
2731 1699 2918 1756 omnia
2962 1697 3064 1754 sub
3108 1703 3361 1769 peccato;
3398 1701 3458 1748 ut

152 1792 318 1860 bant,
359 1800 420 1848 ut
463 1797 682 1864 possent
727 1805 843 1846 esse
889 1787 1126 1862 paciﬁci.
1165 1788 1416 1844 Abstulit
1444 1805 1572 1861 ergo
1615 1805 1758 1860 gen—

159 1880 316 1938 tibus
336 1896 624 1937 numerum
655 1879 965 1948 deorum,et
986 1878 1314 1934 famulatum
1336 1879 1759 1946 elementorum,

157 1970 314 2045 quod
337 1970 657 2029 scandalum
707 1976 823 2026 erat
865 1967 1147 2025 Hebraeis:
1197 1967 1426 2024 abstulit
1475 1975 1530 2024 et
1556 1968 1762 2025 Judaeis

157 2075 329 2133 opera
392 2059 548 2131 legis,
619 2058 677 2114 id
744 2066 827 2114 est
869 2057 1207 2126 neomenias,
1254 2057 1758 2126 circumcisionem,

157 2158 216 2208 et
244 2166 438 2209 curam
467 2146 714 2214 Sabbati,
748 2154 802 2201 et
835 2145 1194 2202 discretiones
1233 2162 1501 2214 escarum,
1553 2155 1607 2203 et
1645 2163 1763 2203 caa—

158 2248 281 2298 tera
330 2255 452 2312 quae
495 2233 956 2293 abominabantur
985 2235 1212 2307 gentiles
1237 2278 1251 2302 ,
1281 2242 1335 2290 et
1372 2235 1451 2291 sic
1478 2236 1607 2292 facti
1637 2245 1766 2291 sunt

160 2326 405 2403 paciﬁci,
434 2325 529 2399 qui
564 2323 719 2396 prius
749 2322 967 2379 fuerant
992 2322 1229 2378 inimici.
1262 2321 1318 2378 Si
1368 2338 1496 2393 ergo
1547 2323 1661 2379 haec
1690 2323 1765 2379 ita

158 2436 218 2476 se
265 2417 495 2484 habent,
527 2413 662 2487 quid
702 2419 785 2468 est
829 2421 891 2469 ut
931 2411 1136 2468 Galatae
1184 2408 1518 2469 hebetudine
1567 2414 1768 2469 mentis

158 2508 458 2567 arbitrium
491 2505 640 2564 istud
671 2513 1030 2578 corrumpant
1071 2503 1212 2577 (66),
1263 2505 1517 2561 conversi
1565 2504 1633 2560 ad
1661 2506 1768 2561 Ju-

158 2600 441 2658 daismum
472 2597 500 2654 ?
544 2595 826 2654 Iudicium
873 2595 1022 2652 enim
1080 2595 1380 2652 Salvatoris
1436 2595 1494 2649 in
1543 2594 1765 2652 irritum

157 2688 398 2756 ducunt,
432 2685 650 2759 quando
698 2693 825 2759 post
873 2683 1075 2743 factam
1125 2701 1333 2756 pacem,
1388 2685 1543 2757 quasi
1575 2685 1764 2756 poeni-

159 2784 347 2834 tentes
388 2775 456 2831 de
502 2792 584 2844 ea,
630 2773 936 2848 subjiciunt
989 2791 1046 2831 se
1093 2774 1223 2842 illis,
1275 2791 1396 2848 quae
1445 2774 1600 2846 prius
1644 2776 1764 2847 paci

158 2867 392 2924 fuerant
444 2863 688 2921 inimica.
753 2864 920 2920 Juxta
983 2880 1205 2920 sensum
1269 2880 1398 2936 ergo
1444 2864 1762 2922 Galatarum

157 2953 425 3014 Christus
449 2951 652 3008 arbiter
677 2967 786 3008 non
815 2959 928 3019 est;
961 2950 1092 3024 quia
1136 2950 1349 3008 inducti
1381 2951 1436 3006 in
1478 2952 1651 3025 legem
1695 2953 1764 3009 de

160 3043 387 3101 duobus
432 3042 650 3114 populis
697 3057 869 3097 unum
928 3042 1200 3110 fecerunt,
1251 3050 1306 3098 et
1355 3041 1524 3098 unius
1570 3044 1762 3118 utique

164 3132 364 3206 populi
384 3131 590 3188 arbiter
621 3147 783 3188 nemo
809 3139 912 3188 est.
949 3131 1108 3188 Hunc
1151 3130 1405 3187 eumdem
1450 3149 1672 3190 sensum
1701 3135 1769 3190 ad

161 3220 442 3295 Ephesios
483 3220 835 3293 prosequitur
884 3219 1109 3275 dicens:
1171 3221 1327 3293 prse
1358 3220 1508 3276 enim
1556 3230 1637 3278 est
1666 3239 1772 3295 pax

163 3318 386 3378 nostra,
424 3309 520 3384 qui
569 3309 696 3366 fecit
743 3317 975 3383 utraque
1005 3325 1199 3378 unum,
1231 3315 1286 3365 et
1313 3309 1556 3366 medium
1587 3312 1773 3383 parie-

162 3407 282 3457 tem
310 3399 559 3457 maceriae
590 3400 828 3469 solvens,
864 3397 1216 3455 inimicitiam
1255 3398 1315 3454 in
1357 3415 1520 3456 carne
1545 3417 1642 3457 sua
1683 3402 1772 3457 le—

163 3507 292 3562 gem
338 3489 722 3548 mandatorum
771 3490 831 3546 in
876 3489 1113 3546 decretis
1172 3505 1484 3558 evacuans;
1525 3499 1587 3548 ut
1633 3491 1772 3547 duos

166 3579 442 3637 conderet
497 3579 554 3635 in
601 3596 656 3636 se
713 3596 825 3635 uno
866 3595 1011 3635 novo
1053 3577 1299 3647 homine,
1329 3578 1538 3636 faciens
1584 3595 1772 3653 pacem

169 3669 402 3742 (Ephes.
436 3687 496 3740 ιι,
533 3670 616 3740 lli,
652 3671 764 3743 l5).
795 3695 811 3716 -
856 3669 912 3725 Si
943 3669 1002 3725 in
1046 3686 1158 3726 uno
1207 3687 1352 3727 novo
1382 3669 1608 3726 homine
1641 3671 1775 3728 facit

168 3775 389 3830 pacem,
440 3759 704 3817 ambobus
742 3760 932 3833 utique
969 3759 1216 3829 abstulit,
1267 3777 1364 3835 per
1415 3761 1562 3835 quod
1614 3763 1773 3820 dissi-

164 3847 415 3905 debant:
466 3856 519 3904 et
556 3848 661 3907 hoc
698 3848 778 3905 eis
824 3851 1015 3906 statuit
1058 3849 1184 3907 data
1210 3866 1309 3907 sua
1339 3853 1474 3924 lege,
1506 3868 1600 3924 per
1625 3854 1773 3926 quod

165 3946 357 3994 essent
401 3937 640 4011 paciﬁci.
692 3938 806 3995 Hoc
851 3937 1054 3996 Galatae
1097 3944 1233 4003 252
1272 3939 1591 4013 irruperunt
1647 3958 1772 4000 con.

167 4035 320 4093 versi
377 4035 448 4092 ad
493 4036 853 4095 Judaisxnun:
922 4061 940 4084 ε
987 4039 1135 4095 Deus
1199 4055 1331 4095 vero
1389 4057 1535 4096 unus
1593 4048 1693 4097 est.
1740 4065 1759 4088 ι

164 4125 290 4183 Hoc
327 4124 491 4193 dicit,
531 4142 601 4180 ne
645 4125 929 4182 Christum
969 4125 1320 4199 praedicando
1366 4129 1566 4197 Deum,
1612 4145 1774 4202 quem

162 4214 452 4271 arbitrum
483 4212 620 4269 dicit
645 4214 741 4268 uni
773 4216 906 4282 Deo,
949 4215 1271 4285 praedicasse
1319 4224 1606 4288 putaretur
1655 4218 1772 4289 (67)

165 4315 371 4362 contra
427 4303 600 4373 legem
653 4311 709 4358 et
751 4303 1063 4375 prophetas.
1115 4304 1402 4360 Arbitrum
1433 4321 1580 4392 \ergo
1625 4305 1776 4365 hunc

165 4408 270 4464 per
292 4389 734 4463 assumptionem
767 4390 949 4447 carnis
981 4391 1216 4464 intelligi
1251 4391 1428 4462 docet,
1452 4389 1614 4450 sicut
1636 4395 1773 4452 dicit

166 4480 245 4536 ad
273 4479 666 4536 Timotheum:
717 4504 734 4528 ι
782 4479 1008 4538 Arbiter
1048 4481 1148 4537 Dei
1188 4487 1240 4537 et
1288 4481 1576 4538 hominum
1605 4482 1770 4541 homo

169 4570 334 4625 Iesus
354 4568 611 4628 Christus
643 4570 719 4641 (Ι
743 4569 874 4626 Tim.
911 4587 970 4639 ιι,
1021 4570 1078 4640 6)
1116 4589 1126 4626 ;
1163 4595 1181 4618 ι
1225 4569 1389 4642 juxta
1415 4580 1598 4629 autem
1630 4577 1771 4647 quod

169 4659 326 4714 Deus
381 4665 481 4727 est,
514 4674 546 4713 a
593 4658 750 4715 Patre
809 4657 958 4716 hunc
1005 4675 1116 4714 non
1161 4661 1422 4732 separari,
1461 4662 1554 4718 sed
1603 4681 1772 4720 unum

170 4762 296 4801 esse
333 4764 467 4805 cum
511 4749 688 4805 Patre.
753 4750 886 4806 Sive
958 4750 1106 4806 enim
1169 4752 1346 4820 Pater,
1378 4733 1520 4809 .sive
1577 4754 1771 4822 Filius,

171 4839 328 4894 Deus
354 4855 498 4896 unus
542 4848 659 4907 est;
711 4842 858 4897 Deus
897 4839 1046 4896 enim
1098 4849 1308 4898 naturae
1353 4859 1552 4899 nomen
1599 4851 1680 4899 est
1724 4851 1777 4899 et

173 4927 488 4998 potestatis,
523 4945 685 5002 quam
717 4929 773 4986 in
803 4930 963 4986 Patre
992 4937 1046 4985 et
1091 4929 1235 4986 Filio
1268 4930 1617 4990 individuam
1667 4950 1776 4988 ma-

173 5032 313 5073 nere
345 5017 461 5090 ipsa
489 5017 778 5075 nominum
807 5021 948 5076 ratio
975 5019 1152 5077 docet.

259 5107 438 5174 (Vera.
471 5109 587 5180 21.)
632 5132 650 5155 ι
682 5108 796 5165 Lex
826 5109 995 5184 igitur
1018 5111 1285 5168 adversus
1314 5112 1590 5186 promissa
1618 5110 1716 5168 Dei
1753 5111 1780 5166 2

173 5195 366 5253 Absit.
399 5223 416 5244 ι
453 5197 613 5254 Absit
644 5199 852 5272 utique,
886 5202 1015 5273 quia
1043 5219 1154 5258 non
1175 5210 1256 5258 est
1287 5203 1378 5260 lex
1408 5202 1633 5261 inimica
1661 5219 1779 5274 pro-

177 5282 489 5353 missionis,
524 5285 727 5358 quippe
762 5303 886 5343 cum
919 5287 1211 5344 conﬁrmet
1238 5306 1379 5345 eam.
1411 5290 1546 5346 Nam
1571 5290 1782 5362 primus

174 5374 415 5444 Moysus
453 5374 621 5430 dicit:
691 5401 707 5422 ι
751 5376 1077 5448 Prophetam
1125 5378 1284 5434 vobis
1324 5377 1782 5435 excitabit‘Deus

271 5498 385 5568 (66)
408 5499 616 5555 Omnes
636 5499 771 5574 edit.
808 5507 1051 5574 et_mo_ss.
1069 5501 1306 5574 aliquot,
1331 5503 1598 5558 arbitrum
1626 5499 1785 5553 istum

173 5577 576 5644 corrumpant;
607 5570 703 5627 alii
724 5570 1071 5642 concinnius,
1103 5570 1251 5630 ut‘in
1293 5581 1467 5630 textu.

1871 1791 2120 1847 omnium
2149 1791 2473 1847 misereatur
2500 1791 2674 1862 (Rom.
2707 1807 2787 1858 XI,
2823 1787 2962 1859 32.)-
3002 1787 3118 1843 Hoc
3138 1784 3282 1841 dixit
3318 1783 3468 1856 quod

1871 1897 2035 1954 supra
2078 1882 2402 1950 memoravi,
2456 1881 2586 1954 quia
2637 1881 2729 1936 lex
2791 1879 2860 1936 ad
2918 1877 3024 1935 hoc
3084 1875 3212 1932 data
3252 1881 3354 1942 est,
3402 1881 3466 1929 ut

1870 1979 2178 2044 peccatores
2205 1989 2326 2028 reos
2352 1987 2408 2028 se
2437 1971 2640 2029 scirent
2668 1969 2812 2042 apud
2862 1971 3058 2025 Deum.
3103 1963 3468 2023 Manifestatis

1873 2060 2020 2117 enim
2065 2061 2302 2133 peccatis
2341 2061 2474 2129 suis,
2517 2058 2764 2118 conclusi
2808 2065 2960 2126 sunt,
3004 2064 3065 2112 ut
3105 2071 3160 2112 se
3202 2069 3466 2112 excusare

1874 2166 1982 2205 non
2022 2160 2261 2222 possent,
2285 2151 2379 2208 sed
2409 2158 2715 2224 quaererent
2749 2145 3219 2212 misericordiam;
3252 2153 3313 2201 ut
3364 2160 3469 2198 ve—

1876 2238 2029 2295 niens
2053 2241 2145 2313 qui
2175 2239 2477 2313 promissus
2502 2248 2618 2296 erat
2666 2239 2920 2308 Abrahae,
2971 2236 3135 2293 ﬁdem
3195 2235 3367 2292 solam
3403 2233 3469 2289 ab

1875 2326 1954 2381 eis
1981 2338 2244 2398 posceret,
2277 2345 2440 2402 quam
2471 2327 2666 2386 habuit
2695 2327 2994 2394 Abraham;
3025 2334 3087 2382 ut
3116 2334 3170 2382 et
3195 2326 3464 2381 malorum

1877 2431 2102 2472 suorum
2132 2418 2340 2485 veniat,
2367 2425 2420 2473 et
2440 2415 2898 2488 justiﬁcationem
2944 2423 3304 2470 mererentur.
3355 2413 3471 2468 Hoc

1874 2504 2021 2560 enim
2072 2506 2516 2562 manifestaverat
2562 2508 2708 2562 Deus
2749 2523 2844 2577 per
2881 2505 3074 2562 Isaiam
3122 2503 3466 2576 prophetam,

1876 2593 2100 2652 dicens:
2164 2622 2182 2643 ι
2223 2597 2422 2654 Veniet
2463 2613 2532 2651 ex
2575 2596 2729 2664 Sion,
2778 2596 2872 2669 qui
2921 2595 3118 2668 eripiat
3166 2604 3220 2651 et
3265 2602 3476 2650 avertat

1877 2682 2218 2756 impietatem
2261 2686 2330 2742 ab
2367 2685 2552 2755 Iacob,
2598 2693 2652 2742 et
2707 2685 2812 2742 hoc
2839 2685 2945 2741 erit
2991 2685 3105 2741 illis
3133 2701 3164 2741 a
3197 2701 3283 2740 me
3313 2692 3473 2740 testa-

1879 2785 2147 2845 mentum,
2177 2794 2302 2834 cum
2345 2777 2619 2833 abstulero
2668 2783 2888 2848 peccata
2928 2791 3116 2832 eorum
3162 2774 3299 2845 (Isa.
3351 2792 3467 2842 ιιι,

1885 2867 2000 2938 20).
2035 2893 2053 2915 .

1947 2957 2129 3028 (Vers.
2157 2957 2242 3013 23.
2283 2957 2300 3025 )
2338 2982 2354 3004 ι
2376 2957 2536 3014 Prius
2560 2957 2708 3014 enim
2740 2973 2903 3030 quam
2946 2955 3157 3012 veniret
3186 2954 3342 3023 ﬁdes,
3368 2953 3469 3010 sub

1878 3050 1994 3119 lege
2033 3046 2498 3116 custodiebamur,
2544 3046 2792 3103 conclusi
2860 3045 2919 3102 in
2967 3046 3212 3102 eamdem
3275 3045 3461 3110 ﬁdem,

1880 3155 2000 3211 quae
2030 3138 2330 3210 incipiebat
2363 3137 2613 3192 revelari.
2657 3162 2673 3184 ι
2719 3137 2833 3192 Hoc
2852 3143 2953 3202 est,
2996 3135 3143 3207 quod
3176 3132 3470 3204 dicit,quia

1879 3235 2171 3300 antequam
2195 3227 2408 3282 veniret
2435 3226 2704 3292 Salvator,
2743 3223 2848 3278 sub
2879 3223 3013 3295 legis
3045 3221 3297 3280 custodia
3351 3236 3469 3291 age-

1881 3317 2096 3384 bamus,
2158 3331 2226 3370 ne
2273 3330 2662 3387 peccaremus:
2718 3319 2779 3368 ut
2810 3312 3064 3368 veniente
3109 3309 3473 3384 promissione

1882 3407 2034 3481 digni
2079 3424 2339 3464 essemus.
2381 3407 2492 3464 Hac
2533 3405 2681 3462 enim
2724 3420 2817 3476 spe
2853 3406 2941 3460 lex
2993 3411 3141 3460 tutos
3181 3402 3474 3475 praestabat

1882 3514 2000 3565 nos,
2058 3506 2120 3555 ut
2167 3497 2410 3554 venienti
2458 3494 2677 3554 Christo
2728 3494 2948 3550 offerret
2975 3510 3096 3561 nos,
3151 3491 3208 3548 id
3247 3499 3327 3548 est
3382 3493 3470 3548 Ju-

1881 3587 2046 3644 daeos.

1956 3679 2137 3749 (V'ers.
2170 3677 2285 3750 24.)
2349 3702 2366 3724 ι
2414 3678 2602 3751 Itaque
2649 3677 2741 3732 lex
2787 3676 3108 3749 paedagogus
3135 3681 3321 3731 noster
3367 3674 3475 3730 fuit

1885 3765 1941 3822 in
1972 3766 2188 3825 Christo
2215 3767 2362 3836 Jesu,
2391 3774 2452 3822 ut
2499 3783 2568 3822 ex
2616 3765 2725 3822 ﬁde
2767 3764 3218 3836 justiﬁcaremur.
3259 3789 3276 3811 ι
3323 3762 3474 3817 Idem

1884 3873 2072 3914 sensus
2095 3865 2196 3924 est,
2237 3856 2368 3930 quia
2402 3856 2504 3914 sub
2551 3872 2684 3913 cura
2710 3855 2845 3926 legis
2893 3868 3134 3919 eramus,
3166 3851 3342 3908 donec
3371 3866 3476 3907 ve-

1884 3946 2027 4002 niret
2059 3947 2332 4014 Christus,
2364 3945 2459 4019 qui
2487 3962 2586 4000 nos
2615 3942 2898 4000 credentes
2909 3941 3264 4013 justiﬁcaret.

1959 4037 2139 4106 (Vers.
2173 4036 2262 4103 25,
2293 4035 2408 4107 26.)
2460 4057 2478 4080 ι
2523 4031 2792 4091 Veniente
2835 4038 3016 4086 autem
3056 4029 3183 4098 ﬁde,
3209 4028 3322 4102 jam
3363 4046 3473 4088 non

1883 4125 1985 4182 sub
2016 4125 2306 4198 paedagogo
2364 4139 2590 4190 sumus;
2634 4137 2822 4178 omnes
2860 4119 3006 4178 enim
3061 4119 3164 4177 ﬁlii
3206 4120 3306 4176 Dei
3345 4120 3477 4178 estis

1884 4230 1980 4286 per
2007 4213 2194 4282 ﬁdem,
2223 4229 2343 4286 quae
2373 4219 2454 4269 est
2485 4212 2542 4268 in
2596 4211 2816 4271 Christo
2860 4211 3008 4269 Jesu.
3047 4237 3064 4260 ι
3135 4210 3248 4268 Sub
3280 4210 3474 4283 pada-

1884 4319 2019 4374 gogo
2047 4302 2140 4366 qui
2200 4302 2334 4375 agit,
2395 4302 2681 4374 potestatis
2736 4319 2847 4359 sua:
2876 4318 2988 4358 non
3043 4309 3160 4368 est;
3214 4302 3478 4373 parvulus

1882 4392 2029 4447 enim
2085 4398 2138 4447 et
2207 4391 2451 4449 lubricus
2496 4391 2564 4448 ad
2623 4392 2960 4466 peccandum
3039 4391 3142 4450 sub
3199 4389 3475 4463 paedagogi

1879 4497 2009 4536 cura
2056 4481 2306 4539 habetur.
2355 4483 2621 4540 Veniente
2666 4492 2846 4541 autem
2891 4483 3131 4549 Christo,
3170 4481 3263 4553 qui
3322 4485 3476 4552 quasi

1885 4569 1952 4626 de
1998 4571 2306 4629 minoribus
2352 4572 2486 4629 facit
2528 4572 2780 4645 majores,
2835 4571 3057 4628 liberati
3101 4570 3168 4625 de
3213 4575 3477 4640 potestate

1885 4659 2182 4733 paedagogi,
2213 4679 2309 4734 per
2345 4661 2690 4718 ablutionem
2736 4670 3085 4732 peccatorum
3116 4656 3246 4712 facti
3286 4669 3477 4709 sumus

1886 4746 1988 4802 ﬁlii
2015 4748 2278 4814 Dei,cum
2306 4765 2548 4804 essemus
2575 4748 2721 4802 servi
2753 4747 2982 4817 peccati.

1959 4844 2139 4915 (Vers.
2174 4845 2292 4913 27.)
2341 4868 2358 4890 ε
2387 4843 2670 4912 Quotquot
2697 4841 2845 4897 enim
2900 4842 2959 4895 in
3013 4839 3235 4896 Christo
3276 4837 3478 4910 bapti—

1885 4931 1992 4988 zali
2035 4930 2184 4999 estis,
2226 4929 2507 4988 Christum
2556 4926 2838 4984 induistis.
2892 4952 2908 4975 ι
2971 4927 3088 4982 Hoc
3133 4924 3291 4993 dicit,
3351 4927 3480 5000 quia

1887 5018 2169 5077 credentes
2215 5018 2348 5074 dum
2397 5016 2786 5084 immutantur,
2855 5013 3137 5073 Christum
3199 5015 3474 5086 induunt;

1888 5107 2106 5183 quando
2135 5109 2240 5166 hoc
2263 5107 2630 5182 appellantur,
2661 5106 2809 5179 quod
2848 5104 3103 5164 credunt.

1961 5199 2142 5270 (Vers.
2169 5198 2256 5255 28.
2294 5197 2314 5269 )
2350 5217 2377 5252 α
2406 5198 2527 5256 Non
2557 5205 2638 5254 est
2665 5195 2885 5255 Judaeus
2911 5211 3084 5268 neque
3113 5195 3371 5254 Graecus:

1889 5303 2002 5343 non
2052 5294 2134 5343 est
2187 5302 2398 5356 servus,
2448 5302 2624 5360 neque
2651 5286 2826 5343 libera
2858 5305 2871 5354 ;
2906 5297 3019 5344 non
3061 5292 3144 5339 est
3178 5286 3477 5355 masculus,

1893 5393 2067 5450 neque
2109 5376 2352 5445 femina;
2411 5395 2601 5434 omnes
2653 5377 2799 5433 enim
2863 5391 2964 5430 vos
3017 5388 3190 5428 unum
3252 5376 3383 5432 estis
3426 5377 3483 5433 in

1967 5502 2080 5572 (67)
2115 5503 2269 5556 Rom.
2319 5504 2478 5569 edit.,
2508 5521 2656 5574 quem
2708 5503 2977 5559 arbitrum
3014 5497 3301 5572 constituit,
3335 5519 3488 5575 pm-

1895 5572 2090 5628 dicasse
2105 5578 2406 5642 putaretur.
