3908 6192
483 281 588 338 379

1508 273 1605 326 AD
1644 269 1880 327 OPERA
1917 269 1974 326 S.
2009 267 2343 326 AMBROSII
2380 263 2761 323 APPENDIX.

3703 268 3804 327 380

484 405 706 470 Christo
730 403 907 461 Jesu.»
945 401 1165 461 Nullam
1194 399 1517 457 distantiam
1549 397 1686 456 dicit
1709 396 2076 468 credentium,
2109 401 2159 460 A
2190 395 2496 470 promissus
2521 391 2852 451 fuerat.ldeo
2887 391 3037 452 ultra
3069 391 3353 450 neminem
3391 394 3658 468 oportuit
3687 396 3798 456 cir-

484 508 548 558 ut
574 495 717 555 nulli
745 492 1136 568 praejudicetur
1164 490 1299 566 quid
1325 489 1518 558 fuerit,
1547 498 1842 563 antequam
1875 489 2082 546 crede-

484 594 603 655 ret;
625 581 885 642 omnibus
913 582 1062 639 enim
1091 579 1180 637 his
1207 596 1380 637 unum
1409 578 1697 636 decretum
1731 587 1815 636 est
1848 578 2079 636 donum.

484 675 648 751 Apud
676 676 852 732 Deum
895 671 1048 729 enim
1075 670 1230 726 nulla
1276 668 1536 726 discretio
1577 683 1934 740 personarum
1977 678 2081 738 est,

485 767 595 826 nisi
619 779 837 823 morum
861 769 915 820 et
938 761 1106 828 vitae;
1141 767 1204 816 ut
1237 758 1492 816 homines
1511 758 1680 816 unius
1707 759 1838 816 ﬁdei
1869 759 2082 817 meritis

484 857 912 928 distinguantur,
943 866 1056 908 non
1088 847 1358 924 personis.

557 947 738 1019 (Vers.
775 942 891 1015 29.)
948 965 968 988 ι
1007 940 1064 998 Si
1112 957 1239 1012 ergo
1281 956 1382 997 vos
1428 955 1618 996 omnes
1645 956 1824 996 unum
1863 940 1994 998 estis
2022 941 2081 997 in

481 1035 702 1095 Christo
728 1034 878 1103 Iesu,
903 1047 1032 1105 ergo
1060 1030 1295 1088 Abrahae
1331 1047 1520 1089 semen
1566 1032 1718 1101 estis,
1773 1033 2077 1092 secundum

483 1124 901 1203 promissionem
931 1121 1174 1180 hzeredes
1205 1122 1346 1196 (68).
1370 1148 1390 1172 ι
1433 1121 1631 1179 Semen
1679 1123 1918 1182 Abrahae
1949 1133 2082 1181 sunt

485 1233 675 1276 omnes
696 1216 1000 1285 credentes,
1047 1213 1176 1289 quia
1216 1212 1496 1271 Abraham
1528 1222 1687 1289 pater
1717 1226 1798 1275 est
1824 1216 2079 1274 omnium

482 1307 862 1374 credentium;
911 1313 965 1362 et
1001 1305 1049 1362 si
1073 1304 1176 1361 ﬁlii
1210 1313 1360 1374 sunt,
1412 1308 1728 1364 necessario
1751 1316 1806 1365 et
1835 1307 2082 1382 promis-

483 1399 656 1456 sionis
701 1396 820 1470 ejus
867 1395 1155 1463 haeredes;
1203 1406 1265 1452 ut
1310 1405 1716 1470 consequantur
1767 1415 1864 1471 per
1892 1398 2078 1467 ﬁdem,

482 1489 629 1563 quod
681 1485 1012 1561 promissum
1065 1493 1146 1543 est
1189 1484 1446 1556 Abrahae,
1478 1495 1540 1544 ut
1577 1488 1870 1564 participes
1896 1489 2073 1546 simus

475 1577 889 1652 justiﬁcationis
917 1575 1035 1650 ejus
1063 1575 1122 1633 in
1147 1592 1312 1648 regno
1333 1576 1619 1636 cmlorum.

1087 1724 1315 1784 CAPUT
1380 1726 1477 1784 IV.

558 1855 739 1926 (Vers.
773 1854 822 1922 1,
855 1853 935 1925 2.)
983 1877 1001 1901 ι
1029 1852 1165 1910 Dico
1209 1861 1393 1910 autem
1422 1851 1572 1926 quod
1612 1851 1858 1926 quandiu
1908 1851 2082 1910 haeres

485 1945 751 2020 parvulus
777 1952 876 2013 est,
910 1943 1052 2000 nihil
1080 1943 1264 2000 diﬁ'ert
1293 1961 1324 1999 a
1354 1960 1536 2012 servo,
1578 1960 1704 2001 cum
1733 1943 2082 2000 sitdominus

483 2035 778 2101 omnium;
829 2034 926 2092 sed
971 2033 1075 2090 sub
1120 2033 1469 2092 curatoribus
1527 2041 1582 2089 et
1651 2032 1930 2090 actoribus
1999 2039 2082 2089 est

483 2143 654 2202 usque
695 2126 763 2182 ad
790 2124 1127 2198 praeﬁnitum
1172 2130 1392 2196 tempus
1421 2138 1453 2178 a
1493 2131 1668 2196 patre.
1702 2147 1721 2171 ι
1766 2123 1977 2181 Verum
1999 2129 2083 2179 est

483 2218 612 2294 quia
644 2218 738 2291 jus
782 2223 963 2290 patres
1010 2214 1430 2284 ordinaverunt,
1479 2223 1534 2271 et
1585 2229 1759 2287 usque
1793 2214 1863 2271 ad
1915 2229 2081 2287 quam

483 2312 697 2364 aetatem
727 2304 1005 2378 subjectus
1033 2302 1227 2360 debeat
1272 2317 1388 2359 esse
1445 2301 1687 2373 adultus,
1720 2311 2077 2372 statuerunt;

484 2397 652 2454 itaut
680 2395 926 2470 quandiu
956 2395 1221 2469 parvulus
1251 2402 1353 2462 est,
1405 2391 1660 2451 libertate
1701 2411 1799 2450 sua
1848 2394 1931 2452 uti
1963 2410 2079 2450 non

487 2486 679 2563 possit,
710 2501 888 2560 neque
918 2489 1063 2548 223
1109 2481 1386 2540 dominari
1425 2481 1583 2555 quasi
1612 2481 1790 2540 heres
1822 2499 1836 2550 ;
1865 2483 1962 2540 sed
1991 2484 2083 2540 si-

484 2583 634 2642 milis
663 2599 830 2656 prope
853 2581 1026 2640 servis
1057 2580 1117 2638 in
1161 2579 1484 2640 conditione
1511 2588 1607 2656 est
1639 2590 1960 2640 curatorum
1993 2584 2081 2638 vel

484 2683 752 2733 actorum.
799 2673 916 2730 Hoc
951 2671 1204 2746 exemplo
1258 2669 1455 2746 probat
1492 2687 1607 2740 eos,
1664 2669 1761 2744 qui
1806 2670 1910 2727 sub
1960 2671 2082 2742 lege

485 2765 733 2831 fuerunt,
764 2764 1024 2836 parvulos
1053 2761 1222 2819 fuisse
1261 2761 1409 2821 circa
1451 2760 1737 2829 meritum,
1769 2776 1872 2818 nec
1920 2759 2082 2816 liber-

484 2861 654 2910 tatem
683 2851 940 2908 habuisse
967 2870 981 2918 ;
1009 2851 1140 2924 quia
1166 2851 1226 2907 in
1259 2850 1584 2908 conditione
1613 2850 1752 2924 legis
1778 2857 1938 2907 erant
1952 2849 2081 2906 sub-

479 2939 616 3011 jecti
645 2954 807 2993 causa
826 2937 1055 3011 peccati.

559 3027 742 3099 (Vers.
775 3025 855 3098 3.)
892 3025 1014 3081 «Ita
1042 3032 1095 3080 et
1122 3039 1222 3080 nos
1259 3039 1386 3080 cum
1414 3039 1655 3082 essemus
1687 3027 1930 3099 parvuli,
1970 3026 2079 3085 sub

2189 482 2429 542 cumcidi
2446 501 2459 550 ;
2495 481 2624 557 quia
2639 479 2833 538 tandiu
2860 481 3123 538 cucurrit
3152 481 3393 555 signum,
3426 482 3796 560 quoadusque

2193 573 2423 641 veniret,
2459 572 2554 645 qui
2582 570 2884 645 promissus
2914 570 3099 628 fuerat
3147 579 3456 629 restaurare
3504 572 3708 644 ﬁdem,
3738 575 3793 632 in

2191 679 2298 736 qua
2319 660 2656 734 justiﬁcatus
2696 667 2778 717 est
2824 659 3106 718 Abraham
3151 659 3210 716 in
3244 660 3547 734 praeputio,
3595 670 3660 718 ut
3686 680 3792 721 cre-

2190 752 2453 810 dentibus
2499 767 2612 808 non
2650 767 2788 824 opus
2839 751 2915 807 sit
2945 749 3326 808 circumcisio.
3371 750 3662 808 Abraham
3705 770 3791 811 au-

2190 851 2301 900 tem
2336 842 2460 900 ideo
2508 841 2871 900 circumcisus
2924 850 3026 911 est,
3071 841 3203 916 quia
3230 841 3410 898 ﬁlium
3443 859 3504 899 se
3562 843 3792 902 credidit

2191 932 2531 1000 habiturum,
2585 931 2646 987 in
2691 947 2799 1004 quo
2842 946 3033 988 omnes
3082 939 3268 1003 gentes
3313 931 3785 992 benedicerentur.

2190 1021 2318 1078 Ideo
2346 1020 2541 1078 tandiu
2563 1020 2808 1078 cucurrit
2828 1020 3251 1093 signum,donec
3276 1021 3518 1093 veniret,
3553 1025 3655 1098 qui
3680 1035 3788 1082 erat

2191 1111 2520 1186 promissus.
2553 1110 2612 1168 Si
2653 1116 2837 1167 autem
2871 1108 2977 1167 hoc
3020 1110 3326 1181 crederent,
3360 1114 3511 1186 quod
3562 1115 3788 1173 credidit

2189 1202 2496 1271 Abraham,
2522 1218 2635 1259 non
2663 1201 2901 1259 stetisset
2927 1201 3314 1272 circumcisio;
3356 1220 3426 1260 ne
3453 1205 3602 1262 forte
3634 1223 3790 1280 oppo-

2189 1300 2433 1360 neretur,
2465 1291 2597 1366 quia
2641 1293 2689 1349 si
2735 1290 3016 1348 Abraham
3063 1290 3304 1350 credidit
3349 1303 3404 1350 et
3431 1295 3791 1354 circumcisus

2191 1391 2290 1453 est,
2321 1401 2488 1459 quare
2521 1401 2634 1441 non
2655 1382 3137 1441 circumciduntur
3164 1383 3450 1442 credentes
3481 1385 3510 1442 ?

2266 1475 2449 1547 (Vers.
2483 1475 2535 1531 6.
2571 1474 2590 1547 )
2637 1499 2656 1521 ι
2678 1473 2953 1542 Quoniam
2979 1482 3162 1531 autem
3194 1475 3326 1532 estis
3354 1475 3460 1532 ﬁlii
3479 1476 3608 1547 Dei,
3649 1476 3793 1534 misit

2191 1566 2338 1623 Deus
2365 1565 2634 1639 Spiritum
2662 1565 2792 1622 Filii
2828 1565 2914 1621 sui
2945 1565 3002 1622 in
3031 1565 3198 1622 corda
3226 1574 3434 1637 nostra,
3466 1568 3789 1626 clamantem

2190 1653 2368 1724 Abba,
2417 1656 2594 1712 Pater.
2629 1681 2648 1705 ›
2716 1654 2802 1711 Ab
2856 1653 2944 1711 his
3003 1655 3188 1728 cmpit,
3243 1655 3448 1729 quibus
3498 1665 3552 1713 et
3579 1657 3790 1725 scribit,

2111 1777 2158 1839 Β
2191 1743 2414 1802 dicens:
2462 1768 2481 1792 ι
2511 1744 2782 1812 Quoniam
2809 1751 2993 1801 autem
3023 1743 3152 1801 estis
3178 1744 3282 1800 ﬁlii
3335 1743 3435 1802 Dei
3460 1761 3473 1814 ;
3507 1770 3526 1794 ι
3569 1754 3628 1802 et
3659 1746 3784 1804 sub-

2184 1833 2370 1907 jungit
2426 1833 2663 1903 Judaeos,
2707 1850 2836 1891 cum
2877 1833 2988 1889 ait:
3064 1856 3083 1881 ι
3134 1832 3286 1891 Misit
3318 1836 3465 1892 Deus
3517 1837 3791 1910 Spiritum

2190 1927 2320 1984 Filii
2358 1926 2444 1983 sui
2488 1926 2548 1982 in
2586 1925 2751 1983 corda
2788 1932 2994 1982 nostra.
3028 1949 3048 1974 ι
3127 1925 3356 1994 Quando
3409 1936 3602 1985 autem
3652 1927 3791 1985 dixit

2192 2023 2376 2090 gentes
2402 2015 2559 2074 ﬁlios
2603 2015 2704 2073 Dei
2750 2016 3037 2073 credentes
3085 2015 3143 2072 in
3175 2015 3468 2085 Christum,
3495 2019 3600 2090 qui
3638 2019 3790 2092 prius

2191 2106 2409 2162 fuerant
2437 2105 2675 2174 inimici,
2695 2105 2928 2162 dubium
2959 2122 3072 2163 non
3099 2114 3214 2163 erat
3239 2104 3453 2163 Iudaeos
3502 2106 3790 2166 credentes

2188 2196 2300 2256 dici
2328 2197 2475 2255 ﬁlios
2497 2198 2618 2268 Dei,
2653 2215 2790 2274 quos
2828 2205 3045 2257 constat
3054 2197 3386 2271 jampridem
3413 2196 3523 2256 hoc
3556 2201 3780 2258 nomine

2191 2297 2552 2362 nuncupatos.
2611 2290 2823 2347 Nomen
2879 2289 3030 2346 enim
3105 2288 3203 2348 Dei
3249 2298 3578 2363 acceperant
3641 2292 3786 2349 velut

2190 2379 2429 2454 imagine
2462 2380 2602 2453 (69),
2663 2389 2724 2438 ut
2771 2388 2960 2453 postea
3014 2380 3438 2438 conﬁrmaretur
3493 2399 3594 2456 per
3640 2382 3786 2442 Chri-

2191 2477 2336 2526 stum
2370 2489 2383 2537 ;
2409 2471 2540 2543 quia
2565 2487 2682 2528 Sine
2711 2470 2913 2544 spiritu
2941 2487 3053 2527 non
3081 2477 3197 2527 erat
3223 2471 3474 2543 plenum.
3507 2473 3629 2532 Hoc
3686 2483 3781 2543 est,

2193 2559 2340 2634 quod
2368 2560 2505 2618 dicit
2535 2568 2590 2617 et
2624 2561 2692 2618 ad
2732 2561 3006 2618 Romanos
3038 2578 3050 2616 :
3113 2582 3132 2607 ‹
3170 2561 3292 2634 Ipse
3338 2561 3581 2634 Spiritus
3613 2563 3786 2621 reddit

2195 2649 2572 2707 testimonium
2607 2649 2828 2723 spiritui
2864 2658 3054 2707 nostro
3096 2649 3246 2724 quod
3298 2667 3494 2708 sumus
3545 2651 3655 2710 ﬁlii
3690 2652 3782 2710 Dei

2196 2740 2370 2814 (Rom.
2423 2759 2548 2810 vin,
2614 2741 2728 2814 16).
2776 2767 2795 2790 ι
2844 2742 2915 2799 Ut
2971 2742 3121 2798 enim
3161 2743 3520 2814 probaremur
3547 2743 3782 2817 adoptati

2193 2847 2307 2888 esse
2355 2849 2386 2890 a
2437 2834 2552 2889 Deo
2596 2831 2655 2888 in
2704 2830 2872 2900 ﬁlios,
2908 2831 3176 2904 Spiritum
3207 2848 3372 2890 suum
3421 2831 3583 2890 dedit
3607 2833 3777 2900 nobis,

2194 2922 2290 2995 qui
2317 2922 2536 2994 signum
2565 2923 2742 2980 Patris
2785 2922 3033 2980 ostendat
3086 2923 3145 2979 in
3186 2922 3366 2991 ﬁlios;
3416 2931 3479 2980 ut
3527 2923 3661 2997 quia
3689 2925 3783 2982 hoc

2197 3029 2307 3069 non
2337 3013 2664 3071 auderemus
2693 3013 2876 3072 dicere
2907 3013 2964 3069 in
2994 3012 3318 3071 inﬁrmitate
3363 3020 3417 3070 et
3447 3013 3779 3088 indignitate

485 3114 770 3176 elementis
810 3112 979 3186 hujus
1020 3111 1214 3171 mundi
1245 3128 1464 3170 eramus
1510 3112 1768 3185 subjecti.
1802 3141 1822 3165 ι
1865 3118 1928 3172 In
1975 3117 2080 3173 ele-
2110 3152 2154 3213 Ο
2195 3111 2401 3172 nostra:
2430 3112 2684 3213 δυεξθΐδξῖ
2710 3111 2772 3161 ιιι
2807 3102 3109 3213 δξιάξδδξηυξ
3151 3102 3383 3213 (Ῑίξδθτεζῖ
3412 3102 3610 3213 1AM”:
3642 3103 3781 3179 (Ριοά

483 3206 688 3267 mentis
717 3205 1036 3264 neomenias
1050 3202 1325 3278 signiﬁcat
1346 3209 1400 3260 et
1416 3202 1716 3260 Sabbatum
1738 3221 1752 3272 ;
1776 3206 2080 3263 neomenias

480 3299 630 3359 enim
677 3306 805 3357 sunt
848 3298 966 3357 dies
1016 3298 1258 3365 lunares,
1302 3311 1440 3369 quos
1494 3295 1793 3354 observant
1848 3297 2024 3355 Judaei
2065 3316 2077 3355 :

480 3392 778 3451 Sabhatum
807 3409 940 3450 vero
974 3390 1093 3448 dies
1122 3387 1278 3463 requi
1318 3387 1542 3446 etionis.
1571 3391 1887 3462 Antequam
1919 3389 2079 3447 veni-

483 3491 566 3540 ret
587 3497 718 3552 ergo
747 3479 1062 3552 promissio,
1105 3477 1162 3534 id
1218 3487 1319 3545 est,
1369 3487 1664 3553 antequam
1709 3479 1920 3536 donum
1951 3497 2082 3553 gra-

482 3568 574 3624 tiae
626 3569 726 3624 Dei
809 3566 1109 3639 puriﬁcans
1171 3565 1500 3637 justiﬁcaret
1571 3567 1875 3637 credentes,
1925 3569 2080 3642 quasi

482 3655 790 3728 imperfecti
819 3663 873 3710 et
916 3653 1135 3727 parvuli
1181 3670 1279 3733 per
1317 3654 1491 3726 legem
1520 3655 1640 3722 Dei,
1691 3656 1924 3728 subjecti
1965 3674 2078 3714 era-

484 3758 606 3800 mus
635 3743 936 3813 conservis,
959 3741 1115 3817 quasi
1137 3741 1448 3816 paedagogis
1473 3761 1485 3799 :
1520 3742 1745 3801 libertas
1764 3745 1912 3802 enim
1938 3762 2080 3802 nos-

485 3843 566 3892 tra
593 3835 834 3894 obnoxia
860 3845 976 3895 erat
1001 3853 1164 3894 causa
1193 3837 1421 3911 peccati.
1457 3836 1612 3894 Nihil
1647 3843 1832 3894 tamen
1861 3839 1930 3897 de
1971 3841 2079 3897 ele-

481 3925 682 3984 mentis
709 3927 999 4000 sperabant
1025 3927 1222 3997 Judaei,
1253 3927 1399 3985 sicut
1429 3936 1483 3985 et
1511 3926 1706 4001 pagani
1733 3945 1744 3984 :
1775 3927 1872 3985 sed
1918 3946 2080 3988 crea-

481 4022 653 4073 torem
678 4019 854 4076 Deum
884 4017 1292 4076 venerabantur
1320 4018 1379 4074 in
1418 4025 1688 4076 creatura.

554 4106 737 4176 (Vers.
764 4108 820 4178 4,
852 4109 933 4180 5.)
979 4133 998 4156 ι
1023 4109 1097 4166 At
1123 4109 1219 4165 ubi
1266 4109 1420 4166 venit
1451 4106 1740 4181 plenitudo
1786 4110 2075 4184 temporis,

491 4193 642 4250 misit
693 4196 839 4251 Deus
895 4197 1098 4253 Filium
1153 4215 1314 4255 suum
1373 4198 1577 4255 factum
1608 4215 1679 4256 ex
1719 4199 1972 4268 muliere,
2001 4200 2076 4256 fa-

480 4290 632 4340 ctum
661 4283 764 4340 sub
793 4285 928 4356 lege,
956 4292 1020 4340 ut
1037 4303 1128 4343 eos
1158 4287 1252 4361 qui
1282 4287 1384 4344 sub
1407 4288 1521 4360 lege
1549 4297 1726 4359 erant,
1759 4290 2072 4358 redimeret;

481 4379 544 4428 ut
568 4371 810 4427 ﬁliorum
858 4372 1207 4445 adoptionem
1257 4377 1646 4448 reciperemus.
1695 4403 1714 4427 ι
1770 4378 2074 4435 Plenitudo

480 4460 746 4533 temporis
793 4469 875 4517 est
923 4461 1257 4534 completum
1296 4471 1514 4536 tempus
1558 4465 1704 4538 quod
1739 4467 2072 4538 praeﬁnitum

479 4550 660 4608 fuerat
685 4567 717 4606 a
743 4551 857 4607 Deo
911 4550 1088 4619 Patre,
1122 4551 1339 4624 quando
1371 4552 1618 4610 mitteret
1650 4555 1854 4611 Filium
1883 4573 2065 4627 suum,

477 4649 540 4700 ut
567 4658 638 4700 ex
665 4640 898 4715 Virgine
925 4641 1123 4711 factus,
1155 4641 1311 4715 quasi
1359 4641 1526 4698 homo
1566 4653 1904 4717 nasceretur,
1948 4648 2072 4705 sub-

470 4731 671 4806 jiciens
697 4749 757 4790 se
788 4732 893 4806 legi
922 4749 1095 4807 usque
1138 4732 1206 4790 ad
1252 4740 1470 4806 tempus
1516 4733 1816 4808 baptismi;
1850 4745 1912 4794 ut
1966 4739 2074 4795 for-

475 4840 620 4880 mam
666 4825 823 4882 daret
878 4822 1156 4897 quomodo
1210 4832 1521 4896 peccatores
1575 4824 1773 4896 abluti,
1805 4834 1860 4883 et
1885 4845 1917 4883 a
1936 4827 2072 4902 jugo

477 4913 611 4986 legis
649 4911 823 4986 erepti
849 4912 1174 4987 dignatione
1217 4913 1338 4982 Dei,
1380 4913 1484 4970 ﬁlii
1536 4916 1586 4972 ei
1646 4915 2065 4989 adoptarentur,

477 5003 620 5060 sicut
661 5003 988 5076 promiserat
1055 5003 1353 5078 redemptis
1399 5005 1664 5078 sanguine
1747 5007 1878 5064 Filii
1929 5005 2066 5080 ejus.

2107 4520 2155 4580 D

2191 3201 2273 3250 est
2326 3201 2501 3267 pater.
2527 3193 2776 3269 Denique
2826 3194 3032 3252 Judaeis
3079 3193 3185 3252 hoc
3209 3192 3540 3267 jamdudum
3572 3212 3686 3253 non
3711 3202 3783 3253 est

2191 3303 2510 3347 concessum
2537 3288 2741 3346 dicere.

2266 3387 2451 3461 (Vers.
2484 3388 2563 3460 7.)
2600 3411 2619 3434 ι
2647 3388 2837 3460 Itaque
2867 3384 2983 3458 jam
3014 3401 3127 3441 non
3147 3393 3229 3442 est
3247 3387 3562 3456 servus,sed
3582 3387 3768 3446 ﬁlius»

2188 3479 2310 3536 Non
2341 3484 2422 3534 est
2451 3492 2662 3546 servus,
2695 3474 2826 3550 quia
2870 3474 3119 3532 sublatus
3147 3483 3229 3533 est
3249 3491 3283 3531 a
3331 3483 3603 3550 potestate
3637 3479 3778 3552 legis,

2189 3567 2372 3624 socius
2414 3568 2592 3625 factus
2631 3563 3036 3622 benedictionis
3083 3564 3303 3638 proprii
3350 3565 3484 3623 Filii
3511 3567 3635 3624 Dei.
3681 3592 3699 3616 ι
3725 3565 3777 3624 Si

2189 3665 2372 3715 autem
2402 3656 2571 3724 ﬁlius,
2598 3663 2651 3713 et
2674 3654 2848 3712 haeres
2879 3670 2980 3727 per
3007 3655 3209 3711 Deum.
3243 3679 3260 3703 ι
3297 3654 3546 3735 Dubium
3582 3673 3691 3714 non
3704 3665 3774 3714 est

2189 3748 2318 3822 quia
2372 3745 2495 3804 ideo
2550 3745 2674 3820 quis
2731 3745 2954 3819 adoptat
3010 3744 3120 3802 sibi
3171 3745 3373 3815 ﬁlium,
3419 3756 3483 3805 ut
3509 3747 3775 3805 haeredem

2189 3838 2348 3895 illum
2399 3837 2692 3911 relinquat.
2725 3836 2831 3894 Sed
2885 3834 3184 3892 haereditas
3231 3852 3303 3892 ex
3333 3844 3512 3895 morte
3542 3835 3776 3909 alicujus

2188 3928 2479 4002 provenit;
2511 3925 2646 4000 quid
2673 3933 2756 3983 est
2783 3941 2930 4000 ergo,
2981 3934 3044 3983 ut
3083 3927 3346 3985 mortales
3400 3926 3647 3984 haeredes
3669 3925 3778 3998 ejus

2187 4020 2460 4089 dicantur,
2499 4021 2597 4093 qui
2651 4035 2866 4093 semper
2917 4018 3120 4075 vivit?
3168 4017 3274 4075 Sed
3321 4017 3606 4090 Scriptura
3637 4029 3776 4073 more

2185 4118 2371 4166 nostro
2417 4109 2682 4182 loquitur,
2734 4117 2796 4166 ut
2840 4108 3146 4181 intelligere
3189 4123 3514 4180 possumus;
3545 4114 3609 4163 ut
3638 4107 3774 4165 enim

2186 4197 2436 4255 ostendat
2468 4196 2728 4255 daturum
2757 4205 2967 4272 patrem
3006 4196 3142 4254 ﬁliis
3191 4196 3260 4253 de
3301 4196 3463 4253 bonis
3493 4195 3628 4266 suis,
3664 4196 3772 4252 haec

2185 4306 2304 4362 quae
2325 4287 2551 4345 daturus
2580 4297 2683 4358 est,
2713 4287 3091 4346 hereditatem
3118 4287 3378 4360 appellat.

2258 4380 2438 4452 (Vers.
2471 4379 2552 4452 8.)
2599 4405 2617 4428 ι
2648 4378 2754 4436 Sed
2795 4387 2927 4436 tunc
2953 4376 3178 4452 quidem
3209 4377 3527 4449 ignorantes
3582 4378 3770 4441 Deum,

2187 4471 2257 4530 iis
2284 4472 2381 4545 qui
2409 4480 2605 4528 natura
2632 4488 2745 4529 non
2773 4480 2904 4529 sunt
2932 4469 3032 4538 dii,
3064 4467 3410 4527 serviebatis.
3439 4493 3458 4518 ι
3507 4468 3772 4537 Quoniam

2186 4562 2339 4635 prius
2368 4578 2465 4635 per
2491 4560 2857 4634 ignorantiam
2887 4560 3185 4634 peccabant
3225 4559 3533 4618 servientes
3591 4559 3768 4626 idolis,

2183 4651 2480 4708 facileillis
2512 4651 2765 4724 ignotum
2799 4649 3092 4724 signiﬁcat,
3139 4647 3285 4706 sicut
3312 4648 3455 4706 dicit
3492 4648 3550 4706 in
3581 4649 3768 4706 Genesi

2182 4740 2504 4798 Abimelech
2545 4740 2612 4797 ad
2641 4742 2852 4797 Deum:
2901 4765 2919 4788 ι
2948 4738 3203 4808 Domine,
3249 4738 3454 4811 inquit,
3507 4738 3771 4814 numquid

2182 4840 2393 4904 gentem
2428 4831 2770 4904 ignorantem
2807 4829 3000 4902 perdes
3028 4829 3183 4901 (Gen.
3216 4845 3315 4896 xx,
3346 4827 3404 4901 4)
3429 4828 3458 4885 ?
3488 4855 3507 4878 ι

2253 4921 2435 4991 (Vers.
2468 4920 2548 4991 9.)
2621 4945 2639 4967 ‹
2688 4921 2849 4978 Nunc
2907 4928 3088 4978 autem
3139 4925 3539 4991 cognoscentes
3569 4918 3760 4983 Deum,

2178 5007 2291 5066 imo
2324 5025 2456 5065 vero
2503 5008 2746 5082 cognitia
2800 5010 2934 5080 Deo,
2977 5005 3254 5082 quomodo
3300 5007 3506 5064 iterum
3536 5021 3768 5064 conver-

473 5091 812 5150 Salvatorem
841 5101 1023 5152 autem
1055 5109 1275 5153 necesse
1303 5102 1420 5153 erat
1448 5094 1570 5152 ﬁeri
1614 5094 1716 5151 sub
1747 5095 1882 5168 lege,
1913 5094 2069 5170 quasi
2177 5097 2364 5154 timini
2397 5097 2465 5155 ad
2498 5097 2720 5155 inﬁrma
2757 5107 2812 5156 et
2845 5114 3012 5172 egena
3047 5096 3336 5165 elementa,
3370 5095 3576 5170 quibus
3594 5097 3767 5154 denuo

471 5181 652 5240 ﬁlium
679 5183 916 5241 Abrahae
938 5182 1102 5257 juxta
1121 5199 1339 5242 carnem
1364 5203 1378 5253 ;
1414 5193 1476 5242 ut
1503 5184 1865 5244 circumcisus
1892 5201 2070 5259 appa-
2176 5189 2382 5244 servire
2407 5188 2620 5246 vultis?
2652 5214 2670 5238 ι
2713 5189 2890 5246 Grave
2920 5187 3145 5244 illorum
3175 5185 3482 5244 admissum
3526 5185 3762 5249 adnotat;

475 5279 616 5331 reret
648 5271 698 5332 is
723 5289 860 5345 esse,
888 5273 985 5348 qui
1019 5273 1320 5348 promissus
1346 5273 1602 5344 Abrahae,
1637 5275 1851 5333 veniret
1881 5284 2067 5349 gentes
2176 5279 2304 5353 quia
2357 5285 2479 5352 post
2522 5279 2897 5353 cognitionem
2952 5277 3076 5349 Dei,
3135 5295 3197 5335 ea
3249 5293 3371 5351 qua
3430 5289 3761 5351 paganorum

467 5363 774 5436 justiﬁcare
821 5381 919 5439 per
961 5363 1145 5434 ﬁdem,
1204 5365 1424 5437 signum
1492 5365 1699 5423 habens
1781 5365 1920 5438 ejus,
1975 5363 2066 5422 cui
2174 5378 2325 5438 sunt,
2375 5369 2529 5442 sequi
2582 5377 2881 5442 cmperant.
2931 5369 3003 5425 Et
3037 5369 3160 5441 plus
3187 5365 3379 5424 addit:
3427 5393 3444 5415 ι
3494 5367 3631 5435 Quia
3658 5379 3762 5421 non

547 5582 663 5650 (68)
693 5582 849 5658 Boni.
874 5581 1032 5658 edit._,
1057 5599 1145 5637 vos
1173 5581 1296 5638 estis
1326 5582 1548 5654 Christi,
1579 5601 1700 5658 ergo
1725 5581 1957 5643 Abrahae
1973 5603 2064 5642 se-

2246 5589 2361 5658 (69)
2394 5588 2598 5643 Omnes
2622 5586 2755 5645 edit.
2783 5605 2845 5646 ac
2875 5586 3136 5660 nonnulli
3185 5602 3342 5660 mss.,
3388 5588 3594 5647 Nonum
3628 5584 3757 5642 enim

475 5670 585 5708 men
613 5653 732 5707 estis
757 5659 804 5710 et
827 5653 1129 5712 secundum.

2170 5658 2296 5717 olim
2325 5666 2628 5734 acceperant
2652 5661 2794 5717 velut
2824 5660 2879 5716 in
2908 5659 3207 5731 imaginem.
