3908 6192
271 273 394 334 381-

1334 275 1696 336 COMMENT.
1738 277 1811 334 IN
1847 276 2065 335 EPIST.
2105 279 2203 336 AD
2240 279 2494 339 GALAT.

3453 289 3559 348 382

270 399 365 459 isti
408 409 787 473 cognoverunt
828 401 1026 470 Deum,
1066 399 1163 458 sed
1204 399 1378 474 magis
1423 401 1630 473 cogniti
1673 417 1704 457 a
1749 403 1865 460 Deo
1895 404 1947 464 A
1972 401 2233 469 rioribus,
2274 403 2466 463 ﬁerent
2511 405 2844 465 exacerbati.
2889 407 3039 466 Nihil
3091 416 3277 468 tamen
3317 409 3425 470 sibi
3472 428 3574 472 no-

271 496 419 548 sunt.
450 513 470 536 ι
515 489 655 549 Cum
684 487 834 546 enim
863 487 921 545 hi
964 505 1076 546 non
1123 494 1269 553 224
1311 498 1621 564 quaererent
1661 493 1861 561 Deum,

267 587 560 647 advocavit
585 605 679 646 eos
708 589 774 646 ad
802 605 957 647 suam
987 590 1220 662 gratiam
1264 607 1276 646 :
1311 597 1366 647 et
1383 589 1441 646 hi
1467 590 1692 663 ingrati,
1718 592 1786 648 ad
1808 608 1870 648 ea

265 676 548 738 converti
575 686 875 751 coeperant,
928 695 1050 752 quae
1113 686 1248 736 tunc
1323 680 1598 749 colebant,
1649 682 1869 756 quando

268 769 596 842 ignorabant
621 771 826 836 Deum;
850 775 912 825 ut
928 776 1322 825 venerarentur
1356 769 1579 826 inﬁrma
1611 779 1665 828 et
1702 788 1871 844 egena

267 859 560 930 elementa,
619 867 674 916 et
728 875 836 915 non
892 865 1005 915 tota
1071 867 1251 915 mente
1314 858 1620 928 Christum,
1662 861 1721 917 in
1759 878 1868 934 quo

268 948 456 1005 omnis
500 947 773 1005 inhabitat
811 947 1093 1004 divinitas.
1141 947 1365 1004 lnﬁrma
1405 957 1460 1005 et
1510 965 1678 1021 egena
1731 951 1870 1008 dicit

269 1039 563 1106 elementa,
594 1038 722 1112 quia
760 1037 1076 1112 imperfecta
1091 1047 1252 1107 sunt;
1284 1038 1352 1096 ad
1383 1038 1685 1112 regendum
1717 1040 1867 1096 enim

272 1125 545 1182 mundum
583 1127 819 1184 invicem
847 1135 1008 1200 egent
1035 1128 1122 1185 sui
1155 1145 1166 1185 :
1200 1127 1260 1185 in
1289 1127 1513 1188 Christo
1543 1136 1727 1186 autem
1747 1146 1865 1202 per-

267 1215 414 1274 fecta
439 1217 584 1273 salus
608 1223 709 1272 est.

345 1305 528 1375 (Vers.
564 1306 679 1377 10.)
726 1331 744 1352 ι
780 1305 912 1362 Dies
940 1306 1265 1377 observatis,
1294 1314 1347 1363 et
1379 1322 1613 1375 menses,
1643 1314 1699 1364 et
1729 1314 1865 1364 tem-

265 1413 418 1469 pora,
445 1406 498 1454 et
526 1415 718 1455 annos.
752 1423 771 1447 ι
813 1398 945 1465 Quae
973 1398 1244 1455 elementa
1293 1399 1518 1470 dixerit,
1569 1417 1717 1458 nunc
1760 1399 1866 1456 de-

263 1486 458 1543 clarat.
489 1485 644 1544 Diem
672 1487 755 1543 sol
786 1487 937 1556 facit,
995 1504 1210 1544 menses
1256 1505 1447 1546 cursus
1491 1489 1635 1547 lunae
1670 1509 1681 1547 :
1715 1495 1866 1546 tem-

267 1591 404 1648 pora
457 1593 588 1632 vero
633 1584 765 1633 sunt
833 1594 948 1646 ver,
1011 1586 1188 1647 aestas,
1255 1587 1578 1650 autumnus,
1637 1579 1860 1638 hiems:

269 1674 510 1738 quatuor
566 1666 705 1735 haec,
748 1666 1020 1739 completo
1067 1683 1298 1724 numero
1363 1667 1608 1741 proprio,
1651 1669 1865 1728 faciunt

1978 492 2153 549 cuisse
2174 493 2300 550 illos
2318 493 2470 562 dicit;
2494 495 2626 568 ipsis
2649 513 2796 555 enim
2819 497 3005 556 oberat
3020 499 3287 559 delictum
3309 500 3562 562 illorum:

1979 581 2276 654 Apostolus
2302 583 2447 640 enim
2487 584 2808 658 impleverat
2848 589 3090 647 ofﬁcium
3140 589 3572 664 dispensationis

1980 672 2085 729 sibi
2116 672 2356 740 creditae,
2407 681 2467 730 ut
2520 675 2671 730 omni
2715 693 2840 732 cum
2903 679 3191 751 diligentia
3244 681 3574 754 praedicaret

1982 763 2081 832 eis,
2111 763 2254 821 sicut
2290 763 2427 822 dicit
2475 765 2743 821 Dominus
2788 765 2856 824 ad
2899 769 3218 839 prophetam
3269 771 3567 830 Ezechiel:

1998 880 2016 903 ι
2044 857 2147 925 Τιι,
2193 856 2396 930 inquit,
2434 856 2670 928 praedica
2699 875 2709 912 :
2739 856 2785 913 si
2829 864 2881 912 te
2927 857 3223 927 audierint,
3272 861 3570 918 lucraberis

1981 960 2109 1012 eos;
2143 945 2188 1001 si
2221 945 2539 1019 quominus,
2576 952 2632 1000 tu
2653 943 2892 1001 salvabis
2919 945 3158 1002 animam
3189 954 3342 1002 tuam
3370 949 3565 1008 Exodi.

1980 1051 2062 1102 ιιι,
2098 1035 2183 1104 19,
2217 1035 2332 1104 21).
2368 1061 2385 1083 ι

2052 1125 2233 1193 (Vers.
2270 1123 2477 1194 13,14.)
2498 1149 2515 1170 ε
2536 1123 2702 1181 Scitis
2727 1122 2857 1197 quia
2877 1139 2972 1196 per
2992 1123 3371 1181 inﬁrmitatem
3391 1127 3575 1185 carnis

1979 1215 2348 1288 evangelizavi
2404 1214 2563 1272 vobis
2611 1213 2728 1287 jam
2781 1215 2996 1287 pridem
3045 1235 3056 1272 :
3109 1223 3163 1272 et
3209 1216 3569 1275 tentationem

1977 1316 2212 1365 vestram
2244 1309 2303 1364 in
2327 1324 2490 1366 carne
2520 1323 2640 1364 mea
2668 1321 2779 1365 non
2803 1308 3115 1380 sprevistis,
3147 1324 3327 1381 neque
3365 1308 3573 1381 respui-

1976 1398 2094 1457 stis.
2145 1400 2208 1456 In
2256 1397 2577 1456 memoriam
2635 1408 2854 1456 revocat
2903 1399 3016 1454 illis
3063 1407 3298 1471 tempus,
3347 1399 3570 1474 quando

1976 1489 2215 1561 primum
2255 1489 2577 1562 praedicavit
2611 1488 2728 1544 illis
2755 1488 3120 1561 Evangelium
3138 1489 3261 1546 Dei.
3280 1490 3406 1563 lpso
3425 1489 3571 1546 enim

1979 1589 2222 1655 tempore
2247 1580 2468 1653 injuriis
2497 1581 2757 1654 agebatur
2782 1583 3101 1654 Apostolus,
3135 1590 3189 1637 et
3217 1581 3461 1639 caedibus
3489 1580 3570 1638 in-

1977 1672 2315 1740 ﬁrmabatur;
2346 1671 2602 1728 inﬁrmus
2647 1672 2792 1728 enim
2842 1671 3082 1740 videtur,
3106 1671 3201 1744 qui
3224 1671 3571 1738 humiliatur,

267 1771 497 1814 annum.
527 1757 656 1815 Dies
684 1773 811 1830 ergo
847 1757 1161 1828 observant,
1201 1761 1297 1834 qui
1327 1761 1543 1830 dicunt,
1585 1770 1647 1819 ut
1674 1771 1808 1836 puta
1841 1781 1854 1820 :
1889 1771 1936 1831 Β
1971 1771 2025 1822 et
2053 1778 2163 1818 non
2190 1761 2396 1818 resistit
2430 1769 2652 1833 propter
2678 1759 3048 1832 Evangelium
3078 1759 3197 1815 Dei.
3244 1760 3315 1814 Et
3364 1759 3421 1816 in
3471 1758 3575 1817 hoc

268 1845 522 1903 Crastino
566 1846 1024 1919 proﬁciscendum
1054 1865 1166 1905 non
1213 1858 1336 1918 est;
1385 1859 1506 1924 post
1555 1853 1862 1910 crastinum

262 1936 416 1992 enim
472 1953 583 1994 non
640 1938 801 1995 debet
847 1939 1060 2014 aliquid
1116 1941 1370 1999 inchoari
1406 1962 1417 1999 :
1450 1951 1505 2000 et
1548 1944 1628 2001 sic
1684 1946 1865 2002 solent

264 2024 438 2097 magis
466 2024 666 2098 decipi.
700 2026 769 2083 Hi
801 2035 984 2085 autem
1014 2030 1206 2086 colunt
1254 2047 1490 2098 menses,
1521 2033 1615 2105 qui
1668 2050 1866 2091 cursus

262 2113 413 2171 lunae
433 2125 806 2188 perscrutatur
833 2117 1100 2188 dicentes,
1131 2129 1193 2176 ut
1222 2130 1354 2194 puta
1389 2141 1400 2179 ;
1434 2124 1679 2196 Septima
1727 2126 1860 2182 luna

263 2203 644 2260 instrumenta
671 2205 868 2263 conﬁci
898 2223 1009 2263 non
1038 2208 1274 2278 debent;
1303 2227 1450 2267 nona
1477 2211 1680 2269 iterum
1729 2215 1865 2270 luna

264 2309 492 2350 servum
521 2299 790 2365 emptum,
823 2301 885 2350 ut
921 2304 1053 2367 puta
1093 2297 1320 2354 domum
1368 2297 1499 2356 duci
1555 2317 1667 2357 non
1708 2319 1866 2374 opor-

262 2388 377 2447 tet;
431 2388 483 2435 et
528 2397 627 2453 per
677 2382 794 2440 haec
841 2383 1061 2440 facilius
1089 2386 1268 2442 solent
1293 2387 1522 2446 adversa
1558 2393 1867 2462 provenire.

263 2470 535 2542 Tempora
583 2486 714 2526 vero
763 2471 842 2528 sic
889 2471 1208 2541 observant,
1256 2491 1380 2532 cum
1423 2477 1619 2536 dicunt
1649 2495 1664 2537 :
1699 2481 1872 2537 Hodie

268 2563 419 2620 veris
450 2563 674 2620 initium
706 2573 806 2633 est,
839 2565 1115 2623 festivitas
1141 2575 1244 2637 est,
1271 2576 1396 2641 post
1426 2586 1547 2628 cras
1600 2573 1870 2631 Vulcana-

273 2654 350 2711 lia
377 2663 523 2712 sunt.
555 2656 628 2712 Et
670 2656 803 2713 talia
839 2657 1040 2714 iterum
1079 2660 1237 2718 aiunt
1270 2679 1282 2718 :
1315 2662 1601 2720 Posterum
1631 2675 1732 2736 est,
1762 2667 1872 2723 do-

268 2761 426 2802 mum
446 2745 630 2818 egredi
658 2762 769 2802 non
809 2746 958 2806 licet.
990 2749 1183 2807 Annos
1198 2751 1278 2808 sic
1297 2752 1508 2822 colunt,
1531 2770 1657 2810 cum
1675 2754 1872 2814 dicunt

273 2835 540 2894 Kalendis
594 2836 868 2894 Ianuariis
933 2839 1096 2896 novis
1147 2848 1230 2897 est
1286 2857 1484 2910 annus,
1541 2845 1698 2916 quasi
1755 2861 1869 2901 non

273 2923 525 2998 quotidie
553 2925 679 2982 anni
705 2927 1044 2999 impleantur
1077 2947 1087 2984 :
1121 2931 1215 2986 sed
1251 2938 1311 2986 ut
1348 2931 1472 2987 Jani
1521 2931 1675 2989 illius
1723 2950 1869 2990 reco-

271 3015 392 3072 lant
422 3012 738 3072 memoriam
789 3015 1069 3087 bifrontis,
1120 3018 1224 3076 hac
1255 3021 1646 3094 superstitione
1693 3031 1870 3079 utun-

267 3111 384 3172 tur,
419 3119 538 3178 quae
569 3103 728 3177 longe
757 3105 918 3162 debet
942 3123 1056 3164 esse
1105 3124 1137 3164 a
1193 3125 1382 3166 servus
1430 3111 1550 3167 Dei.
1605 3111 1662 3168 Si
1719 3112 1864 3168 enim
1897 3142 1938 3201 Ο

267 3193 416 3254 Deus
444 3209 513 3249 ex
542 3199 660 3248 toto
707 3195 871 3251 corde
918 3195 1200 3270 diligatur,
1249 3199 1366 3270 ipso
1407 3199 1670 3272 propitio,
1712 3201 1866 3257 nulla

267 3279 432 3337 debet
456 3297 571 3338 esse
599 3282 862 3353 formido,
894 3301 1072 3358 neque
1119 3286 1359 3361 suspicio
1397 3286 1594 3344 harum
1637 3305 1862 3356 rerum;

267 3386 528 3443 prospere
563 3371 713 3428 enim
762 3381 942 3446 potest
986 3374 1198 3444 cedere,
1233 3375 1505 3451 quidquid
1543 3377 1869 3451 simpliciter

266 3458 374 3516 sub
401 3459 500 3517 Dei
528 3460 822 3518 devotione
849 3462 934 3521 ﬁt.

345 3550 526 3621 (Vers.
560 3553 672 3626 11.)
721 3577 739 3602 ‹
768 3553 958 3610 Timeo
974 3570 1074 3611 vos
1094 3571 1162 3612 ne
1183 3555 1389 3613 frustra
1417 3557 1782 3615 laboraverim
1808 3559 1867 3616 in

269 3641 429 3700 vobis
460 3644 623 3716 (70).-
669 3645 889 3718 Duplici
916 3662 1110 3720 genere
1130 3647 1381 3705 subversi
1403 3648 1624 3706 fuerant
1639 3650 1868 3714 Galatae;

267 3742 332 3791 ut
360 3743 482 3808 post
510 3736 608 3792 Dei
637 3738 865 3810 gratiam
892 3755 1005 3795 non
1034 3741 1213 3797 solum
1241 3741 1310 3798 ad
1356 3741 1528 3814 legem
1583 3748 1867 3798 converte-

269 3832 483 3893 rentur,
513 3825 609 3884 sed
647 3825 718 3882 ad
746 3843 953 3884 errores
1002 3827 1282 3902 pristinos.
1317 3831 1539 3889 Inducti
1582 3831 1730 3888 enim
1776 3833 1864 3887 vel

265 3913 465 3984 eversi,
499 3914 555 3970 in
589 3916 762 3989 legem
792 3917 952 3974 facile
981 3919 1397 3978 declinaverant
1443 3920 1513 3977 ad
1558 3921 1869 3978 observan-

268 4004 404 4062 tiam
434 4003 648 4062 dierum
681 4014 735 4062 et
765 4007 1036 4064 mensium
1072 4028 1084 4077 ;
1117 4009 1340 4067 Sabbati
1369 4012 1521 4068 enim
1553 4011 1867 4068 observatio

263 4102 323 4151 et
351 4096 767 4155 neomeniarum
798 4105 1142 4156 attraxerunt
1171 4099 1298 4156 illos
1326 4101 1394 4158 ad
1433 4101 1567 4160 haec.
1612 4103 1742 4158 Ideo
1770 4103 1869 4158 in-

262 4184 428 4257 quit;
473 4207 492 4230 ι
522 4185 713 4243 Timeo
743 4205 810 4245 ne
839 4189 959 4244 sine
1008 4205 1171 4245 causa
1221 4189 1584 4247 laboraverim
1641 4193 1758 4264 (70)
1809 4193 1867 4248 in

262 4272 470 4339 vobis;
518 4297 536 4320 ι
592 4274 671 4330 sic
712 4275 861 4330 enim
904 4275 1126 4332 videbat
1177 4292 1269 4333 eos
1318 4277 1374 4333 in
1402 4278 1556 4350 pejus
1583 4280 1862 4350 proﬁcere,

265 4370 330 4420 ut
362 4369 587 4434 possent
608 4361 773 4419 etiam
803 4380 836 4418 a
865 4364 1085 4422 Christo
1115 4367 1333 4438 penitus
1362 4366 1633 4425 recedere.

339 4457 526 4529 (Vers.
550 4457 664 4530 i2.)
683 4458 896 4515 «Estote
910 4459 1053 4516 sicut
1070 4477 1186 4533 ego;
1212 4461 1341 4534 quia
1359 4471 1411 4518 et
1433 4479 1530 4536 ego
1549 4465 1691 4522 sicut
1707 4482 1852 4524 vos.»

264 4547 381 4603 Hoc
406 4546 565 4615 dicit,
597 4555 658 4603 ut
686 4547 818 4604 dent
855 4565 1076 4622 operam
1105 4549 1414 4625 corrigendi
1444 4569 1526 4621 ea;
1562 4554 1690 4628 quia
1750 4572 1862 4611 non

264 4646 347 4694 est
368 4637 711 4710 impossibile
742 4647 804 4695 ut
831 4639 944 4695 sint
972 4640 1115 4697 sicut
1144 4641 1257 4712 ipse
1283 4661 1296 4708 ;
1330 4642 1460 4715 quia
1503 4651 1558 4699 et
1601 4645 1714 4715 ipse
1757 4644 1862 4702 hoc

263 4735 398 4796 erat,
430 4728 489 4784 id
519 4735 600 4784 est
629 4727 816 4798 homo,
855 4729 1002 4803 quod
1029 4739 1081 4786 et
1120 4730 1203 4786 illi
1237 4749 1250 4797 ;
1298 4739 1352 4788 et
1397 4749 1524 4789 cum
1562 4732 1755 4789 fuisset
1801 4733 1859 4788 in

265 4834 446 4876 errore
491 4835 820 4894 persequens
876 4821 1202 4892 Ecclesiam,
1262 4833 1544 4897 correptus
1585 4823 1862 4882 convertit

265 4927 338 4965 se.
387 4936 405 4957 ι
437 4913 678 4980 Fratres,
709 4911 935 4970 obsecro
965 4930 1082 4982 vos,
1140 4912 1284 4970 nihil
1338 4915 1478 4972 mihi
1506 4913 1794 4971 nocuistis.
1828 4937 1845 4959 -

264 4999 418 5055 Nunc
458 5000 649 5057 mitius
677 5002 788 5074 agit
813 5019 939 5060 cum
988 5002 1086 5072 eis,
1141 5011 1195 5060 et
1235 5003 1379 5061 bona
1425 5019 1617 5061 eorum
1661 5000 1859 5072 incipit

267 5104 566 5146 memorare
596 5109 610 5158 ;
642 5101 705 5148 ut
739 5099 862 5164 post
892 5109 1114 5166 magnas
1138 5093 1511 5166 correptiones
1530 5091 1675 5148 bona
1695 5104 1857 5162 opera

263 5180 772 5250 sua(7i)audientes
817 5192 1214 5251 recrearentur,
1265 5191 1318 5238 et
1372 5181 1500 5238 data
1555 5197 1719 5253 opera
1779 5197 1856 5234 re-

265 5268 564 5327 formarent
591 5287 666 5338 se;
691 5287 759 5328 ne
786 5271 1263 5345 objurgationibus
1282 5269 1494 5328 diutius
1517 5268 1688 5342 pressi
1708 5285 1856 5340 aspe-

335 5441 453 5510 (70)
488 5442 645 5498 Rom.
680 5441 836 5510 edit.,
877 5443 1048 5500 Timeo
1078 5443 1268 5498 nesine
1286 5458 1444 5497 causa
1481 5439 1852 5497 laboraverim.

335 5513 424 5589 (71
434 5520 452 5581 )
475 5511 743 5589 Nonnulli
773 5531 926 5581 mss.,
951 5521 999 5570 et
1039 5515 1171 5589 bona
1203 5531 1365 5586 opera
1387 5530 1504 5589 sua.
1535 5513 1657 5568 Non
1675 5517 1850 5589 recte.

267 5582 593 5660 lnfra_vero,
625 5583 722 5660 ubi
755 5601 944 5660 omnes
991 5585 1123 5641 edit.
1157 5581 1619 5660 ac'pauci__mss.,
1653 5581 1856 5660 diutius

263 5655 452 5725 pressi,
481 5655 780 5729 asperiores
807 5657 993 5729 ﬂerent
1019 5651 1336 5727 exacerbati,
1366 5655 1463 5713 alii
1492 5670 1634 5712 mss.
1657 5651 1861 5710 melius

1978 1854 2159 1911 laudat
2186 1849 2550 1909 constantiam
2581 1867 2792 1919 eorum,
2827 1851 2957 1924 quia
2986 1866 3098 1906 non
3128 1856 3258 1905 sunt
3304 1849 3571 1906 abstracti

1973 1959 2004 1998 a
2032 1943 2176 1998 ﬁde:
2210 1940 2426 2013 injuriae
2455 1939 2603 1996 enim
2645 1939 2894 2012 Apostoli
2947 1938 3183 1997 tentatio
3233 1946 3349 1995 erat
3396 1939 3575 1996 Gala-

1975 2041 2174 2101 tarum,
2207 2031 2265 2087 in
2295 2048 2400 2106 qua
2441 2029 2588 2087 ﬁrmi
2625 2029 2840 2087 inventi
2890 2037 3039 2097 sunt,
3093 2045 3203 2086 non
3257 2028 3572 2086 dubitantis

1975 2123 2041 2180 de
2069 2121 2196 2180 ﬁde.
2237 2121 2461 2179 Possent
2489 2121 2658 2190 enim,
2688 2121 3006 2178 scandalum
3034 2119 3198 2193 passi,
3221 2119 3404 2176 dicere
3429 2120 3567 2191 (72):

1975 2212 2106 2280 Quae
2127 2220 2206 2268 est
2234 2211 2414 2268 virtus
2445 2218 2539 2267 aut
2572 2227 2693 2283 spes
2725 2211 2782 2267 in
2807 2210 2909 2267 hac
2937 2209 3292 2284 ﬁde,quando
3312 2209 3572 2265 minister

1977 2300 2094 2372 ejus
2123 2303 2201 2359 sic
2229 2301 2600 2358 humiliatur?
2630 2301 2735 2357 Sed
2761 2301 2889 2375 quia
2906 2300 3022 2374 jam
3068 2301 3315 2357 animum
3365 2299 3572 2356 futuris

1980 2393 2176 2464 spebus
2234 2392 2555 2457 infecerant,
2588 2398 2882 2462 praesentes
2951 2391 3137 2448 exitus
3196 2407 3296 2464 pro
3357 2389 3566 2449 Christi

1983 2481 2204 2536 nomine
2251 2497 2362 2536 non
2409 2479 2884 2552 pertimescebant,
2931 2480 3068 2536 certi
3115 2480 3278 2537 ﬁdem
3325 2487 3567 2536 nostram

1984 2586 2094 2625 non
2141 2570 2200 2624 in
2246 2569 2427 2636 terris,
2479 2568 2572 2623 sed
2618 2566 2676 2621 in
2710 2569 2864 2624 caelis
2911 2569 3109 2625 habere
3147 2568 3490 2640 dignitatem,
3521 2575 3575 2624 et

1984 2674 2081 2730 pro
2146 2657 2234 2712 his
2284 2654 2738 2711 tribulationibus
2785 2671 2976 2727 magna
3037 2656 3262 2727 rependi
3329 2653 3572 2727 praemia.

1982 2745 2255 2802 Ruborem
2312 2745 2424 2801 illis
2483 2743 2724 2813 incutit;
2784 2743 2914 2827 quia
2960 2751 3082 2817 post
3143 2743 3260 2800 haec
3317 2741 3573 2799 laudabi-

1985 2835 2056 2890 lia
2106 2835 2471 2891 circumventi
2523 2835 2760 2903 fuerant,
2820 2841 2914 2888 aut
2970 2831 3366 2904 vituperabiles
3409 2831 3573 2887 \ido~

1982 2933 2191 2981 rentur.
2239 2949 2257 2972 ι
2283 2924 2386 2981 Sed
2417 2923 2560 2980 sicut
2587 2924 2839 2996 angelum
2870 2922 2970 2979 Dei
3006 2921 3302 2995 excepistis
3345 2938 3453 2989 me,
3489 2921 3573 2977 si—

1979 3025 2074 3074 cut
2102 3015 2383 3073 Christum
2409 3016 2614 3072 Jesum.
2657 3040 2675 3063 ι
2729 3015 2842 3071 Hoc
2899 3013 3071 3087 magis
3128 3013 3314 3070 laudat
3365 3012 3422 3069 in
3471 3011 3568 3081 eis,

1978 3107 2106 3181 quia
2151 3106 2419 3179 pressuris
2465 3123 2574 3162 non
2621 3105 2959 3163 deformatus
2996 3112 3077 3160 est
3118 3104 3262 3176 apud
3319 3119 3430 3171 eos,
3476 3103 3570 3160 sed

1978 3198 2412 3265 commendatus,
2463 3197 2698 3254 scientes
2752 3213 2852 3268 pro
2895 3195 2966 3250 iis
3013 3195 3106 3267 qui
3157 3193 3410 3260 credunt,
3459 3193 3570 3266 pati

1980 3287 2140 3343 illum
2173 3285 2364 3342 exitia.
2398 3286 2552 3342 Sicut
2597 3302 2724 3357 ergo
2778 3285 3034 3356 angelum
3081 3282 3179 3338 Dei
3238 3291 3572 3355 exceperunt

1935 3407 1940 3412 ι
1980 3379 2328 3448 Apostolum,
2357 3376 2640 3434 credentes
2664 3374 2871 3431 donum
2895 3372 2991 3429 Dei
3024 3388 3138 3428 esse
3177 3372 3324 3445 quod
3365 3373 3572 3446 praedi-

1979 3474 2068 3522 cat
2100 3483 2111 3520 :
2143 3466 2221 3523 sic
2249 3466 2296 3522 ei
2349 3466 2672 3533 deferentes,
2726 3462 2879 3538 quasi
2919 3461 3024 3535 ipsi
3071 3461 3282 3518 auctori
3335 3462 3572 3519 Domino

1979 3554 2105 3610 Jesu
2134 3554 2374 3612 Christo.

2052 3643 2234 3707 (Vers.
2293 3643 2404 3714 15.)
2477 3666 2494 3688 σ
2567 3641 2697 3710 Quae
2757 3658 2882 3714 ergo
2941 3648 3058 3698 erat
3123 3639 3407 3698 beatitudo
3469 3657 3571 3696 ve-

1980 3741 2090 3790 stra
2121 3734 2238 3806 (73)
2279 3734 2306 3790 ?
2354 3759 2373 3782 ι
2445 3732 2640 3789 Beatos
2688 3731 2789 3788 hos
2846 3732 3012 3787 fuisse
3059 3731 3197 3788 dicit
3240 3735 3385 3793 225
3425 3730 3569 3802 apud

1979 3840 2199 3889 caeteras
2254 3833 2546 3901 Ecclesias,
2587 3848 2684 3904 per
2736 3831 2793 3886 id
2857 3829 3003 3902 quod
3055 3827 3288 3901 apostoli
3352 3825 3572 3896 injuriis

1980 3940 2090 3979 non
2123 3923 2532 3997 frangebantur,
2563 3923 2656 3978 sed
2682 3920 2995 3977 crescebant
3044 3918 3103 3972 in
3149 3917 3275 3973 ﬁde.
3337 3941 3354 3963 ι
3397 3915 3572 3972 Testis

1980 4013 2127 4068 enim
2186 4030 2305 4069 sum
2356 4011 2514 4067 vobis
2562 4010 2711 4084 quia,
2760 4007 2805 4064 si
2878 4007 2998 4063 ﬁeri
3050 4006 3338 4080 potuisset,
3381 4005 3571 4061 oculos

1983 4113 2191 4160 vestros
2256 4101 2555 4170 eruissetis,
2615 4108 2666 4156 et
2731 4097 3019 4156 dedissetis
3081 4096 3242 4153 mihi.
3276 4122 3294 4145 ι
3363 4096 3566 4153 Votum

1980 4211 2167 4250 eorum
2193 4192 2338 4250 circa
2369 4188 2688 4264 religionem
2719 4197 2828 4245 tam
2849 4190 3071 4263 plenum
3104 4186 3346 4244 ostendit
3377 4185 3564 4254 fuisse,

1980 4292 2042 4340 ut
2073 4301 2184 4340 non
2217 4284 2394 4340 solum
2424 4283 2562 4339 bene
2583 4281 2649 4336 ab
2678 4280 2758 4338 eis
2786 4288 3069 4354 susceptus
3091 4277 3183 4348 sit,
3216 4278 3308 4335 sed
3330 4284 3383 4334 et
3400 4276 3568 4332 fortes

1981 4375 2037 4430 in
2090 4375 2197 4431 ﬁde
2241 4373 2454 4430 inventi
2509 4372 2619 4428 sint
2671 4388 2681 4426 :
2722 4379 2775 4428 et
2814 4371 2961 4446 quod
3008 4370 3077 4427 ad
3121 4368 3338 4425 laudem
3388 4363 3562 4436 magis

1979 4464 2214 4536 proficit,
2248 4464 2432 4520 omnia
2466 4480 2601 4536 pene
2620 4478 2718 4519 sua
2749 4461 2831 4518 illi
2859 4462 3180 4518 obtulerunt
3206 4453 3562 4530 proﬂiganda.

1974 4555 2114 4610 Hinc
2144 4557 2266 4627 plus
2297 4555 2465 4620 dolet,
2497 4553 2625 4626 quia
2652 4559 2804 4606 tanta
2832 4551 3072 4606 charitas
3100 4547 3361 4604 subversa
3390 4543 3568 4597 fuerat

1974 4658 2138 4714 prava
2171 4642 2442 4698 doctrina.

2045 4733 2228 4801 (Vers.
2282 4734 2394 4801 16.)
2463 4755 2480 4777 ι
2509 4731 2654 4800 Ergo
2704 4727 2966 4785 inimicus
3009 4723 3168 4780 vobis
3205 4721 3383 4776 factus
3421 4734 3562 4786 sum,

1973 4837 2163 4876 verum
2193 4820 2382 4876 dicens
2404 4818 2562 4872 vobis
2583 4818 2609 4872 ?
2636 4841 2652 4862 ι
2704 4817 2820 4871 Hoc
2851 4814 3008 4881 dicit,
3058 4811 3186 4883 quia
3229 4825 3341 4864 non
3390 4816 3566 4880 potest

1972 4908 2092 4963 ﬁeri
2139 4915 2199 4962 ut
2247 4905 2528 4970 inimicus,
2575 4902 2780 4974 inquit,
2827 4919 2925 4974 ego
2971 4899 3128 4956 vobis
3162 4897 3286 4966 sim,
3332 4913 3565 4970 quorum

1971 5003 2124 5053 tanta
2173 4994 2317 5052 sensi
2366 4991 2646 5064 obsequia.
2691 4991 2795 5046 Sed
2824 4990 2955 5064 quia
2986 5004 3148 5046 nemo
3178 5005 3234 5045 se
3259 4988 3414 5060 argui
3444 4989 3566 5044 vult

1970 5093 2263 5153 errantem,
2297 5081 2506 5140 idcirco
2533 5077 2792 5135 inimicus
2822 5079 2980 5136 vobis
3020 5077 3249 5146 videor;
3295 5077 3443 5150 juste
3469 5094 3568 5134 vos

1971 5176 2393 5252 reprehendens.

2041 5269 2223 5339 (Vers.
2260 5265 2377 5336 17.)
2453 5285 2471 5308 ι
2523 5260 2880 5318 λΕιιιιιΙειιιῐιιι
2933 5276 3034 5315 vos
3083 5274 3197 5316 non
3256 5261 3392 5316 bene
3428 5273 3440 5313 :
3472 5259 3566 5316 sed

1972 5442 2174 5511 legunt,
2199 5448 2262 5496 ut
2290 5439 2359 5511 in!
2378 5440 2662 5511 contextu.
2767 5502 2778 5511 '
2827 5503 2836 5511 _
3073 5439 3078 5448 ’
3315 5509 3322 5511 _
3376 5499 3415 5511 ..

2041 5500 2303 5578 '(72)'Mss.
2338 5505 2590 5570 Laudun,
2620 5502 2927 5578 scandalum
2957 5517 3252 5571 proponere
3279 5509 3328 5560 et
3357 5500 3529 5555 dicere
3551 5541 3562 5552 .

1970 5571 2190 5648 Quando
2221 5578 2445 5648 Domini
2462 5590 2648 5648 servitis
2669 5571 2724 5648 ej
2732 5587 2789 5626 us
2818 5574 3046 5648 scit,etc.

2039 5649 2156 5721 (73)
2183 5653 2342 5710 Rom.
2386 5646 2545 5714 edit.,
2581 5643 2680 5703 Ubi
2700 5650 2773 5699 est
2786 5639 3210 5717 ergo’beatitudo
3239 5651 3417 5705 uestra
3442 5639 3469 5690 ?
