3908 6192
372 319 478 378 383

373 441 666 502 excludere
691 457 789 500 vos
818 442 1036 511 volunt,
1064 450 1126 497 ut
1149 461 1177 501 e
1222 459 1247 498 s
1279 439 1642 497 aemulemini.
1678 464 1696 487 ι

375 533 688 592 Ιαὰωοῐιιω
718 532 1010 589 subversos
1039 547 1130 587 eos
1159 530 1434 604 signiﬁcat
1463 547 1475 597 ;
1527 529 1778 586 videntes
1819 529 1966 586 enim

377 624 458 681 sic
481 624 610 681 illos
639 622 900 698 proﬁcere
930 623 989 679 in
1036 621 1361 694 Evangelio,
1413 627 1465 676 et
1513 627 1724 677 tantam
1771 621 1970 678 habere

375 712 699 771 charitatem
740 713 798 769 in
828 713 1112 786 Apostolo,
1148 710 1204 767 id
1247 718 1492 783 egerunt,
1529 719 1798 784 quatenus
1845 712 1972 768 illos

377 802 712 877 deciperent.
735 803 909 858 Erant
937 799 1083 857 enim
1108 799 1242 872 legis
1267 815 1429 856 causa
1443 800 1706 874 apostolis
1732 801 1968 871 inimici,

379 901 440 949 ut
478 900 731 949 manente
759 891 983 947 nomine
1005 888 1322 958 Salvatoris,
1347 889 1588 947 facerent
1612 908 1704 948 eos
1731 892 1970 961 Iudaeos,

377 982 674 1055 gaudentes
703 980 761 1036 in
794 978 1078 1036 eversione
1108 995 1296 1035 eorum
1322 997 1337 1048 ;
1378 996 1488 1035 non
1511 979 1656 1036 enim
1689 980 1975 1053 patieban-

377 1078 488 1140 tur,
532 1077 592 1127 ut
621 1069 850 1144 gratiam
883 1069 988 1126 sibi
1028 1069 1350 1143 promissam
1377 1069 1633 1126 audirent
1669 1069 1979 1127 incircum-

375 1161 505 1218 cisis
553 1161 809 1235 gentibus
863 1161 1068 1218 datam.
1116 1161 1242 1218 Ideo
1297 1160 1604 1217 imitatores
1661 1179 1788 1217 suos
1851 1161 1978 1217 illos

376 1253 673 1308 voluerunt
703 1249 844 1320 ﬁeri,
893 1258 956 1307 ut
996 1267 1146 1308 more
1185 1267 1375 1307 eorum
1424 1251 1972 1308 circumciderentur.

448 1341 632 1412 (Vers.
667 1340 779 1413 18.)
829 1363 846 1388 ι
889 1340 1253 1396 .Emulamini
1301 1349 1480 1396 autem
1535 1341 1765 1397 meliora
1809 1342 1972 1411 dona,

379 1429 586 1488 bonum
618 1430 955 1488 aamulamini
979 1447 1193 1504 semper
1231 1429 1368 1502 (74),
1399 1439 1451 1486 et
1500 1447 1610 1487 non
1639 1431 1815 1486 solum
1851 1449 1975 1489 cum

377 1537 613 1594 praesens
657 1538 777 1577 sum
823 1520 967 1594 apud
1011 1536 1127 1575 vos.
1179 1544 1196 1566 ι
1253 1519 1480 1575 Meliora
1526 1520 1670 1576 dona
1708 1519 1977 1593 spiritalia

375 1619 524 1680 sunt,
553 1628 673 1685 qua:
703 1609 904 1665 imitati
967 1608 1245 1666 habebunt
1287 1609 1542 1667 effectum
1587 1610 1732 1683 apud
1779 1612 1973 1667 Deum.

376 1702 501 1758 Haec
523 1699 793 1772 spiritalia
820 1701 965 1756 bona
992 1707 1140 1767 sunt,
1171 1716 1291 1774 quae
1317 1701 1439 1756 vult
1471 1707 1533 1756 ut
1580 1717 1792 1774 semper
1841 1699 1978 1755 imi-

376 1796 582 1856 tentur,
615 1805 726 1844 non
760 1789 829 1845 ad
854 1796 1088 1861 tempus,
1120 1789 1264 1846 sicut
1295 1789 1528 1862 pridem,
1569 1797 1664 1846 aut
1715 1806 1771 1846 se
1820 1807 1970 1863 prae—
1998 1822 2043 1884 Β

374 1886 526 1934 sente
553 1885 788 1945 tantum,
817 1885 938 1950 post
975 1885 1161 1933 autem
1201 1879 1269 1934 ad
1323 1879 1473 1935 aliud
1525 1886 1964 1948 convertantur;

375 1967 468 2023 sed
501 1967 622 2021 vult
652 1967 779 2023 illos
805 1967 872 2021 de
900 1975 1096 2022 caetero
1122 1984 1468 2041 perseverare
1500 1967 1556 2023 in
1587 1967 1753 2023 bono.

445 2056 626 2127 (Vers.
681 2054 795 2128 19.)
841 2082 857 2103 σ
883 2055 1070 2111 Filioli
1117 2057 1248 2124 mei,
1291 2073 1429 2130 quos
1466 2057 1666 2112 iterum
1700 2057 1968 2130 parturio,

373 2149 547 2206 donec
579 2147 831 2206 Christus
878 2149 1146 2206 formetur
1185 2149 1241 2203 in
1297 2149 1472 2204 vobis.
1513 2175 1532 2197 ι
1584 2149 1830 2206 Primum
1877 2166 1973 2223 per

371 2238 535 2295 ﬁdem
566 2239 692 2295 illos
718 2247 978 2312 genuerat
1010 2239 1066 2294 in
1092 2239 1366 2312 baptismo
1390 2258 1403 2307 ;
1432 2239 1526 2296 sed
1546 2239 1677 2313 quia
1703 2243 1856 2298 velut
1877 2257 1973 2314 per

371 2327 623 2384 abortum
657 2329 769 2384 nati
794 2329 934 2401 (75),
957 2328 1249 2385 deformati
1276 2337 1330 2386 et
1357 2328 1564 2386 inﬁrmi
1583 2329 1797 2386 inventi
1819 2337 1968 2400 sunt;

373 2433 522 2472 nunc
552 2434 676 2474 cum
707 2418 896 2475 dolore
924 2418 1145 2476 consilii
1177 2418 1437 2475 reformat
1465 2435 1557 2475 eos
1586 2419 1640 2474 in
1663 2419 1968 2478 Christum.

371 2505 756 2582 Concipientes
780 2509 927 2565 enim
970 2509 1156 2578 ﬁdem,
1187 2517 1242 2565 et
1293 2527 1511 2568 sensum
1563 2511 1689 2568 ﬁdei
1741 2511 1970 2567 minime

366 2595 732 2666 advertentes,
770 2598 1066 2657 formatum
1097 2599 1378 2658 Christum
1405 2601 1606 2658 animis
1630 2600 1743 2658 suis
1771 2618 1970 2674 negan-

365 2696 458 2744 tur
483 2689 719 2757 habere;
771 2689 815 2745 si
863 2689 1011 2745 enim
1057 2690 1466 2748 intellexissent
1507 2693 1737 2766 gratiam
1780 2691 1879 2749 Dei
1912 2691 1969 2746 in

365 2776 604 2848 Christo,
637 2787 761 2853 post
788 2779 956 2836 ﬁdem
1006 2780 1063 2834 in
1106 2780 1446 2852 judaismum
1500 2782 1808 2842 transducti
1857 2797 1971 2838 non

363 2876 542 2922 essent
551 2911 562 2921 .

438 2955 619 3024 (Vers.
651 2954 769 3025 20.)
819 2977 837 2999 ι
893 2954 1109 3011 Vellem
1147 2963 1329 3012 autem
1373 2973 1609 3029 praesens
1650 2975 1764 3017 esse
1820 2976 1970 3017 nunc

360 3043 505 3118 apud
533 3060 648 3112 vos,
679 3050 734 3099 et
781 3051 995 3100 mutare
1023 3059 1211 3100 vocem
1254 3061 1465 3114 meam;
1509 3047 1602 3120 qui
1653 3051 1968 3108 confundor

361 3133 418 3189 in
457 3131 634 3189 vobis.
670 3158 686 3180 ι
719 3133 962 3190 Praesens
982 3135 1103 3190 vult
1130 3151 1356 3208 arguere
1384 3134 1510 3192 illos
1539 3138 1680 3209 (76),
1708 3147 1768 3195 ut
1791 3151 1968 3198 mutet

358 3239 550 3282 vocem
575 3240 725 3280 suam
752 3224 820 3281 de
852 3225 1010 3283 laude
1038 3225 1095 3281 in
1131 3226 1594 3300 vituperationem
1643 3246 1853 3301 eorum,
1905 3241 1967 3288 ut

359 3311 567 3388 duplici
607 3331 804 3389 genere
833 3315 1269 3388 confundantur,
1318 3325 1372 3375 et
1421 3317 1488 3374 de
1535 3335 1717 3376 errore
1755 3338 1876 3392 suo,
1913 3331 1968 3378 et

359 3403 554 3460 rubore
583 3405 860 3480 Apostoli,
895 3424 1056 3481 quem
1084 3407 1398 3480 patiebatur
1424 3409 1572 3482 apud
1618 3426 1730 3480 eos,
1763 3411 1966 3485 quibus

358 3491 486 3547 illos
515 3495 854 3565 praetulerat.

429 3580 613 3652 (Vers.
636 3581 725 3648 21,
762 3581 879 3650 22.)
925 3606 942 3627 ι
972 3581 1154 3638 Dicite
1191 3583 1351 3652 mihi,
1383 3585 1477 3657 qui
1511 3585 1613 3641 sub
1641 3587 1763 3659 lege
1787 3587 1962 3643 vultis

356 3686 491 3738 esse,
530 3671 698 3742 legem
735 3687 845 3726 non
872 3671 1084 3744 legistis
1112 3672 1141 3727 τ
1194 3672 1471 3746 Scriptum
1517 3684 1597 3731 est
1642 3678 1791 3734 enim
1836 3681 1965 3754 quia

360 3759 635 3817 Abraham
675 3759 815 3818 duos
846 3759 992 3818 ﬁlios
1019 3761 1274 3817 habuerit
1307 3781 1319 3819 :
1351 3779 1522 3819 unum
1564 3765 1630 3822 de
1663 3767 1882 3839 ancilla,
1909 3779 1964 3826 et

358 3865 527 3907 unum
562 3849 630 3907 de
665 3850 855 3908 libera.
886 3876 904 3898 ι
944 3848 1060 3908 Hoc
1086 3851 1142 3907 in
1176 3851 1373 3909 Genesi
1397 3853 1652 3925 habetur,
1680 3857 1810 3930 quia
1835 3876 1962 3917 cum

354 3939 485 3995 Sara
511 3955 770 4013 generare
806 3957 918 3998 non
944 3950 1144 4016 posset,
1195 3951 1311 3999 erat
1359 3943 1504 3999 enim
1547 3945 1772 4016 sterilis,
1819 3950 1963 4022 Agar

353 4029 610 4086 ancillam
642 4048 793 4087 suam
837 4031 1042 4089 obtulit
1073 4033 1196 4090 viro
1223 4051 1323 4091 suo
1353 4034 1587 4092 Abrahae
1640 4036 1698 4093 in
1747 4055 1961 4097 concu-

351 4117 536 4174 binam
581 4138 594 4186 ;
640 4128 700 4175 ut
748 4122 894 4194 quod
964 4133 1290 4196 generasset,
1345 4125 1630 4199 adoptaret
1687 4128 1812 4184 sibi.
1870 4130 1959 4188 Sic

354 4205 559 4261 factum
589 4215 668 4261 est
693 4216 754 4262 ut
783 4210 851 4264 de
879 4210 1024 4282 Agar
1051 4222 1363 4270 nasceretur
1378 4216 1593 4272 Ismael.
1622 4218 1750 4274 Post
1775 4228 1956 4278 autem

355 4301 494 4348 nutu
526 4293 622 4349 Dei
656 4295 957 4366 promissus
987 4306 1068 4352 est
1094 4299 1328 4356 Abrahae
1360 4301 1510 4359 ﬁlius
1539 4307 1606 4362 de
1631 4307 1759 4362 Sara
1784 4325 1957 4365 uxore

353 4380 490 4452 ejus,
521 4397 642 4455 quae
669 4390 786 4438 erat
811 4384 1017 4440 sterilis
1051 4404 1062 4441 :
1090 4386 1207 4443 haec
1254 4390 1463 4462 peperit
1507 4391 1740 4450 Abrahae
1788 4397 1952 4455 Isaac.

353 4470 507 4526 Tunc
536 4469 702 4544 ccepit
731 4471 1010 4528 Abraham
1041 4473 1181 4529 duos
1227 4475 1426 4532 habere
1473 4478 1637 4548 ﬁlios,
1687 4499 1860 4539 unum
1887 4487 1955 4543 de

349 4558 572 4627 ancilla,
605 4567 658 4614 et
697 4575 868 4615 unum
900 4559 967 4617 de
1000 4561 1191 4618 libera.

423 4659 604 4732 (Vers.
641 4658 728 4729 23,
762 4658 879 4732 24.)
915 4681 933 4706 ε
967 4660 1072 4718 Sed
1111 4661 1155 4716 is
1192 4662 1413 4736 quidem
1475 4664 1568 4739 qui
1613 4666 1680 4723 de
1730 4669 1951 4740 ancilla,

353 4750 653 4808 secundum
685 4766 904 4807 carnem
937 4759 1099 4809 natus
1121 4761 1204 4810 est
1241 4773 1252 4811 :
1288 4754 1382 4829 qui
1406 4763 1586 4812 autem
1641 4757 1708 4814 de
1761 4758 1950 4830 libera,

349 4857 444 4912 per
494 4841 974 4915 repromissionem
1002 4861 1015 4912 ;
1071 4861 1192 4918 quae
1222 4853 1350 4902 sunt
1382 4863 1479 4920 per
1514 4848 1826 4922 allegoriam
1856 4851 1954 4907 di-

346 4931 708 5000 cta.:Ismael,
733 4932 828 5006 qui
858 4950 926 4989 ex
951 4933 1157 4991 ancilla
1179 4937 1322 5009 Agar
1353 4945 1514 4993 natus
1541 4941 1951 5010 est,secundum

343 5037 564 5079 carnem
617 5031 814 5093 natus;
874 5026 1006 5100 quia
1053 5025 1218 5099 juxta
1273 5030 1736 5088 consuetudinem
1789 5041 1952 5090 natus

345 5118 424 5169 est
473 5130 488 5182 ;
547 5112 694 5172 Isaac
742 5130 870 5170 vero
927 5115 1057 5190 quia
1115 5133 1212 5189 per
1264 5119 1746 5192 repromissionem
1805 5123 1946 5195 (77),

345 5221 456 5262 non
489 5207 790 5264 secundum
819 5207 1299 5279 consuetudinem,
1342 5211 1437 5268 sed
1468 5213 1771 5270 secundum
1813 5231 1952 5288 pro-

347 5292 647 5354 videntiam
679 5295 779 5354 Dei
813 5296 1018 5355 virtute
1049 5305 1207 5354 natus
1236 5307 1314 5354 est
1344 5319 1357 5367 ;
1399 5301 1601 5376 quippe
1647 5321 1772 5361 cum
1821 5305 1952 5362 Sara

342 5389 396 5436 et
423 5401 560 5441 anus
609 5394 750 5443 esset
781 5395 833 5442 et
886 5387 1112 5444 sterilis.
1166 5389 1227 5444 In
1289 5396 1482 5462 typum
1540 5391 1686 5447 enim
1743 5393 1949 5450 Christi

571 5546 726 5624 139m.
767 5547 925 5624 edit.,
957 5549 1179 5624 meliora
1210 5548 1348 5624 dona
1383 5549 1438 5624 in
1469 5550 1600 5624 bona
1638 5568 1858 5624 semper.

421 5615 539 5696 (
739 5617 1144 5696 aliquot,_velut
1167 5620 1401 5696 abortivi
1429 5621 1561 5677 nati.

425 5685 542 5756 (76)
576 5687 732 5745 Rom.
767 5685 927 5758 edit.,
960 5690 1199 5746 Prwsens
1230 5691 1516 5765 oultagere
1545 5708 1664 5750 cum
1691 5692 1825 5750 illis.

1423 316 1518 371 AD
1553 315 1786 374 OPERA
1824 315 1879 372 S.
1909 313 2241 374 AMBROSII
2282 313 2658 371 APPENDIX.

1753 439 1973 496 Invidia
2000 449 2048 508 Α
2078 449 2236 497 natus
2289 447 2370 496 est
2413 441 2561 496 Isaac
2592 457 2605 508 ;
2636 437 2758 497 ideo
2813 439 2932 499 haec
2985 457 3081 515 per
3129 441 3446 517 allegoriam
3491 443 3694 501 asserit

1982 4552 2031 4611 D

3587 317 3696 376 384

2081 529 2247 598 dicta,
2277 536 2338 585 ut
2374 527 2527 585 aliud
2579 545 2648 585 ex
2691 529 2802 586 alio
2855 529 3170 604 signiﬁcent
3199 548 3445 606 personae
3491 533 3687 591 Ismael

2079 626 2132 674 et
2154 619 2319 674 Isaac.
2364 619 2558 676 Ismael
2601 619 2752 676 enim
2793 620 3110 678 Judzeorum
3162 619 3438 693 signiﬁcat
3485 623 3686 680 nativi-

2081 715 2267 778 tatem,
2310 710 2396 765 vel
2457 725 2647 766 eorum
2701 711 2797 784 qui
2855 710 3001 767 servi
3059 712 3270 785 peccati
3326 721 3459 768 sunt
3496 732 3508 768 :
3541 715 3688 773 Isaac

2083 815 2212 854 vero
2245 798 2710 869 Christianorum,
2745 800 2874 874 quia
2921 801 2978 858 in
3030 801 3284 860 libertate
3334 812 3680 871 nascuntur;

2085 889 2226 945 liber
2259 890 2405 946 enim
2441 891 2525 960 ﬁt,
2544 892 2639 965 qui
2669 892 2872 966 accipit
2901 893 3282 951 remissionem
3309 903 3680 969 peccatorum.

2171 1004 2189 1026 ε
2216 979 2351 1035 Nam
2382 980 2498 1038 haec
2540 989 2669 1038 sunt
2719 982 2830 1039 duo
2869 983 3235 1041 Testamenta.
3261 1009 3278 1030 ι
3339 985 3561 1059 Moyses
3603 1004 3683 1045 ao

2084 1068 2294 1141 cipiens
2327 1069 2645 1142 sanguinem
2659 1071 2824 1127 vituli
2850 1071 2906 1128 in
2926 1073 3395 1148 cratera,aspersit
3421 1078 3680 1150 populum

2085 1157 2293 1215 dicens:
2316 1183 2332 1205 ι
2365 1159 2466 1217 Hic
2485 1169 2566 1216 est
2596 1161 2817 1234 sanguis
2843 1162 3200 1232 Testamenti,
3235 1163 3383 1238 quod
3411 1165 3682 1239 disposuit

2085 1249 2231 1305 Deus
2261 1247 2329 1305 ad
2360 1266 2458 1306 vos
2495 1250 2701 1321 (Exod.
2730 1268 2889 1321 xxxv,
2917 1252 2999 1324 8).
3027 1279 3044 1301 ι
3080 1253 3195 1312 Hoc
3216 1261 3298 1311 est
3325 1256 3475 1328 quod
3495 1257 3637 1314 dixit
3665 1275 3676 1313 :

2099 1363 2116 1385 ι
2157 1339 2336 1396 Unum
2368 1339 2590 1412 quidem
2630 1357 2660 1396 a
2686 1350 2872 1398 monte
2905 1341 3056 1412 Sina,
3108 1342 3166 1398 in
3214 1344 3539 1402 servitutem
3587 1363 3681 1420 ge-

2087 1445 2301 1498 nerans,
2354 1445 2474 1502 quae
2502 1437 2582 1486 est
2621 1430 2785 1503 Agar.
2831 1457 2848 1478 ι
2899 1432 3015 1488 Lex
3051 1432 3198 1489 enim
3239 1432 3296 1489 in
3337 1443 3528 1492 monte
3557 1435 3684 1492 Sina

2085 1518 2213 1574 data
2263 1527 2364 1587 est,
2415 1536 2579 1593 quam
2624 1521 2838 1594 Moyses
2897 1523 3134 1578 recitans
3194 1525 3420 1596 populo,
3483 1524 3681 1582 librum

2086 1607 2235 1664 hunc
2267 1608 2600 1666 Testamenti
2631 1611 2948 1683 appellavit,
2982 1620 3034 1667 et
3062 1620 3197 1669 tunc
3227 1613 3463 1687 aspersit
3502 1631 3679 1688 popu-

2088 1699 2200 1753 lum
2231 1699 2513 1771 sanguine,
2544 1699 2688 1755 sicut
2712 1699 2856 1759 dixi.
2881 1701 3007 1757 Haec
3049 1703 3136 1758 lex
3178 1719 3298 1759 reos
3340 1704 3522 1760 tenuit
3548 1722 3681 1778 pec-

2085 1794 2314 1856 catores,
2353 1797 2407 1844 et
2433 1797 2716 1862 cmperunt
2747 1788 2891 1845 servi
2939 1806 3054 1846 esse
3106 1791 3334 1863 peccati,
3387 1791 3518 1851 facti
3580 1791 3680 1849 ﬁlii

2085 1876 2230 1949 Agar
2253 1877 2406 1950 quasi
2438 1878 2672 1934 ancillae.

2163 1969 2306 2030 228
2345 1965 2526 2037 (Vers.
2561 1967 2678 2038 25.)
2719 1991 2736 2013 ι
2761 1965 2892 2024 Sina
2919 1975 3105 2024 autem
3132 1984 3287 2026 mons
3316 1977 3394 2026 est
3435 1969 3492 2025 in
3527 1971 3681 2026 Ανδ-

2081 2062 2190 2132 bia,
2213 2063 2308 2137 qui
2339 2063 2460 2137 conj
2473 2064 2697 2137 ungitur
2730 2065 2882 2136 huic,
2906 2083 3030 2140 quae
3058 2083 3207 2126 nunc
3234 2075 3328 2136 est,
3352 2067 3681 2138 Jerusalem,

2082 2153 2326 2210 serviens
2353 2171 2480 2212 cum
2520 2154 2653 2212 ﬁliis
2681 2155 2815 2212 suis.
2855 2181 2874 2207 ι
2913 2156 3145 2216 Causam
3175 2158 3317 2232 Agar
3371 2157 3682 2231 signiﬁcare

2081 2242 2218 2300 dicit
2264 2243 2564 2300 Jerusalem
2611 2251 2908 2316 terrenam,
2942 2244 3000 2303 id
3048 2254 3130 2302 est
3171 2245 3535 2321 Synagogam,
3565 2265 3682 2322 quas

2082 2337 2139 2393 in
2199 2339 2522 2396 servitutem
2571 2346 2827 2412 generat;
2887 2355 3023 2413 quos
3083 2339 3232 2396 enim
3281 2349 3528 2414 generat,
3583 2340 3680 2397 sub

2081 2436 2304 2500 peccato
2331 2436 2480 2484 sunt.

2155 2518 2337 2590 (Vers.
2364 2518 2480 2591 26.)
2532 2544 2549 2566 ι
2580 2519 2682 2575 Illa
2714 2526 2895 2575 autem
2937 2532 3058 2593 qua:
3105 2534 3320 2575 sursum
3353 2528 3435 2576 est
3472 2518 3678 2576 Jerusa-

2084 2607 2209 2677 lem,
2242 2608 2412 2664 libera
2441 2615 2522 2666 est
2557 2626 2568 2664 ε
2607 2625 2728 2682 qua
2759 2617 2840 2665 est
2872 2616 3045 2664 mater
3075 2617 3281 2665 nostra.
3307 2635 3324 2655 ι
3364 2610 3677 2684 Haec,quam

2085 2705 2313 2753 matrem
2347 2705 2591 2754 nostram
2625 2696 2783 2768 dicit,
2831 2698 3018 2771 regula
3063 2705 3146 2753 est
3188 2697 3439 2770 mysterii
3481 2698 3679 2756 Domi-

2078 2785 2212 2855 uici,
2245 2803 2340 2860 per
2368 2803 2531 2860 quam
2564 2786 2900 2844 renascimur
2944 2787 3002 2842 in
3047 2785 3377 2856 libertatem,
3442 2786 3589 2843 sicut
3628 2795 3678 2843 et

2080 2875 2195 2949 ipsa
2221 2877 2392 2934 libera
2422 2885 2525 2934 est.
2550 2878 2677 2935 Ideo
2712 2885 2765 2934 et
2795 2877 3033 2935 caelestis
3053 2877 3280 2946 dicitur,
3316 2877 3446 2952 quia
3472 2879 3671 2935 calum

2078 2965 2229 3022 sedes
2259 2965 2376 3038 ejus
2407 2975 2488 3024 est
2519 2974 2608 3024 :et
2637 2983 2774 3042 quos
2807 2974 3046 3040 generat,
3083 2966 3161 3023 ibi
3209 2975 3374 3024 erunt
3417 2984 3545 3024 cum
3597 2985 3676 3037 ea,

2076 3054 2219 3112 sicut
2257 3054 2394 3112 dicit
2418 3055 2726 3112 Dominus:
2775 3081 2792 3102 ε
2830 3055 3007 3125 Pater,
3059 3073 3195 3130 quos
3249 3057 3451 3114 dedisti
3517 3058 3672 3127 mihi,

2075 3147 2203 3202 volo
2235 3153 2296 3202 ut
2325 3145 2420 3201 ubi
2454 3163 2551 3218 ego
2579 3145 2754 3216 fuero,
2779 3153 2832 3202 et
2860 3144 2918 3201 hi
2949 3145 3060 3202 sint
3088 3163 3303 3204 mecum
3341 3147 3670 3218 (Joan.xvn,

2077 3236 2192 3308 2’s).
2217 3237 2363 3294 .Ilac
2383 3245 2463 3293 est
2489 3245 2543 3294 et
2569 3237 2712 3306 vita;
2737 3237 2864 3311 quia
2912 3237 3329 3293 immortalitate
3376 3237 3672 3307 donantur,

2077 3327 2173 3400 qui
2203 3327 2485 3384 credentes
2515 3335 2878 3384 renascuntur
2919 3327 3018 3401 per
3061 3343 3201 3385 eam.
3235 3326 3326 3384 Sic
3371 3327 3579 3384 etenim
3608 3326 3674 3384 de

2076 3418 2312 3475 Domino
2347 3419 2556 3476 dictum
2583 3427 2663 3474 est
2688 3419 2836 3492 quia,
2877 3443 2895 3465 ε
2925 3419 3070 3493 quod
3099 3419 3302 3476 factum
3337 3427 3420 3475 est
3453 3420 3510 3475 in
3539 3419 3673 3494 ipso,

2077 3507 2189 3562 vita
2215 3515 2315 3563 est.
2349 3507 2502 3564 Sicut
2530 3507 2676 3565 enim
2729 3509 2888 3565 Pater
2944 3508 3108 3565 habet
3153 3509 3348 3578 vitam,
3403 3509 3479 3564 ita
3525 3511 3673 3566 dedit

2074 3605 2127 3651 et
2160 3597 2304 3652 Filio
2332 3597 2526 3666 vitam,
2557 3607 2609 3654 et
2634 3597 2749 3654 vita
2793 3608 2908 3656 erat
2940 3600 3035 3655 lux
3085 3598 3373 3656 heminum
3411 3599 3594 3671 (Joan.
3627 3617 3662 3668 ι,

2074 3687 2126 3756 3,
2168 3687 2220 3756 fi;
2263 3706 2318 3758 ν,
2360 3688 2477 3761 26).
2512 3714 2529 3736 ι
2571 3691 2697 3746 Haec
2723 3690 2840 3746 vita
2871 3698 2924 3745 et
2956 3691 3055 3746 lux
3095 3698 3270 3746 mater
3295 3689 3546 3747 ﬁdelium
3573 3697 3668 3746 est.

2073 3774 2134 3828 In
2165 3773 2301 3830 Isaia
2324 3773 2427 3832 hoc
2467 3776 2716 3844 habetur,
2751 3777 2896 3850 quod
2925 3776 3235 3851 subjectum
3261 3785 3342 3833 est
3374 3795 3387 3833 :

2145 3863 2326 3933 (Vers.
2371 3865 2486 3938 27.)
2524 3888 2542 3913 ι
2587 3865 2864 3939 Scriptum
2909 3874 2988 3921 est
3031 3866 3176 3923 enim
3224 3883 3235 3920 :
3288 3866 3516 3935 Laetare,
3571 3873 3668 3921 ste-

2073 3951 2211 4022 rilis,
2244 3971 2363 4027 quae
2393 3971 2504 4011 non
2534 3955 2679 4029 paris
2730 3974 2741 4012 :
2783 3971 3006 4029 erumpe
3047 3962 3100 4011 et
3148 3954 3350 4023 clama,
3403 3971 3526 4028 quae
3563 3970 3667 4010 non

2070 4042 2335 4115 parturis;
2372 4043 2499 4117 quia
2534 4044 2696 4102 multi
2729 4045 2832 4102 ﬁlii
2864 4045 3116 4113 desertas,
3151 4042 3326 4117 magis
3349 4058 3513 4116 quam
3557 4040 3670 4112 ejus

2069 4147 2187 4204 qua:
2228 4130 2390 4188 habet
2418 4131 2600 4188 virum
2637 4134 2769 4206 (Isa.
2804 4151 2922 4202 xrv,
2973 4134 3050 4206 1).
3104 4159 3122 4182 ι
3180 4133 3335 4189 Hanc
3400 4141 3669 4188 terrenam

2067 4221 2364 4276 Jerusalem
2423 4221 2606 4280 virum
2668 4223 2869 4279 habere
2935 4223 3114 4290 dicit;
3170 4221 3299 4296 quia
3368 4222 3666 4278 secundum

2067 4327 2283 4366 carnem
2317 4319 2536 4383 generat
2575 4330 2586 4368 :
2638 4312 2788 4369 illam
2816 4320 2998 4369 autem
3040 4313 3315 4368 cmlestem
3346 4311 3664 4378 Jerusalem,

2066 4417 2228 4474 quam
2283 4403 2421 4460 dicit
2485 4412 2714 4460 matrem
2775 4412 3038 4473 nostram,
3083 4403 3329 4460 sterilem
3393 4403 3664 4476 appellat;

2065 4490 2194 4564 quia
2219 4509 2329 4548 non
2356 4493 2501 4568 parit
2533 4494 2832 4552 secundum
2865 4510 3108 4562 carnem,
3161 4509 3262 4549 nec
3307 4491 3531 4549 dolores
3560 4507 3661 4564 pa-

2066 4579 2225 4648 titur,
2277 4580 2382 4638 hoc
2430 4592 2529 4652 est,
2575 4600 2684 4639 non
2746 4583 3002 4655 parturit.
3047 4582 3283 4639 Generat
3319 4587 3506 4637 autem
3554 4579 3668 4635 sine

2064 4671 2312 4741 passione
2376 4673 2701 4747 spiritaliter
2769 4675 3085 4731 exclamans
3145 4673 3204 4729 in
3271 4673 3502 4741 laetitia;
3545 4671 3671 4747 quia

2063 4759 2278 4816 deserta
2324 4762 2621 4836 aliquando
2676 4763 2731 4834 (a
2780 4779 2890 4836 quo
2937 4770 3139 4830 autem,
3186 4760 3295 4818 nisi
3341 4760 3410 4816 ab
3458 4761 3654 4828 Adam,

2063 4850 2157 4923 qui
2191 4850 2406 4907 deserta
2430 4852 2544 4908 vita
2571 4860 2794 4909 secutus
2837 4861 2917 4910 est
2955 4853 3237 4923 mortem),
3289 4866 3442 4910 nunc
3483 4853 3666 4924 plures

2062 4939 2208 4996 ﬁlios
2234 4940 2417 5011 habet,
2467 4959 2628 5016 quam
2684 4941 2800 4999 haec
2845 4959 2965 5017 quae
3008 4941 3170 4997 habet
3214 4941 3421 5008 virum,
3471 4939 3527 4996 id
3562 4946 3662 5007 est,

2061 5045 2182 5104 qua
2232 5031 2528 5088 carnaliter
2590 5040 2832 5104 generat.
2882 5032 3060 5089 Multo
3108 5030 3256 5087 enim
3309 5031 3496 5103 plures
3539 5034 3664 5085 sunt

2061 5119 2360 5178 Christiani
2401 5121 2625 5191 Judaais,
2675 5120 2819 5178 sicut
2889 5119 3099 5176 dicitur
3144 5119 3201 5176 in
3253 5117 3597 5192 Apocalypsi
3646 5133 3657 5170 :

2075 5235 2093 5258 ι
2123 5211 2193 5267 Et
2215 5209 2329 5266 vidi
2363 5211 2577 5268 turbam
2611 5226 2881 5283 magnam,
2912 5225 3076 5283 quam
3107 5207 3459 5264 dinumerare
3503 5221 3660 5264 nemo

2061 5308 2293 5376 poterat,
2321 5317 2391 5358 ex
2420 5301 2570 5357 omni
2602 5299 2754 5357 tribu
2775 5307 2831 5357 et
2869 5307 3026 5374 gente
3068 5299 3264 5374 (Apoc.
3297 5315 3400 5364 vn,
3428 5297 3511 5366 9).
3546 5321 3565 5345 ν

2133 5389 2314 5460 (Vers.
2341 5390 2457 5460 28.)
2501 5415 2518 5437 α
2543 5391 2655 5445 Vos
2681 5397 2888 5456 autem,
2921 5389 3136 5456 fratres,
3165 5386 3469 5444 secundum
3517 5386 3658 5440 Isaac

2095 5621 2103 5629 .
2133 5551 2248 5620 (77)
2282 5551 2451 5606 Abest
2482 5567 2514 5604 a
2543 5567 2673 5605 mss.
2707 5549 3062 5621 quibusdam,
3085 5547 3215 5618 quia
3235 5561 3331 5618 per
3361 5543 3654 5617 repromis-

2060 5638 2273 5676 sionem.
