3908 6192
240 289 350 349 386

1305 292 1666 351 COMMENT.
1709 292 1780 350 1N
1816 291 2034 349 EPIST.
2076 293 2173 349 AD
2215 274 2470 352 GALA'I‘.

3439 300 3552 360 386

236 415 622 488 promissionis
658 415 761 472 ﬁlii
793 416 944 474 estis.
977 443 996 467 ο
1053 417 1168 475 Hoc
1205 427 1286 475 est
1315 436 1424 476 non
1471 419 1653 476 carnis
1697 419 1842 477 ﬁlios
1872 423 1923 480 Α
1950 417 2154 474 cideuti
2184 435 2261 486 se,
2291 421 2418 491 quia
2446 420 2663 478 debitor
2699 431 2780 479 est
2828 423 3102 480 universa
3155 422 3291 495 legis
3334 423 3551 481 facien-

236 520 374 574 esse,
404 507 500 564 sed
536 506 670 574 Dei;
705 506 836 580 quia
887 508 1036 565 Isaac
1091 509 1147 564 in
1178 517 1374 582 typum
1412 518 1576 566 natus
1601 519 1684 567 est
1712 511 1840 567 Filii

233 593 355 662 Dei,
389 602 442 650 et
469 595 591 650 vult
620 610 712 650 eos
745 594 1164 670 subintelligere
1216 597 1346 671 quia
1395 597 1525 655 facti
1570 597 1674 654 ﬁlii
1719 600 1841 669 Dei,

232 685 486 740 conversi
519 693 670 753 sunt,
705 693 767 741 ut
814 697 994 744 essent
1036 687 1140 743 ﬁlii
1182 687 1404 745 carnis:
1443 687 1488 746 si
1538 705 1671 745 vero
1714 689 1842 746 resi-

230 771 474 845 piscant,
501 781 633 830 sunt
662 774 764 830 ﬁlii
793 775 913 832 Dei.

308 849 490 934 (Vers.
524 863 640 936 29.)
687 889 705 912 ι
736 865 838 921 Sed
891 865 1166 939 quomodo
1216 875 1349 923 tunc
1391 867 1485 940 qui
1537 867 1838 926 secundum

230 965 453 1018 carnem
486 961 648 1008 natus
700 953 895 1023 fuerat,
948 955 1372 1028 persequebatur
1413 974 1560 1026 eum,
1612 957 1708 1030 qui
1760 973 1839 1012 se-

229 1039 478 1097 cundum
510 1041 764 1114 spiritum
793 1062 807 1111 ;
841 1044 916 1100 ita
945 1052 998 1100 et
1029 1061 1196 1102 nunc.
1230 1071 1248 1093 ›
1288 1047 1406 1102 Non
1430 1047 1608 1103 solum
1641 1048 1838 1115 Ismael

227 1129 534 1186 secundum
567 1147 784 1188 carnem
818 1141 977 1189 natus
1006 1141 1105 1203 est,
1139 1135 1233 1192 sed
1264 1145 1318 1191 et
1347 1137 1528 1204 Esau;
1589 1137 1720 1210 quia
1779 1147 1833 1196 et

227 1215 342 1289 ipse
364 1218 420 1272 in
443 1220 629 1292 populi
649 1221 864 1278 Iudaici
894 1230 1091 1295 typum
1117 1233 1282 1280 natus
1298 1232 1398 1282 est.
1423 1227 1501 1281 De
1523 1241 1630 1298 quo
1653 1226 1709 1282 in
1727 1225 1834 1282 Ma.

225 1305 408 1362 lachia
436 1307 704 1381 propheta
727 1310 997 1384 scripturn
1026 1321 1108 1369 est
1143 1333 1154 1370 :
1214 1341 1232 1362 ι
1260 1313 1425 1371 Jacob
1452 1315 1646 1385 dilexi,
1690 1316 1836 1373 Esau

224 1411 357 1452 vero
403 1398 556 1454 odivi
596 1401 855 1472 (Malach.
897 1420 938 1471 1,
970 1403 1027 1473 2,
1059 1403 1137 1476 3).
1171 1429 1189 1451 ›
1251 1404 1352 1462 Hic
1410 1404 1835 1479 persequebatur

219 1486 388 1544 Jacob
441 1488 597 1560 (Gen.
653 1506 840 1561 xxvn,
887 1491 1006 1566 41),
1037 1493 1132 1567 qui
1184 1493 1242 1548 in
1285 1494 1475 1568 populi
1528 1493 1830 1556 Christiani

219 1574 397 1648 ﬁgura
453 1585 639 1648 natus,
699 1589 929 1638 vocatus
975 1591 1057 1639 est
1111 1583 1297 1652 Israel,
1363 1583 1469 1641 hoc
1524 1593 1626 1654 est,
1666 1583 1832 1640 homo

219 1666 421 1722 videns
464 1669 661 1725 Deum.
723 1669 994 1726 Similiter
1052 1679 1104 1726 et
1158 1671 1379 1728 Judaos
1435 1689 1534 1745 per
1561 1673 1828 1730 invidiam

1951 504 2055 561 da.
2088 529 2106 553 ι
2153 505 2390 562 Possunt
2419 509 2588 581 aliqui
2619 511 2791 583 legem
2834 511 3182 585 aliquatenus
3226 525 3466 579 servare,
3496 521 3550 569 et

1951 611 2062 649 non
2093 595 2415 652 circumcidi
2450 616 2460 652 :
2495 615 2623 654 nam
2666 600 2826 656 multi
2869 602 3242 658 Romanorum
3275 602 3332 658 in
3362 601 3550 658 Judaa

1953 685 2244 741 servabant
2296 686 2466 759 legem
2521 688 2913 747 incircumcisi.
2962 693 3116 749 Unde
3163 691 3299 750 dicit
3349 693 3549 750 Paulus

1952 773 2230 845 apostolus
2285 774 2352 830 ad
2399 775 2698 848 Agrippam
2727 793 2905 849 regem
2935 779 3178 837 Iudaea:
3227 806 3244 828 ι
3273 781 3417 851 Scio,
3450 799 3548 839 rex

1949 863 2229 936 Agrippa;
2287 863 2466 921 credis
2516 865 2822 938 prOphetis,
2868 868 2981 923 scio
3029 869 3157 941 quia
3196 869 3374 926 credis
3404 871 3544 943 (Act.

1949 967 2111 1020 xxvi,
2151 951 2266 1023 27).
2297 978 2314 1000 ι
2380 954 2451 1008 Et
2479 955 2731 1011 centurio
2759 955 2921 1029 cujus
2948 972 3138 1012 servus
3165 964 3282 1012 erat
3311 959 3544 1015 moritu-

1949 1056 2065 1109 rus,
2096 1041 2211 1114 qui,
2243 1041 2470 1098 mittens
2511 1041 2577 1099 ad
2608 1045 2816 1112 Iesum,
2870 1043 3094 1115 rogabat
3140 1053 3201 1100 ut
3240 1046 3470 1118 veniret,
3497 1055 3552 1102 et

1948 1138 2162 1185 sanaret
2191 1145 2409 1186 servum
2438 1130 2594 1203 ejus;
2641 1133 2732 1190 cui
2777 1132 3153 1190 testimonium
3205 1132 3552 1205 perhibentes

1945 1217 2121 1274 Judai
2151 1219 2405 1277 dicebant
2432 1219 2500 1276 ad
2523 1222 2706 1278 Iesum
2742 1242 2754 1280 :
2801 1248 2819 1269 ι
2841 1223 3053 1296 Dignus
3084 1230 3164 1278 est
3195 1230 3255 1278 ut
3286 1221 3391 1280 hoc
3419 1240 3551 1296 pra-

1945 1314 2054 1363 stes
2081 1307 2130 1363 ei
2153 1326 2166 1376 ;
2200 1309 2384 1381 diligit
2413 1310 2560 1366 enim
2591 1320 2807 1383 gentem
2833 1321 3102 1381 nostram,
3133 1318 3186 1367 et
3208 1313 3550 1386 Synagogam

1946 1396 2061 1470 ipse
2100 1396 2400 1455 adiﬁcavit
2431 1399 2593 1456 nobis
2615 1402 2770 1472 (Luc.
2797 1418 2899 1467 vn,
2918 1401 2972 1470 4,
2990 1403 3070 1474 5).
3103 1425 3121 1448 ι
3166 1401 3338 1456 Nemo
3367 1408 3550 1458 tamen

1945 1486 2307 1544 circumcisus
2352 1506 2464 1545 non
2501 1497 2673 1546 totam
2722 1491 2896 1563 legem
2942 1498 3160 1559 servat;
3211 1489 3429 1547 debitor
3468 1497 3549 1548 est

1943 1576 2113 1645 enim,
2151 1577 2282 1650 quia
2301 1577 2642 1636 circumcisis
2670 1580 2797 1637 data
2830 1587 2911 1636 est
2945 1581 3056 1636 lex.
3086 1581 3200 1637 Hoc
3230 1579 3355 1636 ideo
3380 1579 3545 1650 dixit,

1941 1664 2071 1737 quia
2111 1673 2221 1721 tam
2270 1665 2492 1724 hebetes
2538 1685 2594 1724 se
2635 1669 3016 1738 ostendebant,
3064 1675 3126 1726 ut
3162 1668 3315 1742 digni
3364 1675 3547 1726 essent

195 1755 476 1827 persequi
520 1755 854 1828 signiﬁcavit
893 1757 1273 1827 Christianos;
1315 1761 1463 1818 unde
1511 1762 1636 1819 data
1664 1779 1827 1836 opera
1849 1787 1895 1848 B
1941 1753 2128 1848 0m_t_1_ia
2156 1772 2324 1848 onera
2352 1755 2486 1848 legis
2515 1766 2751 1830 portare.

217 1842 442 1900 Galatas
469 1853 777 1901 everterant
803 1846 1008 1901 carnali
1033 1849 1254 1904 astutia.

292 1932 475 2003 (Vers.
509 1933 624 2005 30.)
698 1959 715 1982 ‹
765 1933 869 1991 Sed
923 1936 1057 2010 quid
1104 1936 1242 1995 dicit
1293 1939 1624 2014 Scriptura?
1670 1941 1823 2015 Ejice

212 2019 494 2090 ancillam,
527 2030 581 2078 et
612 2022 791 2080 ﬁlium
823 2024 979 2096 ejus;
1014 2043 1127 2083 non
1156 2030 1304 2084 enim
1339 2029 1512 2088 hares
1540 2033 1646 2088 erit
1673 2032 1825 2090 ﬁlius

212 2111 432 2167 ancilla
457 2127 585 2167 cum
617 2111 735 2168 ﬁlio
751 2130 873 2170 meo
902 2116 1071 2173 Isaac.
1092 2143 1110 2165 ι
1161 2119 1288 2176 Hac
1312 2121 1480 2176 verba
1506 2123 1651 2178 Sara
1672 2130 1822 2191 sunt,

211 2216 336 2273 qua
382 2209 582 2272 typum
634 2199 800 2257 habet
836 2203 1134 2260 Jerusalem
1191 2209 1448 2278 caelestis,
1480 2209 1547 2266 de
1593 2212 1823 2282 promis-

209 2289 372 2345 sione
401 2305 666 2361 generans
707 2290 875 2357 Isaac,
901 2299 964 2348 ut
1003 2292 1178 2365 ejecto
1209 2295 1326 2350 ﬁlio
1367 2299 1604 2366 ancilla,
1637 2299 1692 2356 id
1723 2309 1824 2370 est,

208 2376 404 2434 Judao
453 2377 680 2451 populo,
730 2379 1140 2439 incredulitatis
1187 2399 1350 2440 causa
1391 2384 1605 2456 abjecto
1658 2388 1826 2457 (servi

209 2469 359 2524 enim
399 2469 610 2541 peccati
637 2477 788 2540 sunt,
821 2471 1024 2545 quibus
1053 2475 1181 2531 data
1200 2474 1451 2532 remissio
1479 2485 1826 2549 peccatorum

211 2573 324 2614 non
374 2557 506 2629 est),
552 2557 729 2617 hares
765 2560 837 2617 sit
887 2562 1042 2620 ﬁlius
1099 2564 1288 2620 libera
1337 2565 1489 2622 illius
1528 2567 1824 2624 Jerusalem

210 2663 484 2720 superna,
521 2649 615 2724 qui
650 2658 732 2707 est
761 2653 1006 2724 populus
1038 2670 1221 2711 novus
1247 2655 1398 2728 regni
1431 2657 1716 2716 calorum.

296 2736 480 2809 (Vers.
515 2736 629 2812 31.)
675 2763 693 2786 ε
725 2740 913 2815 Itaque
956 2759 1066 2798 non
1096 2760 1288 2800 sumus
1316 2745 1530 2801 ancilla
1559 2746 1682 2816 ﬁlii,
1731 2748 1826 2805 sed

211 2824 425 2894 libera,
441 2843 549 2899 qua
567 2827 818 2886 libertate
834 2830 1086 2888 Christus
1106 2849 1208 2890 nos
1232 2833 1511 2892 liberavit.
1533 2861 1551 2885 ι
1595 2837 1825 2892 Fuimus

210 2914 389 2986 igitur
416 2917 629 2974 ancilla
655 2917 780 2990 ﬁlii,
812 2920 944 2977 dum
989 2924 1229 2994 peccatis
1269 2940 1488 2982 eramus
1540 2925 1773 2982 obnoxii
1806 2944 1818 2982 :

209 3002 310 3060 sed
339 3012 561 3077 accepta
590 3007 908 3066 remissione
937 3019 1284 3084 peccatorum
1316 3031 1347 3071 a
1389 3013 1634 3083 Christo,
1676 3015 1826 3072 libe-

212 3093 321 3150 rati
347 3111 562 3153 sumus.

847 3187 1193 3274 CAPUTyJ.
1281 3240 1299 3256 .

291 3273 472 3345 (Vers.
500 3274 579 3347 1.)
616 3297 635 3324 ε
661 3275 811 3334 State
839 3293 988 3350 ergo,
1021 3273 1280 3338 et’nolite
1308 3281 1511 3340 iterum
1540 3285 1828 3342 servitutis

207 3361 347 3436 jugo
370 3363 664 3421 contineri.
692 3391 710 3414 ι
770 3367 1039 3424 Standum
1070 3379 1260 3427 monet
1291 3372 1345 3428 in
1384 3382 1606 3446 accepta
1633 3376 1826 3449 gratia,

214 3461 279 3509 ut
310 3469 421 3510 non
452 3453 740 3513 redeuntes
773 3457 841 3514 ad
873 3467 1080 3528 vetera,
1118 3459 1378 3520 amittant
1425 3463 1634 3521 donum
1665 3465 1828 3523 liber-

217 3543 350 3599 tatis
383 3545 528 3616 quod
560 3546 778 3603 fuerant
816 3551 1120 3607 consecuti.

294 3633 476 3704 (Vers.
507 3635 588 3707 2.)
630 3661 648 3684 ι
677 3637 819 3694 Ecce
849 3654 948 3712 ego
992 3639 1196 3697 Paulus
1223 3640 1349 3700 dico
1385 3643 1564 3714 vobis,
1610 3644 1740 3719 quia
1780 3647 1826 3703 si

217 3723 720 3795 circumcidamini,
783 3726 1037 3784 Christus
1084 3729 1244 3787 vobis
1292 3732 1436 3790 nihil
1481 3735 1746 3807 proderit.
1793 3762 1812 3786 ι

217 3814 375 3871 Nunc
402 3822 600 3886 aperta
627 3817 876 3873 veritatis
924 3826 976 3874 et
1014 3821 1358 3878 auctoritatis
1393 3839 1504 3880 sua
1549 3826 1661 3881 vim
1714 3843 1825 3883 non

219 3911 386 3974 tacet,
417 3904 607 3962 dicens
652 3925 664 3964 :
703 3931 722 3955 ι
764 3908 904 3965 Ecce
942 3925 1039 3982 ego
1075 3911 1276 3968 Paulus
1313 3913 1438 3971 dico
1483 3915 1662 3986 vobis,
1691 3944 1708 3964 ι
1769 3917 1825 3974 id

220 4004 321 4064 est,
353 4011 454 4069 ego
483 3997 741 4070 magister
774 4000 1038 4072 gentium,
1072 4002 1230 4076 cujus
1250 4021 1388 4078 opus
1414 4007 1544 4064 estis
1575 4007 1633 4063 in
1667 4007 1826 4065 Chri-

221 4091 326 4174 sto,
346 4085 544 4174 palam
573 4087 733 4143 vobis
762 4087 923 4145 dico:
979 4115 996 4137 ε
1035 4090 1170 4158 Quia
1202 4093 1343 4149 nihil
1376 4096 1622 4167 proderit
1667 4097 1828 4155 vobis

221 4173 499 4242 Christus,
530 4175 576 4230 si
605 4177 1105 4236 circumcidamini.
1138 4205 1156 4228 ι
1212 4183 1332 4253 Ipse
1377 4185 1525 4240 enim
1555 4186 1826 4244 Dominus

219 4263 300 4318 ait
335 4280 348 4317 :
411 4285 430 4309 ι
457 4261 571 4318 Lex
598 4272 652 4318 et
688 4265 969 4337 prepheta
1003 4284 1174 4342 usque
1212 4271 1278 4326 ad
1299 4270 1564 4328 Joannem
1590 4292 1602 4342 ;
1629 4290 1697 4330 ex
1717 4292 1826 4348 quo

221 4366 456 4423 regnum
488 4351 752 4408 calorum
805 4354 1132 4426 pradicatur
1163 4359 1314 4430 (Luc.
1345 4377 1466 4430 xvr,
1500 4362 1610 4434 16).
1643 4389 1660 4411 ι
1716 4365 1828 4422 An-

222 4451 446 4516 tequam
479 4455 608 4514 ergo
661 4457 806 4497 nova
865 4442 1134 4516 inciperet
1193 4447 1530 4520 pradicatio,
1585 4453 1828 4525 oportuit

2016 1844 2198 1916 (Vers.
2228 1845 2308 1918 4.)
2355 1871 2373 1894 ι
2413 1847 2680 1905 Evacuati
2721 1849 2854 1906 estis
2901 1865 2932 1904 a
2980 1846 3222 1906 Christo.
3258 1873 3276 1896 ι
3333 1844 3546 1914 Quibus

1932 1931 2077 1988 nihil
2129 1933 2350 2005 prodest
2399 1935 2671 2006 Christus,
2731 1935 2983 1993 evacuati
3033 1945 3163 1993 sunt
3207 1951 3239 1992 a
3286 1935 3538 2004 Christo;

1933 2031 2088 2080 erant
2114 2025 2264 2081 enim
2293 2027 2465 2099 gratia
2496 2026 2615 2100 ejus
2637 2027 2809 2100 pleni,
2841 2043 2950 2101 qua
2980 2025 3288 2096 recedente,
3317 2041 3542 2083 evacua-

1931 2112 1976 2169 ti
2007 2122 2155 2170 sunt.
2192 2117 2289 2172 His
2317 2118 2465 2173 enim
2517 2118 2784 2192 loquitur,
2827 2117 2925 2192 qui
2973 2126 3093 2191 post
3135 2126 3418 2189 acceptum
3447 2114 3540 2172 doc

1933 2218 2067 2258 num
2127 2204 2312 2276 gratia
2366 2205 2488 2275 Dei,
2539 2206 2865 2263 circumcidi
2905 2223 2961 2262 se
3008 2207 3341 2262 maluerunt.
3387 2231 3404 2252 ι
3434 2199 3542 2272 Qui

1934 2290 2080 2345 enim
2112 2291 2169 2346 in
2198 2293 2311 2365 lege
2342 2294 2656 2365 gloriamini
2697 2296 2838 2366 (78),
2877 2312 2909 2350 a
2947 2295 3117 2367 gratia
3159 2293 3468 2350 excidistis.
3505 2318 3524 2341 ι

1935 2377 2156 2434 Iustitia
2183 2380 2318 2452 legis
2347 2389 2448 2451 est,
2471 2382 2516 2438 si
2547 2393 2856 2451 serventur,
2889 2399 3007 2456 qua
3033 2383 3158 2439 data
3184 2391 3334 2440 sunt.
3367 2382 3535 2438 Ideo-

1937 2482 2042 2539 que
2070 2469 2164 2539 qui
2193 2469 2251 2524 in
2283 2469 2372 2525 his
2396 2469 2690 2540 justiﬁcari
2728 2487 2784 2526 se
2817 2471 2937 2526 vult
2966 2479 3086 2542 post
3117 2470 3305 2537 ﬁdem,
3331 2471 3541 2528 amittit

1937 2556 2166 2628 gratiam
2193 2575 2206 2625 ;
2240 2558 2368 2630 quia
2404 2559 2471 2614 ad
2497 2560 2603 2615 hoc
2631 2560 2786 2616 venit
2804 2559 3011 2615 donum
3041 2559 3162 2628 Dei,
3191 2569 3252 2616 ut
3279 2561 3538 2616 cessanti-

1935 2643 2039 2700 bus
2068 2645 2330 2701 oneribus
2351 2647 2508 2719 legis,
2523 2645 2857 2718 justiﬁcaret
2874 2647 3156 2704 credentes
3175 2648 3318 2719 apud
3345 2650 3536 2707 Deum.

2010 2734 2192 2806 (Vers.
2229 2735 2285 2804 5,
2315 2735 2395 2808 6.)
2443 2760 2460 2782 -
2488 2737 2600 2792 Nos
2629 2746 2812 2793 autem
2864 2736 3064 2809 spiritu
3113 2753 3182 2792 ex
3228 2736 3336 2792 ﬁde
3392 2754 3541 2810 spem

1929 2821 2164 2893 justitia
2194 2833 2609 2896 exspectamus;
2660 2841 2787 2881 nam
2837 2825 2897 2881 in
2936 2825 3158 2884 Christo
3198 2825 3324 2882 Jesu
3369 2843 3544 2899 neque

1933 2911 2284 2968 circumcisio
2307 2912 2607 2987 quidquam
2633 2914 2798 2983 valet,
2831 2930 3006 2988 neque
3035 2915 3366 2988 praputium
3402 2933 3412 2970 :
3447 2915 3541 2971 sed

1933 3001 2090 3073 ﬁdes,
2128 3020 2249 3077 qua
2280 3020 2377 3078 per
2403 3005 2729 3063 charitatem
2773 3015 3048 3079 operatur.
3080 3032 3098 3054 ι
3161 3007 3428 3080 Apertum
3461 3013 3542 3064 est

1935 3092 2084 3165 quod
2140 3093 2297 3164 dicit,
2365 3096 2495 3170 quia
2542 3113 2664 3168 spes
2713 3095 3131 3169 justiﬁcationis
3186 3097 3244 3152 in
3300 3096 3408 3154 ﬁde
3463 3105 3546 3155 est

1936 3203 2032 3259 per
2062 3185 2342 3258 spiritum,
2373 3203 2485 3243 non
2542 3205 2638 3260 per
2681 3205 2845 3260 opera
2878 3189 3061 3260 legis;
3121 3188 3181 3243 in
3234 3187 3342 3244 ﬁde
3393 3187 3542 3243 enim

1934 3276 2261 3349 spiritaliter
2287 3278 2401 3332 Deo
2433 3277 2675 3332 servitur
2701 3276 2996 3332 devotione
3029 3275 3249 3345 mentis,
3282 3283 3335 3332 et
3373 3275 3541 3347 puri-

1937 3371 2048 3420 tate
2078 3363 2282 3420 cordis.
2318 3363 2473 3420 Unde
2506 3364 2646 3421 dicit
2684 3365 2966 3421 Dominus
2997 3363 3065 3420 ad
3095 3363 3490 3420 Samaritanam
3525 3380 3538 3420 :

1951 3477 1968 3501 ι
2015 3454 2163 3510 Deus
2207 3453 2438 3527 spiritus
2487 3461 2589 3522 est,
2647 3462 2699 3510 et
2749 3453 3046 3510 adorantes
3076 3469 3224 3523 eum,
3259 3453 3317 3508 in
3347 3453 3546 3526 spiritu

1937 3551 1992 3599 et
2037 3543 2270 3598 veritate
2323 3543 2548 3600 adorare
2595 3551 2810 3616 oportet
2859 3544 3044 3616 (Joan.
3104 3561 3182 3612 vr,
3224 3543 3340 3617 24).
3382 3569 3400 3590 ι
3461 3544 3542 3600 Ac

1936 3647 2032 3704 per
2061 3631 2167 3688 hoc
2197 3648 2373 3706 neque
2401 3633 2730 3705 praeputium
2785 3633 2934 3689 valet
2983 3632 3305 3706 quidquam,
3363 3647 3538 3706 neque

1936 3721 2287 3779 circumcisio
2320 3741 2332 3780 :
2368 3722 2462 3779 sed
2493 3723 2608 3779 sola
2645 3722 2781 3780 ﬁdes
2809 3739 2948 3795 opus
2979 3731 3062 3778 est
3092 3723 3148 3777 in
3179 3722 3444 3779 charitate
3470 3721 3538 3778 ad

1928 3810 2418 3900 justiﬁcationem;
2467 3811 2602 3869 ﬁdes
2639 3813 2787 3868 enim
2816 3811 3082 3868 charitate
3111 3811 3353 3900 fraterna
3379 3809 3540 3867 debet

1936 3899 2166 3971 muniri,
2198 3909 2258 3960 ut
2288 3903 2551 3975 perfectio
2586 3902 2657 3957 sit
2685 3900 2976 3958 credentis.
3011 3900 3258 3973 Denique
3290 3899 3542 3955 Salvator

1935 3991 2085 4063 quod
2113 3990 2357 4063 primum
2389 3991 2713 4047 mandatum
2759 3999 2899 4046 esset
2942 3989 3305 4062 interroganti
3347 3989 3539 4046 scriba

1935 4081 2217 4152 respondit
2248 4096 2259 4136 ε
2306 4103 2324 4126 ‹
2358 4079 2565 4154 Diliges
2593 4079 2897 4137 Dominum
2927 4081 3105 4138 Deum
3135 4087 3296 4137 tuum
3331 4097 3401 4137 ex
3424 4087 3541 4137 toto

1935 4170 2099 4226 corde
2128 4180 2226 4227 tuo
2255 4180 2310 4227 et
2337 4186 2408 4227 ex
2438 4181 2554 4230 tota
2581 4173 2764 4229 anima
2784 4180 2898 4242 tua,
2928 4181 2982 4230 et
3012 4173 3334 4246 proximum
3383 4181 3541 4231 tuum

1934 4274 2194 4339 tanquam
2226 4273 2278 4322 te
2319 4266 2520 4338 ipsum.
2577 4269 2639 4324 In
2696 4267 2806 4337 his,
2865 4267 3069 4342 inquit,
3123 4267 3339 4324 duobus
3389 4281 3540 4322 man-

1936 4355 2082 4412 datis
2113 4363 2230 4413 tota
2260 4356 2347 4413 lex
2379 4358 2578 4431 pendet
2607 4365 2662 4415 et
2706 4357 2987 4432 propheta
3020 4359 3237 4433 (Matth.
3270 4375 3413 4428 xxu,
3451 4357 3542 4426 37,

1937 4444 2025 4514 39,
2053 4443 2168 4519 40).
2199 4471 2215 4493 ι
2259 4448 2584 4520 Imperfecta
2608 4458 2739 4506 sunt
2770 4451 2957 4526 itaque
2982 4459 3205 4519 catera,
3237 4448 3457 4522 quando
3483 4447 3541 4502 in

225 4528 551 4590 circumcidi
588 4547 600 4584 :
647 4545 794 4588 nunc
839 4539 1020 4588 autem
1062 4533 1177 4606 lege
1215 4534 1343 4592 ﬁdei
1389 4523 1732 4608 succedente,
1763 4560 1827 4600 ea
1853 4523 1902 4582 D
1936 4533 2025 4590 his
2059 4534 2273 4592 dIIObllS
2302 4537 2575 4595 mandatis
2605 4523 2885 4612 perfectio
2917 4539 3255 4596 continetur-

226 4623 500 4698 sequenda
543 4631 696 4689 sunt,
727 4639 846 4696 qua
876 4624 1031 4681 rudis
1060 4627 1262 4684 veritas
1285 4627 1442 4701 jubet
1466 4650 1480 4699 ;
1513 4633 1642 4708 quia
1670 4645 1828 4694 vetus

228 4718 280 4766 et
307 4726 514 4766 novum
562 4708 853 4767 admisceri
903 4726 1014 4766 non
1057 4711 1276 4784 debent,
1306 4719 1598 4777 autoritate
1625 4723 1830 4778 Domi-

229 4799 287 4853 ni
337 4799 726 4871 pradicantis;
790 4799 867 4855 ait
915 4800 1099 4858 enim:
1145 4804 1356 4862 «Nemo
1393 4807 1828 4868 additamentum

231 4887 396 4957 panni
443 4887 597 4944 rudis
640 4887 812 4944 assuit
865 4888 1196 4948 vestimento
1241 4895 1452 4962 veteri;
1503 4898 1651 4956 tollit
1679 4900 1830 4956 enim

229 4975 613 5033 fortitudinem
638 4977 756 5050 ejus
783 4994 815 5034 a
847 4979 1198 5052 vestimento,
1225 4991 1280 5038 et
1310 4985 1485 5056 major
1504 4986 1568 5042 ﬁt
1595 4989 1833 5046 scissura

236 5065 446 5137 (Matth.
480 5083 563 5134 rx,
596 5067 709 5140 16).
742 5094 760 5118 ι
804 5071 886 5126 Ac
916 5085 1012 5142 per
1056 5069 1164 5128 hoc
1185 5088 1297 5128 non
1326 5074 1507 5130 solum
1539 5074 1682 5131 nihil
1713 5093 1835 5149 pro-

233 5152 374 5210 derit
415 5153 568 5212 ﬁdeli
606 5155 794 5214 addita
823 5163 968 5221 227
998 5158 1376 5228 circumcisio,
1409 5162 1504 5218 sed
1533 5171 1587 5219 et
1616 5164 1831 5235 oberit;

236 5251 410 5325 majus
430 5253 580 5310 enim
602 5255 809 5313 malum
856 5266 938 5315 est
965 5275 1035 5318 ex
1063 5259 1240 5317 libero
1259 5277 1480 5318 servum
1500 5260 1640 5332 ﬁeri,
1673 5278 1834 5335 quam

238 5355 408 5401 118301.

309 5433 492 5504 (Vers.
515 5434 597 5506 3.)
630 5461 648 5483 ι
669 5435 953 5496 Testiﬁcor
973 5447 1159 5497 autem
1187 5437 1343 5495 omni
1373 5438 1588 5497 homini
1607 5438 1840 5498 circum-

2010 4636 2190 4708 (Vers.
2226 4637 2305 4708 7.)
2348 4661 2366 4685 ι
2392 4636 2710 4695 Currebatis
2753 4637 2916 4706 bene,
2969 4638 3095 4710 quis
3126 4651 3223 4692 vos
3252 4631 3543 4706 impedivit

1935 4726 2156 4781 veritati
2188 4742 2298 4782 non
2321 4725 2545 4782 obedire
2565 4725 2593 4780 ?
2623 4750 2640 4772 ι
2686 4725 3009 4782 Exercitum
3043 4725 3267 4779 illorum
3292 4722 3351 4775 in
3379 4735 3543 4793 opera

1938 4812 2067 4867 ﬁdei
2095 4813 2301 4867 bonum
2333 4812 2500 4868 fuisse
2532 4819 2784 4880 testatur,
2832 4810 2930 4866 sed
2974 4809 3225 4881 nequitia
3272 4808 3541 4863 malorum

1939 4898 2231 4954 hominum
2273 4899 2545 4966 detentos,
2575 4913 2644 4951 ne
2673 4913 2896 4953 cursum
2944 4913 3105 4952 suum
3143 4895 3383 4953 efﬁcacia
3410 4914 3544 4970 per-

1940 4995 2244 5056 severante,
2275 4993 2741 5042 consummarent.
2774 4985 2929 5042 Unde
2958 4993 3021 5041 ut
3047 4985 3372 5060 resipiscant
3402 4987 3544 5044 hor-

1941 5086 2112 5146 tatur,
2141 5077 2208 5133 de
2238 5083 2434 5132 catero
2462 5074 2604 5132 nulli
2626 5091 2817 5132 eorum
2846 5075 3152 5146 credentes,
3184 5078 3280 5148 qui
3300 5087 3362 5135 ut
3381 5095 3544 5150 opera

1943 5167 2078 5241 legis
2125 5166 2396 5224 servanda
2442 5164 2754 5236 suaderent,
2786 5166 3115 5239 evangelica
3169 5167 3382 5223 veritati
3433 5185 3543 5224 non

1945 5273 2038 5315 eos
2065 5255 2290 5313 obedire
2316 5256 2590 5313 sinebant.

2021 5348 2203 5422 (Vers.
2234 5349 2314 5423 8.)
2360 5373 2379 5397 ι
2409 5347 2602 5406 Suasio
2629 5354 2816 5405 vestra
2842 5364 2957 5404 non
2988 5353 3068 5402 est
3087 5362 3120 5404 a
3147 5347 3285 5413 Deo,
3315 5345 3410 5417 qui
3438 5362 3548 5402 vo-

1947 5447 2036 5498 cat
2059 5457 2180 5499 vos.
2211 5466 2232 5492 »
2291 5439 2498 5499 Verum
2549 5445 2652 5507 est,
2694 5439 2826 5512 quia
2857 5439 3104 5497 humano
3143 5435 3378 5497 consilio
3432 5434 3549 5493 hac

309 5650 427 5724 (78)
465 5651 548 5710 Ita
576 5669 708 5711 mss.
740 5654 925 5726 plures
951 5671 1016 5714 ac
1045 5655 1322 5728 potiores;
1353 5654 1526 5731 aliqui
1559 5663 1768 5721 tamen,
1790 5659 1845 5710 et
1866 5667 2058 5711 omnes
2089 5654 2249 5726 edit.,
2279 5660 2340 5714 in
2369 5657 2472 5729 lege
2491 5655 2884 5729 justiﬁcamini.
