3908 6192
371 305 477 365 387

1413 307 1507 361 AD
1545 303 1778 359 OPERA
1818 302 1873 357 S.
1917 299 2252 358 AMBROSII
2291 302 2669 364 APPENDIX.

3591 299 3704 359 388

374 433 614 506 agebant
663 432 862 502 Judaei,
898 441 959 490 ut
990 434 1273 491 mitterent
1315 448 1406 487 eos
1451 428 1553 485 sub
1594 429 1727 499 legis
1748 427 1942 500 jugum
1969 446 1980 484 :
2012 430 2060 488 A
2094 426 2421 485 delictorum
2473 428 2612 501 (82),
2657 427 2874 486 liberati
2924 434 3070 484 sunt.
3119 450 3136 472 ε
3165 424 3399 481 Tantum
3434 441 3506 481 ne
3537 425 3702 483 liber-

371 537 483 580 non
538 523 635 580 Dei
681 521 917 595 judicio,
969 523 1064 597 qui
1114 521 1344 580 vocabat
1391 535 1482 576 eos
1512 533 1606 592 per
1651 517 1975 590 Apostolum

371 630 533 669 suum
566 612 631 669 ad
663 613 913 685 gratiam.

446 703 629 775 (Vers.
661 704 742 775 9.)
788 727 806 748 ι
838 701 1117 759 Modicum
1153 702 1484 758 fermentum
1532 707 1701 756 totam
1745 714 1974 755 massam

370 792 694 864 corrumpit.
728 817 746 839 ι
792 793 906 849 Hoc
934 791 1092 859 dicit,
1140 791 1270 864 quia
1317 790 1445 846 licet
1493 789 1794 862 quidquam
1845 788 1976 859 legis

369 881 732 938 admiscentes
759 880 907 950 ﬁdei,
944 881 1155 937 violant
1176 880 1363 949 fidem,
1387 897 1453 935 ne
1495 879 1691 936 habeat
1710 878 1972 946 fructum,

369 979 464 1026 aut
495 969 566 1026 sit
593 971 968 1043 acceptabilis.
1003 972 1119 1028 Hoc
1150 971 1273 1026 ideo
1312 969 1532 1042 adjecit,
1567 984 1632 1024 ne
1666 969 1807 1023 forte
1827 968 1973 1024 inco-

370 1059 574 1115 lumem
597 1076 653 1116 se
684 1068 938 1132 putarent
963 1059 1163 1117 habere
1179 1059 1407 1132 gratiam
1430 1058 1557 1114 ﬁdei
1577 1058 1718 1130 (79),
1740 1057 1786 1114 si
1808 1074 1972 1131 pauca

369 1149 503 1222 legis
534 1149 905 1206 observarent.

445 1243 626 1313 (Vevs.
661 1244 773 1314 10.)
824 1269 840 1291 ε
873 1244 988 1316 Ego
1041 1242 1258 1300 conﬁdo
1307 1241 1365 1296 in
1407 1239 1564 1296 vobis
1610 1240 1667 1296 in
1714 1240 1971 1307 Domino,

368 1332 498 1406 quia
526 1333 670 1389 nihil
700 1333 854 1390 aliud
886 1331 1155 1390 sentietis.
1191 1357 1210 1380 ι
1254 1331 1368 1388 Hac
1397 1346 1489 1402 spe
1535 1346 1591 1386 se
1643 1329 1779 1386 dicit
1807 1327 1975 1385 ﬁdere

369 1422 436 1478 de
467 1423 572 1490 iis;
607 1423 736 1497 quia
779 1441 892 1480 non
941 1430 1156 1496 sponte,
1209 1421 1301 1476 sed
1358 1419 1725 1476 circumventi
1776 1419 1976 1474 erroris

371 1514 518 1570 viam
557 1513 916 1581 intraverant.
956 1513 1084 1568 Ideo
1129 1518 1348 1566 ostenso
1393 1527 1522 1565 vero
1566 1510 1784 1578 itinere,
1816 1509 1975 1565 facile

368 1617 460 1659 eos
516 1619 672 1676 posse
727 1601 930 1658 reverti
981 1600 1231 1657 conﬁdit.
1290 1599 1438 1667 «Qui
1471 1607 1653 1654 autem
1683 1597 1975 1656 conturbat

369 1710 488 1762 vos,
510 1692 754 1766 portabit
770 1691 1070 1763 judicium,
1088 1691 1406 1763 quicunque
1427 1700 1505 1747 est
1522 1691 1634 1747 ille.
1654 1715 1671 1737 ι
1690 1687 1977 1758 Quomodo

369 1783 465 1856 qui
495 1790 768 1837 errantem
798 1779 1048 1836 converti
1079 1779 1230 1848 facit,
1265 1780 1698 1836 remunerandus
1745 1786 1846 1846 est,
1879 1778 1978 1834 di-
2003 1793 2050 1854 Β

367 1877 525 1929 cente
554 1867 754 1926 Iacobo
775 1869 1022 1940 apostolo
1043 1867 1100 1923 in
1123 1868 1353 1941 epistola
1379 1885 1478 1924 sua
1509 1887 1520 1925 :
1561 1894 1578 1916 σ
1597 1867 1703 1936 Qui
1727 1868 1975 1924 converti

369 1960 561 2018 fecerit
611 1967 976 2033 peccatorem,
1027 1959 1264 2016 salvabit
1321 1959 1566 2015 animam
1593 1957 1714 2030 ejus
1741 1975 1772 2014 a
1801 1965 1976 2013 morte

371 2052 511 2125 (80),
559 2057 613 2108 et
659 2049 866 2124 operiet
911 2049 1327 2106 multitudinem
1373 2057 1718 2122 peccatorum
1768 2047 1970 2118 (Jacob.

367 2160 422 2210 γ,
456 2142 585 2215 20);
620 2165 638 2190 ι
683 2139 761 2196 ita
789 2147 844 2196 et
889 2139 985 2213 qui
1030 2146 1178 2196 recta
1208 2137 1561 2195 incedentem
1591 2137 1703 2215 via,
1763 2135 1867 2191 iter
1917 2135 1974 2192 in

367 2213 594 2289 devium
643 2231 790 2304 cogit
857 2229 1092 2298 ﬂectere,
1144 2213 1972 2302 damnationen‘onsequitur,

367 2321 681 2394 quicunque
742 2319 929 2376 fuerit.
988 2321 1102 2376 Hoc
1145 2329 1367 2392 propter
1425 2318 1526 2375 hos
1583 2317 1842 2390 subjicit;
1908 2333 1974 2372 ne

367 2410 463 2483 qui
497 2409 603 2466 sibi
634 2411 891 2468 meritum
923 2410 1302 2479 defenderent,
1331 2426 1395 2466 eo
1447 2409 1595 2484 quod
1641 2408 1747 2464 ﬁlii
1795 2415 1975 2463 essent

369 2498 604 2556 Abrahae
628 2498 790 2572 juxta
817 2517 1058 2556 carnem.
1083 2500 1333 2574 Denique
1361 2499 1666 2557 exaltantes
1695 2514 1751 2555 se
1778 2496 1976 2554 dicunt

366 2589 435 2647 ad
463 2591 691 2648 Iesum:
745 2617 761 2638 ‹
792 2591 900 2648 Nos
947 2590 1052 2647 filii
1099 2591 1336 2648 Abrahae
1379 2608 1568 2648 sumus
1618 2590 1798 2664 (Joan.
1849 2604 1971 2655 vni,

370 2679 483 2752 33).
523 2705 542 2728 .

442 2769 620 2840 (Vera.
657 2769 768 2840 11.)
816 2793 833 2816 ι
863 2769 981 2840 Ego
1009 2777 1214 2836 autem,
1259 2768 1475 2836 fratres,
1509 2766 1556 2822 si
1586 2763 1976 2823 circumcisio-

368 2872 492 2912 nem
540 2855 799 2928 praedico,
828 2855 963 2926 quid
1006 2854 1188 2909 adhuc
1219 2854 1654 2924 persecutionem
1695 2852 1960 2924 patior?-

369 2946 633 3014 Apertum
676 2948 776 3007 est,
809 2940 957 3013 quod
987 2940 1124 2997 dicit
1149 2958 1162 3007 ;
1192 2941 1316 2995 ideo
1345 2939 1494 2995 enim
1525 2941 1678 3013 quasi
1711 2940 1973 2998 inimicus

367 3029 574 3085 ludatis
612 3026 935 3096 habebatur,
969 3035 1023 3083 et
1051 3043 1162 3082 non
1191 3027 1514 3083 desinebant
1539 3045 1572 3083 a
1598 3028 1974 3100 persecutione

370 3118 520 3192 ejus;
556 3123 700 3184 228
731 3117 860 3192 quia
888 3116 1368 3176 circumcisionem
1393 3116 1509 3190 jam
1538 3133 1650 3173 non
1696 3123 1839 3172 stare
1883 3118 1973 3174 de-

367 3218 546 3278 cebat.
574 3221 824 3296 Denique
870 3221 1075 3280 Iudaeis
1123 3222 1605 3296 compellentibus,
1635 3230 1689 3279 et
1713 3238 1974 3295 smpenu-

367 3325 518 3367 mero
549 3311 712 3370 falsas
739 3313 1117 3372 accusationes
1165 3321 1360 3371 contra
1400 3331 1526 3370 eum
1569 3313 1964 3382 deferentibus,

363 3399 650 3474 obliquum
678 3403 923 3474 judicem
954 3405 1168 3473 videns,
1196 3412 1417 3461 coactus
1453 3405 1751 3477 appellavit
1782 3404 1968 3462 Caesa-

364 3504 478 3546 rem
507 3492 650 3561 (Act.
682 3509 820 3562 xxv,
858 3494 970 3563 11).
1027 3518 1044 3540 ι
1085 3494 1229 3564 Ergo
1261 3502 1586 3550 evacuatum
1616 3502 1698 3550 est
1729 3493 1968 3550 scanda-

365 3579 478 3634 lum
532 3583 732 3636 crucis.
765 3605 784 3628 ι
847 3581 1178 3637 Scandalum
1227 3590 1342 3638 erat
1395 3583 1598 3639 Iudaeis
1651 3583 1966 3656 praedicatio

362 3667 561 3736 crucis,
587 3668 715 3741 quia
745 3667 1041 3725 Sabbatum
1064 3679 1118 3726 et
1137 3669 1614 3726 circumcisionem
1644 3671 1961 3728 evacuabat.

361 3756 419 3814 Si
477 3765 657 3814 autem
719 3757 1038 3817 admitteret
1098 3759 1598 3830 circumcisionem,
1661 3777 1772 3817 non
1824 3772 1965 3820 esset

358 3848 700 3923 scandalum,
732 3859 786 3907 et
813 3850 1029 3922 paciﬁci
1058 3859 1237 3908 essent
1253 3851 1413 3908 nobis
1431 3850 1625 3908 Judaei.
1648 3852 1783 3909 Nam
1805 3851 1964 3910 dice-

359 3938 491 3996 bant
520 3939 587 3998 de
618 3942 898 3998 Salvatore
933 3961 946 3999 :
995 3967 1013 3991 ι
1043 3942 1166 3999 Non
1196 3949 1277 3999 est
1306 3941 1398 4000 hic
1433 3942 1600 3999 homo
1639 3959 1670 3999 a
1698 3944 1833 4013 Deo,
1865 3944 1960 4016 qui

356 4033 650 4090 Sabbatum
675 4052 788 4092 non
815 4035 1058 4093 custodit
1088 4037 1272 4110 (Joan.
1305 4053 1386 4106 Ix,
1422 4037 1535 4109 16).
1566 4062 1585 4086 ι

430 4123 612 4195 (Vera.
649 4125 760 4197 12.)
809 4149 827 4172 ι
857 4126 1078 4182 Utinam
1107 4134 1162 4181 et
1189 4125 1586 4184 abscindantur
1623 4126 1704 4196 hi,
1730 4128 1824 4200 qui
1857 4145 1958 4186 vos

355 4210 764 4268 subvertuntln
817 4213 947 4269 Tale
983 4222 1064 4270 est
1109 4214 1235 4283 hoc,
1288 4217 1446 4288 quale
1475 4225 1528 4273 et
1557 4217 1699 4274 illud
1737 4218 1804 4274 ad
1843 4219 1956 4276 Co-

356 4299 597 4356 rinthios
627 4299 686 4354 in
724 4300 904 4373 prima
937 4319 948 4357 :
997 4328 1013 4348 ε
1044 4302 1150 4369 Qui
1181 4319 1314 4372 non,
1347 4306 1552 4377 inquit,
1585 4315 1730 4363 amat
1757 4308 1958 4364 Domi-

355 4405 488 4445 num
515 4389 722 4458 Jesum,
744 4390 817 4446 sit
844 4389 1137 4446 anathema
1160 4391 1217 4464 (Ι
1239 4392 1364 4448 Cor.
1387 4410 1503 4463 xvr,
1529 4395 1644 4469 22).
1671 4423 1689 4444 ι
1729 4398 1816 4452 Ex
1838 4398 1956 4470 ipso

2087 523 2253 572 tatem
2310 516 2369 573 in
2429 518 2774 576 occasionem
2829 515 2983 574 carni
3034 514 3196 571 detis.
3227 537 3245 561 ι
3293 513 3410 570 Hoc
3438 513 3601 583 dicit,
3632 531 3702 572 ne

2087 615 2368 680 acceptam
2412 607 2722 666 libertatem
2751 606 2965 665 occasio
2999 604 3182 663 carnis
3209 602 3417 660 adimat
3451 622 3462 660 :
3497 605 3568 662 ad
3597 605 3700 663 hoc

2087 697 2234 752 enim
2264 697 2587 754 circumcidi
2637 715 2729 756 eos
2779 698 3058 765 volebant,
3107 703 3168 752 ut
3212 695 3270 750 in
3318 695 3694 753 conditionem

2089 786 2222 858 legis
2251 788 2541 846 intrarent.
2578 789 2709 846 Ideo
2724 796 2930 856 monet,
2960 805 3028 844 ne
3049 786 3181 844 dent
3202 786 3549 843 occasionem
3572 803 3698 844 con-

2087 877 2374 935 sentiendo
2420 880 2517 936 eis.
2565 907 2583 928 ‹
2627 881 2731 938 Sed
2778 897 2874 953 per
2917 877 3272 936 dilectionem
3312 877 3544 950 spiritus
3591 895 3696 936 ser-

2087 965 2199 1023 vite
2228 969 2389 1025 vobis
2426 971 2686 1029 invicem.
2715 996 2732 1019 ι
2787 970 2907 1025 Non
2939 985 3033 1042 per
3067 968 3324 1024 affectum
3361 968 3546 1024 carnis
3575 969 3693 1026 cha-

2087 1060 2304 1116 ritatem
2335 1061 2664 1131 habendam,
2695 1061 2791 1118 sed
2821 1077 2918 1134 per
2945 1059 3297 1116 dilectionem
3322 1059 3556 1131 spiritus
3583 1077 3689 1116 ex-

2087 1149 2359 1219 hortatur,
2394 1160 2455 1206 ut
2482 1152 2725 1208 invicem
2762 1151 2867 1207 sibi
2898 1145 3132 1222 subjecti
3159 1150 3291 1205 sint.

2159 1242 2340 1312 (Vers.
2377 1241 2488 1314 14.)
2535 1268 2552 1290 ‹
2580 1243 2844 1298 Universa
2891 1241 3037 1298 enim
3091 1241 3180 1295 lex
3221 1239 3278 1295 in
3309 1238 3470 1295 vobis
3500 1241 3557 1295 in
3586 1257 3693 1297 uno

2087 1329 2253 1385 verbo
2283 1331 2546 1402 impletur
2579 1348 2590 1386 :
2642 1331 2850 1403 Diliges
2896 1329 3215 1402 proximum
3255 1335 3416 1384 tuum
3459 1329 3604 1386 sicut
3640 1336 3690 1385 te

2087 1420 2265 1493 ipsum
2300 1420 2489 1492 (Leuit.
2522 1437 2643 1489 xxx,
2679 1420 2790 1493 18).
2823 1445 2840 1466 ι
2889 1420 3004 1476 Hoc
3029 1419 3295 1491 scriptum
3336 1427 3420 1475 est
3449 1419 3508 1474 in
3540 1418 3691 1474 Levi-

2086 1511 2216 1577 tico,
2249 1513 2396 1584 quod
2424 1530 2590 1586 supra
2619 1512 2830 1569 dictum
2877 1521 2976 1580 est,
3029 1511 3160 1584 quia
3206 1509 3472 1582 perfectio
3500 1511 3694 1568 salutis

2084 1618 2180 1672 per
2199 1602 2553 1660 dilectionem
2572 1614 2854 1677 operatur;
2875 1602 3004 1677 quia
3018 1602 3112 1676 qui
3136 1617 3247 1657 non
3269 1600 3454 1674 diligit
3471 1603 3688 1659 fratrem

2085 1708 2195 1746 non
2224 1692 2407 1766 diligit
2453 1697 2650 1764 Deum,
2695 1693 2832 1752 dicit
2872 1694 3108 1750 Joannes
3137 1692 3418 1764 apostolus
3451 1693 3510 1767 (Ι
3530 1693 3685 1751 Joan.

2087 1797 2163 1849 iv,
2201 1780 2314 1852 20).

2158 1870 2338 1942 (Vers.
2375 1872 2487 1944 15.)
2535 1896 2552 1919 ι
2584 1871 2741 1940 Quod
2768 1871 2813 1928 si
2846 1870 3109 1928 mordetis
3142 1870 3397 1939 invicem,
3428 1880 3482 1927 et
3502 1872 3692 1928 crimi-

2086 1961 2230 2016 natis
2262 1961 2379 2033 (83)
2407 1979 2420 2028 ;
2452 1962 2634 2018 videte
2689 1978 2758 2018 ne
2801 1961 2870 2018 ab
2914 1961 3153 2019 invicem
3199 1961 3622 2018 consumamini.
3660 1989 3679 2011 ι

2085 2051 2433 2108 Manifestum
2465 2059 2547 2107 est
2589 2051 2720 2124 quia
2749 2051 3021 2108 dissensio
3070 2051 3295 2106 fratrum
3348 2048 3580 2105 inimica
3611 2059 3694 2107 est

2083 2143 2434 2212 dilectionis;
2473 2144 2598 2200 ideo
2628 2151 2816 2200 monet
2844 2153 2907 2202 ut
2944 2142 3157 2217 paciﬁci
3190 2142 3303 2198 sint
3338 2139 3691 2212 proﬁcientes

2085 2235 2143 2292 in
2170 2236 2337 2292 bono.
2375 2234 2777 2298 Contentiones
2807 2235 2956 2291 enim
2989 2241 3249 2308 generant
3282 2230 3554 2304 jurgium,
3586 2249 3690 2289 cu-

2079 2323 2170 2396 jus
2194 2325 2408 2382 fructus
2446 2333 2528 2381 est
2559 2326 2688 2381 vita;
2717 2326 3088 2399 consumptio.

2158 2415 2338 2486 (Vers.
2367 2416 2478 2488 16.)
2523 2442 2541 2465 ι
2592 2417 2726 2473 Dico
2789 2424 2991 2485 autem,
3041 2415 3241 2489 spiritu
3288 2415 3588 2485 ambulate,
3641 2426 3691 2475 et

2084 2504 2586 2577 concupiscentiam
2617 2505 2800 2563 carnis
2831 2522 2941 2562 non
2973 2505 3288 2578 perﬁcietis.
3317 2533 3334 2553 ι
3395 2507 3688 2580 Postquam

2083 2612 2114 2651 a
2145 2595 2258 2665 lege
2287 2595 2558 2651 factorum
2592 2611 2683 2652 eos
2705 2595 3013 2669 prohibuit,
3048 2595 3104 2651 in
3129 2612 3237 2670 qua
3265 2605 3394 2651 sunt
3422 2605 3691 2670 praecepta

2083 2685 2343 2754 carnalia,
2377 2701 2526 2742 nunc
2555 2693 2616 2741 ut
2645 2702 2676 2740 a
2707 2686 2860 2743 vitiis
2897 2685 3080 2743 carnis
3109 2702 3166 2742 se
3194 2685 3534 2752 contineant,
3560 2700 3691 2756 prae.

2082 2773 2237 2847 cipit.
2272 2775 2376 2832 Hic
2417 2776 2565 2832 enim
2603 2775 2804 2848 spiritu
2841 2775 3106 2845 ambulat,
3139 2775 3234 2848 qui
3265 2774 3406 2846 fugit
3443 2782 3680 2846 peccata.

2158 2864 2342 2934 (Vers.
2380 2865 2494 2938 17.)
2541 2889 2558 2911 ι
2589 2865 2723 2922 Nam
2755 2881 2882 2922 caro
2922 2863 3264 2936 concupiscit
3287 2861 3551 2920 adversus
3580 2864 3685 2935 spi-

2084 2952 2274 3022 ritum,
2306 2953 2534 3025 spiritus
2571 2969 2702 3011 vero
2747 2955 3009 3010 adversus
3057 2969 3308 3021 carnem;
3367 2951 3485 3009 haec
3544 2952 3685 3008 enim

2083 3041 2189 3098 sibi
2221 3041 2461 3099 invicem
2491 3042 2872 3113 adversantur,
2907 3050 2968 3098 ut
3004 3058 3116 3098 non
3148 3058 3211 3098 ea
3239 3058 3360 3115 quae
3392 3041 3590 3110 vultis,
3617 3041 3686 3098 fa-

2001 3159 2052 3223 ρ
2082 3131 2403 3205 οἱδῐὶε(84).
2432 3156 2450 3180 ι
2496 3135 2644 3190 Duas
2688 3133 2832 3206 leges
2890 3131 3170 3223 proponit,
3213 3133 3357 3223 sicut
3385 3131 3520 3188 facit
3541 3142 3604 3223 Aet
3633 3133 3686 3186 in

2079 3223 2312 3296 epistola
2340 3224 2410 3279 ad
2440 3225 2716 3280 Romanos
2737 3223 2864 3297 (vn,
2894 3222 3010 3296 23),
3045 3239 3165 3296 qua
3210 3221 3452 3277 invicem
3490 3221 3660 3279 adver

2078 3331 2148 3370 sae
2175 3322 2339 3371 sunt:
2376 3330 2542 3369 unam
2580 3313 2701 3384 Dei,
2746 3314 2974 3369 alteram
3018 3311 3244 3385 peccati.
3293 3311 3424 3380 Quae
3470 3310 3598 3367 ideo
3630 3312 3683 3368 in

2077 3419 2240 3459 carne
2269 3402 2632 3475 signiﬁcatur,
2679 3401 2808 3476 quia
2834 3401 3154 3458 visibilibus
3181 3401 3506 3470 oblectatur,
3531 3403 3683 3474 cupi-

2077 3490 2144 3546 da
2166 3499 2546 3563 peccatorum;
2593 3499 2654 3547 ut
2684 3491 2771 3547 his
2818 3490 2924 3548 sibi
2973 3488 3410 3559 abversantibus,
3468 3491 3683 3547 medius

2075 3579 2243 3637 homo
2272 3597 2383 3637 non
2412 3597 2476 3638 ea
2503 3597 2623 3654 quae
2655 3581 2795 3650 vult,
2832 3588 2975 3654 agat.
3005 3581 3210 3637 Divina
3245 3580 3394 3637 enim
3429 3579 3521 3634 lex
3553 3597 3682 3652 pre-

2074 3669 2177 3724 mit
2205 3679 2260 3727 et
2286 3670 2438 3743 fugat
2481 3673 2653 3746 legem
2703 3671 2930 3745 peccati,
2989 3672 3283 3728 consulens
3328 3668 3566 3737 homini,
3625 3679 3681 3725 ut

2073 3761 2315 3834 vigorem
2347 3769 2556 3818 natura:
2584 3778 2695 3818 suae
2742 3759 3036 3830 custodiat,
3083 3777 3150 3817 ne
3196 3757 3444 3831 capiatur
3486 3759 3681 3817 illece-

2070 3852 2184 3909 bris
2217 3871 2228 3909 :
2263 3852 2359 3909 illa
2384 3870 2412 3910 e
2446 3861 2636 3912 contra
2665 3852 2724 3908 in
2755 3852 2973 3909 insidiis
3004 3868 3189 3924 agens,
3239 3851 3455 3908 lacessit
3485 3849 3680 3907 homi-

2068 3961 2193 4001 nem
2223 3945 2534 4016 blanditiis,
2567 3955 2629 4003 ut
2657 3956 2878 4022 spernat
2919 3955 3250 4022 praeceptum
3281 3945 3414 4018 legis
3447 3944 3675 4006 divinze.

2069 4035 2207 4094 Cum
2234 4053 2364 4110 ergo
2393 4039 2732 4096 consenserit
2781 4039 2946 4096 homo
3002 4038 3106 4110 legi
3162 4036 3283 4103 Dei,
3338 4035 3676 4094 contradicit

2067 4126 2158 4181 lex
2197 4128 2424 4198 peccati,
2473 4127 2708 4185 suadens
2745 4127 2961 4185 homini
2990 4144 3059 4183 ne
3090 4127 3256 4184 faciat
3302 4125 3452 4200 quod
3506 4125 3676 4199 impe-

2065 4223 2150 4271 rat
2185 4217 2274 4272 lex
2302 4217 2535 4274 divina:
2588 4234 2616 4274 e
2657 4217 2877 4275 diverso
2919 4224 3105 4274 autem
3154 4216 3246 4272 lex
3299 4215 3399 4271 Dei
3455 4221 3675 4271 revocat

2065 4303 2382 4375 hominem;
2450 4323 2519 4364 ne
2576 4307 2740 4365 faciat
2813 4307 2960 4382 quod
3014 4307 3252 4380 suggerit
3299 4305 3388 4361 lex
3440 4305 3668 4377 peccati.

2067 4392 2226 4460 Quod
2259 4393 2481 4467 quidem
2512 4394 2679 4452 homo
2711 4413 2822 4452 non
2856 4395 3006 4453 videt
3037 4411 3150 4452 esse
3177 4392 3474 4450 absurdum
3503 4412 3518 4460 ;
3570 4392 3671 4448 scit

353 4497 510 4555 grege
541 4481 794 4538 morbido
825 4489 956 4538 sunt
987 4491 1041 4539 et
1065 4482 1126 4538 hi
1177 4499 1312 4556 quos
1341 4484 1513 4541 sociat
1542 4488 1826 4544 sententiae
1853 4505 1956 4545 eo-
1983 4527 2031 4586 Β
2066 4483 2214 4540 enim
2246 4495 2454 4543 natura:
2483 4505 2595 4544 suae
2647 4503 2966 4560 congruere,
3021 4487 3067 4542 si
3122 4486 3287 4542 faciat
3315 4482 3463 4557 quod
3503 4483 3668 4556 impe-

352 4587 513 4639 rum;
549 4579 612 4627 ut
636 4570 1032 4628 abscindantur
1060 4589 1091 4628 a
1132 4571 1514 4630 misericordia
1556 4575 1778 4631 Domini
1812 4577 1952 4651 (81),

349 4661 444 4734 qui
475 4660 690 4718 Galatas
741 4662 842 4719 Dei
896 4661 1067 4735 gratia
1121 4671 1393 4719 exuerunt
1444 4681 1456 4719 :
1513 4672 1567 4721 et
1622 4681 1735 4721 non
1772 4667 1951 4725 solum

349 4750 689 4822 spiritaliter,
718 4751 812 4809 sed
842 4758 896 4808 et
920 4753 1232 4822 carnaliter,
1263 4752 1364 4809 hos
1394 4753 1709 4824 maledicit;
1743 4764 1805 4812 ut
1823 4756 1954 4831 quia

347 4839 668 4898 circumcidi
725 4842 942 4898 Galatas
990 4844 1273 4916 cogebant,
1321 4842 1423 4916 ipsi
1474 4843 1946 4919 abscinderentur,

346 4933 409 4982 ut
442 4929 904 5002 multiplicaretur
932 4931 1020 4989 his
1060 4932 1220 4989 dolor
1244 4935 1509 5006 corporis.

420 5018 603 5092 (Vers.
648 5022 758 5096 13.)
800 5050 818 5071 ‹
839 5025 952 5083 Vos
981 5023 1130 5081 enim
1163 5025 1221 5081 in
1251 5027 1562 5084 libertatem
1591 5029 1772 5086 vocati
1794 5030 1944 5099 estis,

346 5105 561 5165 fratres.
589 5134 608 5157 ι
652 5111 714 5166 111
745 5111 1056 5170 libertatem
1086 5116 1266 5171 vocati
1307 5125 1466 5186 sunt;
1500 5117 1627 5191 quia
1647 5135 1772 5175 cum
1811 5135 1946 5191 pec-

342 5197 478 5254 catis
506 5207 688 5255 essent
718 5201 970 5274 obnoxii,
993 5203 1093 5259 Dei
1114 5205 1288 5276 gratia
1310 5206 1641 5279 accipientes
1660 5208 1943 5266 remissam

416 5318 534 5462 (79)
564 5319 1002 5402 M_ss._nonnulli,
1037 5324 1225 5382 habere
1251 5325 1484 5398 gratiam
1510 5325 1628 5383 Dei.

443 5389 535 5461 80)
566 5392 748 5449 Dictio
786 5413 820 5451 a
846 5402 1013 5452 morte
1049 5413 1079 5453 e
1124 5397 1248 5454 cod.
1298 5413 1411 5454 non
1456 5399 1628 5462 pauci:

343 5389 535 5515 ml(80)
566 5391 748 5449 Dictio
786 5413 820 5451 a
846 5389 1013 5452 morte
1049 5413 1079 5453 e
1124 5389 1272 5454 cod:
1298 5413 1411 5454 non
1455 5399 1644 5469 paucis
1689 5399 1943 5456 restitui-

417 5531 694 5612 (81)_‘Mss_.
730 5536 962 5612 aliquot,
990 5557 1025 5612 a
1053 5541 1464 5612 mentegDomini
1481 5560 1501 5607 ;
1529 5557 1694 5610 unus,
1729 5561 1763 5598 a
1794 5559 1940 5598 man-

345 5601 774 5681 datii'DQmini;
816 5601 1014 5681 feliqui
1057 5619 1111 5666 et
1150 5611 1310 5680 edit.,
1339 5631 1373 5668 a
1407 5601 1772 5670 misericordia
1820 5615 1936 5670 Dei.

417 5674 536 5746 (82)
569 5675 773 5733 Omnes
800 5674 953 5735 edit."
969 5695 1031 5736 ac
1075 5681 1233 5752 pauci
1264 5674 1418 5753 mss,
1448 5685 1551 5740 Dei
1586 5684 1814 5757 gratiam
1841 5703 1941 5740 ac-

2066 4581 2149 4629 rat
2169 4575 2258 4631 lex
2290 4576 2408 4632 Dei.
2441 4575 2690 4651 Denique
2722 4576 2939 4650 gaudet,
2974 4575 3195 4651 quando
3226 4573 3342 4630 haec
3371 4572 3484 4646 agit
3509 4590 3520 4629 :
3543 4589 3664 4628 cum

2059 4681 2122 4721 ea
2150 4673 2428 4738 operatur,
2463 4684 2584 4741 quae
2614 4666 2853 4740 suggerit
2883 4667 2974 4722 lex
3015 4664 3247 4738 peccati,
3278 4661 3433 4719 videt
3460 4679 3521 4720 se
3550 4670 3663 4718 tur-

2059 4771 2204 4827 pem,
2236 4765 2290 4813 et
2319 4755 2505 4813 horret
2551 4767 2673 4830 post
2723 4757 2951 4814 factum.
2998 4757 3233 4828 Ideoque
3271 4753 3406 4828 legis
3439 4753 3665 4826 spiritus

2058 4856 2330 4920 praecepta
2354 4849 2624 4905 servanda
2651 4857 2798 4918 sunt,
2837 4858 2891 4906 et
2920 4848 3165 4906 carnalia
3208 4844 3496 4917 fugienda;
3548 4845 3662 4918 ipsa

2058 4937 2206 4993 enim
2264 4939 2602 4995 conscientia
2647 4948 2888 5008 accusat,
2934 4938 2980 4995 si
3024 4937 3074 4994 ei
3123 4938 3450 5007 consentiat,
3485 4937 3662 4993 sciens

2056 5025 2272 5083 horrori
2302 5044 2438 5096 esse,
2471 5045 2590 5101 qua
2619 5029 2869 5101 suggerit
2894 5029 2984 5084 lex
3014 5027 3241 5100 peccati.
3550 5069 3552 5071 ›

2127 5117 2310 5189 (Vers.
2346 5117 2459 5189 18.)
2506 5143 2523 5165 ι
2553 5116 2711 5185 Quod
2747 5118 2793 5173 si
2826 5116 3028 5190 spiritu
3057 5115 3331 5173 ducimini
3374 5113 3516 5188 (85),
3549 5128 3656 5171 non

2052 5207 2184 5264 estis
2213 5206 2316 5264 sub
2347 5207 2482 5280 lege.
2506 5233 2523 5256 ι
2572 5208 2693 5263 Non
2729 5214 2810 5262 est
2838 5205 3154 5275 obscurum,
3181 5204 3310 5278 quia
3337 5204 3433 5278 qui
3461 5203 3652 5261 ducem

2051 5327 2315 5394 cipientes,
2364 5326 2586 5381 remissa
2631 5326 2959 5394 delictorum,
2991 5333 3098 5383 etc.
3135 5322 3286 5378 Infra
3315 5337 3445 5377 vero
3496 5323 3651 5381 Rom.

2050 5397 2356 5475 editusola,
2387 5405 2434 5452 et
2463 5397 2806 5475 m__ditionem_
2826 5399 2968 5475 legis,
3001 5405 3106 5475 etc.
3205 5471 3214 5475 _

2125 5469 2241 5546 (88)
2275 5470 2431 5546 [10111.
2465 5469 2622 5546 ed_it.,
2651 5465 2902 5546 mordetis
2925 5465 3143 5524 invicem
3168 5471 3215 5518 et
3232 5465 3517 5520 comeditis.

2272 5540 2480 5596 Eadem
2514 5542 2670 5598 Rom.
2703 5541 2860 5610 edit.,
2891 5547 2952 5596 ut
2983 5557 3087 5596 non
3111 5552 3429 5608 quaecunque
3469 5537 3647 5602 vultis,

2047 5613 2282 5685 faciatis.

2121 5685 2238 5758 (85)
2265 5684 2530 5745 Nonnulli
2557 5701 2712 5754 mss.,
2741 5685 2790 5740 si
2813 5684 3024 5757 Spin'tu
3047 5683 3145 5740 Dei
3167 5681 3440 5737 ducimini.
