3908 6192
159 313 270 374 389

1222 319 1585 378 COMMENT.
1626 323 1697 381 IN
1732 321 1950 380 EPIST.
1995 324 2090 380 AD
2131 324 2386 382 GALAT.

3356 333 3462 393 390

160 447 326 505 habet
354 447 622 522 Spiritum
651 456 926 519 sanctum,
978 465 1091 506 non
1121 458 1302 519 errat;
1337 453 1426 508 lex
1465 451 1615 507 enim
1661 469 1757 508 er-
1786 458 1838 517 Α
1866 454 2030 510 Bonae
2067 454 2215 509 enim
2243 455 2372 510 vitae
2403 456 2610 513 fructus
2637 458 2820 516 aridos
2849 460 3006 526 facit,
3037 459 3272 533 perdens
3300 479 3452 537 spem

161 537 412 597 rantibus
455 538 796 608 dominatur,
849 539 993 596 sicut
1022 540 1132 597 alio
1161 541 1284 598 loco
1311 539 1485 598 dicit:
1553 564 1572 590 ι
1599 542 1754 598 Iusto

159 643 268 684 non
299 637 381 685 est
410 630 501 686 lex
534 631 713 702 posita
751 629 812 702 (Ι
843 630 983 687 Tim.
1011 647 1053 700 I,
1083 630 1166 701 9.)
1199 657 1218 679 ι

229 719 414 789 (Vers.
449 721 536 789 19,
572 720 664 788 20,
694 720 811 792 21.)
859 745 877 768 ι
899 720 1190 778 Manifesta
1222 728 1352 778 sunt
1381 729 1562 780 autem
1591 739 1757 796 opera

154 808 357 878 carnis,
391 826 513 883 qua;
543 819 673 866 sunt
703 810 1060 880 adulterium,
1091 811 1406 881 fornicatio,
1440 813 1750 886 impuritas,

153 897 488 968 obscenitas,
511 899 844 970 idololatria,
868 899 1153 970 veneﬁcia,
1178 901 1507 972 inimicitiae,
1531 912 1756 960 conten-

149 987 359 1059 tiones,
400 989 801 1058 simulationes,
846 990 941 1046 iras
976 991 1116 1062 (86),
1165 991 1495 1061 simultates,
1527 992 1752 1050 dissen-

147 1078 359 1144 siones,
392 1077 642 1148 haareses,
672 1079 918 1149 invidiae,
952 1079 1273 1149 homicidia,
1304 1082 1616 1151 ebrietates,
1647 1100 1751 1139 co-

148 1169 530 1238 messationes,
563 1179 616 1228 et
645 1186 769 1242 quae
798 1178 926 1226 sunt
954 1171 1041 1226 his
1074 1170 1302 1240 similia,
1339 1189 1460 1246 quae
1505 1172 1750 1246 praedico

146 1255 330 1326 vobis,
362 1257 505 1315 sicut
535 1264 588 1313 et
619 1257 874 1330 praedixi,
908 1258 1055 1332 quod
1076 1259 1134 1315 hi
1166 1261 1261 1334 qui
1290 1262 1423 1317 talia
1446 1270 1634 1334 agunt,
1667 1280 1748 1321 re-

146 1345 241 1418 gni
270 1345 370 1402 Dei
398 1346 772 1405 hereditatem
793 1365 906 1406 non
926 1360 1376 1424 consequentur»
1409 1353 1538 1410 Haec
1561 1353 1749 1410 omnia

143 1441 199 1490 et
226 1433 315 1492 bis
344 1435 550 1493 similia
582 1437 718 1510 legis
754 1438 965 1511 peccati
1003 1440 1250 1497 membra
1275 1450 1426 1511 sunt,
1450 1447 1596 1506 229
1627 1459 1747 1516 qua;

140 1542 448 1614 Apostolus
500 1561 666 1617 opera
719 1547 903 1603 carnis
936 1549 1211 1621 appellat:
1258 1549 1388 1624 quia
1415 1566 1623 1608 errores
1652 1550 1742 1607 isti

138 1643 213 1684 ex
249 1630 461 1687 mundo
491 1641 643 1702 sunt,
699 1650 767 1691 ex
815 1652 923 1709 quo
971 1644 1024 1693 et
1070 1654 1216 1695 caro.
1267 1639 1466 1696 Omnia
1508 1655 1745 1713 namque

135 1730 368 1792 peccata
405 1720 473 1777 de
505 1722 643 1779 foris
668 1724 924 1782 oriuntur
944 1742 1012 1782 ex
1034 1737 1185 1799 parte
1200 1730 1519 1798 carnis,non
1540 1746 1606 1786 ex
1622 1746 1740 1802 par-

133 1817 191 1865 te
223 1809 490 1884 spiritus;
541 1812 663 1870 ideo
718 1831 832 1872 non
871 1815 1106 1874 absurde
1131 1834 1295 1893 opera
1322 1819 1504 1878 carnis
1532 1819 1734 1876 dicun-
1762 1827 1810 1888 B

133 1907 246 1955 tur.

211 1988 394 2062 (Vers.
429 1989 528 2061 22,
569 1992 657 2062 23,
699 1993 815 2068 24.)
877 2020 895 2045 ‹
932 1997 1167 2055 Fructus
1207 2015 1339 2056 vero
1377 1998 1615 2072 Spiritus
1651 2007 1732 2057 est

131 2075 397 2149 charitas,
441 2081 722 2154 gaudium,
761 2101 890 2156 pax,
940 2086 1350 2159 longanimitas,
1395 2088 1728 2163 benignitas,

129 2183 275 2239 spes,
309 2169 529 2239 lenitas,
583 2173 946 2239 continentia,
977 2177 1218 2245 castitas,
1262 2178 1512 2236 bonitas:
1543 2180 1732 2236 adver-

126 2275 221 2314 sus
250 2258 575 2331 hujusmodi
602 2277 715 2317 non
743 2270 825 2318 est
856 2263 965 2320 lex.
997 2264 1102 2332 Qui
1133 2275 1314 2323 autem
1343 2276 1472 2324 sunt
1500 2269 1730 2336 Christi,

127 2363 355 2404 carnem
386 2365 539 2404 suam
571 2351 974 2409 cruciﬁxerunt
1005 2371 1132 2411 cum
1173 2356 1330 2412 vitiis
1377 2365 1430 2412 et
1477 2357 1735 2428 concupi-

124 2435 375 2494 scentiis.
395 2462 415 2488 ι
454 2437 577 2495 Non
604 2439 770 2497 dixit:
805 2441 981 2514 Opera
999 2443 1229 2516 spiritus
1253 2443 1491 2501 charitas
1517 2452 1618 2513 est,
1642 2443 1735 2501 sed

124 2525 338 2596 fructus
369 2528 625 2600 spiritus;
679 2531 772 2587 lex
799 2533 948 2588 enim
983 2533 1216 2606 spiritus
1254 2534 1392 2603 haec,
1422 2551 1544 2608 quae
1571 2549 1735 2606 supra

122 2616 476 2688 memoravit,
507 2619 827 2692 fructiﬁcat,
859 2630 921 2678 ut
939 2639 1009 2679 ex
1022 2623 1110 2680 his
1131 2623 1424 2680 haereditas
1443 2624 1596 2696 regni
1629 2640 1734 2681 coa-

135 2705 322 2763 lorum
366 2718 680 2781 quaeratur:
739 2712 835 2785 qui
887 2713 1037 2770 enim
1079 2713 1304 2771 Christo
1339 2713 1527 2771 devoti
1572 2721 1728 2784 sunt,

132 2795 239 2853 hos
268 2797 410 2855 dicit
437 2798 703 2871 Christos,
737 2802 796 2859 id
824 2811 906 2860 est
931 2811 1147 2862 unctos.
1193 2804 1263 2859 Hi
1293 2820 1536 2873 carnem,
1565 2802 1624 2859 id
1652 2809 1736 2860 est

132 2885 436 2956 mundum,
467 2889 815 2965 cruciﬁgunt,
837 2892 1056 2966 quando
1072 2891 1189 2951 haac
1209 2908 1279 2949 ex
1299 2893 1500 2967 quibus
1516 2907 1731 2949 errores

131 2977 983 3047 oriuntur,condemnant.Hunc
1010 2999 1232 3042 sensum
1262 2991 1316 3040 et
1338 2985 1573 3052 Joannes
1601 2999 1730 3056 apo-

132 3066 311 3122 stolus
340 3076 582 3137 secutus,
611 3071 708 3129 ait:
757 3097 775 3120 ι
794 3073 976 3130 Nolite
1013 3073 1244 3146 diligere
1263 3073 1414 3132 hunc
1434 3074 1726 3143 mundum,

135 3171 318 3252 neque
346 3172 410 3214 ea
442 3174 562 3232 quae
613 3160 674 3217 in
721 3161 827 3252 hoc
856 3162 1064 3219 mundo
1094 3172 1243 3220 sunt.
1279 3163 1336 3219 Si
1378 3162 1502 3236 quis
1546 3163 1730 3235 diligit
1763 3190 1806 3252 α

130 3244 548 3316 mundum,non
569 3265 599 3306 e
629 3258 680 3307 st
712 3251 956 3310 charitas
981 3253 1162 3310 Patris
1190 3254 1250 3309 in
1271 3253 1391 3321 illo;
1415 3252 1544 3326 quia
1568 3269 1732 3309 omne

129 3337 284 3410 quod
315 3338 372 3394 in
400 3338 505 3396 hoc
533 3341 743 3399 mundo
788 3351 889 3412 est,
940 3342 1387 3415 concupiscentia
1411 3343 1596 3399 carnis
1622 3351 1726 3412 est,

129 3435 186 3483 et
221 3431 673 3502 concupiscentia
723 3434 1012 3491 oculorum
1046 3434 1098 3506 (1
1135 3434 1294 3490 Joan.
1327 3450 1388 3503 ii,
1432 3434 1520 3500 15,
1555 3432 1669 3506 16).
1691 3459 1710 3480 ι

129 3515 239 3583 Qui
259 3534 388 3590 ergo
420 3520 713 3591 mundum,
743 3531 799 3578 et
818 3523 966 3596 quod
997 3523 1054 3578 in
1081 3522 1291 3579 mundo
1315 3529 1416 3590 est,
1448 3539 1564 3578 non
1590 3539 1718 3579 con-

127 3607 389 3678 cupiscit,
413 3607 504 3666 hic
538 3626 760 3667 carnem
786 3611 1084 3684 cruciﬁgit,
1114 3613 1302 3686 Neque
1328 3613 1478 3669 enim
1507 3614 1727 3685 corpori

130 3693 378 3752 humano
406 3697 525 3756 haec
543 3699 683 3756 vitia
712 3701 1034 3758 ascribenda
1060 3710 1213 3772 sunt,
1245 3702 1301 3759 id
1331 3710 1414 3759 est
1447 3702 1724 3772 idolatria,

124 3782 414 3854 veneﬁcia,
444 3787 952 3860 haereses,invidiae,
983 3791 1314 3862 inimicitiae,
1340 3791 1435 3848 irae
1467 3799 1520 3848 et
1549 3791 1681 3847 talia
1709 3809 1722 3847 :

126 3873 225 3930 sed
263 3874 388 3932 ideo
416 3879 660 3936 carnalia
704 3880 988 3950 dicuntur,
1039 3881 1168 3955 quia
1212 3899 1282 3938 ex
1324 3890 1479 3955 parte
1530 3879 1726 3938 mundi

125 3973 282 4022 sunt.
322 3967 469 4024 sicut
497 3985 664 4041 supra
700 3970 1026 4028 memoravi.
1073 3972 1288 4028 Interea
1332 3987 1444 4027 non
1489 3971 1727 4042 amplius

127 4069 294 4128 quam
325 4054 513 4114 decem
544 4075 632 4115 res
658 4061 863 4132 posuit,
897 4077 1032 4133 quas
1059 4061 1271 4118 fructus
1298 4061 1526 4134 spiritus
1546 4059 1729 4133 signi-

125 4145 296 4213 ﬁcat;
337 4155 401 4204 ut
429 4147 490 4204 in
551 4148 639 4204 his
666 4150 856 4207 omnia
881 4152 1209 4224 complexus
1250 4152 1504 4208 videatur
1533 4167 1721 4208 secun-

124 4235 256 4292 dum
291 4237 510 4293 tabulas
533 4238 865 4296 Testamenti
887 4240 1007 4309 Dei,
1039 4241 1097 4296 in
1126 4240 1327 4313 quibus
1349 4256 1462 4296 non
1492 4241 1729 4314 amplius

125 4340 294 4397 quam
322 4324 513 4383 decem
545 4327 712 4383 verba
746 4329 1132 4385 mandatorum
1161 4328 1364 4384 tradita
1384 4335 1532 4385 sunt.

197 4417 385 4488 (Vers.
420 4415 510 4485 25,
543 4416 659 4488 26.)
706 4439 725 4464 ε
773 4416 831 4474 Si
879 4417 1125 4473 vivimus
1167 4416 1390 4490 spiritu,
1425 4417 1624 4490 spiritu
1667 4428 1722 4477 et

123 4506 494 4564 ambulemus.
542 4507 669 4564 Non
713 4507 888 4564 simus
916 4505 1136 4563 inanem
1171 4505 1401 4580 gloriam
1431 4513 1718 4577 sectantes,

125 4593 368 4652 invicem
415 4605 804 4668 provocantes,
855 4595 1092 4653 invicem
1150 4595 1486 4655 invidentes.

124 4683 281 4753 dicit,
315 4685 443 4757 quia
473 4685 519 4742 si
550 4686 691 4744 bene
721 4694 776 4744 et
794 4685 1024 4743 honeste
1062 4686 1326 4756 vivimus,
1355 4687 1532 4745 bonos
1561 4687 1718 4744 debe-

128 4789 249 4829 mus
279 4772 480 4831 habere
513 4781 566 4832 et
594 4792 809 4844 mores;
842 4775 950 4832 hoc
985 4784 1068 4834 est
1091 4776 1241 4833 enim
1270 4776 1472 4850 spiritu
1501 4777 1712 4847 vivere,

124 4861 619 4922 incontaminatam
669 4865 842 4922 vitam
883 4864 1119 4922 habere:
1167 4875 1222 4923 et
1263 4866 1344 4924 sic
1368 4866 1568 4940 spiritu
1605 4883 1718 4923 am-

125 4949 409 5022 bulamus,
438 4954 483 5010 si
504 4953 626 5026 paci
648 4954 964 5012 studeamus
993 4973 1008 5022 ;
1062 4954 1179 5013 haec
1206 4955 1355 5017 enim
1420 4955 1564 5028 parit
1585 4954 1711 5011 cha-

126 5041 366 5099 ritatem.
400 5043 586 5100 Inanis
618 5053 801 5103 autem
846 5047 1025 5118 gloria
1054 5053 1134 5102 est
1170 5046 1315 5102 velle
1345 5045 1590 5113 vincere,
1620 5043 1718 5101 ubi

124 5131 414 5202 praemium
435 5149 550 5189 non
579 5140 691 5204 est;
726 5142 789 5191 ut
827 5135 952 5209 quis
978 5135 1224 5192 studium
1264 5134 1463 5192 habeat
1493 5144 1714 5192 conten-

122 5219 289 5277 tionis
340 5228 398 5278 et
446 5223 841 5294 aemulationis,
885 5224 1066 5282 sciens
1111 5223 1242 5299 quia
1283 5223 1402 5279 haec
1455 5232 1717 5298 generant

124 5307 394 5367 discordis
458 5321 512 5370 et
600 5313 768 5371 lites:
842 5337 863 5363 ι
914 5315 1148 5372 Servum
1222 5319 1427 5381 autem,
1505 5314 1712 5386 inquit,

121 5399 342 5457 Domini
391 5417 504 5458 non
549 5413 765 5476 oportet
806 5404 1020 5478 litigare
1078 5404 1168 5476 (II
1221 5403 1360 5459 Tim.
1414 5419 1477 5473 η,
1535 5403 1651 5477 24).
1686 5429 1705 5452 ι

191 5545 307 5618 (86)
360 5546 523 5618 Rom.
557 5545 718 5618 edit.,
747 5548 1116 5613 contentiones,
1141 5544 1503 5602 mutationes
1522 5549 1644 5618 im.

192 5616 314 5691 (87)
359 5617 524 5675 Rom.
586 5617 755 5691 edit.“
783 5619 900 5676 sola
947 5619 1044 5674 etsi
1089 5618 1472 5691 circumventus
1528 5617 1715 5691 fuerit.

123 5685 322 5746 Eadem
361 5705 491 5746 cum
523 5697 639 5747 vet.
671 5688 804 5747 edit.
855 5697 909 5746 et
953 5706 1086 5746 mss.
1135 5688 1483 5763 quibusdam,
1529 5685 1720 5746 humi-

1864 541 2190 614 promissam
2245 550 2403 600 castae
2435 540 2914 617 'conversationis;
2994 548 3140 606 bona
3184 551 3336 608 enim
3399 560 3453 608 et

1865 642 2014 689 casta
2040 632 2158 690 vita
2213 633 2460 691 moribus
2513 636 2756 694 ornanda
2809 645 2914 708 est,
2953 646 3010 696 et
3063 639 3450 699 benevolentia

1869 721 2270 795 locupletanda.

2472 849 2701 908 CAPUT
2739 851 2836 909 VI.

1937 965 2122 1037 (Vers.
2186 965 2237 1032 I,
2259 966 2313 1023 2.
2349 966 2370 1037 )
2417 990 2435 1013 ι
2456 967 2691 1037 Fratres,
2719 968 2820 1024 etsi
2851 981 3263 1044 praeoccupatus
3284 974 3451 1031 fuerit

1867 1052 1983 1125 (87)
2013 1053 2180 1110 homo
2204 1053 2272 1110 ab
2293 1055 2481 1128 aliquo
2502 1055 2725 1126 delicto,
2759 1074 2859 1115 vos
2889 1059 2986 1132 qui
3008 1060 3281 1132 spiritales
3301 1063 3460 1132 estis,-

1861 1143 2119 1200 instruite
2148 1144 2467 1216 hujusmodi
2497 1146 2556 1202 in
2586 1147 2787 1220 spiritu
2817 1150 3276 1219 mansuetudinis,
3324 1166 3452 1207 con-

1861 1233 2108 1290 siderans
2160 1235 2532 1308 temetipsum,
2582 1253 2651 1293 ne
2692 1245 2747 1294 et
2798 1245 2863 1294 tu
2911 1239 3161 1308 tenteris,
3210 1240 3451 1298 invicem

1860 1339 2026 1380 onera
2080 1332 2261 1381 vestra
2306 1334 2538 1398 portate.
2577 1351 2595 1374 ι
2643 1327 2803 1386 Nunc
2833 1329 2935 1385 hos
2983 1330 3309 1402 alloquitur,
3358 1328 3452 1400 qui

1859 1412 2131 1472 ﬁrmiores
2155 1424 2333 1486 erant,
2384 1433 2451 1472 ne
2507 1417 2791 1474 inﬂatione
2810 1417 2971 1474 bonaa
3000 1419 3128 1475 vitae
3148 1435 3297 1485 eum,
3355 1420 3451 1493 qui

1858 1501 2000 1560 forte
2030 1521 2061 1559 a
2095 1512 2318 1578 peccato
2362 1505 2783 1564 circumventus
2823 1507 3040 1576 fuisset,
3085 1507 3453 1580 spernendum

1856 1601 2113 1664 putarent
2143 1602 2196 1650 et
2224 1594 2620 1667 abjiciendum,
2657 1595 2892 1670 ideoque
2920 1597 3321 1654 consulendum
3343 1596 3451 1654 his.

1855 1687 1994 1746 Cum
2019 1693 2443 1750 mansuetudine
2471 1694 2618 1751 enim
2651 1693 3001 1766 provocandi
3038 1701 3166 1750 sunt
3194 1695 3262 1751 ad
3286 1695 3453 1752 refor-

1853 1781 2084 1840 mandos
2115 1799 2192 1852 se,
2247 1785 2376 1857 quia
2402 1785 2449 1840 si
2496 1786 2676 1842 acrius
2730 1801 2801 1841 ex
2865 1783 3193 1842 auctoritate
3245 1785 3454 1844 fuerint

1845 1872 2106 1945 correpti,
2159 1889 2272 1928 non
2302 1890 2361 1930 se
2404 1873 2684 1946 patientur
2713 1874 2913 1948 argui,
2955 1874 3049 1931 sed
3076 1882 3130 1931 et
3157 1873 3451 1932 defendere

1841 1978 1897 2017 se
1927 1961 2220 2035 incipient,
2253 1978 2322 2018 ne
2351 1972 2539 2037 turpes
2567 1963 2908 2034 videantur,
2947 1973 3001 2022 et
3046 1963 3322 2036 incipiunt
3346 1979 3451 2036 pe-

1837 2049 1985 2122 jores
2014 2051 2155 2110 ﬁeri.
2217 2053 2372 2110 Tolle
2400 2053 2550 2110 enim
2582 2053 2655 2110 ho
2682 2055 2892 2110 minem
2922 2070 2954 2110 a
2990 2055 3344 2111 contentione
3397 2061 3452 2111 et

1841 2141 2090 2211 audacia,
2119 2149 2173 2198 et
2195 2142 2424 2200 habebis
2437 2160 2564 2202 eum
2595 2145 2909 2218 subjectum
2934 2163 2949 2213 ;
2979 2144 3267 2202 humilitas
3294 2145 3442 2201 enim

1841 2227 2006 2284 etiam
2056 2231 2319 2303 superbos
2388 2234 2529 2290 solet
2577 2235 2878 2292 inclinare.
2942 2236 3014 2292 Et
3053 2245 3116 2292 ut
3150 2253 3278 2293 cum
3337 2242 3452 2292 tota

1843 2317 2014 2373 animi
2044 2320 2268 2378 lenitate
2296 2322 2464 2392 ﬁerit,
2506 2323 2711 2395 adjecit
2738 2343 2750 2381 :
2799 2349 2818 2372 ‹
2845 2326 2924 2382 Ne
2952 2332 3006 2380 et
3031 2331 3092 2380 tu
3122 2324 3380 2393 tenteris;
3414 2350 3434 2372 »

1842 2413 1907 2461 ut
1936 2407 2023 2462 vel
2055 2407 2160 2466 hac
2197 2427 2364 2468 causa
2391 2428 2505 2468 non
2537 2421 2830 2484 sperneret
2870 2419 3228 2485 peccatorem,
3271 2413 3448 2469 sciens

1845 2501 1899 2548 et
1927 2509 1983 2550 se
2011 2511 2167 2567 posse
2198 2515 2444 2570 peccare.
2489 2501 2597 2556 «Et
2625 2501 2706 2556 sic
2735 2499 3038 2572 implebitis
3068 2501 3245 2573 legem
3265 2501 3439 2559 Chri-

1845 2585 1947 2653 sti;
1979 2610 1998 2634 ι
2045 2587 2135 2643 lex
2167 2589 2315 2644 enim
2350 2588 2560 2646 Christi
2587 2605 2780 2647 omnes
2807 2591 2989 2647 salvos
3011 2592 3132 2645 vult
3165 2589 3283 2645 ﬁeri
3312 2609 3322 2645 :
3377 2608 3440 2648 ac

1845 2691 1942 2748 per
1987 2675 2093 2734 hoc
2131 2676 2226 2750 qui
2265 2678 2424 2735 fratri
2467 2679 2716 2752 peccanti
2742 2679 3003 2748 consulit,
3051 2689 3114 2736 ut
3151 2679 3337 2737 redeat
3372 2680 3444 2737 ad

1849 2765 2218 2836 propositum,
2251 2766 2444 2839 implet
2468 2768 2813 2825 voluntatem
2842 2767 3070 2826 Christi.

1920 2853 2104 2920 (Vers.
2147 2854 2198 2923 3,
2247 2854 2331 2928 4.)
2393 2879 2410 2902 ι
2452 2855 2510 2912 Si
2544 2856 2692 2912 enim
2735 2857 2860 2931 quis
2907 2855 3127 2913 videtur
3169 2853 3276 2913 sibi
3322 2862 3439 2914 esse

1843 2941 2076 3015 aliquid,
2113 2961 2237 3001 cum
2267 2945 2409 3002 nihil
2456 2947 2548 3013 sit,
2582 2963 2638 3002 se
2677 2946 2857 3018 ipsum
2893 2945 3126 3002 seducti.
3155 2943 3306 3018 Opus
3333 2963 3440 3004 au-

1843 3037 1954 3087 tem
1994 3049 2156 3089 suum
2200 3033 2393 3106 probet
2449 3034 2864 3108 unusquisque;
2896 3042 2952 3090 et
2977 3042 3111 3091 tunc
3138 3034 3200 3090 in
3226 3042 3438 3091 semet-

1843 3119 1963 3192 ipso
2009 3128 2225 3178 tantum
2264 3123 2495 3196 gloriam
2525 3123 2770 3192 habebit,
2824 3131 2880 3179 et
2927 3139 3039 3180 non
3069 3123 3128 3178 in
3159 3124 3351 3180 altero.
3403 3149 3422 3173 ι

1840 3209 2047 3267 Verum
2072 3218 2174 3279 est,
2204 3227 2307 3268 nec
2338 3213 2470 3268 latet
2503 3227 2858 3284 quemquam,
2887 3211 3018 3282 quia
3045 3211 3092 3267 si
3132 3220 3290 3268 actus
3318 3228 3433 3267 uo-

1837 3307 1981 3356 stros
2008 3308 2063 3356 et
2102 3309 2343 3358 mentem
2387 3300 2818 3369 consideremus,
2867 3300 3011 3355 nulli
3052 3316 3153 3356 nos
3184 3308 3425 3373 antepo-

1839 3390 2044 3459 nimus,
2077 3397 2132 3447 et
2151 3407 2253 3448 nec
2272 3392 2434 3449 facile
2447 3407 2779 3466 quemquam
2792 3389 3126 3462 judicamus.
3150 3388 3257 3457 Qui
3277 3389 3428 3446 enim

1837 3480 2130 3537 extollitur
2157 3483 2312 3554 quasi
2341 3481 2554 3554 aliquid
2583 3482 2676 3550 sit,
2709 3488 2886 3548 errat;
2916 3479 3089 3536 nescit
3118 3479 3267 3536 enim
3296 3479 3429 3553 quia

1837 3566 1904 3623 de
1931 3567 2248 3626 humilitate
2275 3570 2558 3627 crescitur.
2606 3569 2789 3627 Verba
2835 3569 2983 3625 enim
3029 3567 3333 3625 Salvatoris
3380 3577 3434 3626 et

1837 3669 1987 3732 gesta
2030 3669 2157 3719 ante
2199 3663 2388 3720 oculos
2415 3679 2527 3720 non
2557 3662 2740 3732 habet,
2793 3663 2890 3736 qui
2920 3678 3049 3719 cum
3077 3660 3150 3720 sit
3179 3661 3433 3719 omnium

1836 3751 2128 3821 Dominus,
2153 3752 2475 3809 humiliavit
2506 3769 2564 3809 se
2595 3751 2859 3825 (Philipp.
2912 3769 2977 3817 ll,
3026 3748 3124 3823 8);
3165 3759 3227 3807 ut
3271 3749 3433 3806 nobis

1838 3839 2071 3898 formam
2117 3841 2272 3898 daret
2327 3841 2463 3916 quid
2518 3843 2674 3914 sequi
2713 3840 3056 3906 deberemus,
3100 3839 3148 3894 si
3190 3854 3431 3895 crescere

1835 3931 2110 3988 velimus:
2141 3941 2196 3988 et
2215 3932 2263 3987 si
2288 3948 2389 3988 nos
2417 3930 2770 4002 erigeremus,
2811 3927 3233 3995 inclinaremur,
3285 3924 3434 3998 quod

1836 4020 1970 4077 facit
2025 4021 2303 4094 imperitia
2361 4018 2547 4076 cordis
2593 4016 2802 4084 inﬂati;
2866 4024 2929 4071 ut
2976 4013 3121 4087 apud
3178 4013 3434 4072 homines

1835 4110 2275 4169 commendatior
2324 4107 2598 4165 videatur.
2648 4107 2920 4178 Spernens
2956 4103 3104 4162 enim
3133 4111 3187 4162 et
3234 4102 3430 4177 despi-

1834 4205 1986 4263 ciens
2030 4211 2356 4277 peccatores,
2386 4201 2601 4274 justum
2639 4216 2696 4258 se
2737 4198 2921 4257 videri
2951 4198 3256 4268 contendit,
3288 4197 3433 4256 sicut

1836 4304 1890 4353 et
1921 4294 2232 4368 pharisaeus
2259 4293 2381 4363 ille,
2399 4309 2562 4368 quem
2582 4291 2855 4349 Dominus
2875 4289 3098 4348 denotat
3118 4291 3270 4364 (Luc.
3287 4305 3429 4358 xvn,

1839 4385 1925 4454 10,
1982 4384 2095 4456 11).
2136 4381 2422 4458 Numquid
2479 4398 2592 4438 non
2650 4397 2778 4438 vere
2831 4380 2925 4438 hic
2980 4379 3272 4453 imperitus
3328 4389 3431 4449 est,

1834 4476 1930 4549 qui
1977 4474 2261 4548 praesentis
2305 4473 2490 4546 gloriae
2547 4471 2780 4546 cupidus
2809 4470 2938 4528 est?
2991 4467 3273 4543 Numquid
3318 4485 3430 4524 non

1531 4557 1722 4655 ,ψῖιξέ
1745 4557 1794 4616 D
1829 4582 1958 4624 vere
1983 4565 2052 4622 de
2092 4563 2298 4622 futuris
2327 4565 2597 4637 desperat,
2629 4563 2726 4638 qui
2757 4561 3069 4619 mercedem
3111 4558 3342 4632 justitiai
3373 4557 3430 4614 in

1829 4656 2084 4732 praesenti
2114 4656 2237 4714 vult
2265 4655 2527 4729 consequi
2556 4653 2586 4710 ?
2614 4655 2792 4721 Quare
2813 4652 2840 4708 ‘2
2869 4651 3009 4719 Quia
3035 4666 3147 4707 non
3176 4656 3258 4704 est
3285 4653 3429 4710 230

1823 4754 2008 4827 justus
2035 4755 2094 4811 in
2120 4770 2302 4827 opere,
2334 4751 2430 4810 sed
2458 4766 2555 4824 per
2583 4747 2859 4805 fallaciam
2903 4747 3064 4819 ﬁngit
3106 4743 3385 4817 justitiam
3411 4763 3426 4813 ;

1829 4845 1924 4920 qui
1953 4846 2102 4902 enim
2133 4845 2253 4900 vult
2275 4843 2459 4916 justus
2497 4855 2630 4908 esse,
2673 4839 2913 4909 alterum
2960 4836 3070 4893 sibi
3125 4835 3426 4908 praeponit,

1828 4942 1890 4992 ut
1912 4951 2040 4992 vere
2064 4933 2248 5006 justus
2276 4933 2366 4991 sit.
2391 4929 2788 5004 Unusquisque
2820 4928 2970 4985 enim
3001 4926 3128 5000 plus
3159 4925 3304 4982 mala
3330 4942 3430 4985 sua

1826 5024 2002 5091 novit,
2037 5040 2203 5096 quam
2231 5022 2478 5080 alterius.

1903 5113 2110 5185 ((Vers.
2140 5113 2222 5184 5.)
2275 5138 2294 5162 ι
2344 5109 2740 5184 Unusquisque
2781 5107 2930 5166 enim
2961 5123 3116 5165 suam
3146 5106 3424 5166 sarcinam

1826 5201 2087 5275 portabit.
2129 5226 2148 5249 ι
2191 5201 2278 5255 Ad
2319 5209 2657 5272 postremum
2701 5201 2808 5258 hoc
2845 5200 3024 5257 voluit
3069 5200 3423 5260 innotescere

1828 5287 2100 5362 superbis,
2135 5287 2266 5358 quia
2291 5304 2402 5342 non
2452 5287 2851 5357 coinquinatur
2907 5290 3032 5360 quis
3074 5289 3256 5344 alieno
3288 5307 3427 5362 pec-

1827 5386 1970 5447 cato,
2033 5373 2337 5433 dummodo
2372 5373 2681 5442 dissentiat,
2731 5385 2794 5433 ut
2848 5393 3011 5433 nemo
3056 5384 3308 5438 versatur
3366 5395 3424 5435 se

1832 5521 1958 5579 liate
1986 5514 2333 5586 hujusmodi,-
2365 5524 2421 5574 at
2466 5511 2652 5572 caeteri
2704 5529 2835 5574 mss.
2880 5518 3053 5588 magis
3103 5520 3423 5591 commode,

1829 5606 2080 5666 instruite
2106 5603 2424 5672 hujusmodi.
