  <div class='ocr_page' id='page_1' title='image "/cluster/home/n/w/nwhite01/storage/ocr_20150623/17/uva.x000826553/203.png"; bbox 0 0 3908 6192; ppageno 0'>
   <div class='ocr_carea' id='block_1_1' title="bbox 469 319 571 377">
    <p class='ocr_par' dir='ltr' id='par_1_1' title="bbox 469 319 571 377">
     <span class='ocr_line' id='line_1_1' title="bbox 469 319 571 377; baseline -0.029 0"><span class='ocrx_word' id='word_1_1' title='bbox 469 319 571 377; x_wconf 87' lang='lat'>391</span> 
     </span>
    </p>
   </div>
   <div class='ocr_carea' id='block_1_2' title="bbox 465 532 978 591">
    <p class='ocr_par' dir='ltr' id='par_1_2' title="bbox 465 532 978 591">
     <span class='ocr_line' id='line_1_2' title="bbox 465 532 978 591; baseline -0.012 0"><span class='ocrx_word' id='word_1_2' title='bbox 465 542 528 591; x_wconf 90' lang='lat' dir='ltr'>ut</span> <span class='ocrx_word' id='word_1_3' title='bbox 561 549 686 589; x_wconf 92' lang='lat' dir='ltr'>eum</span> <span class='ocrx_word' id='word_1_4' title='bbox 717 532 978 587; x_wconf 88' lang='lat' dir='ltr'>lucretur.</span> 
     </span>
    </p>
   </div>
   <div class='ocr_carea' id='block_1_3' title="bbox 540 609 2053 694">
    <p class='ocr_par' dir='ltr' id='par_1_3' title="bbox 540 609 2053 694">
     <span class='ocr_line' id='line_1_3' title="bbox 540 609 2053 694; baseline -0.012 -13"><span class='ocrx_word' id='word_1_5' title='bbox 540 622 724 694; x_wconf 84' lang='lat' dir='ltr'>(Vers.</span> <span class='ocrx_word' id='word_1_6' title='bbox 760 619 840 689; x_wconf 91' lang='lat'>6.)</span> <span class='ocrx_word' id='word_1_7' title='bbox 861 646 877 664; x_wconf 76' lang='grc' dir='ltr'><strong>ε</strong></span> <span class='ocrx_word' id='word_1_8' title='bbox 908 615 1292 677; x_wconf 90' lang='lat' dir='ltr'>Communicet</span> <span class='ocrx_word' id='word_1_9' title='bbox 1322 624 1504 670; x_wconf 87' lang='lat' dir='ltr'>autem</span> <span class='ocrx_word' id='word_1_10' title='bbox 1537 613 1602 680; x_wconf 89' lang='lat' dir='ltr'>is,</span> <span class='ocrx_word' id='word_1_11' title='bbox 1635 610 1729 683; x_wconf 90' lang='lat' dir='ltr'>qui</span> <span class='ocrx_word' id='word_1_12' title='bbox 1760 609 2053 667; x_wconf 86' lang='lat' dir='ltr'>catechiza-</span> 
     </span>
    </p>
   </div>
   <div class='ocr_carea' id='block_1_4' title="bbox 465 699 2053 781">
    <p class='ocr_par' dir='ltr' id='par_1_4' title="bbox 465 699 2053 781">
     <span class='ocr_line' id='line_1_4' title="bbox 465 699 2053 781; baseline -0.008 -13"><span class='ocrx_word' id='word_1_13' title='bbox 465 721 556 768; x_wconf 91' lang='lat' dir='ltr'>tur</span> <span class='ocrx_word' id='word_1_14' title='bbox 577 710 745 767; x_wconf 89' lang='lat' dir='ltr'>verbo</span> <span class='ocrx_word' id='word_1_15' title='bbox 777 709 892 781; x_wconf 91' lang='lat'>(88)</span> <span class='ocrx_word' id='word_1_16' title='bbox 917 734 934 755; x_wconf 73' lang='grc' dir='ltr'>ι</span> <span class='ocrx_word' id='word_1_17' title='bbox 973 707 1054 777; x_wconf 89' lang='lat' dir='ltr'>(id</span> <span class='ocrx_word' id='word_1_18' title='bbox 1071 714 1173 774; x_wconf 92' lang='lat' dir='ltr'>est,</span> <span class='ocrx_word' id='word_1_19' title='bbox 1193 704 1287 777; x_wconf 90' lang='lat' dir='ltr'>qui</span> <span class='ocrx_word' id='word_1_20' title='bbox 1311 702 1537 759; x_wconf 81' lang='lat' dir='ltr'>verbum</span> <span class='ocrx_word' id='word_1_21' title='bbox 1556 701 1652 757; x_wconf 87' lang='lat' dir='ltr'>Dei</span> <span class='ocrx_word' id='word_1_22' title='bbox 1675 700 1903 756; x_wconf 91' lang='lat' dir='ltr'>audiens</span> <span class='ocrx_word' id='word_1_23' title='bbox 1922 699 2053 771; x_wconf 89' lang='lat' dir='ltr'>est).</span> 
     </span>
    </p>
   </div>
   <div class='ocr_carea' id='block_1_5' title="bbox 481 787 2056 872">
    <p class='ocr_par' dir='ltr' id='par_1_5' title="bbox 481 787 2056 872">
     <span class='ocr_line' id='line_1_5' title="bbox 481 787 2056 872; baseline -0.01 -15"><span class='ocrx_word' id='word_1_24' title='bbox 481 828 497 848; x_wconf 79' lang='grc' dir='ltr'>ι</span> <span class='ocrx_word' id='word_1_25' title='bbox 527 800 578 856; x_wconf 91' lang='lat' dir='ltr'>ei</span> <span class='ocrx_word' id='word_1_26' title='bbox 628 799 720 872; x_wconf 89' lang='lat' dir='ltr'>qui</span> <span class='ocrx_word' id='word_1_27' title='bbox 753 796 1072 863; x_wconf 89' lang='lat' dir='ltr'>catechizat,</span> <span class='ocrx_word' id='word_1_28' title='bbox 1121 796 1174 850; x_wconf 89' lang='lat' dir='ltr'>in</span> <span class='ocrx_word' id='word_1_29' title='bbox 1225 792 1482 849; x_wconf 90' lang='lat' dir='ltr'>omnibus</span> <span class='ocrx_word' id='word_1_30' title='bbox 1524 791 1703 846; x_wconf 88' lang='lat' dir='ltr'>bonis.</span> <span class='ocrx_word' id='word_1_31' title='bbox 1741 815 1756 835; x_wconf 77' lang='grc' dir='ltr'>ι</span> <span class='ocrx_word' id='word_1_32' title='bbox 1815 789 1931 844; x_wconf 89' lang='lat' dir='ltr'>Hoc</span> <span class='ocrx_word' id='word_1_33' title='bbox 1960 787 2056 843; x_wconf 94' lang='lat' dir='ltr'>di—</span> 
     </span>
    </p>
   </div>
   <div class='ocr_carea' id='block_1_6' title="bbox 464 878 2056 958">
    <p class='ocr_par' dir='ltr' id='par_1_6' title="bbox 464 878 2056 958">
     <span class='ocr_line' id='line_1_6' title="bbox 464 878 2056 958; baseline -0.009 -12"><span class='ocrx_word' id='word_1_34' title='bbox 464 892 562 958; x_wconf 87' lang='lat' dir='ltr'>cit,</span> <span class='ocrx_word' id='word_1_35' title='bbox 596 897 656 945; x_wconf 88' lang='lat' dir='ltr'>ut</span> <span class='ocrx_word' id='word_1_36' title='bbox 685 887 1006 944; x_wconf 91' lang='lat' dir='ltr'>doctoribus</span> <span class='ocrx_word' id='word_1_37' title='bbox 1035 884 1322 941; x_wconf 71' lang='lat' dir='ltr'>audientes</span> <span class='ocrx_word' id='word_1_38' title='bbox 1347 880 1756 939; x_wconf 84' lang='lat' dir='ltr'>communicent</span> <span class='ocrx_word' id='word_1_39' title='bbox 1787 879 1842 934; x_wconf 94' lang='lat' dir='ltr'>in</span> <span class='ocrx_word' id='word_1_40' title='bbox 1865 878 2056 934; x_wconf 92' lang='lat' dir='ltr'>omni-</span> 
     </span>
    </p>
   </div>
   <div class='ocr_carea' id='block_1_7' title="bbox 463 967 2054 1044">
    <p class='ocr_par' dir='ltr' id='par_1_7' title="bbox 463 967 2054 1044">
     <span class='ocr_line' id='line_1_7' title="bbox 463 967 2054 1044; baseline -0.008 -10"><span class='ocrx_word' id='word_1_41' title='bbox 463 978 567 1034; x_wconf 89' lang='lat' dir='ltr'>bus</span> <span class='ocrx_word' id='word_1_42' title='bbox 603 975 783 1032; x_wconf 89' lang='lat' dir='ltr'>bonis.</span> <span class='ocrx_word' id='word_1_43' title='bbox 817 974 870 1030; x_wconf 92' lang='lat' dir='ltr'>Si</span> <span class='ocrx_word' id='word_1_44' title='bbox 906 983 1085 1030; x_wconf 88' lang='lat' dir='ltr'>autem</span> <span class='ocrx_word' id='word_1_45' title='bbox 1135 972 1295 1028; x_wconf 78' lang='lat' dir='ltr'>aliter</span> <span class='ocrx_word' id='word_1_46' title='bbox 1323 979 1483 1044; x_wconf 82' lang='lat' dir='ltr'>agant</span> <span class='ocrx_word' id='word_1_47' title='bbox 1533 986 1690 1042; x_wconf 86' lang='lat' dir='ltr'>quam</span> <span class='ocrx_word' id='word_1_48' title='bbox 1746 967 1966 1036; x_wconf 89' lang='lat' dir='ltr'>docent,</span> <span class='ocrx_word' id='word_1_49' title='bbox 1998 968 2054 1022; x_wconf 93' lang='lat' dir='ltr'>in</span> 
     </span>
    </p>
   </div>
   <div class='ocr_carea' id='block_1_8' title="bbox 463 1057 2054 1128">
    <p class='ocr_par' dir='ltr' id='par_1_8' title="bbox 463 1057 2054 1128">
     <span class='ocr_line' id='line_1_8' title="bbox 463 1057 2054 1128; baseline -0.007 -6"><span class='ocrx_word' id='word_1_50' title='bbox 463 1067 551 1122; x_wconf 90' lang='lat' dir='ltr'>his</span> <span class='ocrx_word' id='word_1_51' title='bbox 584 1066 698 1122; x_wconf 89' lang='lat' dir='ltr'>illis</span> <span class='ocrx_word' id='word_1_52' title='bbox 727 1081 835 1122; x_wconf 92' lang='lat' dir='ltr'>non</span> <span class='ocrx_word' id='word_1_53' title='bbox 867 1061 1412 1128; x_wconf 87' lang='lat' dir='ltr'>communicandum,</span> <span class='ocrx_word' id='word_1_54' title='bbox 1461 1060 1553 1116; x_wconf 93' lang='lat' dir='ltr'>sed</span> <span class='ocrx_word' id='word_1_55' title='bbox 1595 1057 2054 1123; x_wconf 88' lang='lat' dir='ltr'>dissentiendum,</span> 
     </span>
    </p>
   </div>
   <div class='ocr_carea' id='block_1_9' title="bbox 464 1147 2053 1228">
    <p class='ocr_par' dir='ltr' id='par_1_9' title="bbox 464 1147 2053 1228">
     <span class='ocr_line' id='line_1_9' title="bbox 464 1147 2053 1228; baseline -0.007 -17"><span class='ocrx_word' id='word_1_56' title='bbox 464 1164 522 1212; x_wconf 85' lang='lat' dir='ltr'>ut</span> <span class='ocrx_word' id='word_1_57' title='bbox 558 1155 727 1228; x_wconf 86' lang='lat' dir='ltr'>magis</span> <span class='ocrx_word' id='word_1_58' title='bbox 759 1155 856 1211; x_wconf 86' lang='lat' dir='ltr'>lux</span> <span class='ocrx_word' id='word_1_59' title='bbox 889 1153 989 1208; x_wconf 85' lang='lat' dir='ltr'>tibi</span> <span class='ocrx_word' id='word_1_60' title='bbox 1019 1152 1133 1208; x_wconf 87' lang='lat' dir='ltr'>dux</span> <span class='ocrx_word' id='word_1_61' title='bbox 1169 1152 1262 1219; x_wconf 89' lang='lat' dir='ltr'>sit,</span> <span class='ocrx_word' id='word_1_62' title='bbox 1315 1168 1476 1224; x_wconf 89' lang='lat' dir='ltr'>quam</span> <span class='ocrx_word' id='word_1_63' title='bbox 1526 1150 1712 1206; x_wconf 91' lang='lat' dir='ltr'>homo.</span> <span class='ocrx_word' id='word_1_64' title='bbox 1762 1148 1878 1204; x_wconf 88' lang='lat' dir='ltr'>Sibi</span> <span class='ocrx_word' id='word_1_65' title='bbox 1909 1147 2053 1203; x_wconf 90' lang='lat' dir='ltr'>enim</span> 
     </span>
    </p>
   </div>
   <div class='ocr_carea' id='block_1_10' title="bbox 465 1239 1905 1315">
    <p class='ocr_par' dir='ltr' id='par_1_10' title="bbox 465 1239 1905 1315">
     <span class='ocr_line' id='line_1_10' title="bbox 465 1239 1905 1315; baseline -0.004 -12"><span class='ocrx_word' id='word_1_66' title='bbox 465 1246 670 1313; x_wconf 89' lang='lat' dir='ltr'>oberit,</span> <span class='ocrx_word' id='word_1_67' title='bbox 697 1263 806 1300; x_wconf 92' lang='lat' dir='ltr'>non</span> <span class='ocrx_word' id='word_1_68' title='bbox 840 1243 940 1300; x_wconf 92' lang='lat' dir='ltr'>tibi</span> <span class='ocrx_word' id='word_1_69' title='bbox 967 1262 976 1299; x_wconf 92' lang='lat'>:</span> <span class='ocrx_word' id='word_1_70' title='bbox 1013 1243 1142 1315; x_wconf 85' lang='lat' dir='ltr'>quia</span> <span class='ocrx_word' id='word_1_71' title='bbox 1173 1258 1294 1314; x_wconf 83' lang='lat' dir='ltr'>quae</span> <span class='ocrx_word' id='word_1_72' title='bbox 1326 1240 1597 1306; x_wconf 85' lang='lat' dir='ltr'>docuerit,</span> <span class='ocrx_word' id='word_1_73' title='bbox 1630 1239 1905 1298; x_wconf 83' lang='lat' dir='ltr'>observas.</span> 
     </span>
    </p>
   </div>
   <div class='ocr_carea' id='block_1_11' title="bbox 545 1333 2046 1408">
    <p class='ocr_par' dir='ltr' id='par_1_11' title="bbox 545 1333 2046 1408">
     <span class='ocr_line' id='line_1_11' title="bbox 545 1333 2046 1408; baseline -0.005 -14"><span class='ocrx_word' id='word_1_74' title='bbox 545 1337 729 1408; x_wconf 87' lang='lat' dir='ltr'>(Vers.</span> <span class='ocrx_word' id='word_1_75' title='bbox 763 1336 841 1408; x_wconf 92' lang='lat'>7.)</span> <span class='ocrx_word' id='word_1_76' title='bbox 889 1359 904 1380; x_wconf 76' lang='grc' dir='ltr'><strong>ε</strong></span> <span class='ocrx_word' id='word_1_77' title='bbox 945 1333 1129 1390; x_wconf 90' lang='lat' dir='ltr'>Nolite</span> <span class='ocrx_word' id='word_1_78' title='bbox 1159 1347 1362 1400; x_wconf 91' lang='lat' dir='ltr'>errare,</span> <span class='ocrx_word' id='word_1_79' title='bbox 1395 1333 1542 1389; x_wconf 87' lang='lat' dir='ltr'>Deus</span> <span class='ocrx_word' id='word_1_80' title='bbox 1577 1349 1689 1390; x_wconf 89' lang='lat' dir='ltr'>non</span> <span class='ocrx_word' id='word_1_81' title='bbox 1719 1333 2046 1393; x_wconf 75' lang='lat' dir='ltr'>deridetur..</span> 
     </span>
    </p>
   </div>
   <div class='ocr_carea' id='block_1_12' title="bbox 465 1422 2058 1498">
    <p class='ocr_par' dir='ltr' id='par_1_12' title="bbox 465 1422 2058 1498">
     <span class='ocr_line' id='line_1_12' title="bbox 465 1422 2058 1498; baseline -0.001 -13"><span class='ocrx_word' id='word_1_82' title='bbox 465 1425 687 1485; x_wconf 86' lang='lat' dir='ltr'>Nemini</span> <span class='ocrx_word' id='word_1_83' title='bbox 756 1423 984 1480; x_wconf 91' lang='lat' dir='ltr'>dubium</span> <span class='ocrx_word' id='word_1_84' title='bbox 1017 1430 1098 1480; x_wconf 90' lang='lat' dir='ltr'>est</span> <span class='ocrx_word' id='word_1_85' title='bbox 1129 1424 1243 1478; x_wconf 92' lang='lat' dir='ltr'>Deo</span> <span class='ocrx_word' id='word_1_86' title='bbox 1274 1422 1633 1494; x_wconf 90' lang='lat' dir='ltr'>imposturam</span> <span class='ocrx_word' id='word_1_87' title='bbox 1655 1423 1774 1480; x_wconf 91' lang='lat' dir='ltr'>ﬁeri</span> <span class='ocrx_word' id='word_1_88' title='bbox 1800 1442 1911 1482; x_wconf 91' lang='lat' dir='ltr'>non</span> <span class='ocrx_word' id='word_1_89' title='bbox 1941 1443 2058 1498; x_wconf 90' lang='lat' dir='ltr'>pos-</span> 
     </span>
    </p>
   </div>
   <div class='ocr_carea' id='block_1_13' title="bbox 464 1512 2057 1589">
    <p class='ocr_par' dir='ltr' id='par_1_13' title="bbox 464 1512 2057 1589">
     <span class='ocr_line' id='line_1_13' title="bbox 464 1512 2057 1589; baseline 0 -17"><span class='ocrx_word' id='word_1_90' title='bbox 464 1532 542 1585; x_wconf 88' lang='lat' dir='ltr'>se,</span> <span class='ocrx_word' id='word_1_91' title='bbox 575 1515 670 1572; x_wconf 91' lang='lat' dir='ltr'>sed</span> <span class='ocrx_word' id='word_1_92' title='bbox 701 1513 806 1572; x_wconf 92' lang='lat' dir='ltr'>hoc</span> <span class='ocrx_word' id='word_1_93' title='bbox 833 1512 901 1569; x_wconf 87' lang='lat' dir='ltr'>ab</span> <span class='ocrx_word' id='word_1_94' title='bbox 957 1529 1023 1568; x_wconf 92' lang='lat' dir='ltr'>eo</span> <span class='ocrx_word' id='word_1_95' title='bbox 1068 1527 1518 1586; x_wconf 87' lang='lat' dir='ltr'>unumquemque</span> <span class='ocrx_word' id='word_1_96' title='bbox 1574 1515 1858 1588; x_wconf 88' lang='lat' dir='ltr'>consequi,</span> <span class='ocrx_word' id='word_1_97' title='bbox 1912 1515 2057 1589; x_wconf 90' lang='lat' dir='ltr'>quod</span> 
     </span>
    </p>
   </div>
   <div class='ocr_carea' id='block_1_14' title="bbox 465 1614 724 1662">
    <p class='ocr_par' dir='ltr' id='par_1_14' title="bbox 465 1614 724 1662">
     <span class='ocr_line' id='line_1_14' title="bbox 465 1614 724 1662; baseline -0.004 0"><span class='ocrx_word' id='word_1_98' title='bbox 465 1623 514 1662; x_wconf 79' lang='grc' dir='ltr'>Π]</span> <span class='ocrx_word' id='word_1_99' title='bbox 523 1614 724 1662; x_wconf 86' lang='lat' dir='ltr'>eretur.</span> 
     </span>
    </p>
   </div>
   <div class='ocr_carea' id='block_1_15' title="bbox 539 1691 2060 1767">
    <p class='ocr_par' dir='ltr' id='par_1_15' title="bbox 539 1691 2060 1767">
     <span class='ocr_line' id='line_1_15' title="bbox 539 1691 2060 1767; baseline 0 -15"><span class='ocrx_word' id='word_1_100' title='bbox 539 1696 722 1767; x_wconf 84' lang='lat' dir='ltr'>(Vers.</span> <span class='ocrx_word' id='word_1_101' title='bbox 756 1693 838 1764; x_wconf 90' lang='lat'>8.)</span> <span class='ocrx_word' id='word_1_102' title='bbox 885 1718 901 1738; x_wconf 82' lang='lat'><strong>-</strong></span> <span class='ocrx_word' id='word_1_103' title='bbox 933 1691 1092 1759; x_wconf 88' lang='lat' dir='ltr'>Quod</span> <span class='ocrx_word' id='word_1_104' title='bbox 1121 1693 1269 1748; x_wconf 88' lang='lat' dir='ltr'>enim</span> <span class='ocrx_word' id='word_1_105' title='bbox 1316 1692 1440 1765; x_wconf 90' lang='lat' dir='ltr'>quis</span> <span class='ocrx_word' id='word_1_106' title='bbox 1466 1693 1844 1764; x_wconf 83' lang='lat' dir='ltr'>seminaverit,</span> <span class='ocrx_word' id='word_1_107' title='bbox 1875 1695 1981 1752; x_wconf 93' lang='lat' dir='ltr'>hoc</span> <span class='ocrx_word' id='word_1_108' title='bbox 2006 1703 2060 1751; x_wconf 91' lang='lat' dir='ltr'>et</span> 
     </span>
    </p>
   </div>
   <div class='ocr_carea' id='block_1_16' title="bbox 1491 297 2744 364">
    <p class='ocr_par' dir='ltr' id='par_1_16' title="bbox 1491 297 2744 364">
     <span class='ocr_line' id='line_1_16' title="bbox 1491 297 2744 364; baseline -0.005 -3"><span class='ocrx_word' id='word_1_109' title='bbox 1491 307 1587 361; x_wconf 84' lang='lat' dir='ltr'>AD</span> <span class='ocrx_word' id='word_1_110' title='bbox 1626 303 1861 360; x_wconf 82' lang='lat' dir='ltr'><strong>OPERA</strong></span> <span class='ocrx_word' id='word_1_111' title='bbox 1899 303 1954 358; x_wconf 90' lang='lat' dir='ltr'>S.</span> <span class='ocrx_word' id='word_1_112' title='bbox 1994 298 2328 364; x_wconf 80' lang='lat' dir='ltr'>AMBROSII</span> <span class='ocrx_word' id='word_1_113' title='bbox 2365 297 2744 355; x_wconf 79' lang='lat' dir='ltr'>APPENDIX.</span> 
     </span>
    </p>
   </div>
   <div class='ocr_carea' id='block_1_17' title="bbox 458 428 2140 517">
    <p class='ocr_par' dir='ltr' id='par_1_17' title="bbox 458 428 2140 517">
     <span class='ocr_line' id='line_1_17' title="bbox 458 428 2140 517; baseline -0.008 -16"><span class='ocrx_word' id='word_1_114' title='bbox 458 445 694 517; x_wconf 89' lang='lat' dir='ltr'>jungere</span> <span class='ocrx_word' id='word_1_115' title='bbox 724 438 1014 514; x_wconf 90' lang='lat' dir='ltr'>peccatori,</span> <span class='ocrx_word' id='word_1_116' title='bbox 1043 445 1138 493; x_wconf 89' lang='lat' dir='ltr'>aut</span> <span class='ocrx_word' id='word_1_117' title='bbox 1165 434 1512 492; x_wconf 81' lang='lat' dir='ltr'>accedentem</span> <span class='ocrx_word' id='word_1_118' title='bbox 1548 431 1616 487; x_wconf 87' lang='lat' dir='ltr'>ad</span> <span class='ocrx_word' id='word_1_119' title='bbox 1673 447 1729 486; x_wconf 89' lang='lat' dir='ltr'>se</span> <span class='ocrx_word' id='word_1_120' title='bbox 1759 429 2054 502; x_wconf 83' lang='lat' dir='ltr'>suscipere,</span> <span class='ocrx_word' id='word_1_121' title='bbox 2089 428 2140 488; x_wconf 83' lang='lat' dir='ltr'>A</span> 
     </span>
    </p>
   </div>
   <div class='ocr_carea' id='block_1_18' title="bbox 3667 292 3774 351">
    <p class='ocr_par' dir='ltr' id='par_1_18' title="bbox 3667 292 3774 351">
     <span class='ocr_line' id='line_1_18' title="bbox 3667 292 3774 351; baseline 0 -2"><span class='ocrx_word' id='word_1_122' title='bbox 3667 292 3774 351; x_wconf 84' lang='lat'>392</span> 
     </span>
    </p>
   </div>
   <div class='ocr_carea' id='block_1_19' title="bbox 2175 420 3771 494">
    <p class='ocr_par' dir='ltr' id='par_1_19' title="bbox 2175 420 3771 494">
     <span class='ocr_line' id='line_1_19' title="bbox 2175 420 3771 494; baseline -0.002 -15"><span class='ocrx_word' id='word_1_123' title='bbox 2175 423 2440 480; x_wconf 85' lang='lat' dir='ltr'>membra.</span> <span class='ocrx_word' id='word_1_124' title='bbox 2475 423 2614 478; x_wconf 84' lang='lat' dir='ltr'>Huic</span> <span class='ocrx_word' id='word_1_125' title='bbox 2631 438 2760 494; x_wconf 87' lang='lat' dir='ltr'>ergo</span> <span class='ocrx_word' id='word_1_126' title='bbox 2803 421 3332 490; x_wconf 89' lang='lat' dir='ltr'>reiinserviendum,</span> <span class='ocrx_word' id='word_1_127' title='bbox 3372 437 3498 494; x_wconf 67' lang='lat' dir='ltr'>quae</span> <span class='ocrx_word' id='word_1_128' title='bbox 3520 420 3771 494; x_wconf 84' lang='lat' dir='ltr'>prodest;</span> 
     </span>
    </p>
   </div>
   <div class='ocr_carea' id='block_1_20' title="bbox 2164 511 3227 582">
    <p class='ocr_par' dir='ltr' id='par_1_20' title="bbox 2164 511 3227 582">
     <span class='ocr_line' id='line_1_20' title="bbox 2164 511 3227 582; baseline -0.002 -12"><span class='ocrx_word' id='word_1_129' title='bbox 2164 531 2272 570; x_wconf 93' lang='lat' dir='ltr'>non</span> <span class='ocrx_word' id='word_1_130' title='bbox 2307 511 2740 582; x_wconf 89' lang='lat' dir='ltr'>circumcisioni,</span> <span class='ocrx_word' id='word_1_131' title='bbox 2772 512 2853 569; x_wconf 86' lang='lat' dir='ltr'>rei</span> <span class='ocrx_word' id='word_1_132' title='bbox 2885 529 3035 570; x_wconf 92' lang='lat' dir='ltr'>nunc</span> <span class='ocrx_word' id='word_1_133' title='bbox 3054 511 3227 568; x_wconf 90' lang='lat' dir='ltr'>inani.</span> 
     </span>
    </p>
   </div>
   <div class='ocr_carea' id='block_1_21' title="bbox 2238 600 3773 677">
    <p class='ocr_par' dir='ltr' id='par_1_21' title="bbox 2238 600 3773 677">
     <span class='ocr_line' id='line_1_21' title="bbox 2238 600 3773 677; baseline -0.001 -17"><span class='ocrx_word' id='word_1_134' title='bbox 2238 603 2420 677; x_wconf 85' lang='lat' dir='ltr'>(Vers.</span> <span class='ocrx_word' id='word_1_135' title='bbox 2457 603 2570 675; x_wconf 91' lang='lat'>11.)</span> <span class='ocrx_word' id='word_1_136' title='bbox 2618 627 2636 649; x_wconf 77' lang='grc' dir='ltr'>ι</span> <span class='ocrx_word' id='word_1_137' title='bbox 2668 602 2873 660; x_wconf 85' lang='lat' dir='ltr'>Scitote</span> <span class='ocrx_word' id='word_1_138' title='bbox 2908 603 3025 675; x_wconf 92' lang='lat'>(91)</span> <span class='ocrx_word' id='word_1_139' title='bbox 3061 600 3320 676; x_wconf 89' lang='lat' dir='ltr'>qualibus</span> <span class='ocrx_word' id='word_1_140' title='bbox 3340 601 3548 658; x_wconf 88' lang='lat' dir='ltr'>litteris</span> <span class='ocrx_word' id='word_1_141' title='bbox 3573 601 3773 673; x_wconf 86' lang='lat' dir='ltr'>scripsi</span> 
     </span>
    </p>
   </div>
   <div class='ocr_carea' id='block_1_22' title="bbox 2166 690 3768 764">
    <p class='ocr_par' dir='ltr' id='par_1_22' title="bbox 2166 690 3768 764">
     <span class='ocr_line' id='line_1_22' title="bbox 2166 690 3768 764; baseline -0.002 -15"><span class='ocrx_word' id='word_1_142' title='bbox 2166 694 2326 750; x_wconf 85' lang='lat' dir='ltr'>vobis</span> <span class='ocrx_word' id='word_1_143' title='bbox 2356 709 2478 749; x_wconf 89' lang='lat' dir='ltr'>mea</span> <span class='ocrx_word' id='word_1_144' title='bbox 2509 710 2695 749; x_wconf 87' lang='lat' dir='ltr'>manu.</span> <span class='ocrx_word' id='word_1_145' title='bbox 2729 717 2747 742; x_wconf 84' lang='grc'>›</span> <span class='ocrx_word' id='word_1_146' title='bbox 2791 694 3199 750; x_wconf 86' lang='lat' dir='ltr'>Auctoritatem</span> <span class='ocrx_word' id='word_1_147' title='bbox 3231 690 3324 747; x_wconf 90' lang='lat' dir='ltr'>dat</span> <span class='ocrx_word' id='word_1_148' title='bbox 3353 691 3606 764; x_wconf 82' lang='lat' dir='ltr'>epistolae</span> <span class='ocrx_word' id='word_1_149' title='bbox 3635 708 3768 757; x_wconf 63' lang='lat' dir='ltr'>sure;</span> 
     </span>
    </p>
   </div>
   <div class='ocr_carea' id='block_1_23' title="bbox 2165 781 3768 856">
    <p class='ocr_par' dir='ltr' id='par_1_23' title="bbox 2165 781 3768 856">
     <span class='ocr_line' id='line_1_23' title="bbox 2165 781 3768 856; baseline -0.002 -16"><span class='ocrx_word' id='word_1_150' title='bbox 2165 802 2290 840; x_wconf 91' lang='lat' dir='ltr'>cum</span> <span class='ocrx_word' id='word_1_151' title='bbox 2323 785 2471 840; x_wconf 91' lang='lat' dir='ltr'>enim</span> <span class='ocrx_word' id='word_1_152' title='bbox 2501 783 2640 841; x_wconf 93' lang='lat' dir='ltr'>dicit</span> <span class='ocrx_word' id='word_1_153' title='bbox 2665 803 2677 840; x_wconf 87' lang='lat'>:</span> <span class='ocrx_word' id='word_1_154' title='bbox 2727 808 2745 830; x_wconf 87' lang='grc'><em>‹</em></span> <span class='ocrx_word' id='word_1_155' title='bbox 2773 784 2889 856; x_wconf 91' lang='lat' dir='ltr'>Ego</span> <span class='ocrx_word' id='word_1_156' title='bbox 2917 782 3110 855; x_wconf 89' lang='lat' dir='ltr'>scripsi</span> <span class='ocrx_word' id='word_1_157' title='bbox 3144 798 3265 838; x_wconf 90' lang='lat' dir='ltr'>mea</span> <span class='ocrx_word' id='word_1_158' title='bbox 3284 798 3474 850; x_wconf 91' lang='lat' dir='ltr'>manu,</span> <span class='ocrx_word' id='word_1_159' title='bbox 3497 806 3516 826; x_wconf 76' lang='grc' dir='ltr'>ι</span> <span class='ocrx_word' id='word_1_160' title='bbox 3555 781 3768 838; x_wconf 88' lang='lat' dir='ltr'>obediri</span> 
     </span>
    </p>
   </div>
   <div class='ocr_carea' id='block_1_24' title="bbox 2167 871 3766 944">
    <p class='ocr_par' dir='ltr' id='par_1_24' title="bbox 2167 871 3766 944">
     <span class='ocr_line' id='line_1_24' title="bbox 2167 871 3766 944; baseline 0.001 -19"><span class='ocrx_word' id='word_1_161' title='bbox 2167 873 2290 928; x_wconf 85' lang='lat' dir='ltr'>vult</span> <span class='ocrx_word' id='word_1_162' title='bbox 2349 873 2552 928; x_wconf 90' lang='lat' dir='ltr'>litteris</span> <span class='ocrx_word' id='word_1_163' title='bbox 2611 872 2716 928; x_wconf 91' lang='lat' dir='ltr'>his.</span> <span class='ocrx_word' id='word_1_164' title='bbox 2751 872 2855 928; x_wconf 91' lang='lat' dir='ltr'>Ubi</span> <span class='ocrx_word' id='word_1_165' title='bbox 2883 872 3028 928; x_wconf 91' lang='lat' dir='ltr'>enim</span> <span class='ocrx_word' id='word_1_166' title='bbox 3070 871 3408 944; x_wconf 86' lang='lat' dir='ltr'>holographa</span> <span class='ocrx_word' id='word_1_167' title='bbox 3437 887 3638 928; x_wconf 89' lang='lat' dir='ltr'>manus</span> <span class='ocrx_word' id='word_1_168' title='bbox 3667 879 3766 938; x_wconf 88' lang='lat' dir='ltr'>est,</span> 
     </span>
    </p>
   </div>
   <div class='ocr_carea' id='block_1_25' title="bbox 2163 962 3769 1038">
    <p class='ocr_par' dir='ltr' id='par_1_25' title="bbox 2163 962 3769 1038">
     <span class='ocr_line' id='line_1_25' title="bbox 2163 962 3769 1038; baseline -0.002 -17"><span class='ocrx_word' id='word_1_169' title='bbox 2163 966 2364 1022; x_wconf 85' lang='lat' dir='ltr'>falsum</span> <span class='ocrx_word' id='word_1_170' title='bbox 2387 965 2500 1022; x_wconf 92' lang='lat' dir='ltr'>dici</span> <span class='ocrx_word' id='word_1_171' title='bbox 2531 982 2642 1022; x_wconf 92' lang='lat' dir='ltr'>non</span> <span class='ocrx_word' id='word_1_172' title='bbox 2675 973 2873 1038; x_wconf 89' lang='lat' dir='ltr'>potest,</span> <span class='ocrx_word' id='word_1_173' title='bbox 2909 981 2978 1021; x_wconf 89' lang='lat' dir='ltr'>ne</span> <span class='ocrx_word' id='word_1_174' title='bbox 3009 964 3150 1020; x_wconf 90' lang='lat' dir='ltr'>forte</span> <span class='ocrx_word' id='word_1_175' title='bbox 3188 962 3559 1020; x_wconf 86' lang='lat' dir='ltr'>circumventi</span> <span class='ocrx_word' id='word_1_176' title='bbox 3589 978 3769 1018; x_wconf 87' lang='lat' dir='ltr'>excu-</span> 
     </span>
    </p>
   </div>
   <div class='ocr_carea' id='block_1_26' title="bbox 2166 1053 3764 1128">
    <p class='ocr_par' dir='ltr' id='par_1_26' title="bbox 2166 1053 3764 1128">
     <span class='ocr_line' id='line_1_26' title="bbox 2166 1053 3764 1128; baseline -0.003 -18"><span class='ocrx_word' id='word_1_177' title='bbox 2166 1063 2348 1111; x_wconf 90' lang='lat' dir='ltr'>sarent</span> <span class='ocrx_word' id='word_1_178' title='bbox 2402 1055 2470 1111; x_wconf 91' lang='lat' dir='ltr'>de</span> <span class='ocrx_word' id='word_1_179' title='bbox 2517 1055 2766 1128; x_wconf 90' lang='lat' dir='ltr'>epistola,</span> <span class='ocrx_word' id='word_1_180' title='bbox 2821 1054 2977 1127; x_wconf 90' lang='lat' dir='ltr'>quasi</span> <span class='ocrx_word' id='word_1_181' title='bbox 3009 1061 3102 1110; x_wconf 92' lang='lat' dir='ltr'>aut</span> <span class='ocrx_word' id='word_1_182' title='bbox 3133 1053 3278 1108; x_wconf 85' lang='lat' dir='ltr'>falsa</span> <span class='ocrx_word' id='word_1_183' title='bbox 3306 1059 3469 1121; x_wconf 89' lang='lat' dir='ltr'>esset,</span> <span class='ocrx_word' id='word_1_184' title='bbox 3506 1059 3604 1108; x_wconf 90' lang='lat' dir='ltr'>aut</span> <span class='ocrx_word' id='word_1_185' title='bbox 3657 1067 3764 1107; x_wconf 93' lang='lat' dir='ltr'>non</span> 
     </span>
    </p>
   </div>
   <div class='ocr_carea' id='block_1_27' title="bbox 2164 1143 3356 1218">
    <p class='ocr_par' dir='ltr' id='par_1_27' title="bbox 2164 1143 3356 1218">
     <span class='ocr_line' id='line_1_27' title="bbox 2164 1143 3356 1218; baseline -0.001 -18"><span class='ocrx_word' id='word_1_186' title='bbox 2164 1153 2304 1200; x_wconf 87' lang='lat' dir='ltr'>esset</span> <span class='ocrx_word' id='word_1_187' title='bbox 2339 1145 2612 1218; x_wconf 89' lang='lat' dir='ltr'>Apostoli,</span> <span class='ocrx_word' id='word_1_188' title='bbox 2647 1147 2895 1202; x_wconf 89' lang='lat' dir='ltr'>nolentes</span> <span class='ocrx_word' id='word_1_189' title='bbox 2923 1161 2978 1200; x_wconf 91' lang='lat' dir='ltr'>se</span> <span class='ocrx_word' id='word_1_190' title='bbox 3006 1143 3356 1216; x_wconf 86' lang='lat' dir='ltr'>reprehendi.</span> 
     </span>
    </p>
   </div>
   <div class='ocr_carea' id='block_1_28' title="bbox 2241 1233 3764 1308">
    <p class='ocr_par' dir='ltr' id='par_1_28' title="bbox 2241 1233 3764 1308">
     <span class='ocr_line' id='line_1_28' title="bbox 2241 1233 3764 1308; baseline -0.003 -17"><span class='ocrx_word' id='word_1_191' title='bbox 2241 1235 2424 1307; x_wconf 90' lang='lat' dir='ltr'>(Vers.</span> <span class='ocrx_word' id='word_1_192' title='bbox 2461 1235 2574 1307; x_wconf 89' lang='lat'>12.)</span> <span class='ocrx_word' id='word_1_193' title='bbox 2618 1260 2636 1282; x_wconf 84' lang='grc'><strong><em>‹</em></strong></span> <span class='ocrx_word' id='word_1_194' title='bbox 2667 1235 2992 1308; x_wconf 88' lang='lat' dir='ltr'>Quicunque</span> <span class='ocrx_word' id='word_1_195' title='bbox 3018 1236 3217 1290; x_wconf 86' lang='lat' dir='ltr'>volunt</span> <span class='ocrx_word' id='word_1_196' title='bbox 3248 1234 3464 1305; x_wconf 85' lang='lat' dir='ltr'>placere</span> <span class='ocrx_word' id='word_1_197' title='bbox 3491 1233 3552 1288; x_wconf 92' lang='lat' dir='ltr'>in</span> <span class='ocrx_word' id='word_1_198' title='bbox 3583 1248 3764 1299; x_wconf 87' lang='lat' dir='ltr'>carne,</span> 
     </span>
    </p>
   </div>
   <div class='ocr_carea' id='block_1_29' title="bbox 2170 1321 3761 1398">
    <p class='ocr_par' dir='ltr' id='par_1_29' title="bbox 2170 1321 3761 1398">
     <span class='ocr_line' id='line_1_29' title="bbox 2170 1321 3761 1398; baseline -0.002 -18"><span class='ocrx_word' id='word_1_199' title='bbox 2170 1326 2225 1380; x_wconf 93' lang='lat' dir='ltr'>hi</span> <span class='ocrx_word' id='word_1_200' title='bbox 2262 1335 2475 1398; x_wconf 90' lang='lat' dir='ltr'>cogunt</span> <span class='ocrx_word' id='word_1_201' title='bbox 2505 1341 2602 1380; x_wconf 88' lang='lat' dir='ltr'>vos</span> <span class='ocrx_word' id='word_1_202' title='bbox 2629 1324 2973 1394; x_wconf 85' lang='lat' dir='ltr'>circumcidi,</span> <span class='ocrx_word' id='word_1_203' title='bbox 3007 1332 3220 1380; x_wconf 89' lang='lat' dir='ltr'>tantum</span> <span class='ocrx_word' id='word_1_204' title='bbox 3240 1340 3307 1380; x_wconf 91' lang='lat' dir='ltr'>ne</span> <span class='ocrx_word' id='word_1_205' title='bbox 3331 1323 3513 1380; x_wconf 89' lang='lat' dir='ltr'>crucis</span> <span class='ocrx_word' id='word_1_206' title='bbox 3557 1321 3761 1380; x_wconf 87' lang='lat' dir='ltr'>Christi</span> 
     </span>
    </p>
   </div>
   <div class='ocr_carea' id='block_1_30' title="bbox 2171 1411 3765 1488">
    <p class='ocr_par' dir='ltr' id='par_1_30' title="bbox 2171 1411 3765 1488">
     <span class='ocr_line' id='line_1_30' title="bbox 2171 1411 3765 1488; baseline -0.003 -18"><span class='ocrx_word' id='word_1_207' title='bbox 2171 1414 2615 1488; x_wconf 87' lang='lat' dir='ltr'>persecutionem</span> <span class='ocrx_word' id='word_1_208' title='bbox 2644 1415 2948 1487; x_wconf 89' lang='lat' dir='ltr'>patiantur.</span> <span class='ocrx_word' id='word_1_209' title='bbox 2986 1440 3004 1463; x_wconf 76' lang='grc' dir='ltr'>ι</span> <span class='ocrx_word' id='word_1_210' title='bbox 3046 1415 3108 1470; x_wconf 86' lang='grc' dir='ltr'><strong>Ιη</strong></span> <span class='ocrx_word' id='word_1_211' title='bbox 3127 1429 3290 1472; x_wconf 84' lang='lat' dir='ltr'>carne</span> <span class='ocrx_word' id='word_1_212' title='bbox 3316 1413 3553 1486; x_wconf 88' lang='lat' dir='ltr'>placere,</span> <span class='ocrx_word' id='word_1_213' title='bbox 3593 1411 3765 1467; x_wconf 86' lang='lat' dir='ltr'>homi-</span> 
     </span>
    </p>
   </div>
   <div class='ocr_carea' id='block_1_31' title="bbox 2171 1508 3765 1586">
    <p class='ocr_par' dir='ltr' id='par_1_31' title="bbox 2171 1508 3765 1586">
     <span class='ocr_line' id='line_1_31' title="bbox 2171 1508 3765 1586; baseline -0.004 -17"><span class='ocrx_word' id='word_1_214' title='bbox 2171 1513 2338 1570; x_wconf 90' lang='lat' dir='ltr'>nibus</span> <span class='ocrx_word' id='word_1_215' title='bbox 2371 1515 2587 1585; x_wconf 89' lang='lat' dir='ltr'>placere</span> <span class='ocrx_word' id='word_1_216' title='bbox 2606 1512 2902 1586; x_wconf 87' lang='lat' dir='ltr'>signiﬁcat.</span> <span class='ocrx_word' id='word_1_217' title='bbox 2945 1511 3015 1568; x_wconf 89' lang='lat' dir='ltr'>Ut</span> <span class='ocrx_word' id='word_1_218' title='bbox 3059 1511 3206 1568; x_wconf 91' lang='lat' dir='ltr'>enim</span> <span class='ocrx_word' id='word_1_219' title='bbox 3251 1509 3455 1566; x_wconf 76' lang='lat' dir='ltr'>Judaais</span> <span class='ocrx_word' id='word_1_220' title='bbox 3490 1508 3765 1581; x_wconf 90' lang='lat' dir='ltr'>propitiis,</span> 
     </span>
    </p>
   </div>
   <div class='ocr_carea' id='block_1_32' title="bbox 2168 1592 3768 1674">
    <p class='ocr_par' dir='ltr' id='par_1_32' title="bbox 2168 1592 3768 1674">
     <span class='ocr_line' id='line_1_32' title="bbox 2168 1592 3768 1674; baseline -0.004 -17"><span class='ocrx_word' id='word_1_221' title='bbox 2168 1610 2261 1658; x_wconf 88' lang='lat' dir='ltr'>aut</span> <span class='ocrx_word' id='word_1_222' title='bbox 2311 1619 2420 1658; x_wconf 93' lang='lat' dir='ltr'>non</span> <span class='ocrx_word' id='word_1_223' title='bbox 2471 1603 2688 1659; x_wconf 88' lang='lat' dir='ltr'>infestis</span> <span class='ocrx_word' id='word_1_224' title='bbox 2722 1592 3032 1670; x_wconf 32' lang='lat' dir='ltr'>&#39;viverent,</span> <span class='ocrx_word' id='word_1_225' title='bbox 3091 1617 3230 1674; x_wconf 91' lang='lat' dir='ltr'>quos</span> <span class='ocrx_word' id='word_1_226' title='bbox 3285 1598 3768 1672; x_wconf 88' lang='lat' dir='ltr'>pseudoapostolos</span> 
     </span>
    </p>
   </div>
   <div class='ocr_carea' id='block_1_33' title="bbox 2165 1690 3768 1764">
    <p class='ocr_par' dir='ltr' id='par_1_33' title="bbox 2165 1690 3768 1764">
     <span class='ocr_line' id='line_1_33' title="bbox 2165 1690 3768 1764; baseline -0.004 -17"><span class='ocrx_word' id='word_1_227' title='bbox 2165 1690 2323 1759; x_wconf 89' lang='lat' dir='ltr'>dicit,</span> <span class='ocrx_word' id='word_1_228' title='bbox 2357 1692 2437 1748; x_wconf 92' lang='lat' dir='ltr'>sic</span> <span class='ocrx_word' id='word_1_229' title='bbox 2471 1691 2755 1750; x_wconf 89' lang='lat' dir='ltr'>Christum</span> <span class='ocrx_word' id='word_1_230' title='bbox 2817 1690 3213 1764; x_wconf 70' lang='lat' dir='ltr'>praedicabant,</span> <span class='ocrx_word' id='word_1_231' title='bbox 3255 1698 3318 1746; x_wconf 91' lang='lat' dir='ltr'>ut</span> <span class='ocrx_word' id='word_1_232' title='bbox 3347 1697 3401 1745; x_wconf 92' lang='lat' dir='ltr'>et</span> <span class='ocrx_word' id='word_1_233' title='bbox 3449 1690 3618 1762; x_wconf 91' lang='lat' dir='ltr'>legem</span> <span class='ocrx_word' id='word_1_234' title='bbox 3653 1702 3768 1744; x_wconf 88' lang='lat' dir='ltr'>ser-</span> 
     </span>
    </p>
   </div>
   <div class='ocr_carea' id='block_1_34' title="bbox 467 1781 3763 1856">
    <p class='ocr_par' dir='ltr' id='par_1_34' title="bbox 467 1781 3763 1856">
     <span class='ocr_line' id='line_1_34' title="bbox 467 1781 3763 1856; baseline -0.003 -13"><span class='ocrx_word' id='word_1_235' title='bbox 467 1795 654 1843; x_wconf 91' lang='lat' dir='ltr'>metet.</span> <span class='ocrx_word' id='word_1_236' title='bbox 687 1782 794 1851; x_wconf 89' lang='lat' dir='ltr'>Qui</span> <span class='ocrx_word' id='word_1_237' title='bbox 823 1783 971 1838; x_wconf 91' lang='lat' dir='ltr'>enim</span> <span class='ocrx_word' id='word_1_238' title='bbox 1004 1781 1360 1839; x_wconf 87' lang='lat' dir='ltr'>seminaverit</span> <span class='ocrx_word' id='word_1_239' title='bbox 1387 1782 1446 1838; x_wconf 94' lang='lat' dir='ltr'>in</span> <span class='ocrx_word' id='word_1_240' title='bbox 1477 1799 1638 1840; x_wconf 92' lang='lat' dir='ltr'>carne</span> <span class='ocrx_word' id='word_1_241' title='bbox 1667 1801 1861 1852; x_wconf 86' lang='lat' dir='ltr'>sua,ex</span> <span class='ocrx_word' id='word_1_242' title='bbox 1895 1799 2056 1841; x_wconf 87' lang='lat' dir='ltr'>carne</span> <span class='ocrx_word' id='word_1_243' title='bbox 2088 1791 2134 1852; x_wconf 86' lang='lat' dir='ltr'><strong>B</strong></span> <span class='ocrx_word' id='word_1_244' title='bbox 2165 1781 2396 1839; x_wconf 86' lang='lat' dir='ltr'>vandam</span> <span class='ocrx_word' id='word_1_245' title='bbox 2430 1782 2693 1840; x_wconf 90' lang='lat' dir='ltr'>docerent</span> <span class='ocrx_word' id='word_1_246' title='bbox 2721 1802 2731 1840; x_wconf 92' lang='lat'><strong>:</strong></span> <span class='ocrx_word' id='word_1_247' title='bbox 2774 1782 2922 1856; x_wconf 91' lang='lat' dir='ltr'>quod</span> <span class='ocrx_word' id='word_1_248' title='bbox 2976 1783 3275 1855; x_wconf 89' lang='lat' dir='ltr'>Apostolus</span> <span class='ocrx_word' id='word_1_249' title='bbox 3330 1796 3614 1854; x_wconf 89' lang='lat' dir='ltr'>nunquam</span> <span class='ocrx_word' id='word_1_250' title='bbox 3646 1794 3763 1834; x_wconf 79' lang='lat' dir='ltr'>me-</span> 
     </span>
    </p>
   </div>
   <div class='ocr_carea' id='block_1_35' title="bbox 469 1872 2059 1946">
    <p class='ocr_par' dir='ltr' id='par_1_35' title="bbox 469 1872 2059 1946">
     <span class='ocr_line' id='line_1_35' title="bbox 469 1872 2059 1946; baseline -0.001 -14"><span class='ocrx_word' id='word_1_251' title='bbox 469 1883 637 1932; x_wconf 88' lang='lat' dir='ltr'>metet</span> <span class='ocrx_word' id='word_1_252' title='bbox 695 1873 1128 1945; x_wconf 89' lang='lat' dir='ltr'>corruptionem.</span> <span class='ocrx_word' id='word_1_253' title='bbox 1163 1897 1180 1918; x_wconf 78' lang='grc' dir='ltr'>ι</span> <span class='ocrx_word' id='word_1_254' title='bbox 1225 1873 1328 1930; x_wconf 89' lang='lat' dir='ltr'>Hic</span> <span class='ocrx_word' id='word_1_255' title='bbox 1361 1872 1610 1928; x_wconf 88' lang='lat' dir='ltr'>carnalia</span> <span class='ocrx_word' id='word_1_256' title='bbox 1652 1873 1812 1942; x_wconf 90' lang='lat' dir='ltr'>vitia,</span> <span class='ocrx_word' id='word_1_257' title='bbox 1845 1890 1964 1946; x_wconf 82' lang='lat' dir='ltr'>quae</span> <span class='ocrx_word' id='word_1_258' title='bbox 1994 1875 2059 1930; x_wconf 92' lang='lat' dir='ltr'>in</span> 
     </span>
    </p>
   </div>
   <div class='ocr_carea' id='block_1_36' title="bbox 468 1961 2054 2034">
    <p class='ocr_par' dir='ltr' id='par_1_36' title="bbox 468 1961 2054 2034">
     <span class='ocr_line' id='line_1_36' title="bbox 468 1961 2054 2034; baseline -0.003 -11"><span class='ocrx_word' id='word_1_259' title='bbox 468 1981 634 2024; x_wconf 92' lang='lat' dir='ltr'>carne</span> <span class='ocrx_word' id='word_1_260' title='bbox 662 1963 886 2021; x_wconf 87' lang='lat' dir='ltr'>admitti</span> <span class='ocrx_word' id='word_1_261' title='bbox 916 1963 1115 2031; x_wconf 85' lang='lat' dir='ltr'>solent,</span> <span class='ocrx_word' id='word_1_262' title='bbox 1147 1961 1440 2034; x_wconf 89' lang='lat' dir='ltr'>signiﬁcat,</span> <span class='ocrx_word' id='word_1_263' title='bbox 1466 1963 1630 2034; x_wconf 91' lang='lat' dir='ltr'>utqui</span> <span class='ocrx_word' id='word_1_264' title='bbox 1660 1979 1880 2020; x_wconf 89' lang='lat' dir='ltr'>carnem</span> <span class='ocrx_word' id='word_1_265' title='bbox 1901 1979 2054 2019; x_wconf 89' lang='lat' dir='ltr'>suam</span> 
     </span>
    </p>
   </div>
   <div class='ocr_carea' id='block_1_37' title="bbox 469 2053 2052 2132">
    <p class='ocr_par' dir='ltr' id='par_1_37' title="bbox 469 2053 2052 2132">
     <span class='ocr_line' id='line_1_37' title="bbox 469 2053 2052 2132; baseline -0.007 -14"><span class='ocrx_word' id='word_1_266' title='bbox 469 2058 797 2132; x_wconf 90' lang='lat' dir='ltr'>corruperit,</span> <span class='ocrx_word' id='word_1_267' title='bbox 829 2056 965 2113; x_wconf 89' lang='lat' dir='ltr'>sciat</span> <span class='ocrx_word' id='word_1_268' title='bbox 997 2071 1053 2112; x_wconf 90' lang='lat' dir='ltr'>se</span> <span class='ocrx_word' id='word_1_269' title='bbox 1083 2055 1410 2127; x_wconf 65' lang='lat' dir='ltr'>corruqtelaa</span> <span class='ocrx_word' id='word_1_270' title='bbox 1448 2053 1695 2110; x_wconf 88' lang='lat' dir='ltr'>futurum</span> <span class='ocrx_word' id='word_1_271' title='bbox 1729 2055 2052 2112; x_wconf 91' lang='lat' dir='ltr'>obnoxium.</span> 
     </span>
    </p>
   </div>
   <div class='ocr_carea' id='block_1_38' title="bbox 463 2142 2055 2221">
    <p class='ocr_par' dir='ltr' id='par_1_38' title="bbox 463 2142 2055 2221">
     <span class='ocr_line' id='line_1_38' title="bbox 463 2142 2055 2221; baseline -0.004 -13"><span class='ocrx_word' id='word_1_272' title='bbox 463 2147 784 2221; x_wconf 90' lang='lat' dir='ltr'>Corrumpit</span> <span class='ocrx_word' id='word_1_273' title='bbox 813 2154 994 2201; x_wconf 87' lang='lat' dir='ltr'>autem</span> <span class='ocrx_word' id='word_1_274' title='bbox 1021 2160 1238 2216; x_wconf 89' lang='lat' dir='ltr'>corpus,</span> <span class='ocrx_word' id='word_1_275' title='bbox 1271 2143 1368 2216; x_wconf 91' lang='lat' dir='ltr'>qui</span> <span class='ocrx_word' id='word_1_276' title='bbox 1400 2142 1718 2200; x_wconf 88' lang='lat' dir='ltr'>inconcessa</span> <span class='ocrx_word' id='word_1_277' title='bbox 1756 2147 2055 2217; x_wconf 63' lang='lat' dir='ltr'>presumit.</span> 
     </span>
    </p>
   </div>
   <div class='ocr_carea' id='block_1_39' title="bbox 477 2231 2061 2308">
    <p class='ocr_par' dir='ltr' id='par_1_39' title="bbox 477 2231 2061 2308">
     <span class='ocr_line' id='line_1_39' title="bbox 477 2231 2061 2308; baseline -0.001 -12"><span class='ocrx_word' id='word_1_278' title='bbox 477 2265 495 2286; x_wconf 75' lang='grc' dir='ltr'><strong>ε</strong></span> <span class='ocrx_word' id='word_1_279' title='bbox 531 2240 639 2308; x_wconf 90' lang='lat' dir='ltr'>Qui</span> <span class='ocrx_word' id='word_1_280' title='bbox 668 2252 800 2295; x_wconf 89' lang='lat' dir='ltr'>vero</span> <span class='ocrx_word' id='word_1_281' title='bbox 829 2233 1186 2292; x_wconf 89' lang='lat' dir='ltr'>seminaverit</span> <span class='ocrx_word' id='word_1_282' title='bbox 1216 2233 1274 2289; x_wconf 94' lang='lat' dir='ltr'>in</span> <span class='ocrx_word' id='word_1_283' title='bbox 1323 2231 1523 2304; x_wconf 90' lang='lat' dir='ltr'>spiritu</span> <span class='ocrx_word' id='word_1_284' title='bbox 1550 2232 1617 2288; x_wconf 92' lang='lat' dir='ltr'>de</span> <span class='ocrx_word' id='word_1_285' title='bbox 1646 2233 1847 2305; x_wconf 90' lang='lat' dir='ltr'>spiritu</span> <span class='ocrx_word' id='word_1_286' title='bbox 1895 2245 2061 2294; x_wconf 89' lang='lat' dir='ltr'>metet</span> 
     </span>
    </p>
   </div>
   <div class='ocr_carea' id='block_1_40' title="bbox 466 2321 2062 2395">
    <p class='ocr_par' dir='ltr' id='par_1_40' title="bbox 466 2321 2062 2395">
     <span class='ocr_line' id='line_1_40' title="bbox 466 2321 2062 2395; baseline -0.002 -11"><span class='ocrx_word' id='word_1_287' title='bbox 466 2330 639 2385; x_wconf 92' lang='lat' dir='ltr'>vitam</span> <span class='ocrx_word' id='word_1_288' title='bbox 661 2337 942 2385; x_wconf 81' lang='lat' dir='ltr'>aeternam.</span> <span class='ocrx_word' id='word_1_289' title='bbox 979 2351 996 2375; x_wconf 76' lang='grc' dir='ltr'>ι</span> <span class='ocrx_word' id='word_1_290' title='bbox 1039 2324 1218 2379; x_wconf 90' lang='lat' dir='ltr'>Homo</span> <span class='ocrx_word' id='word_1_291' title='bbox 1257 2321 1604 2380; x_wconf 89' lang='lat' dir='ltr'>Christianus</span> <span class='ocrx_word' id='word_1_292' title='bbox 1623 2322 1824 2395; x_wconf 88' lang='lat' dir='ltr'>spiritu</span> <span class='ocrx_word' id='word_1_293' title='bbox 1849 2333 2062 2381; x_wconf 87' lang='lat' dir='ltr'>constat</span> 
     </span>
    </p>
   </div>
   <div class='ocr_carea' id='block_1_41' title="bbox 467 2412 2060 2484">
    <p class='ocr_par' dir='ltr' id='par_1_41' title="bbox 467 2412 2060 2484">
     <span class='ocr_line' id='line_1_41' title="bbox 467 2412 2060 2484; baseline -0.003 -10"><span class='ocrx_word' id='word_1_294' title='bbox 467 2426 521 2475; x_wconf 88' lang='lat' dir='ltr'>et</span> <span class='ocrx_word' id='word_1_295' title='bbox 585 2434 778 2484; x_wconf 87' lang='lat' dir='ltr'>carne;</span> <span class='ocrx_word' id='word_1_296' title='bbox 830 2415 996 2472; x_wconf 93' lang='lat' dir='ltr'>homo</span> <span class='ocrx_word' id='word_1_297' title='bbox 1043 2414 1192 2470; x_wconf 91' lang='lat' dir='ltr'>enim</span> <span class='ocrx_word' id='word_1_298' title='bbox 1256 2412 1329 2468; x_wconf 89' lang='lat' dir='ltr'>ad</span> <span class='ocrx_word' id='word_1_299' title='bbox 1373 2413 1836 2484; x_wconf 90' lang='lat' dir='ltr'>comparationem</span> <span class='ocrx_word' id='word_1_300' title='bbox 1885 2415 2060 2470; x_wconf 88' lang='lat' dir='ltr'>sancti</span> 
     </span>
    </p>
   </div>
   <div class='ocr_carea' id='block_1_42' title="bbox 467 2501 2059 2580">
    <p class='ocr_par' dir='ltr' id='par_1_42' title="bbox 467 2501 2059 2580">
     <span class='ocr_line' id='line_1_42' title="bbox 467 2501 2059 2580; baseline -0.004 -16"><span class='ocrx_word' id='word_1_301' title='bbox 467 2507 732 2580; x_wconf 92' lang='lat' dir='ltr'>Spiritus,</span> <span class='ocrx_word' id='word_1_302' title='bbox 762 2522 889 2563; x_wconf 88' lang='lat' dir='ltr'>caro</span> <span class='ocrx_word' id='word_1_303' title='bbox 920 2513 1021 2561; x_wconf 89' lang='lat' dir='ltr'>est.</span> <span class='ocrx_word' id='word_1_304' title='bbox 1056 2502 1197 2562; x_wconf 91' lang='lat' dir='ltr'>Cum</span> <span class='ocrx_word' id='word_1_305' title='bbox 1237 2519 1366 2575; x_wconf 91' lang='lat' dir='ltr'>ergo</span> <span class='ocrx_word' id='word_1_306' title='bbox 1395 2501 1616 2574; x_wconf 91' lang='lat' dir='ltr'>spiritui</span> <span class='ocrx_word' id='word_1_307' title='bbox 1643 2501 1736 2559; x_wconf 92' lang='lat' dir='ltr'>dat</span> <span class='ocrx_word' id='word_1_308' title='bbox 1755 2518 2059 2572; x_wconf 88' lang='lat' dir='ltr'>assensum,</span> 
     </span>
    </p>
   </div>
   <div class='ocr_carea' id='block_1_43' title="bbox 467 2591 2063 2667">
    <p class='ocr_par' dir='ltr' id='par_1_43' title="bbox 467 2591 2063 2667">
     <span class='ocr_line' id='line_1_43' title="bbox 467 2591 2063 2667; baseline -0.004 -14"><span class='ocrx_word' id='word_1_309' title='bbox 467 2596 733 2654; x_wconf 88' lang='lat' dir='ltr'>cohibens</span> <span class='ocrx_word' id='word_1_310' title='bbox 764 2612 824 2651; x_wconf 90' lang='lat' dir='ltr'>se</span> <span class='ocrx_word' id='word_1_311' title='bbox 865 2594 932 2651; x_wconf 94' lang='lat' dir='ltr'>ab</span> <span class='ocrx_word' id='word_1_312' title='bbox 960 2595 1032 2651; x_wconf 94' lang='lat' dir='ltr'>iis</span> <span class='ocrx_word' id='word_1_313' title='bbox 1058 2610 1178 2667; x_wconf 87' lang='lat' dir='ltr'>quae</span> <span class='ocrx_word' id='word_1_314' title='bbox 1222 2592 1498 2650; x_wconf 87' lang='lat' dir='ltr'>contraria</span> <span class='ocrx_word' id='word_1_315' title='bbox 1526 2601 1674 2662; x_wconf 90' lang='lat' dir='ltr'>sunt,</span> <span class='ocrx_word' id='word_1_316' title='bbox 1732 2591 2063 2665; x_wconf 86' lang='lat' dir='ltr'>spiritaliter</span> 
     </span>
    </p>
   </div>
   <div class='ocr_carea' id='block_1_44' title="bbox 467 2680 2063 2756">
    <p class='ocr_par' dir='ltr' id='par_1_44' title="bbox 467 2680 2063 2756">
     <span class='ocr_line' id='line_1_44' title="bbox 467 2680 2063 2756; baseline -0.007 -11"><span class='ocrx_word' id='word_1_317' title='bbox 467 2688 715 2746; x_wconf 90' lang='lat' dir='ltr'>seminat</span> <span class='ocrx_word' id='word_1_318' title='bbox 748 2706 762 2756; x_wconf 90' lang='lat'>;</span> <span class='ocrx_word' id='word_1_319' title='bbox 800 2692 861 2742; x_wconf 89' lang='lat' dir='ltr'>ut</span> <span class='ocrx_word' id='word_1_320' title='bbox 891 2685 1062 2756; x_wconf 88' lang='lat' dir='ltr'>possit</span> <span class='ocrx_word' id='word_1_321' title='bbox 1090 2693 1293 2740; x_wconf 88' lang='lat' dir='ltr'>metere</span> <span class='ocrx_word' id='word_1_322' title='bbox 1321 2682 1494 2739; x_wconf 90' lang='lat' dir='ltr'>vitam</span> <span class='ocrx_word' id='word_1_323' title='bbox 1541 2689 1821 2740; x_wconf 67' lang='lat' dir='ltr'>aeternam.</span> <span class='ocrx_word' id='word_1_324' title='bbox 1875 2680 2063 2736; x_wconf 90' lang='lat' dir='ltr'>Testi-</span> 
     </span>
    </p>
   </div>
   <div class='ocr_carea' id='block_1_45' title="bbox 470 2769 2062 2845">
    <p class='ocr_par' dir='ltr' id='par_1_45' title="bbox 470 2769 2062 2845">
     <span class='ocr_line' id='line_1_45' title="bbox 470 2769 2062 2845; baseline -0.006 -11"><span class='ocrx_word' id='word_1_325' title='bbox 470 2777 731 2833; x_wconf 89' lang='lat' dir='ltr'>monium</span> <span class='ocrx_word' id='word_1_326' title='bbox 761 2775 912 2831; x_wconf 92' lang='lat' dir='ltr'>enim</span> <span class='ocrx_word' id='word_1_327' title='bbox 942 2773 1184 2845; x_wconf 88' lang='lat' dir='ltr'>Spiritus</span> <span class='ocrx_word' id='word_1_328' title='bbox 1213 2773 1434 2844; x_wconf 89' lang='lat' dir='ltr'>accipit,</span> <span class='ocrx_word' id='word_1_329' title='bbox 1493 2780 1545 2828; x_wconf 93' lang='lat' dir='ltr'>et</span> <span class='ocrx_word' id='word_1_330' title='bbox 1588 2769 2062 2827; x_wconf 86' lang='lat' dir='ltr'>immortalitatem</span> 
     </span>
    </p>
   </div>
   <div class='ocr_carea' id='block_1_46' title="bbox 477 2857 2065 2937">
    <p class='ocr_par' dir='ltr' id='par_1_46' title="bbox 477 2857 2065 2937">
     <span class='ocr_line' id='line_1_46' title="bbox 477 2857 2065 2937; baseline -0.005 -16"><span class='ocrx_word' id='word_1_331' title='bbox 477 2866 595 2937; x_wconf 89' lang='lat'>(89)</span> <span class='ocrx_word' id='word_1_332' title='bbox 629 2865 750 2918; x_wconf 92' lang='lat' dir='ltr'>loco</span> <span class='ocrx_word' id='word_1_333' title='bbox 785 2861 1076 2916; x_wconf 88' lang='lat' dir='ltr'>mercedis.</span> <span class='ocrx_word' id='word_1_334' title='bbox 1112 2861 1268 2916; x_wconf 90' lang='lat' dir='ltr'>Sicut</span> <span class='ocrx_word' id='word_1_335' title='bbox 1296 2861 1443 2914; x_wconf 91' lang='lat' dir='ltr'>enim</span> <span class='ocrx_word' id='word_1_336' title='bbox 1473 2861 1567 2933; x_wconf 89' lang='lat' dir='ltr'>qui</span> <span class='ocrx_word' id='word_1_337' title='bbox 1623 2859 1926 2932; x_wconf 89' lang='lat' dir='ltr'>corrumpit</span> <span class='ocrx_word' id='word_1_338' title='bbox 1959 2857 2065 2914; x_wconf 92' lang='lat' dir='ltr'>de-</span> 
     </span>
    </p>
   </div>
   <div class='ocr_carea' id='block_1_47' title="bbox 476 2946 2065 3017">
    <p class='ocr_par' dir='ltr' id='par_1_47' title="bbox 476 2946 2065 3017">
     <span class='ocr_line' id='line_1_47' title="bbox 476 2946 2065 3017; baseline -0.003 -10"><span class='ocrx_word' id='word_1_339' title='bbox 476 2953 773 3007; x_wconf 88' lang='lat' dir='ltr'>honestans</span> <span class='ocrx_word' id='word_1_340' title='bbox 829 2963 1026 3017; x_wconf 90' lang='lat' dir='ltr'>corpus</span> <span class='ocrx_word' id='word_1_341' title='bbox 1077 2963 1261 3014; x_wconf 89' lang='lat' dir='ltr'>suum,</span> <span class='ocrx_word' id='word_1_342' title='bbox 1319 2963 1431 3002; x_wconf 93' lang='lat' dir='ltr'>non</span> <span class='ocrx_word' id='word_1_343' title='bbox 1461 2947 1528 3002; x_wconf 91' lang='lat' dir='ltr'>ad</span> <span class='ocrx_word' id='word_1_344' title='bbox 1555 2948 1940 3013; x_wconf 74' lang='lat' dir='ltr'>aeternitatem,</span> <span class='ocrx_word' id='word_1_345' title='bbox 1969 2946 2065 3003; x_wconf 89' lang='lat' dir='ltr'>sed</span> 
     </span>
    </p>
   </div>
   <div class='ocr_carea' id='block_1_48' title="bbox 477 3033 2066 3109">
    <p class='ocr_par' dir='ltr' id='par_1_48' title="bbox 477 3033 2066 3109">
     <span class='ocr_line' id='line_1_48' title="bbox 477 3033 2066 3109; baseline -0.003 -14"><span class='ocrx_word' id='word_1_346' title='bbox 477 3040 543 3095; x_wconf 87' lang='lat' dir='ltr'>ad</span> <span class='ocrx_word' id='word_1_347' title='bbox 577 3035 992 3109; x_wconf 83' lang='lat' dir='ltr'>corruptionem</span> <span class='ocrx_word' id='word_1_348' title='bbox 1025 3033 1321 3106; x_wconf 87' lang='lat' dir='ltr'>pertinebit</span> <span class='ocrx_word' id='word_1_349' title='bbox 1367 3034 1481 3102; x_wconf 90' lang='lat' dir='ltr'>;ita</span> <span class='ocrx_word' id='word_1_350' title='bbox 1510 3043 1564 3091; x_wconf 92' lang='lat' dir='ltr'>et</span> <span class='ocrx_word' id='word_1_351' title='bbox 1592 3036 1687 3109; x_wconf 91' lang='lat' dir='ltr'>qui</span> <span class='ocrx_word' id='word_1_352' title='bbox 1723 3036 2066 3095; x_wconf 87' lang='lat' dir='ltr'>incontami-</span> 
     </span>
    </p>
   </div>
   <div class='ocr_carea' id='block_1_49' title="bbox 475 3123 2138 3208">
    <p class='ocr_par' dir='ltr' id='par_1_49' title="bbox 475 3123 2138 3208">
     <span class='ocr_line' id='line_1_49' title="bbox 475 3123 2138 3208; baseline 0 -24"><span class='ocrx_word' id='word_1_353' title='bbox 475 3136 668 3184; x_wconf 89' lang='lat' dir='ltr'>natum</span> <span class='ocrx_word' id='word_1_354' title='bbox 713 3142 770 3183; x_wconf 89' lang='lat' dir='ltr'>se</span> <span class='ocrx_word' id='word_1_355' title='bbox 807 3123 1073 3194; x_wconf 89' lang='lat' dir='ltr'>custodit,</span> <span class='ocrx_word' id='word_1_356' title='bbox 1140 3123 1312 3180; x_wconf 87' lang='lat' dir='ltr'>vitam</span> <span class='ocrx_word' id='word_1_357' title='bbox 1362 3131 1618 3181; x_wconf 72' lang='lat' dir='ltr'>aeternam</span> <span class='ocrx_word' id='word_1_358' title='bbox 1679 3135 2059 3199; x_wconf 89' lang='lat' dir='ltr'>consequetur.</span> <span class='ocrx_word' id='word_1_359' title='bbox 2094 3147 2138 3208; x_wconf 72' lang='grc' dir='ltr'>ο</span> 
     </span>
    </p>
   </div>
   <div class='ocr_carea' id='block_1_50' title="bbox 476 3213 2062 3288">
    <p class='ocr_par' dir='ltr' id='par_1_50' title="bbox 476 3213 2062 3288">
     <span class='ocr_line' id='line_1_50' title="bbox 476 3213 2062 3288; baseline -0.001 -12"><span class='ocrx_word' id='word_1_360' title='bbox 476 3220 603 3276; x_wconf 86' lang='lat' dir='ltr'>Haec</span> <span class='ocrx_word' id='word_1_361' title='bbox 632 3227 714 3275; x_wconf 91' lang='lat' dir='ltr'>est</span> <span class='ocrx_word' id='word_1_362' title='bbox 739 3216 888 3274; x_wconf 87' lang='lat' dir='ltr'>enim</span> <span class='ocrx_word' id='word_1_363' title='bbox 920 3223 1121 3272; x_wconf 65' lang='lat' dir='ltr'>eterna</span> <span class='ocrx_word' id='word_1_364' title='bbox 1151 3213 1285 3285; x_wconf 88' lang='lat' dir='ltr'>vita,</span> <span class='ocrx_word' id='word_1_365' title='bbox 1316 3214 1503 3272; x_wconf 85' lang='lat' dir='ltr'>vivere</span> <span class='ocrx_word' id='word_1_366' title='bbox 1531 3215 1648 3272; x_wconf 91' lang='lat' dir='ltr'>sine</span> <span class='ocrx_word' id='word_1_367' title='bbox 1680 3231 1859 3288; x_wconf 79' lang='lat' dir='ltr'>poma,</span> <span class='ocrx_word' id='word_1_368' title='bbox 1888 3226 1942 3274; x_wconf 89' lang='lat' dir='ltr'>et</span> <span class='ocrx_word' id='word_1_369' title='bbox 1970 3217 2062 3274; x_wconf 89' lang='lat' dir='ltr'>ha-</span> 
     </span>
    </p>
   </div>
   <div class='ocr_carea' id='block_1_51' title="bbox 403 3305 2062 3384">
    <p class='ocr_par' dir='ltr' id='par_1_51' title="bbox 403 3305 2062 3384">
     <span class='ocr_line' id='line_1_51' title="bbox 403 3305 2062 3384; baseline -0.001 -19"><span class='ocrx_word' id='word_1_370' title='bbox 403 3377 407 3382; x_wconf 36' lang='grc'><strong><em>,</em></strong></span> <span class='ocrx_word' id='word_1_371' title='bbox 469 3310 598 3368; x_wconf 91' lang='lat' dir='ltr'>bere</span> <span class='ocrx_word' id='word_1_372' title='bbox 644 3308 896 3384; x_wconf 77' lang='lat' dir='ltr'>gloriam.</span> <span class='ocrx_word' id='word_1_373' title='bbox 964 3305 1099 3363; x_wconf 84' lang='lat' dir='ltr'>Nam</span> <span class='ocrx_word' id='word_1_374' title='bbox 1131 3306 1176 3362; x_wconf 93' lang='lat' dir='ltr'>si</span> <span class='ocrx_word' id='word_1_375' title='bbox 1206 3306 1298 3365; x_wconf 92' lang='lat' dir='ltr'>hic</span> <span class='ocrx_word' id='word_1_376' title='bbox 1327 3306 1394 3364; x_wconf 91' lang='lat' dir='ltr'>ad</span> <span class='ocrx_word' id='word_1_377' title='bbox 1425 3323 1660 3380; x_wconf 72' lang='lat' dir='ltr'>praesens</span> <span class='ocrx_word' id='word_1_378' title='bbox 1685 3307 1776 3381; x_wconf 92' lang='lat' dir='ltr'>qui</span> <span class='ocrx_word' id='word_1_379' title='bbox 1809 3307 1865 3362; x_wconf 91' lang='lat' dir='ltr'>in</span> <span class='ocrx_word' id='word_1_380' title='bbox 1895 3308 2062 3364; x_wconf 92' lang='lat' dir='ltr'>solli-</span> 
     </span>
    </p>
   </div>
   <div class='ocr_carea' id='block_1_52' title="bbox 470 3399 2063 3474">
    <p class='ocr_par' dir='ltr' id='par_1_52' title="bbox 470 3399 2063 3474">
     <span class='ocr_line' id='line_1_52' title="bbox 470 3399 2063 3474; baseline -0.006 -11"><span class='ocrx_word' id='word_1_381' title='bbox 470 3403 720 3463; x_wconf 88' lang='lat' dir='ltr'>citudine</span> <span class='ocrx_word' id='word_1_382' title='bbox 762 3411 863 3470; x_wconf 91' lang='lat' dir='ltr'>est,</span> <span class='ocrx_word' id='word_1_383' title='bbox 929 3410 1088 3474; x_wconf 85' lang='lat' dir='ltr'>negat</span> <span class='ocrx_word' id='word_1_384' title='bbox 1117 3417 1174 3457; x_wconf 91' lang='lat' dir='ltr'>se</span> <span class='ocrx_word' id='word_1_385' title='bbox 1205 3401 1427 3468; x_wconf 90' lang='lat' dir='ltr'>vivere;</span> <span class='ocrx_word' id='word_1_386' title='bbox 1481 3408 1686 3474; x_wconf 89' lang='lat' dir='ltr'>quanto</span> <span class='ocrx_word' id='word_1_387' title='bbox 1740 3400 1912 3472; x_wconf 89' lang='lat' dir='ltr'>magis</span> <span class='ocrx_word' id='word_1_388' title='bbox 1967 3399 2063 3456; x_wconf 91' lang='lat' dir='ltr'>ubi</span> 
     </span>
    </p>
   </div>
   <div class='ocr_carea' id='block_1_53' title="bbox 472 3492 1880 3566">
    <p class='ocr_par' dir='ltr' id='par_1_53' title="bbox 472 3492 1880 3566">
     <span class='ocr_line' id='line_1_53' title="bbox 472 3492 1880 3566; baseline -0.002 -14"><span class='ocrx_word' id='word_1_389' title='bbox 472 3497 686 3553; x_wconf 88' lang='lat' dir='ltr'>alienus</span> <span class='ocrx_word' id='word_1_390' title='bbox 719 3511 750 3548; x_wconf 89' lang='lat' dir='ltr'>a</span> <span class='ocrx_word' id='word_1_391' title='bbox 777 3496 913 3560; x_wconf 92' lang='lat' dir='ltr'>Deo,</span> <span class='ocrx_word' id='word_1_392' title='bbox 948 3494 1129 3564; x_wconf 83' lang='lat' dir='ltr'>ignem</span> <span class='ocrx_word' id='word_1_393' title='bbox 1160 3500 1422 3549; x_wconf 92' lang='lat' dir='ltr'>tortorem</span> <span class='ocrx_word' id='word_1_394' title='bbox 1455 3495 1695 3566; x_wconf 89' lang='lat' dir='ltr'>patietur</span> <span class='ocrx_word' id='word_1_395' title='bbox 1732 3492 1880 3566; x_wconf 90' lang='lat' dir='ltr'>(90)l</span> 
     </span>
    </p>
   </div>
   <div class='ocr_carea' id='block_1_54' title="bbox 545 3580 2064 3656">
    <p class='ocr_par' dir='ltr' id='par_1_54' title="bbox 545 3580 2064 3656">
     <span class='ocr_line' id='line_1_54' title="bbox 545 3580 2064 3656; baseline -0.003 -15"><span class='ocrx_word' id='word_1_396' title='bbox 545 3584 728 3656; x_wconf 81' lang='lat' dir='ltr'>(Vers.</span> <span class='ocrx_word' id='word_1_397' title='bbox 757 3585 839 3654; x_wconf 90' lang='lat'>9.)</span> <span class='ocrx_word' id='word_1_398' title='bbox 886 3605 904 3628; x_wconf 78' lang='grc' dir='ltr'>ι</span> <span class='ocrx_word' id='word_1_399' title='bbox 927 3582 1138 3637; x_wconf 90' lang='lat' dir='ltr'>Bonum</span> <span class='ocrx_word' id='word_1_400' title='bbox 1172 3590 1353 3638; x_wconf 90' lang='lat' dir='ltr'>autem</span> <span class='ocrx_word' id='word_1_401' title='bbox 1402 3581 1664 3639; x_wconf 88' lang='lat' dir='ltr'>facientes</span> <span class='ocrx_word' id='word_1_402' title='bbox 1691 3598 1804 3638; x_wconf 91' lang='lat' dir='ltr'>non</span> <span class='ocrx_word' id='word_1_403' title='bbox 1832 3580 2064 3638; x_wconf 89' lang='lat' dir='ltr'>deﬁcia-</span> 
     </span>
    </p>
   </div>
   <div class='ocr_carea' id='block_1_55' title="bbox 473 3667 2050 3744">
    <p class='ocr_par' dir='ltr' id='par_1_55' title="bbox 473 3667 2050 3744">
     <span class='ocr_line' id='line_1_55' title="bbox 473 3667 2050 3744; baseline -0.006 -16"><span class='ocrx_word' id='word_1_404' title='bbox 473 3688 598 3730; x_wconf 89' lang='lat' dir='ltr'>mus</span> <span class='ocrx_word' id='word_1_405' title='bbox 620 3691 633 3741; x_wconf 92' lang='lat'>;</span> <span class='ocrx_word' id='word_1_406' title='bbox 672 3680 916 3744; x_wconf 90' lang='lat' dir='ltr'>tempore</span> <span class='ocrx_word' id='word_1_407' title='bbox 938 3672 1088 3726; x_wconf 90' lang='lat' dir='ltr'>enim</span> <span class='ocrx_word' id='word_1_408' title='bbox 1109 3670 1332 3742; x_wconf 88' lang='lat' dir='ltr'>proprio</span> <span class='ocrx_word' id='word_1_409' title='bbox 1352 3678 1620 3725; x_wconf 89' lang='lat' dir='ltr'>metemus</span> <span class='ocrx_word' id='word_1_410' title='bbox 1637 3667 2050 3740; x_wconf 49' lang='lat' dir='ltr'>infatigabiles»</span> 
     </span>
    </p>
   </div>
   <div class='ocr_carea' id='block_1_56' title="bbox 474 3761 2066 3836">
    <p class='ocr_par' dir='ltr' id='par_1_56' title="bbox 474 3761 2066 3836">
     <span class='ocr_line' id='line_1_56' title="bbox 474 3761 2066 3836; baseline -0.002 -15"><span class='ocrx_word' id='word_1_411' title='bbox 474 3765 591 3823; x_wconf 89' lang='lat' dir='ltr'>Hoc</span> <span class='ocrx_word' id='word_1_412' title='bbox 620 3763 777 3832; x_wconf 89' lang='lat' dir='ltr'>dicit,</span> <span class='ocrx_word' id='word_1_413' title='bbox 811 3763 938 3836; x_wconf 88' lang='lat' dir='ltr'>quia</span> <span class='ocrx_word' id='word_1_414' title='bbox 969 3763 1062 3836; x_wconf 90' lang='lat' dir='ltr'>qui</span> <span class='ocrx_word' id='word_1_415' title='bbox 1093 3761 1254 3819; x_wconf 89' lang='lat' dir='ltr'>fortis</span> <span class='ocrx_word' id='word_1_416' title='bbox 1283 3771 1364 3819; x_wconf 92' lang='lat' dir='ltr'>est</span> <span class='ocrx_word' id='word_1_417' title='bbox 1389 3761 1456 3818; x_wconf 89' lang='lat' dir='ltr'>ad</span> <span class='ocrx_word' id='word_1_418' title='bbox 1480 3761 1884 3830; x_wconf 90' lang='lat' dir='ltr'>seminandum,</span> <span class='ocrx_word' id='word_1_419' title='bbox 1906 3761 2066 3818; x_wconf 90' lang='lat' dir='ltr'>fortis</span> 
     </span>
    </p>
   </div>
   <div class='ocr_carea' id='block_1_57' title="bbox 473 3853 2065 3926">
    <p class='ocr_par' dir='ltr' id='par_1_57' title="bbox 473 3853 2065 3926">
     <span class='ocr_line' id='line_1_57' title="bbox 473 3853 2065 3926; baseline -0.001 -14"><span class='ocrx_word' id='word_1_420' title='bbox 473 3857 578 3914; x_wconf 91' lang='lat' dir='ltr'>erit</span> <span class='ocrx_word' id='word_1_421' title='bbox 608 3863 662 3914; x_wconf 91' lang='lat' dir='ltr'>et</span> <span class='ocrx_word' id='word_1_422' title='bbox 691 3854 756 3912; x_wconf 89' lang='lat' dir='ltr'>ad</span> <span class='ocrx_word' id='word_1_423' title='bbox 789 3853 1133 3924; x_wconf 89' lang='lat' dir='ltr'>metendum,</span> <span class='ocrx_word' id='word_1_424' title='bbox 1167 3853 1224 3910; x_wconf 92' lang='lat' dir='ltr'>id</span> <span class='ocrx_word' id='word_1_425' title='bbox 1249 3863 1350 3923; x_wconf 90' lang='lat' dir='ltr'>est,</span> <span class='ocrx_word' id='word_1_426' title='bbox 1386 3853 1466 3910; x_wconf 91' lang='lat' dir='ltr'>sic</span> <span class='ocrx_word' id='word_1_427' title='bbox 1496 3853 1743 3926; x_wconf 90' lang='lat' dir='ltr'>recipiet,</span> <span class='ocrx_word' id='word_1_428' title='bbox 1791 3854 2065 3926; x_wconf 91' lang='lat' dir='ltr'>quomodo</span> 
     </span>
    </p>
   </div>
   <div class='ocr_carea' id='block_1_58' title="bbox 471 3943 2065 4020">
    <p class='ocr_par' dir='ltr' id='par_1_58' title="bbox 471 3943 2065 4020">
     <span class='ocr_line' id='line_1_58' title="bbox 471 3943 2065 4020; baseline 0 -18"><span class='ocrx_word' id='word_1_429' title='bbox 471 3946 621 4006; x_wconf 83' lang='lat' dir='ltr'>facit.</span> <span class='ocrx_word' id='word_1_430' title='bbox 680 3947 810 4004; x_wconf 89' lang='lat' dir='ltr'>Ideo</span> <span class='ocrx_word' id='word_1_431' title='bbox 864 3954 1147 4020; x_wconf 91' lang='lat' dir='ltr'>promptos</span> <span class='ocrx_word' id='word_1_432' title='bbox 1195 3962 1295 4002; x_wconf 91' lang='lat' dir='ltr'>nos</span> <span class='ocrx_word' id='word_1_433' title='bbox 1335 3945 1404 4002; x_wconf 92' lang='lat' dir='ltr'>ad</span> <span class='ocrx_word' id='word_1_434' title='bbox 1450 3943 1902 4002; x_wconf 88' lang='lat' dir='ltr'>benefaciendum</span> <span class='ocrx_word' id='word_1_435' title='bbox 1951 3960 2065 4002; x_wconf 89' lang='lat' dir='ltr'>esse</span> 
     </span>
    </p>
   </div>
   <div class='ocr_carea' id='block_1_59' title="bbox 469 4037 2067 4112">
    <p class='ocr_par' dir='ltr' id='par_1_59' title="bbox 469 4037 2067 4112">
     <span class='ocr_line' id='line_1_59' title="bbox 469 4037 2067 4112; baseline -0.002 -15"><span class='ocrx_word' id='word_1_436' title='bbox 469 4040 742 4109; x_wconf 90' lang='lat' dir='ltr'>hortatur,</span> <span class='ocrx_word' id='word_1_437' title='bbox 776 4058 879 4098; x_wconf 90' lang='lat' dir='ltr'>nec</span> <span class='ocrx_word' id='word_1_438' title='bbox 907 4039 1203 4098; x_wconf 89' lang='lat' dir='ltr'>fastidium</span> <span class='ocrx_word' id='word_1_439' title='bbox 1252 4039 1364 4112; x_wconf 88' lang='lat' dir='ltr'>pati</span> <span class='ocrx_word' id='word_1_440' title='bbox 1388 4037 1607 4108; x_wconf 91' lang='lat' dir='ltr'>debere,</span> <span class='ocrx_word' id='word_1_441' title='bbox 1665 4054 1886 4096; x_wconf 91' lang='lat' dir='ltr'>securos</span> <span class='ocrx_word' id='word_1_442' title='bbox 1937 4039 2067 4111; x_wconf 86' lang='lat' dir='ltr'>quia</span> 
     </span>
    </p>
   </div>
   <div class='ocr_carea' id='block_1_60' title="bbox 469 4128 2066 4208">
    <p class='ocr_par' dir='ltr' id='par_1_60' title="bbox 469 4128 2066 4208">
     <span class='ocr_line' id='line_1_60' title="bbox 469 4128 2066 4208; baseline 0 -24"><span class='ocrx_word' id='word_1_443' title='bbox 469 4145 568 4201; x_wconf 90' lang='lat' dir='ltr'>pro</span> <span class='ocrx_word' id='word_1_444' title='bbox 600 4131 790 4201; x_wconf 90' lang='lat' dir='ltr'>parvis</span> <span class='ocrx_word' id='word_1_445' title='bbox 821 4145 1019 4202; x_wconf 90' lang='lat' dir='ltr'>magna</span> <span class='ocrx_word' id='word_1_446' title='bbox 1047 4128 1395 4208; x_wconf 78' lang='lat' dir='ltr'>recipiemus,</span> <span class='ocrx_word' id='word_1_447' title='bbox 1427 4137 1480 4187; x_wconf 92' lang='lat' dir='ltr'>et</span> <span class='ocrx_word' id='word_1_448' title='bbox 1507 4145 1608 4204; x_wconf 87' lang='lat' dir='ltr'>pro</span> <span class='ocrx_word' id='word_1_449' title='bbox 1638 4129 1869 4185; x_wconf 86' lang='lat' dir='ltr'>terrenis</span> <span class='ocrx_word' id='word_1_450' title='bbox 1898 4135 2066 4185; x_wconf 62' lang='lat' dir='ltr'>aiter-</span> 
     </span>
    </p>
   </div>
   <div class='ocr_carea' id='block_1_61' title="bbox 471 4220 1449 4292">
    <p class='ocr_par' dir='ltr' id='par_1_61' title="bbox 471 4220 1449 4292">
     <span class='ocr_line' id='line_1_61' title="bbox 471 4220 1449 4292; baseline 0 -16"><span class='ocrx_word' id='word_1_451' title='bbox 471 4236 562 4289; x_wconf 88' lang='lat' dir='ltr'>na,</span> <span class='ocrx_word' id='word_1_452' title='bbox 595 4227 840 4292; x_wconf 90' lang='lat' dir='ltr'>tempore</span> <span class='ocrx_word' id='word_1_453' title='bbox 863 4235 972 4292; x_wconf 94' lang='lat' dir='ltr'>quo</span> <span class='ocrx_word' id='word_1_454' title='bbox 1000 4220 1256 4292; x_wconf 90' lang='lat' dir='ltr'>promisit</span> <span class='ocrx_word' id='word_1_455' title='bbox 1284 4221 1449 4276; x_wconf 92' lang='lat' dir='ltr'>Deus.</span> 
     </span>
    </p>
   </div>
   <div class='ocr_carea' id='block_1_62' title="bbox 545 4316 2117 4391">
    <p class='ocr_par' dir='ltr' id='par_1_62' title="bbox 545 4316 2117 4391">
     <span class='ocr_line' id='line_1_62' title="bbox 545 4316 2117 4391; baseline -0.003 -16"><span class='ocrx_word' id='word_1_456' title='bbox 545 4318 728 4391; x_wconf 82' lang='lat' dir='ltr'>(Vers.</span> <span class='ocrx_word' id='word_1_457' title='bbox 759 4317 872 4389; x_wconf 87' lang='grc'>10.)</span> <span class='ocrx_word' id='word_1_458' title='bbox 918 4343 935 4365; x_wconf 82' lang='grc'>‹</span> <span class='ocrx_word' id='word_1_459' title='bbox 966 4319 1113 4390; x_wconf 87' lang='lat' dir='ltr'>Ergo</span> <span class='ocrx_word' id='word_1_460' title='bbox 1153 4317 1285 4374; x_wconf 91' lang='lat' dir='ltr'>dum</span> <span class='ocrx_word' id='word_1_461' title='bbox 1315 4325 1531 4390; x_wconf 89' lang='lat' dir='ltr'>tempus</span> <span class='ocrx_word' id='word_1_462' title='bbox 1558 4316 1843 4386; x_wconf 87' lang='lat' dir='ltr'>habemus,</span> <span class='ocrx_word' id='word_1_463' title='bbox 1876 4331 2064 4389; x_wconf 91' lang='lat' dir='ltr'>opere-</span> <span class='ocrx_word' id='word_1_464' title='bbox 2107 4345 2117 4356; x_wconf 69' lang='grc' dir='ltr'>ι</span> 
     </span>
    </p>
   </div>
   <div class='ocr_carea' id='block_1_63' title="bbox 474 4406 2069 4479">
    <p class='ocr_par' dir='ltr' id='par_1_63' title="bbox 474 4406 2069 4479">
     <span class='ocr_line' id='line_1_63' title="bbox 474 4406 2069 4479; baseline 0 -17"><span class='ocrx_word' id='word_1_465' title='bbox 474 4423 600 4462; x_wconf 89' lang='lat' dir='ltr'>mur</span> <span class='ocrx_word' id='word_1_466' title='bbox 627 4407 844 4463; x_wconf 89' lang='lat' dir='ltr'>bonum</span> <span class='ocrx_word' id='word_1_467' title='bbox 886 4407 954 4463; x_wconf 90' lang='lat' dir='ltr'>ad</span> <span class='ocrx_word' id='word_1_468' title='bbox 1004 4423 1214 4463; x_wconf 89' lang='lat' dir='ltr'>omnes.</span> <span class='ocrx_word' id='word_1_469' title='bbox 1250 4434 1268 4457; x_wconf 76' lang='grc' dir='ltr'>ι</span> <span class='ocrx_word' id='word_1_470' title='bbox 1311 4408 1556 4464; x_wconf 88' lang='lat' dir='ltr'>Gentiles</span> <span class='ocrx_word' id='word_1_471' title='bbox 1600 4415 1817 4479; x_wconf 90' lang='lat' dir='ltr'>tempus</span> <span class='ocrx_word' id='word_1_472' title='bbox 1864 4406 2069 4462; x_wconf 89' lang='lat' dir='ltr'>habent</span> 
     </span>
    </p>
   </div>
   <div class='ocr_carea' id='block_1_64' title="bbox 474 4495 2065 4570">
    <p class='ocr_par' dir='ltr' id='par_1_64' title="bbox 474 4495 2065 4570">
     <span class='ocr_line' id='line_1_64' title="bbox 474 4495 2065 4570; baseline -0.001 -17"><span class='ocrx_word' id='word_1_473' title='bbox 474 4496 744 4570; x_wconf 89' lang='lat' dir='ltr'>operandi</span> <span class='ocrx_word' id='word_1_474' title='bbox 770 4497 1001 4564; x_wconf 90' lang='lat' dir='ltr'>malum;</span> <span class='ocrx_word' id='word_1_475' title='bbox 1037 4496 1291 4552; x_wconf 90' lang='lat' dir='ltr'>homines</span> <span class='ocrx_word' id='word_1_476' title='bbox 1319 4497 1465 4552; x_wconf 92' lang='lat' dir='ltr'>enim</span> <span class='ocrx_word' id='word_1_477' title='bbox 1485 4499 1604 4553; x_wconf 90' lang='lat' dir='ltr'>sine</span> <span class='ocrx_word' id='word_1_478' title='bbox 1631 4499 1764 4564; x_wconf 91' lang='lat' dir='ltr'>Deo,</span> <span class='ocrx_word' id='word_1_479' title='bbox 1790 4495 2065 4570; x_wconf 91' lang='lat' dir='ltr'>quomodo</span> 
     </span>
    </p>
   </div>
   <div class='ocr_carea' id='block_1_65' title="bbox 479 4585 2067 4661">
    <p class='ocr_par' dir='ltr' id='par_1_65' title="bbox 479 4585 2067 4661">
     <span class='ocr_line' id='line_1_65' title="bbox 479 4585 2067 4661; baseline 0.001 -19"><span class='ocrx_word' id='word_1_480' title='bbox 479 4593 711 4661; x_wconf 88' lang='lat' dir='ltr'>possunt</span> <span class='ocrx_word' id='word_1_481' title='bbox 765 4586 981 4659; x_wconf 89' lang='lat' dir='ltr'>operari</span> <span class='ocrx_word' id='word_1_482' title='bbox 1026 4585 1276 4643; x_wconf 79' lang='lat' dir='ltr'>bonum?</span> <span class='ocrx_word' id='word_1_483' title='bbox 1319 4585 1618 4644; x_wconf 90' lang='lat' dir='ltr'>Christiani</span> <span class='ocrx_word' id='word_1_484' title='bbox 1673 4595 1856 4642; x_wconf 88' lang='lat' dir='ltr'>autem</span> <span class='ocrx_word' id='word_1_485' title='bbox 1915 4587 2067 4661; x_wconf 89' lang='lat' dir='ltr'>facti,</span> 
     </span>
    </p>
   </div>
   <div class='ocr_carea' id='block_1_66' title="bbox 473 4681 2062 4757">
    <p class='ocr_par' dir='ltr' id='par_1_66' title="bbox 473 4681 2062 4757">
     <span class='ocr_line' id='line_1_66' title="bbox 473 4681 2062 4757; baseline 0.001 -17"><span class='ocrx_word' id='word_1_486' title='bbox 473 4693 690 4757; x_wconf 91' lang='lat' dir='ltr'>tempus</span> <span class='ocrx_word' id='word_1_487' title='bbox 721 4682 927 4740; x_wconf 88' lang='lat' dir='ltr'>habent</span> <span class='ocrx_word' id='word_1_488' title='bbox 956 4681 1218 4756; x_wconf 89' lang='lat' dir='ltr'>operandi</span> <span class='ocrx_word' id='word_1_489' title='bbox 1247 4682 1457 4739; x_wconf 90' lang='lat' dir='ltr'>bonum</span> <span class='ocrx_word' id='word_1_490' title='bbox 1486 4683 1554 4740; x_wconf 90' lang='lat' dir='ltr'>ad</span> <span class='ocrx_word' id='word_1_491' title='bbox 1575 4699 1764 4738; x_wconf 91' lang='lat' dir='ltr'>omnes</span> <span class='ocrx_word' id='word_1_492' title='bbox 1791 4682 2062 4756; x_wconf 89' lang='lat' dir='ltr'>homines,</span> 
     </span>
    </p>
   </div>
   <div class='ocr_carea' id='block_1_67' title="bbox 468 4772 2064 4848">
    <p class='ocr_par' dir='ltr' id='par_1_67' title="bbox 468 4772 2064 4848">
     <span class='ocr_line' id='line_1_67' title="bbox 468 4772 2064 4848; baseline -0.001 -17"><span class='ocrx_word' id='word_1_493' title='bbox 468 4785 530 4832; x_wconf 92' lang='lat' dir='ltr'>ut</span> <span class='ocrx_word' id='word_1_494' title='bbox 560 4782 683 4847; x_wconf 90' lang='lat' dir='ltr'>post</span> <span class='ocrx_word' id='word_1_495' title='bbox 710 4782 987 4848; x_wconf 87' lang='lat' dir='ltr'>acceptam</span> <span class='ocrx_word' id='word_1_496' title='bbox 1019 4773 1188 4830; x_wconf 90' lang='lat' dir='ltr'>ﬁdem</span> <span class='ocrx_word' id='word_1_497' title='bbox 1231 4774 1439 4831; x_wconf 91' lang='lat' dir='ltr'>bonum</span> <span class='ocrx_word' id='word_1_498' title='bbox 1467 4789 1606 4845; x_wconf 90' lang='lat' dir='ltr'>opus</span> <span class='ocrx_word' id='word_1_499' title='bbox 1643 4772 1892 4845; x_wconf 89' lang='lat' dir='ltr'>proﬁciat</span> <span class='ocrx_word' id='word_1_500' title='bbox 1917 4791 2064 4830; x_wconf 80' lang='lat' dir='ltr'>mer—</span> 
     </span>
    </p>
   </div>
   <div class='ocr_carea' id='block_1_68' title="bbox 471 4863 2067 4938">
    <p class='ocr_par' dir='ltr' id='par_1_68' title="bbox 471 4863 2067 4938">
     <span class='ocr_line' id='line_1_68' title="bbox 471 4863 2067 4938; baseline 0 -17"><span class='ocrx_word' id='word_1_501' title='bbox 471 4863 592 4921; x_wconf 85' lang='lat' dir='ltr'>cedi</span> <span class='ocrx_word' id='word_1_502' title='bbox 643 4866 946 4938; x_wconf 66' lang='lat' dir='ltr'>promissaa.</span> <span class='ocrx_word' id='word_1_503' title='bbox 1005 4866 1242 4937; x_wconf 90' lang='lat' dir='ltr'>Tempus</span> <span class='ocrx_word' id='word_1_504' title='bbox 1274 4865 1422 4920; x_wconf 90' lang='lat' dir='ltr'>enim</span> <span class='ocrx_word' id='word_1_505' title='bbox 1471 4865 1679 4921; x_wconf 90' lang='lat' dir='ltr'>idcirco</span> <span class='ocrx_word' id='word_1_506' title='bbox 1738 4865 2067 4922; x_wconf 91' lang='lat' dir='ltr'>conceditur</span> 
     </span>
    </p>
   </div>
   <div class='ocr_carea' id='block_1_69' title="bbox 470 4957 2068 5030">
    <p class='ocr_par' dir='ltr' id='par_1_69' title="bbox 470 4957 2068 5030">
     <span class='ocr_line' id='line_1_69' title="bbox 470 4957 2068 5030; baseline 0.002 -18"><span class='ocrx_word' id='word_1_507' title='bbox 470 4957 599 5012; x_wconf 87' lang='lat' dir='ltr'>vitae</span> <span class='ocrx_word' id='word_1_508' title='bbox 631 5001 646 5025; x_wconf 97' lang='lat'>,</span> <span class='ocrx_word' id='word_1_509' title='bbox 674 4965 734 5013; x_wconf 91' lang='lat' dir='ltr'>ut</span> <span class='ocrx_word' id='word_1_510' title='bbox 780 4957 894 5030; x_wconf 89' lang='lat' dir='ltr'>jam</span> <span class='ocrx_word' id='word_1_511' title='bbox 938 4957 1085 5030; x_wconf 91' lang='lat' dir='ltr'>juste</span> <span class='ocrx_word' id='word_1_512' title='bbox 1141 4973 1442 5026; x_wconf 88' lang='lat' dir='ltr'>versemur,</span> <span class='ocrx_word' id='word_1_513' title='bbox 1504 4957 1819 5030; x_wconf 89' lang='lat' dir='ltr'>exemplum</span> <span class='ocrx_word' id='word_1_514' title='bbox 1876 4957 2068 5015; x_wconf 90' lang='lat' dir='ltr'>dantes</span> 
     </span>
    </p>
   </div>
   <div class='ocr_carea' id='block_1_70' title="bbox 471 5048 2045 5119">
    <p class='ocr_par' dir='ltr' id='par_1_70' title="bbox 471 5048 2045 5119">
     <span class='ocr_line' id='line_1_70' title="bbox 471 5048 2045 5119; baseline 0.004 -17"><span class='ocrx_word' id='word_1_515' title='bbox 471 5048 787 5119; x_wconf 86' lang='lat' dir='ltr'>gentilibus.</span> <span class='ocrx_word' id='word_1_516' title='bbox 833 5072 852 5097; x_wconf 73' lang='grc' dir='ltr'><strong>ε</strong></span> <span class='ocrx_word' id='word_1_517' title='bbox 894 5049 1135 5106; x_wconf 81' lang='lat' dir='ltr'>Maxime</span> <span class='ocrx_word' id='word_1_518' title='bbox 1164 5057 1347 5106; x_wconf 85' lang='lat' dir='ltr'>autem</span> <span class='ocrx_word' id='word_1_519' title='bbox 1379 5050 1446 5105; x_wconf 87' lang='lat' dir='ltr'>ad</span> <span class='ocrx_word' id='word_1_520' title='bbox 1478 5051 1809 5108; x_wconf 88' lang='lat' dir='ltr'>domesticos</span> <span class='ocrx_word' id='word_1_521' title='bbox 1855 5051 2004 5108; x_wconf 89' lang='lat' dir='ltr'>ﬁdei.</span> <span class='ocrx_word' id='word_1_522' title='bbox 2027 5076 2045 5100; x_wconf 79' lang='grc' dir='ltr'>ι</span> 
     </span>
    </p>
   </div>
   <div class='ocr_carea' id='block_1_71' title="bbox 475 5136 2064 5214">
    <p class='ocr_par' dir='ltr' id='par_1_71' title="bbox 475 5136 2064 5214">
     <span class='ocr_line' id='line_1_71' title="bbox 475 5136 2064 5214; baseline 0.003 -20"><span class='ocrx_word' id='word_1_523' title='bbox 475 5136 682 5194; x_wconf 86' lang='lat' dir='ltr'>Verum</span> <span class='ocrx_word' id='word_1_524' title='bbox 713 5147 794 5196; x_wconf 93' lang='lat' dir='ltr'>est</span> <span class='ocrx_word' id='word_1_525' title='bbox 836 5139 967 5212; x_wconf 90' lang='lat' dir='ltr'>quia</span> <span class='ocrx_word' id='word_1_526' title='bbox 996 5139 1272 5196; x_wconf 90' lang='lat' dir='ltr'>faciliores</span> <span class='ocrx_word' id='word_1_527' title='bbox 1300 5149 1354 5197; x_wconf 91' lang='lat' dir='ltr'>et</span> <span class='ocrx_word' id='word_1_528' title='bbox 1383 5143 1766 5214; x_wconf 89' lang='lat' dir='ltr'>propensiores</span> <span class='ocrx_word' id='word_1_529' title='bbox 1812 5142 1870 5198; x_wconf 91' lang='lat' dir='ltr'>in</span> <span class='ocrx_word' id='word_1_530' title='bbox 1917 5143 2064 5200; x_wconf 90' lang='lat' dir='ltr'>bono</span> 
     </span>
    </p>
   </div>
   <div class='ocr_carea' id='block_1_72' title="bbox 473 5226 2062 5304">
    <p class='ocr_par' dir='ltr' id='par_1_72' title="bbox 473 5226 2062 5304">
     <span class='ocr_line' id='line_1_72' title="bbox 473 5226 2062 5304; baseline 0.003 -19"><span class='ocrx_word' id='word_1_531' title='bbox 473 5226 620 5286; x_wconf 86' lang='lat' dir='ltr'>circa</span> <span class='ocrx_word' id='word_1_532' title='bbox 647 5227 849 5285; x_wconf 89' lang='lat' dir='ltr'>fratres</span> <span class='ocrx_word' id='word_1_533' title='bbox 877 5243 992 5284; x_wconf 90' lang='lat' dir='ltr'>esse</span> <span class='ocrx_word' id='word_1_534' title='bbox 1031 5226 1329 5298; x_wconf 90' lang='lat' dir='ltr'>debemus;</span> <span class='ocrx_word' id='word_1_535' title='bbox 1392 5231 1524 5304; x_wconf 86' lang='lat' dir='ltr'>quia</span> <span class='ocrx_word' id='word_1_536' title='bbox 1572 5232 1814 5290; x_wconf 86' lang='lat' dir='ltr'>invicem</span> <span class='ocrx_word' id='word_1_537' title='bbox 1870 5250 2062 5290; x_wconf 88' lang='lat' dir='ltr'>sumus</span> 
     </span>
    </p>
   </div>
   <div class='ocr_carea' id='block_1_73' title="bbox 472 5390 2064 5516">
    <p class='ocr_par' dir='ltr' id='par_1_73' title="bbox 472 5390 2064 5516">
     <span class='ocr_line' id='line_1_73' title="bbox 472 5390 2064 5516; baseline 0.01 -78"><span class='ocrx_word' id='word_1_538' title='bbox 472 5390 662 5516; x_wconf 45' lang='lat' dir='ltr'>ra:88)</span> <span class='ocrx_word' id='word_1_539' title='bbox 710 5391 864 5452; x_wconf 83' lang='lat' dir='ltr'>Hanc</span> <span class='ocrx_word' id='word_1_540' title='bbox 915 5391 1267 5464; x_wconf 90' lang='lat' dir='ltr'>parenthesin</span> <span class='ocrx_word' id='word_1_541' title='bbox 1317 5390 1475 5449; x_wconf 82' lang='lat' dir='ltr'>Rom.</span> <span class='ocrx_word' id='word_1_542' title='bbox 1515 5391 1650 5450; x_wconf 89' lang='lat' dir='ltr'>edit.</span> <span class='ocrx_word' id='word_1_543' title='bbox 1707 5396 2064 5467; x_wconf 85' lang='lat' dir='ltr'>praetermise-</span> 
     </span>
    </p>
   </div>
   <div class='ocr_carea' id='block_1_74' title="bbox 517 5531 2064 5614">
    <p class='ocr_par' dir='ltr' id='par_1_74' title="bbox 517 5531 2064 5614">
     <span class='ocr_line' id='line_1_74' title="bbox 517 5531 2064 5614; baseline 0.005 -25"><span class='ocrx_word' id='word_1_544' title='bbox 517 5600 526 5610; x_wconf 34' lang='grc' dir='ltr'><strong>ε</strong></span> <span class='ocrx_word' id='word_1_545' title='bbox 551 5531 680 5614; x_wconf 43' lang='grc'><strong>(99).</strong></span> <span class='ocrx_word' id='word_1_546' title='bbox 701 5533 837 5590; x_wconf 92' lang='lat' dir='ltr'>Cod.</span> <span class='ocrx_word' id='word_1_547' title='bbox 864 5535 1148 5614; x_wconf 81' lang='lat' dir='ltr'>nonnulli,</span> <span class='ocrx_word' id='word_1_548' title='bbox 1204 5535 1518 5592; x_wconf 82' lang='lat' dir='ltr'>Testimonio</span> <span class='ocrx_word' id='word_1_549' title='bbox 1546 5536 1683 5592; x_wconf 85' lang='lat' dir='ltr'>enim</span> <span class='ocrx_word' id='word_1_550' title='bbox 1716 5538 1954 5610; x_wconf 83' lang='lat' dir='ltr'>Spiritus</span> <span class='ocrx_word' id='word_1_551' title='bbox 1980 5556 2064 5597; x_wconf 84' lang='lat' dir='ltr'>ac-</span> 
     </span>
    </p>
   </div>
   <div class='ocr_carea' id='block_1_75' title="bbox 480 5607 1129 5671">
    <p class='ocr_par' dir='ltr' id='par_1_75' title="bbox 480 5607 1129 5671">
     <span class='ocr_line' id='line_1_75' title="bbox 480 5607 1129 5671; baseline 0.012 -17"><span class='ocrx_word' id='word_1_552' title='bbox 480 5607 634 5671; x_wconf 80' lang='lat' dir='ltr'>cipiet</span> <span class='ocrx_word' id='word_1_553' title='bbox 659 5607 1129 5662; x_wconf 77' lang='lat' dir='ltr'>immortalitatem.</span> 
     </span>
    </p>
   </div>
   <div class='ocr_carea' id='block_1_76' title="bbox 553 5672 1939 5753">
    <p class='ocr_par' dir='ltr' id='par_1_76' title="bbox 553 5672 1939 5753">
     <span class='ocr_line' id='line_1_76' title="bbox 553 5672 1939 5753; baseline 0.006 -24"><span class='ocrx_word' id='word_1_554' title='bbox 553 5672 670 5744; x_wconf 89' lang='lat'>(91)</span> <span class='ocrx_word' id='word_1_555' title='bbox 702 5675 969 5733; x_wconf 84' lang='lat' dir='ltr'>Nonnulli</span> <span class='ocrx_word' id='word_1_556' title='bbox 989 5692 1143 5748; x_wconf 89' lang='lat' dir='ltr'>mss.,</span> <span class='ocrx_word' id='word_1_557' title='bbox 1173 5678 1345 5751; x_wconf 81' lang='lat' dir='ltr'>ignem</span> <span class='ocrx_word' id='word_1_558' title='bbox 1373 5684 1660 5736; x_wconf 79' lang='lat' dir='ltr'>torrentem</span> <span class='ocrx_word' id='word_1_559' title='bbox 1682 5680 1939 5753; x_wconf 81' lang='lat' dir='ltr'>patietur.</span> 
     </span>
    </p>
   </div>
   <div class='ocr_carea' id='block_1_77' title="bbox 2171 1870 3765 1946">
    <p class='ocr_par' dir='ltr' id='par_1_77' title="bbox 2171 1870 3765 1946">
     <span class='ocr_line' id='line_1_77' title="bbox 2171 1870 3765 1946; baseline -0.004 -17"><span class='ocrx_word' id='word_1_560' title='bbox 2171 1872 2300 1941; x_wconf 92' lang='lat' dir='ltr'>tuit,</span> <span class='ocrx_word' id='word_1_561' title='bbox 2340 1871 2434 1928; x_wconf 92' lang='lat' dir='ltr'>sed</span> <span class='ocrx_word' id='word_1_562' title='bbox 2461 1881 2778 1930; x_wconf 88' lang='lat' dir='ltr'>constanter</span> <span class='ocrx_word' id='word_1_563' title='bbox 2807 1873 2956 1946; x_wconf 93' lang='lat' dir='ltr'>quod</span> <span class='ocrx_word' id='word_1_564' title='bbox 2985 1889 3179 1930; x_wconf 89' lang='lat' dir='ltr'>verum</span> <span class='ocrx_word' id='word_1_565' title='bbox 3213 1881 3313 1941; x_wconf 90' lang='lat' dir='ltr'>est,</span> <span class='ocrx_word' id='word_1_566' title='bbox 3346 1887 3455 1927; x_wconf 93' lang='lat' dir='ltr'>non</span> <span class='ocrx_word' id='word_1_567' title='bbox 3487 1870 3685 1936; x_wconf 89' lang='lat' dir='ltr'>tacuit,</span> <span class='ocrx_word' id='word_1_568' title='bbox 3715 1875 3765 1923; x_wconf 87' lang='lat' dir='ltr'>et</span> 
     </span>
    </p>
   </div>
   <div class='ocr_carea' id='block_1_78' title="bbox 2170 1960 3761 2035">
    <p class='ocr_par' dir='ltr' id='par_1_78' title="bbox 2170 1960 3761 2035">
     <span class='ocr_line' id='line_1_78' title="bbox 2170 1960 3761 2035; baseline -0.005 -16"><span class='ocrx_word' id='word_1_569' title='bbox 2170 1961 2277 2019; x_wconf 90' lang='lat' dir='ltr'>sibi</span> <span class='ocrx_word' id='word_1_570' title='bbox 2334 1970 2388 2018; x_wconf 90' lang='lat' dir='ltr'>et</span> <span class='ocrx_word' id='word_1_571' title='bbox 2447 1962 2536 2018; x_wconf 91' lang='lat' dir='ltr'>his</span> <span class='ocrx_word' id='word_1_572' title='bbox 2578 1963 2900 2035; x_wconf 90' lang='lat' dir='ltr'>providens,</span> <span class='ocrx_word' id='word_1_573' title='bbox 2960 1979 3097 2035; x_wconf 91' lang='lat' dir='ltr'>quos</span> <span class='ocrx_word' id='word_1_574' title='bbox 3161 1960 3398 2017; x_wconf 88' lang='lat' dir='ltr'>docebat.</span> <span class='ocrx_word' id='word_1_575' title='bbox 3458 1960 3761 2031; x_wconf 90' lang='lat' dir='ltr'>Denique:</span> 
     </span>
    </p>
   </div>
   <div class='ocr_carea' id='block_1_79' title="bbox 2183 2049 3764 2126">
    <p class='ocr_par' dir='ltr' id='par_1_79' title="bbox 2183 2049 3764 2126">
     <span class='ocr_line' id='line_1_79' title="bbox 2183 2049 3764 2126; baseline -0.004 -19"><span class='ocrx_word' id='word_1_576' title='bbox 2183 2076 2200 2097; x_wconf 79' lang='grc' dir='ltr'>ι</span> <span class='ocrx_word' id='word_1_577' title='bbox 2228 2052 2363 2123; x_wconf 87' lang='lat' dir='ltr'>Ego,</span> <span class='ocrx_word' id='word_1_578' title='bbox 2399 2051 2611 2125; x_wconf 90' lang='lat' dir='ltr'>inquit,</span> <span class='ocrx_word' id='word_1_579' title='bbox 2673 2070 2784 2110; x_wconf 93' lang='lat' dir='ltr'>non</span> <span class='ocrx_word' id='word_1_580' title='bbox 2806 2055 2984 2109; x_wconf 93' lang='lat' dir='ltr'>solum</span> <span class='ocrx_word' id='word_1_581' title='bbox 3015 2053 3193 2126; x_wconf 90' lang='lat' dir='ltr'>ligari,</span> <span class='ocrx_word' id='word_1_582' title='bbox 3217 2049 3307 2106; x_wconf 89' lang='lat' dir='ltr'>sed</span> <span class='ocrx_word' id='word_1_583' title='bbox 3336 2057 3389 2105; x_wconf 92' lang='lat' dir='ltr'>et</span> <span class='ocrx_word' id='word_1_584' title='bbox 3418 2049 3568 2104; x_wconf 91' lang='lat' dir='ltr'>mori</span> <span class='ocrx_word' id='word_1_585' title='bbox 3601 2062 3764 2120; x_wconf 86' lang='lat' dir='ltr'>para-</span> 
     </span>
    </p>
   </div>
   <div class='ocr_carea' id='block_1_80' title="bbox 2170 2135 3759 2215">
    <p class='ocr_par' dir='ltr' id='par_1_80' title="bbox 2170 2135 3759 2215">
     <span class='ocr_line' id='line_1_80' title="bbox 2170 2135 3759 2215; baseline -0.004 -19"><span class='ocrx_word' id='word_1_586' title='bbox 2170 2148 2260 2196; x_wconf 88' lang='lat' dir='ltr'>tus</span> <span class='ocrx_word' id='word_1_587' title='bbox 2287 2157 2411 2196; x_wconf 91' lang='lat' dir='ltr'>sum</span> <span class='ocrx_word' id='word_1_588' title='bbox 2443 2141 2505 2196; x_wconf 93' lang='lat' dir='ltr'>in</span> <span class='ocrx_word' id='word_1_589' title='bbox 2530 2143 2917 2215; x_wconf 89' lang='lat' dir='ltr'>Hierosolyma</span> <span class='ocrx_word' id='word_1_590' title='bbox 2945 2158 3044 2214; x_wconf 91' lang='lat' dir='ltr'>pro</span> <span class='ocrx_word' id='word_1_591' title='bbox 3089 2139 3310 2197; x_wconf 89' lang='lat' dir='ltr'>nomine</span> <span class='ocrx_word' id='word_1_592' title='bbox 3336 2137 3564 2194; x_wconf 90' lang='lat' dir='ltr'>Domini</span> <span class='ocrx_word' id='word_1_593' title='bbox 3597 2135 3759 2192; x_wconf 91' lang='lat' dir='ltr'>nostri</span> 
     </span>
    </p>
   </div>
   <div class='ocr_carea' id='block_1_81' title="bbox 2169 2234 3051 2309">
    <p class='ocr_par' dir='ltr' id='par_1_81' title="bbox 2169 2234 3051 2309">
     <span class='ocr_line' id='line_1_81' title="bbox 2169 2234 3051 2309; baseline 0.001 -19"><span class='ocrx_word' id='word_1_594' title='bbox 2169 2234 2296 2292; x_wconf 83' lang='lat' dir='ltr'>Jesu</span> <span class='ocrx_word' id='word_1_595' title='bbox 2325 2234 2532 2292; x_wconf 90' lang='lat' dir='ltr'>Christi</span> <span class='ocrx_word' id='word_1_596' title='bbox 2561 2237 2709 2308; x_wconf 85' lang='lat' dir='ltr'>(Act.</span> <span class='ocrx_word' id='word_1_597' title='bbox 2741 2252 2863 2304; x_wconf 77' lang='lat' dir='ltr'>xxi,</span> <span class='ocrx_word' id='word_1_598' title='bbox 2893 2235 3007 2309; x_wconf 86' lang='lat'>13).</span> <span class='ocrx_word' id='word_1_599' title='bbox 3033 2261 3051 2285; x_wconf 77' lang='grc' dir='ltr'>ι</span> 
     </span>
    </p>
   </div>
   <div class='ocr_carea' id='block_1_82' title="bbox 2244 2322 3761 2400">
    <p class='ocr_par' dir='ltr' id='par_1_82' title="bbox 2244 2322 3761 2400">
     <span class='ocr_line' id='line_1_82' title="bbox 2244 2322 3761 2400; baseline -0.005 -17"><span class='ocrx_word' id='word_1_600' title='bbox 2244 2327 2425 2398; x_wconf 85' lang='lat' dir='ltr'>(Vers.</span> <span class='ocrx_word' id='word_1_601' title='bbox 2463 2328 2576 2399; x_wconf 89' lang='grc'>13.)</span> <span class='ocrx_word' id='word_1_602' title='bbox 2622 2353 2638 2375; x_wconf 79' lang='grc' dir='ltr'>ι</span> <span class='ocrx_word' id='word_1_603' title='bbox 2669 2327 2854 2400; x_wconf 86' lang='lat' dir='ltr'>Neque</span> <span class='ocrx_word' id='word_1_604' title='bbox 2883 2327 3030 2383; x_wconf 91' lang='lat' dir='ltr'>enim</span> <span class='ocrx_word' id='word_1_605' title='bbox 3059 2325 3163 2398; x_wconf 91' lang='lat' dir='ltr'>ipsi</span> <span class='ocrx_word' id='word_1_606' title='bbox 3189 2324 3284 2398; x_wconf 88' lang='lat' dir='ltr'>qui</span> <span class='ocrx_word' id='word_1_607' title='bbox 3314 2322 3761 2382; x_wconf 86' lang='lat' dir='ltr'>circumcisisunt</span> 
     </span>
    </p>
   </div>
   <div class='ocr_carea' id='block_1_83' title="bbox 2173 2413 3759 2489">
    <p class='ocr_par' dir='ltr' id='par_1_83' title="bbox 2173 2413 3759 2489">
     <span class='ocr_line' id='line_1_83' title="bbox 2173 2413 3759 2489; baseline -0.002 -18"><span class='ocrx_word' id='word_1_608' title='bbox 2173 2417 2343 2489; x_wconf 90' lang='lat' dir='ltr'>legem</span> <span class='ocrx_word' id='word_1_609' title='bbox 2371 2417 2692 2474; x_wconf 91' lang='lat' dir='ltr'>custodiunt</span> <span class='ocrx_word' id='word_1_610' title='bbox 2724 2435 2735 2474; x_wconf 87' lang='lat'><strong><em>:</em></strong></span> <span class='ocrx_word' id='word_1_611' title='bbox 2769 2417 2862 2473; x_wconf 92' lang='lat' dir='ltr'>sed</span> <span class='ocrx_word' id='word_1_612' title='bbox 2893 2418 3090 2473; x_wconf 90' lang='lat' dir='ltr'>volunt</span> <span class='ocrx_word' id='word_1_613' title='bbox 3117 2432 3215 2472; x_wconf 87' lang='lat' dir='ltr'>vos</span> <span class='ocrx_word' id='word_1_614' title='bbox 3241 2413 3591 2482; x_wconf 89' lang='lat' dir='ltr'>circumcidi,</span> <span class='ocrx_word' id='word_1_615' title='bbox 3617 2423 3675 2470; x_wconf 88' lang='lat' dir='ltr'>ut</span> <span class='ocrx_word' id='word_1_616' title='bbox 3707 2413 3759 2469; x_wconf 93' lang='lat' dir='ltr'>in</span> 
     </span>
    </p>
   </div>
   <div class='ocr_carea' id='block_1_84' title="bbox 2171 2513 3762 2588">
    <p class='ocr_par' dir='ltr' id='par_1_84' title="bbox 2171 2513 3762 2588">
     <span class='ocr_line' id='line_1_84' title="bbox 2171 2513 3762 2588; baseline -0.004 -17"><span class='ocrx_word' id='word_1_617' title='bbox 2171 2521 2355 2572; x_wconf 89' lang='lat' dir='ltr'>vestra</span> <span class='ocrx_word' id='word_1_618' title='bbox 2397 2532 2565 2572; x_wconf 90' lang='lat' dir='ltr'>carne</span> <span class='ocrx_word' id='word_1_619' title='bbox 2609 2515 2932 2588; x_wconf 86' lang='lat' dir='ltr'>glorientur.</span> <span class='ocrx_word' id='word_1_620' title='bbox 2965 2540 2983 2563; x_wconf 78' lang='grc' dir='ltr'>ι</span> <span class='ocrx_word' id='word_1_621' title='bbox 3031 2514 3160 2570; x_wconf 91' lang='lat' dir='ltr'>Tale</span> <span class='ocrx_word' id='word_1_622' title='bbox 3203 2523 3285 2570; x_wconf 92' lang='lat' dir='ltr'>est</span> <span class='ocrx_word' id='word_1_623' title='bbox 3332 2513 3459 2583; x_wconf 91' lang='lat' dir='ltr'>hoc,</span> <span class='ocrx_word' id='word_1_624' title='bbox 3509 2513 3668 2586; x_wconf 90' lang='lat' dir='ltr'>quale</span> <span class='ocrx_word' id='word_1_625' title='bbox 3713 2518 3762 2566; x_wconf 94' lang='lat' dir='ltr'>et</span> 
     </span>
    </p>
   </div>
   <div class='ocr_carea' id='block_1_85' title="bbox 2172 2612 3759 2688">
    <p class='ocr_par' dir='ltr' id='par_1_85' title="bbox 2172 2612 3759 2688">
     <span class='ocr_line' id='line_1_85' title="bbox 2172 2612 3759 2688; baseline -0.004 -17"><span class='ocrx_word' id='word_1_626' title='bbox 2172 2615 2317 2671; x_wconf 87' lang='lat' dir='ltr'>illud</span> <span class='ocrx_word' id='word_1_627' title='bbox 2361 2615 2574 2672; x_wconf 91' lang='lat' dir='ltr'>dictum</span> <span class='ocrx_word' id='word_1_628' title='bbox 2603 2616 2672 2672; x_wconf 89' lang='lat' dir='ltr'>ad</span> <span class='ocrx_word' id='word_1_629' title='bbox 2707 2615 3018 2688; x_wconf 90' lang='lat' dir='ltr'>apostolum</span> <span class='ocrx_word' id='word_1_630' title='bbox 3075 2615 3334 2672; x_wconf 90' lang='lat' dir='ltr'>Petrum:</span> <span class='ocrx_word' id='word_1_631' title='bbox 3384 2637 3402 2661; x_wconf 75' lang='grc' dir='ltr'>ι</span> <span class='ocrx_word' id='word_1_632' title='bbox 3431 2612 3489 2669; x_wconf 91' lang='lat' dir='ltr'>Si</span> <span class='ocrx_word' id='word_1_633' title='bbox 3532 2619 3595 2668; x_wconf 89' lang='lat' dir='ltr'>tu</span> <span class='ocrx_word' id='word_1_634' title='bbox 3644 2627 3759 2667; x_wconf 81' lang='lat' dir='ltr'>curn</span> 
     </span>
    </p>
   </div>
   <div class='ocr_carea' id='block_1_86' title="bbox 2171 2710 3762 2786">
    <p class='ocr_par' dir='ltr' id='par_1_86' title="bbox 2171 2710 3762 2786">
     <span class='ocr_line' id='line_1_86' title="bbox 2171 2710 3762 2786; baseline -0.003 -17"><span class='ocrx_word' id='word_1_635' title='bbox 2171 2714 2248 2770; x_wconf 88' lang='lat' dir='ltr'>sis</span> <span class='ocrx_word' id='word_1_636' title='bbox 2280 2714 2529 2784; x_wconf 70' lang='lat' dir='ltr'>Iudaeus,</span> <span class='ocrx_word' id='word_1_637' title='bbox 2571 2713 2852 2786; x_wconf 87' lang='lat' dir='ltr'>gentiliter</span> <span class='ocrx_word' id='word_1_638' title='bbox 2906 2713 3076 2782; x_wconf 89' lang='lat' dir='ltr'>vivis,</span> <span class='ocrx_word' id='word_1_639' title='bbox 3151 2712 3428 2786; x_wconf 87' lang='lat' dir='ltr'>quomodo</span> <span class='ocrx_word' id='word_1_640' title='bbox 3481 2710 3762 2784; x_wconf 86' lang='lat' dir='ltr'>compellis</span> 
     </span>
    </p>
   </div>
   <div class='ocr_carea' id='block_1_87' title="bbox 2173 2808 3759 2886">
    <p class='ocr_par' dir='ltr' id='par_1_87' title="bbox 2173 2808 3759 2886">
     <span class='ocr_line' id='line_1_87' title="bbox 2173 2808 3759 2886; baseline -0.004 -17"><span class='ocrx_word' id='word_1_641' title='bbox 2173 2821 2358 2886; x_wconf 86' lang='lat' dir='ltr'>gentes</span> <span class='ocrx_word' id='word_1_642' title='bbox 2387 2813 2667 2886; x_wconf 86' lang='lat' dir='ltr'>judaizare</span> <span class='ocrx_word' id='word_1_643' title='bbox 2700 2814 2910 2884; x_wconf 83' lang='lat' dir='ltr'>(supra.</span> <span class='ocrx_word' id='word_1_644' title='bbox 2943 2829 3005 2880; x_wconf 82' lang='grc' dir='ltr'>ιι,</span> <span class='ocrx_word' id='word_1_645' title='bbox 3039 2810 3130 2882; x_wconf 76' lang='grc'><strong>14)</strong></span> <span class='ocrx_word' id='word_1_646' title='bbox 3163 2810 3190 2866; x_wconf 73' lang='lat'><strong>7</strong></span> <span class='ocrx_word' id='word_1_647' title='bbox 3220 2834 3238 2858; x_wconf 78' lang='grc' dir='ltr'>ι</span> <span class='ocrx_word' id='word_1_648' title='bbox 3306 2811 3389 2866; x_wconf 92' lang='lat' dir='ltr'>Ita</span> <span class='ocrx_word' id='word_1_649' title='bbox 3429 2816 3485 2864; x_wconf 88' lang='lat' dir='ltr'>et</span> <span class='ocrx_word' id='word_1_650' title='bbox 3531 2808 3594 2864; x_wconf 91' lang='lat' dir='ltr'>hi</span> <span class='ocrx_word' id='word_1_651' title='bbox 3644 2824 3759 2864; x_wconf 88' lang='lat' dir='ltr'>cum</span> 
     </span>
    </p>
   </div>
   <div class='ocr_carea' id='block_1_88' title="bbox 2173 2898 3761 2976">
    <p class='ocr_par' dir='ltr' id='par_1_88' title="bbox 2173 2898 3761 2976">
     <span class='ocr_line' id='line_1_88' title="bbox 2173 2898 3761 2976; baseline -0.004 -16"><span class='ocrx_word' id='word_1_652' title='bbox 2173 2905 2278 2976; x_wconf 92' lang='lat' dir='ltr'>ipsi</span> <span class='ocrx_word' id='word_1_653' title='bbox 2328 2905 2500 2976; x_wconf 80' lang='lat' dir='ltr'>legem</span> <span class='ocrx_word' id='word_1_654' title='bbox 2533 2920 2645 2960; x_wconf 91' lang='lat' dir='ltr'>non</span> <span class='ocrx_word' id='word_1_655' title='bbox 2689 2902 3063 2969; x_wconf 91' lang='lat' dir='ltr'>custodirent,</span> <span class='ocrx_word' id='word_1_656' title='bbox 3111 2907 3499 2957; x_wconf 88' lang='lat' dir='ltr'>conversantes</span> <span class='ocrx_word' id='word_1_657' title='bbox 3545 2898 3761 2970; x_wconf 85' lang='lat' dir='ltr'>injuste,</span> 
     </span>
    </p>
   </div>
   <div class='ocr_carea' id='block_1_89' title="bbox 2173 2985 3765 3061">
    <p class='ocr_par' dir='ltr' id='par_1_89' title="bbox 2173 2985 3765 3061">
     <span class='ocr_line' id='line_1_89' title="bbox 2173 2985 3765 3061; baseline -0.005 -12"><span class='ocrx_word' id='word_1_658' title='bbox 2173 2993 2652 3049; x_wconf 90' lang='lat' dir='ltr'>circumcisionem</span> <span class='ocrx_word' id='word_1_659' title='bbox 2719 2991 3056 3060; x_wconf 86' lang='lat' dir='ltr'>zelabantur,</span> <span class='ocrx_word' id='word_1_660' title='bbox 3115 2998 3178 3046; x_wconf 92' lang='lat' dir='ltr'>ut</span> <span class='ocrx_word' id='word_1_661' title='bbox 3233 2985 3464 3061; x_wconf 90' lang='lat' dir='ltr'>proinde</span> <span class='ocrx_word' id='word_1_662' title='bbox 3519 2985 3765 3042; x_wconf 86' lang='lat' dir='ltr'>vindices</span> 
     </span>
    </p>
   </div>
   <div class='ocr_carea' id='block_1_90' title="bbox 2175 3081 3758 3157">
    <p class='ocr_par' dir='ltr' id='par_1_90' title="bbox 2175 3081 3758 3157">
     <span class='ocr_line' id='line_1_90' title="bbox 2175 3081 3758 3157; baseline -0.004 -19"><span class='ocrx_word' id='word_1_663' title='bbox 2175 3090 2230 3138; x_wconf 90' lang='lat' dir='ltr'>et</span> <span class='ocrx_word' id='word_1_664' title='bbox 2283 3091 2553 3141; x_wconf 88' lang='lat' dir='ltr'>amatores</span> <span class='ocrx_word' id='word_1_665' title='bbox 2595 3085 2730 3157; x_wconf 87' lang='lat' dir='ltr'>legis</span> <span class='ocrx_word' id='word_1_666' title='bbox 2791 3081 3160 3138; x_wconf 89' lang='lat' dir='ltr'>viderentur:</span> <span class='ocrx_word' id='word_1_667' title='bbox 3207 3095 3334 3136; x_wconf 90' lang='lat' dir='ltr'>cum</span> <span class='ocrx_word' id='word_1_668' title='bbox 3374 3085 3596 3134; x_wconf 89' lang='lat' dir='ltr'>constet</span> <span class='ocrx_word' id='word_1_669' title='bbox 3627 3081 3758 3140; x_wconf 82' lang='lat'>231</span> 
     </span>
    </p>
   </div>
   <div class='ocr_carea' id='block_1_91' title="bbox 2173 3175 3766 3255">
    <p class='ocr_par' dir='ltr' id='par_1_91' title="bbox 2173 3175 3766 3255">
     <span class='ocr_line' id='line_1_91' title="bbox 2173 3175 3766 3255; baseline -0.003 -19"><span class='ocrx_word' id='word_1_670' title='bbox 2173 3180 2325 3239; x_wconf 91' lang='lat' dir='ltr'>hunc</span> <span class='ocrx_word' id='word_1_671' title='bbox 2379 3183 2551 3255; x_wconf 89' lang='lat' dir='ltr'>legem</span> <span class='ocrx_word' id='word_1_672' title='bbox 2609 3182 2902 3240; x_wconf 86' lang='lat' dir='ltr'>defendere</span> <span class='ocrx_word' id='word_1_673' title='bbox 2947 3188 3004 3238; x_wconf 91' lang='lat' dir='ltr'>et</span> <span class='ocrx_word' id='word_1_674' title='bbox 3048 3177 3347 3246; x_wconf 88' lang='lat' dir='ltr'>custodire,</span> <span class='ocrx_word' id='word_1_675' title='bbox 3398 3177 3496 3248; x_wconf 91' lang='lat' dir='ltr'>qui</span> <span class='ocrx_word' id='word_1_676' title='bbox 3521 3175 3766 3247; x_wconf 82' lang='lat' dir='ltr'>justitias</span> 
     </span>
    </p>
   </div>
   <div class='ocr_carea' id='block_1_92' title="bbox 2172 3266 3764 3348">
    <p class='ocr_par' dir='ltr' id='par_1_92' title="bbox 2172 3266 3764 3348">
     <span class='ocr_line' id='line_1_92' title="bbox 2172 3266 3764 3348; baseline -0.003 -20"><span class='ocrx_word' id='word_1_677' title='bbox 2172 3271 2289 3343; x_wconf 90' lang='lat' dir='ltr'>ejus</span> <span class='ocrx_word' id='word_1_678' title='bbox 2359 3275 2704 3348; x_wconf 85' lang='lat' dir='ltr'>exsequitur,</span> <span class='ocrx_word' id='word_1_679' title='bbox 2762 3282 2818 3330; x_wconf 92' lang='lat' dir='ltr'>et</span> <span class='ocrx_word' id='word_1_680' title='bbox 2861 3271 3202 3338; x_wconf 91' lang='lat' dir='ltr'>mandatum,</span> <span class='ocrx_word' id='word_1_681' title='bbox 3259 3266 3407 3340; x_wconf 89' lang='lat' dir='ltr'>quod</span> <span class='ocrx_word' id='word_1_682' title='bbox 3463 3266 3534 3322; x_wconf 89' lang='lat' dir='ltr'>ad</span> <span class='ocrx_word' id='word_1_683' title='bbox 3599 3268 3764 3324; x_wconf 85' lang='lat' dir='ltr'>vitam</span> 
     </span>
    </p>
   </div>
   <div class='ocr_carea' id='block_1_93' title="bbox 2170 3358 3766 3437">
    <p class='ocr_par' dir='ltr' id='par_1_93' title="bbox 2170 3358 3766 3437">
     <span class='ocr_line' id='line_1_93' title="bbox 2170 3358 3766 3437; baseline -0.003 -18"><span class='ocrx_word' id='word_1_684' title='bbox 2170 3363 2456 3437; x_wconf 89' lang='lat' dir='ltr'>pertinens</span> <span class='ocrx_word' id='word_1_685' title='bbox 2481 3365 2670 3422; x_wconf 91' lang='lat' dir='ltr'>datum</span> <span class='ocrx_word' id='word_1_686' title='bbox 2701 3373 2802 3434; x_wconf 89' lang='lat' dir='ltr'>est,</span> <span class='ocrx_word' id='word_1_687' title='bbox 2852 3380 2964 3420; x_wconf 92' lang='lat' dir='ltr'>non</span> <span class='ocrx_word' id='word_1_688' title='bbox 2995 3362 3386 3436; x_wconf 75' lang='lat' dir='ltr'>praetermittit.</span> <span class='ocrx_word' id='word_1_689' title='bbox 3449 3358 3603 3417; x_wconf 92' lang='lat' dir='ltr'>Talis</span> <span class='ocrx_word' id='word_1_690' title='bbox 3644 3374 3766 3432; x_wconf 87' lang='lat' dir='ltr'>ergo</span> 
     </span>
    </p>
   </div>
   <div class='ocr_carea' id='block_1_94' title="bbox 2172 3445 3766 3525">
    <p class='ocr_par' dir='ltr' id='par_1_94' title="bbox 2172 3445 3766 3525">
     <span class='ocr_line' id='line_1_94' title="bbox 2172 3445 3766 3525; baseline -0.005 -17"><span class='ocrx_word' id='word_1_691' title='bbox 2172 3452 2495 3508; x_wconf 82' lang='lat' dir='ltr'>Galatarum</span> <span class='ocrx_word' id='word_1_692' title='bbox 2529 3452 2813 3508; x_wconf 85' lang='lat' dir='ltr'>excusatio</span> <span class='ocrx_word' id='word_1_693' title='bbox 2867 3458 2982 3507; x_wconf 88' lang='lat' dir='ltr'>erat</span> <span class='ocrx_word' id='word_1_694' title='bbox 3025 3451 3167 3525; x_wconf 92' lang='lat'>(92).</span> <span class='ocrx_word' id='word_1_695' title='bbox 3211 3450 3338 3507; x_wconf 59' lang='lat' dir='ltr'>Haec</span> <span class='ocrx_word' id='word_1_696' title='bbox 3384 3448 3544 3517; x_wconf 90' lang='lat' dir='ltr'>dicit,</span> <span class='ocrx_word' id='word_1_697' title='bbox 3595 3457 3656 3503; x_wconf 86' lang='lat' dir='ltr'>ut</span> <span class='ocrx_word' id='word_1_698' title='bbox 3688 3445 3766 3502; x_wconf 87' lang='lat' dir='ltr'>vel</span> 
     </span>
    </p>
   </div>
   <div class='ocr_carea' id='block_1_95' title="bbox 2172 3538 3767 3616">
    <p class='ocr_par' dir='ltr' id='par_1_95' title="bbox 2172 3538 3767 3616">
     <span class='ocr_line' id='line_1_95' title="bbox 2172 3538 3767 3616; baseline -0.004 -18"><span class='ocrx_word' id='word_1_699' title='bbox 2172 3542 2252 3598; x_wconf 91' lang='lat' dir='ltr'>sic</span> <span class='ocrx_word' id='word_1_700' title='bbox 2277 3541 2614 3614; x_wconf 89' lang='lat' dir='ltr'>intelligant,</span> <span class='ocrx_word' id='word_1_701' title='bbox 2642 3542 2772 3616; x_wconf 92' lang='lat' dir='ltr'>quia</span> <span class='ocrx_word' id='word_1_702' title='bbox 2802 3541 3177 3598; x_wconf 91' lang='lat' dir='ltr'>illudebantur</span> <span class='ocrx_word' id='word_1_703' title='bbox 3198 3543 3351 3598; x_wconf 92' lang='lat' dir='ltr'>velut</span> <span class='ocrx_word' id='word_1_704' title='bbox 3383 3538 3543 3596; x_wconf 87' lang='lat' dir='ltr'>stulti</span> <span class='ocrx_word' id='word_1_705' title='bbox 3578 3545 3632 3594; x_wconf 92' lang='lat' dir='ltr'>et</span> <span class='ocrx_word' id='word_1_706' title='bbox 3664 3538 3767 3593; x_wconf 82' lang='lat' dir='ltr'>he-</span> 
     </span>
    </p>
   </div>
   <div class='ocr_carea' id='block_1_96' title="bbox 2172 3629 3449 3704">
    <p class='ocr_par' dir='ltr' id='par_1_96' title="bbox 2172 3629 3449 3704">
     <span class='ocr_line' id='line_1_96' title="bbox 2172 3629 3449 3704; baseline -0.002 -16"><span class='ocrx_word' id='word_1_707' title='bbox 2172 3631 2342 3699; x_wconf 90' lang='lat' dir='ltr'>betes,</span> <span class='ocrx_word' id='word_1_708' title='bbox 2376 3629 2443 3687; x_wconf 89' lang='lat' dir='ltr'>de</span> <span class='ocrx_word' id='word_1_709' title='bbox 2475 3647 2710 3703; x_wconf 90' lang='lat' dir='ltr'>quorum</span> <span class='ocrx_word' id='word_1_710' title='bbox 2751 3630 3035 3688; x_wconf 90' lang='lat' dir='ltr'>doloribus</span> <span class='ocrx_word' id='word_1_711' title='bbox 3065 3631 3449 3704; x_wconf 87' lang='lat' dir='ltr'>gloriarentur.</span> 
     </span>
    </p>
   </div>
   <div class='ocr_carea' id='block_1_97' title="bbox 2246 3717 3767 3793">
    <p class='ocr_par' dir='ltr' id='par_1_97' title="bbox 2246 3717 3767 3793">
     <span class='ocr_line' id='line_1_97' title="bbox 2246 3717 3767 3793; baseline -0.002 -16"><span class='ocrx_word' id='word_1_712' title='bbox 2246 3719 2430 3791; x_wconf 82' lang='lat' dir='ltr'>(Vers.</span> <span class='ocrx_word' id='word_1_713' title='bbox 2471 3719 2584 3793; x_wconf 78' lang='grc'><strong>14.)</strong></span> <span class='ocrx_word' id='word_1_714' title='bbox 2630 3745 2649 3769; x_wconf 76' lang='grc' dir='ltr'>ι</span> <span class='ocrx_word' id='word_1_715' title='bbox 2673 3719 2812 3778; x_wconf 90' lang='lat' dir='ltr'>Mihi</span> <span class='ocrx_word' id='word_1_716' title='bbox 2841 3736 2973 3777; x_wconf 91' lang='lat' dir='ltr'>vero</span> <span class='ocrx_word' id='word_1_717' title='bbox 3019 3719 3163 3777; x_wconf 91' lang='lat' dir='ltr'>absit</span> <span class='ocrx_word' id='word_1_718' title='bbox 3227 3718 3452 3792; x_wconf 90' lang='lat' dir='ltr'>gloriari</span> <span class='ocrx_word' id='word_1_719' title='bbox 3485 3718 3630 3792; x_wconf 88' lang='lat'>(93),</span> <span class='ocrx_word' id='word_1_720' title='bbox 3667 3717 3767 3775; x_wconf 89' lang='lat' dir='ltr'>nisi</span> 
     </span>
    </p>
   </div>
   <div class='ocr_carea' id='block_1_98' title="bbox 2174 3807 3769 3881">
    <p class='ocr_par' dir='ltr' id='par_1_98' title="bbox 2174 3807 3769 3881">
     <span class='ocr_line' id='line_1_98' title="bbox 2174 3807 3769 3881; baseline -0.002 -16"><span class='ocrx_word' id='word_1_721' title='bbox 2174 3809 2233 3865; x_wconf 91' lang='lat' dir='ltr'>in</span> <span class='ocrx_word' id='word_1_722' title='bbox 2293 3826 2455 3867; x_wconf 91' lang='lat' dir='ltr'>cruce</span> <span class='ocrx_word' id='word_1_723' title='bbox 2505 3810 2731 3866; x_wconf 90' lang='lat' dir='ltr'>Domini</span> <span class='ocrx_word' id='word_1_724' title='bbox 2777 3809 2953 3866; x_wconf 89' lang='lat' dir='ltr'>nostri</span> <span class='ocrx_word' id='word_1_725' title='bbox 2994 3809 3123 3866; x_wconf 83' lang='lat' dir='ltr'>Jesu</span> <span class='ocrx_word' id='word_1_726' title='bbox 3186 3807 3413 3876; x_wconf 92' lang='lat' dir='ltr'>Christi,</span> <span class='ocrx_word' id='word_1_727' title='bbox 3464 3823 3562 3880; x_wconf 89' lang='lat' dir='ltr'>per</span> <span class='ocrx_word' id='word_1_728' title='bbox 3607 3823 3769 3881; x_wconf 86' lang='lat' dir='ltr'>quem</span> 
     </span>
    </p>
   </div>
   <div class='ocr_carea' id='block_1_99' title="bbox 2174 3898 3771 3972">
    <p class='ocr_par' dir='ltr' id='par_1_99' title="bbox 2174 3898 3771 3972">
     <span class='ocr_line' id='line_1_99' title="bbox 2174 3898 3771 3972; baseline -0.001 -17"><span class='ocrx_word' id='word_1_729' title='bbox 2174 3900 2316 3955; x_wconf 91' lang='lat' dir='ltr'>mihi</span> <span class='ocrx_word' id='word_1_730' title='bbox 2344 3900 2585 3958; x_wconf 90' lang='lat' dir='ltr'>mundus</span> <span class='ocrx_word' id='word_1_731' title='bbox 2635 3900 2938 3958; x_wconf 88' lang='lat' dir='ltr'>cruciﬁxus</span> <span class='ocrx_word' id='word_1_732' title='bbox 2964 3908 3066 3969; x_wconf 89' lang='lat' dir='ltr'>est,</span> <span class='ocrx_word' id='word_1_733' title='bbox 3094 3907 3148 3957; x_wconf 90' lang='lat' dir='ltr'>et</span> <span class='ocrx_word' id='word_1_734' title='bbox 3175 3916 3273 3972; x_wconf 87' lang='lat' dir='ltr'>ego</span> <span class='ocrx_word' id='word_1_735' title='bbox 3303 3898 3532 3955; x_wconf 91' lang='lat' dir='ltr'>mundo.</span> <span class='ocrx_word' id='word_1_736' title='bbox 3569 3925 3588 3948; x_wconf 74' lang='grc' dir='ltr'>ι</span> <span class='ocrx_word' id='word_1_737' title='bbox 3627 3899 3771 3966; x_wconf 89' lang='lat' dir='ltr'>Quo-</span> 
     </span>
    </p>
   </div>
   <div class='ocr_carea' id='block_1_100' title="bbox 2174 3987 3770 4062">
    <p class='ocr_par' dir='ltr' id='par_1_100' title="bbox 2174 3987 3770 4062">
     <span class='ocr_line' id='line_1_100' title="bbox 2174 3987 3770 4062; baseline -0.001 -17"><span class='ocrx_word' id='word_1_738' title='bbox 2174 3987 2340 4045; x_wconf 92' lang='lat' dir='ltr'>modo</span> <span class='ocrx_word' id='word_1_739' title='bbox 2423 3989 2867 4062; x_wconf 84' lang='lat' dir='ltr'>pseudoapostoll</span> <span class='ocrx_word' id='word_1_740' title='bbox 2936 3989 3322 4046; x_wconf 88' lang='lat' dir='ltr'>tribulationes</span> <span class='ocrx_word' id='word_1_741' title='bbox 3379 4005 3480 4062; x_wconf 91' lang='lat' dir='ltr'>pro</span> <span class='ocrx_word' id='word_1_742' title='bbox 3543 3989 3770 4044; x_wconf 88' lang='lat' dir='ltr'>nomine</span> 
     </span>
    </p>
   </div>
   <div class='ocr_carea' id='block_1_101' title="bbox 2173 4078 3770 4154">
    <p class='ocr_par' dir='ltr' id='par_1_101' title="bbox 2173 4078 3770 4154">
     <span class='ocr_line' id='line_1_101' title="bbox 2173 4078 3770 4154; baseline -0.003 -16"><span class='ocrx_word' id='word_1_743' title='bbox 2173 4080 2380 4138; x_wconf 89' lang='lat' dir='ltr'>Christi</span> <span class='ocrx_word' id='word_1_744' title='bbox 2413 4080 2568 4152; x_wconf 91' lang='lat' dir='ltr'>quasi</span> <span class='ocrx_word' id='word_1_745' title='bbox 2601 4080 2745 4136; x_wconf 92' lang='lat' dir='ltr'>nihil</span> <span class='ocrx_word' id='word_1_746' title='bbox 2769 4081 3080 4154; x_wconf 88' lang='lat' dir='ltr'>profuturas</span> <span class='ocrx_word' id='word_1_747' title='bbox 3125 4096 3219 4152; x_wconf 90' lang='lat' dir='ltr'>per</span> <span class='ocrx_word' id='word_1_748' title='bbox 3247 4078 3594 4152; x_wconf 85' lang='lat' dir='ltr'>hypocrisim</span> <span class='ocrx_word' id='word_1_749' title='bbox 3631 4078 3770 4135; x_wconf 87' lang='lat' dir='ltr'>redi-</span> 
     </span>
    </p>
   </div>
   <div class='ocr_carea' id='block_1_102' title="bbox 2175 4168 3772 4241">
    <p class='ocr_par' dir='ltr' id='par_1_102' title="bbox 2175 4168 3772 4241">
     <span class='ocr_line' id='line_1_102' title="bbox 2175 4168 3772 4241; baseline 0 -17"><span class='ocrx_word' id='word_1_750' title='bbox 2175 4168 2428 4238; x_wconf 89' lang='lat' dir='ltr'>mebant,</span> <span class='ocrx_word' id='word_1_751' title='bbox 2473 4168 2860 4227; x_wconf 90' lang='lat' dir='ltr'>erubescentes</span> <span class='ocrx_word' id='word_1_752' title='bbox 2889 4171 2947 4227; x_wconf 93' lang='lat' dir='ltr'>in</span> <span class='ocrx_word' id='word_1_753' title='bbox 2976 4169 3093 4236; x_wconf 92' lang='lat' dir='ltr'>his;</span> <span class='ocrx_word' id='word_1_754' title='bbox 3134 4170 3210 4225; x_wconf 89' lang='lat' dir='ltr'>ita</span> <span class='ocrx_word' id='word_1_755' title='bbox 3235 4178 3288 4224; x_wconf 92' lang='lat' dir='ltr'>et</span> <span class='ocrx_word' id='word_1_756' title='bbox 3313 4168 3617 4241; x_wconf 85' lang='lat' dir='ltr'>Apostolus</span> <span class='ocrx_word' id='word_1_757' title='bbox 3645 4170 3772 4240; x_wconf 81' lang='lat' dir='ltr'>glo-</span> 
     </span>
    </p>
   </div>
   <div class='ocr_carea' id='block_1_103' title="bbox 2174 4257 3775 4333">
    <p class='ocr_par' dir='ltr' id='par_1_103' title="bbox 2174 4257 3775 4333">
     <span class='ocr_line' id='line_1_103' title="bbox 2174 4257 3775 4333; baseline -0.003 -18"><span class='ocrx_word' id='word_1_758' title='bbox 2174 4258 2420 4315; x_wconf 90' lang='lat' dir='ltr'>riabatur</span> <span class='ocrx_word' id='word_1_759' title='bbox 2450 4258 2517 4315; x_wconf 91' lang='lat' dir='ltr'>de</span> <span class='ocrx_word' id='word_1_760' title='bbox 2554 4259 2662 4329; x_wconf 91' lang='lat' dir='ltr'>his,</span> <span class='ocrx_word' id='word_1_761' title='bbox 2695 4261 2875 4317; x_wconf 91' lang='lat' dir='ltr'>sciens</span> <span class='ocrx_word' id='word_1_762' title='bbox 2904 4276 3154 4333; x_wconf 89' lang='lat' dir='ltr'>magnam</span> <span class='ocrx_word' id='word_1_763' title='bbox 3185 4275 3283 4331; x_wconf 92' lang='lat' dir='ltr'>pro</span> <span class='ocrx_word' id='word_1_764' title='bbox 3314 4257 3436 4313; x_wconf 90' lang='lat' dir='ltr'>istis</span> <span class='ocrx_word' id='word_1_765' title='bbox 3466 4257 3586 4313; x_wconf 86' lang='lat' dir='ltr'>fore</span> <span class='ocrx_word' id='word_1_766' title='bbox 3621 4273 3775 4313; x_wconf 88' lang='lat' dir='ltr'>mer-</span> 
     </span>
    </p>
   </div>
   <div class='ocr_carea' id='block_1_104' title="bbox 2173 4347 3774 4423">
    <p class='ocr_par' dir='ltr' id='par_1_104' title="bbox 2173 4347 3774 4423">
     <span class='ocr_line' id='line_1_104' title="bbox 2173 4347 3774 4423; baseline -0.002 -18"><span class='ocrx_word' id='word_1_767' title='bbox 2173 4347 2404 4405; x_wconf 90' lang='lat' dir='ltr'>cedem:</span> <span class='ocrx_word' id='word_1_768' title='bbox 2461 4349 2936 4423; x_wconf 90' lang='lat' dir='ltr'>quemadmodum</span> <span class='ocrx_word' id='word_1_769' title='bbox 2989 4357 3044 4406; x_wconf 89' lang='lat' dir='ltr'>et</span> <span class='ocrx_word' id='word_1_770' title='bbox 3088 4349 3388 4422; x_wconf 87' lang='lat' dir='ltr'>coapostoli</span> <span class='ocrx_word' id='word_1_771' title='bbox 3441 4347 3583 4419; x_wconf 88' lang='lat' dir='ltr'>ejus,</span> <span class='ocrx_word' id='word_1_772' title='bbox 3632 4348 3774 4403; x_wconf 89' lang='lat' dir='ltr'>sicut</span> 
     </span>
    </p>
   </div>
   <div class='ocr_carea' id='block_1_105' title="bbox 2174 4436 3774 4512">
    <p class='ocr_par' dir='ltr' id='par_1_105' title="bbox 2174 4436 3774 4512">
     <span class='ocr_line' id='line_1_105' title="bbox 2174 4436 3774 4512; baseline -0.003 -16"><span class='ocrx_word' id='word_1_773' title='bbox 2174 4439 2440 4510; x_wconf 90' lang='lat' dir='ltr'>scriptum</span> <span class='ocrx_word' id='word_1_774' title='bbox 2499 4447 2584 4495; x_wconf 91' lang='lat' dir='ltr'>est</span> <span class='ocrx_word' id='word_1_775' title='bbox 2643 4439 2700 4495; x_wconf 92' lang='lat' dir='ltr'>in</span> <span class='ocrx_word' id='word_1_776' title='bbox 2757 4440 2989 4496; x_wconf 90' lang='lat' dir='ltr'>Actibus</span> <span class='ocrx_word' id='word_1_777' title='bbox 3035 4441 3447 4512; x_wconf 86' lang='lat' dir='ltr'>apostolorum:</span> <span class='ocrx_word' id='word_1_778' title='bbox 3524 4461 3543 4484; x_wconf 75' lang='grc' dir='ltr'><strong>ε</strong></span> <span class='ocrx_word' id='word_1_779' title='bbox 3594 4436 3774 4502; x_wconf 89' lang='lat' dir='ltr'>Tunc,</span> 
     </span>
    </p>
   </div>
   <div class='ocr_carea' id='block_1_106' title="bbox 2092 4527 3776 4604">
    <p class='ocr_par' dir='ltr' id='par_1_106' title="bbox 2092 4527 3776 4604">
     <span class='ocr_line' id='line_1_106' title="bbox 2092 4527 3776 4604; baseline -0.001 -20"><span class='ocrx_word' id='word_1_780' title='bbox 2092 4539 2141 4598; x_wconf 87' lang='lat'>1)</span> <span class='ocrx_word' id='word_1_781' title='bbox 2177 4528 2384 4602; x_wconf 91' lang='lat' dir='ltr'>inquit,</span> <span class='ocrx_word' id='word_1_782' title='bbox 2442 4529 2569 4585; x_wconf 88' lang='lat' dir='ltr'>caesi</span> <span class='ocrx_word' id='word_1_783' title='bbox 2627 4531 2886 4587; x_wconf 87' lang='lat' dir='ltr'>exierunt</span> <span class='ocrx_word' id='word_1_784' title='bbox 2939 4530 3172 4604; x_wconf 87' lang='lat' dir='ltr'>apostoli</span> <span class='ocrx_word' id='word_1_785' title='bbox 3223 4529 3290 4586; x_wconf 89' lang='lat' dir='ltr'>de</span> <span class='ocrx_word' id='word_1_786' title='bbox 3330 4527 3597 4597; x_wconf 89' lang='lat' dir='ltr'>concilio,</span> <span class='ocrx_word' id='word_1_787' title='bbox 3635 4544 3776 4599; x_wconf 84' lang='lat' dir='ltr'>gau-</span> 
     </span>
    </p>
   </div>
   <div class='ocr_carea' id='block_1_107' title="bbox 2177 4617 3772 4694">
    <p class='ocr_par' dir='ltr' id='par_1_107' title="bbox 2177 4617 3772 4694">
     <span class='ocr_line' id='line_1_107' title="bbox 2177 4617 3772 4694; baseline -0.002 -17"><span class='ocrx_word' id='word_1_788' title='bbox 2177 4619 2373 4677; x_wconf 90' lang='lat' dir='ltr'>dentes</span> <span class='ocrx_word' id='word_1_789' title='bbox 2413 4621 2541 4693; x_wconf 92' lang='lat' dir='ltr'>quia</span> <span class='ocrx_word' id='word_1_790' title='bbox 2576 4621 2730 4694; x_wconf 91' lang='lat' dir='ltr'>digni</span> <span class='ocrx_word' id='word_1_791' title='bbox 2759 4622 2937 4678; x_wconf 90' lang='lat' dir='ltr'>habiti</span> <span class='ocrx_word' id='word_1_792' title='bbox 2991 4629 3120 4678; x_wconf 89' lang='lat' dir='ltr'>sunt</span> <span class='ocrx_word' id='word_1_793' title='bbox 3149 4637 3246 4694; x_wconf 93' lang='lat' dir='ltr'>pro</span> <span class='ocrx_word' id='word_1_794' title='bbox 3286 4618 3515 4676; x_wconf 89' lang='lat' dir='ltr'>nomine</span> <span class='ocrx_word' id='word_1_795' title='bbox 3562 4617 3772 4677; x_wconf 87' lang='lat' dir='ltr'>Christi</span> 
     </span>
    </p>
   </div>
   <div class='ocr_carea' id='block_1_108' title="bbox 2172 4711 3776 4784">
    <p class='ocr_par' dir='ltr' id='par_1_108' title="bbox 2172 4711 3776 4784">
     <span class='ocr_line' id='line_1_108' title="bbox 2172 4711 3776 4784; baseline -0.001 -18"><span class='ocrx_word' id='word_1_796' title='bbox 2172 4711 2565 4766; x_wconf 90' lang='lat' dir='ltr'>contumeliam</span> <span class='ocrx_word' id='word_1_797' title='bbox 2598 4713 2709 4784; x_wconf 87' lang='lat' dir='ltr'>pati</span> <span class='ocrx_word' id='word_1_798' title='bbox 2745 4712 2886 4784; x_wconf 83' lang='lat' dir='ltr'>(Act.</span> <span class='ocrx_word' id='word_1_799' title='bbox 2918 4731 2977 4779; x_wconf 88' lang='lat' dir='ltr'>v,</span> <span class='ocrx_word' id='word_1_800' title='bbox 3007 4712 3127 4783; x_wconf 82' lang='grc'><strong>41).</strong></span> <span class='ocrx_word' id='word_1_801' title='bbox 3161 4737 3179 4760; x_wconf 80' lang='grc'>›</span> <span class='ocrx_word' id='word_1_802' title='bbox 3229 4711 3399 4783; x_wconf 90' lang='lat' dir='ltr'>Cujus</span> <span class='ocrx_word' id='word_1_803' title='bbox 3428 4727 3562 4783; x_wconf 89' lang='lat' dir='ltr'>ergo</span> <span class='ocrx_word' id='word_1_804' title='bbox 3591 4711 3776 4768; x_wconf 86' lang='lat' dir='ltr'>omnis</span> 
     </span>
    </p>
   </div>
   <div class='ocr_carea' id='block_1_109' title="bbox 2170 4798 3775 4874">
    <p class='ocr_par' dir='ltr' id='par_1_109' title="bbox 2170 4798 3775 4874">
     <span class='ocr_line' id='line_1_109' title="bbox 2170 4798 3775 4874; baseline 0.001 -20"><span class='ocrx_word' id='word_1_805' title='bbox 2170 4815 2291 4870; x_wconf 91' lang='lat' dir='ltr'>spes</span> <span class='ocrx_word' id='word_1_806' title='bbox 2322 4798 2380 4854; x_wconf 94' lang='lat' dir='ltr'>in</span> <span class='ocrx_word' id='word_1_807' title='bbox 2410 4799 2620 4857; x_wconf 88' lang='lat' dir='ltr'>Christi</span> <span class='ocrx_word' id='word_1_808' title='bbox 2668 4809 2770 4868; x_wconf 86' lang='lat' dir='ltr'>est,</span> <span class='ocrx_word' id='word_1_809' title='bbox 2821 4802 2914 4858; x_wconf 89' lang='lat' dir='ltr'>hic</span> <span class='ocrx_word' id='word_1_810' title='bbox 2965 4800 3238 4874; x_wconf 90' lang='lat' dir='ltr'>gloriatur</span> <span class='ocrx_word' id='word_1_811' title='bbox 3293 4801 3353 4855; x_wconf 91' lang='lat' dir='ltr'>in</span> <span class='ocrx_word' id='word_1_812' title='bbox 3409 4816 3585 4857; x_wconf 89' lang='lat' dir='ltr'>cruce</span> <span class='ocrx_word' id='word_1_813' title='bbox 3635 4798 3775 4872; x_wconf 84' lang='lat' dir='ltr'>ejus,</span> 
     </span>
    </p>
   </div>
   <div class='ocr_carea' id='block_1_110' title="bbox 2175 4887 3774 4957">
    <p class='ocr_par' dir='ltr' id='par_1_110' title="bbox 2175 4887 3774 4957">
     <span class='ocr_line' id='line_1_110' title="bbox 2175 4887 3774 4957; baseline 0.001 -15"><span class='ocrx_word' id='word_1_814' title='bbox 2175 4887 2306 4943; x_wconf 91' lang='lat' dir='ltr'>huic</span> <span class='ocrx_word' id='word_1_815' title='bbox 2351 4895 2405 4943; x_wconf 92' lang='lat' dir='ltr'>et</span> <span class='ocrx_word' id='word_1_816' title='bbox 2446 4889 2686 4946; x_wconf 90' lang='lat' dir='ltr'>mundus</span> <span class='ocrx_word' id='word_1_817' title='bbox 2757 4889 3061 4947; x_wconf 90' lang='lat' dir='ltr'>cruciﬁxus</span> <span class='ocrx_word' id='word_1_818' title='bbox 3119 4897 3225 4957; x_wconf 87' lang='lat' dir='ltr'>est,</span> <span class='ocrx_word' id='word_1_819' title='bbox 3294 4897 3484 4946; x_wconf 88' lang='lat' dir='ltr'>certus</span> <span class='ocrx_word' id='word_1_820' title='bbox 3531 4905 3774 4945; x_wconf 90' lang='lat' dir='ltr'>amorem</span> 
     </span>
    </p>
   </div>
   <div class='ocr_carea' id='block_1_111' title="bbox 2173 4976 3776 5052">
    <p class='ocr_par' dir='ltr' id='par_1_111' title="bbox 2173 4976 3776 5052">
     <span class='ocr_line' id='line_1_111' title="bbox 2173 4976 3776 5052; baseline 0 -18"><span class='ocrx_word' id='word_1_821' title='bbox 2173 4976 2355 5034; x_wconf 89' lang='lat' dir='ltr'>crucis</span> <span class='ocrx_word' id='word_1_822' title='bbox 2376 4977 2583 5034; x_wconf 90' lang='lat' dir='ltr'>Christi</span> <span class='ocrx_word' id='word_1_823' title='bbox 2616 4979 2789 5036; x_wconf 90' lang='lat' dir='ltr'>vitam</span> <span class='ocrx_word' id='word_1_824' title='bbox 2814 4997 2950 5052; x_wconf 91' lang='lat' dir='ltr'>esse,</span> <span class='ocrx_word' id='word_1_825' title='bbox 2987 4978 3181 5036; x_wconf 91' lang='lat' dir='ltr'>mundi</span> <span class='ocrx_word' id='word_1_826' title='bbox 3239 4995 3372 5034; x_wconf 86' lang='lat' dir='ltr'>vero</span> <span class='ocrx_word' id='word_1_827' title='bbox 3418 4995 3667 5035; x_wconf 90' lang='lat' dir='ltr'>amorem</span> <span class='ocrx_word' id='word_1_828' title='bbox 3690 4994 3776 5051; x_wconf 88' lang='lat' dir='ltr'>pa-</span> 
     </span>
    </p>
   </div>
   <div class='ocr_carea' id='block_1_112' title="bbox 2175 5073 3778 5146">
    <p class='ocr_par' dir='ltr' id='par_1_112' title="bbox 2175 5073 3778 5146">
     <span class='ocr_line' id='line_1_112' title="bbox 2175 5073 3778 5146; baseline 0.001 -22"><span class='ocrx_word' id='word_1_829' title='bbox 2175 5086 2294 5126; x_wconf 90' lang='lat' dir='ltr'>rere</span> <span class='ocrx_word' id='word_1_830' title='bbox 2333 5079 2590 5130; x_wconf 89' lang='lat' dir='ltr'>mortem.</span> <span class='ocrx_word' id='word_1_831' title='bbox 2651 5075 2895 5132; x_wconf 90' lang='lat' dir='ltr'>Invicem</span> <span class='ocrx_word' id='word_1_832' title='bbox 2926 5091 3055 5146; x_wconf 89' lang='lat' dir='ltr'>ergo</span> <span class='ocrx_word' id='word_1_833' title='bbox 3097 5073 3206 5130; x_wconf 90' lang='lat' dir='ltr'>sibi</span> <span class='ocrx_word' id='word_1_834' title='bbox 3255 5073 3462 5129; x_wconf 91' lang='lat' dir='ltr'>mortui</span> <span class='ocrx_word' id='word_1_835' title='bbox 3518 5081 3675 5142; x_wconf 89' lang='lat' dir='ltr'>sunt,</span> <span class='ocrx_word' id='word_1_836' title='bbox 3727 5077 3778 5125; x_wconf 88' lang='lat' dir='ltr'>et</span> 
     </span>
    </p>
   </div>
   <div class='ocr_carea' id='block_1_113' title="bbox 2174 5160 3776 5237">
    <p class='ocr_par' dir='ltr' id='par_1_113' title="bbox 2174 5160 3776 5237">
     <span class='ocr_line' id='line_1_113' title="bbox 2174 5160 3776 5237; baseline -0.001 -20"><span class='ocrx_word' id='word_1_837' title='bbox 2174 5163 2418 5219; x_wconf 91' lang='lat' dir='ltr'>mundus</span> <span class='ocrx_word' id='word_1_838' title='bbox 2445 5163 2736 5237; x_wconf 85' lang='lat' dir='ltr'>Apostolo,</span> <span class='ocrx_word' id='word_1_839' title='bbox 2767 5174 2821 5222; x_wconf 92' lang='lat' dir='ltr'>et</span> <span class='ocrx_word' id='word_1_840' title='bbox 2863 5166 3165 5237; x_wconf 88' lang='lat' dir='ltr'>Apostolus</span> <span class='ocrx_word' id='word_1_841' title='bbox 3192 5163 3434 5232; x_wconf 90' lang='lat' dir='ltr'>mundo;</span> <span class='ocrx_word' id='word_1_842' title='bbox 3465 5163 3603 5219; x_wconf 89' lang='lat' dir='ltr'>dum</span> <span class='ocrx_word' id='word_1_843' title='bbox 3633 5160 3776 5219; x_wconf 88' lang='lat' dir='ltr'>nihil</span> 
     </span>
    </p>
   </div>
   <div class='ocr_carea' id='block_1_114' title="bbox 2173 5252 3778 5327">
    <p class='ocr_par' dir='ltr' id='par_1_114' title="bbox 2173 5252 3778 5327">
     <span class='ocr_line' id='line_1_114' title="bbox 2173 5252 3778 5327; baseline -0.002 -18"><span class='ocrx_word' id='word_1_844' title='bbox 2173 5254 2517 5326; x_wconf 87' lang='lat' dir='ltr'>concupiscit</span> <span class='ocrx_word' id='word_1_845' title='bbox 2543 5255 2841 5327; x_wconf 90' lang='lat' dir='ltr'>Apostolus</span> <span class='ocrx_word' id='word_1_846' title='bbox 2871 5253 3090 5324; x_wconf 89' lang='lat' dir='ltr'>mundi,</span> <span class='ocrx_word' id='word_1_847' title='bbox 3135 5261 3189 5310; x_wconf 89' lang='lat' dir='ltr'>et</span> <span class='ocrx_word' id='word_1_848' title='bbox 3243 5252 3377 5310; x_wconf 91' lang='lat' dir='ltr'>dum</span> <span class='ocrx_word' id='word_1_849' title='bbox 3426 5252 3574 5309; x_wconf 89' lang='lat' dir='ltr'>nihil</span> <span class='ocrx_word' id='word_1_850' title='bbox 3613 5252 3778 5311; x_wconf 88' lang='lat' dir='ltr'>habet</span> 
     </span>
    </p>
   </div>
   <div class='ocr_carea' id='block_1_115' title="bbox 2249 5400 3731 5542">
    <p class='ocr_par' dir='ltr' id='par_1_115' title="bbox 2249 5400 3731 5542">
     <span class='ocr_line' id='line_1_115' title="bbox 2249 5400 3731 5542; baseline 0.002 -85"><span class='ocrx_word' id='word_1_851' title='bbox 2249 5400 2368 5542; x_wconf 46' lang='lat'>(91)</span> <span class='ocrx_word' id='word_1_852' title='bbox 2401 5402 2503 5459; x_wconf 86' lang='lat' dir='ltr'>Ms.</span> <span class='ocrx_word' id='word_1_853' title='bbox 2536 5403 2706 5470; x_wconf 85' lang='lat' dir='ltr'>Vall.,</span> <span class='ocrx_word' id='word_1_854' title='bbox 2757 5403 2930 5462; x_wconf 81' lang='lat' dir='ltr'>Videte</span> <span class='ocrx_word' id='word_1_855' title='bbox 2956 5403 3207 5474; x_wconf 78' lang='lat' dir='ltr'>qualibus</span> <span class='ocrx_word' id='word_1_856' title='bbox 3230 5403 3447 5485; x_wconf 54' lang='lat' dir='ltr'>litteris,</span> <span class='ocrx_word' id='word_1_857' title='bbox 3468 5411 3582 5486; x_wconf 75' lang='lat' dir='ltr'>etc.</span> <span class='ocrx_word' id='word_1_858' title='bbox 3719 5475 3731 5484; x_wconf 32' lang='grc' dir='ltr'>ι</span> 
     </span>
     <span class='ocr_line' id='line_1_116' title="bbox 2276 5472 3731 5542; baseline 0.001 -14"><span class='ocrx_word' id='word_1_859' title='bbox 2276 5472 2370 5542; x_wconf 86' lang='grc'>92)</span> <span class='ocrx_word' id='word_1_860' title='bbox 2435 5473 2622 5530; x_wconf 85' lang='lat' dir='ltr'>Codex</span> <span class='ocrx_word' id='word_1_861' title='bbox 2674 5473 2846 5542; x_wconf 87' lang='lat' dir='ltr'>Vall.,</span> <span class='ocrx_word' id='word_1_862' title='bbox 2893 5475 3102 5542; x_wconf 82' lang='lat' dir='ltr'>clades;</span> <span class='ocrx_word' id='word_1_863' title='bbox 3150 5474 3375 5542; x_wconf 81' lang='lat' dir='ltr'>quidam</span> <span class='ocrx_word' id='word_1_864' title='bbox 3432 5475 3553 5542; x_wconf 81' lang='lat' dir='ltr'>alll,</span> <span class='ocrx_word' id='word_1_865' title='bbox 3582 5475 3731 5532; x_wconf 74' lang='lat' dir='ltr'>cladi</span> 
     </span>
    </p>
   </div>
   <div class='ocr_carea' id='block_1_116' title="bbox 2276 5472 3778 5557">
    <p class='ocr_par' dir='ltr' id='par_1_116' title="bbox 2276 5472 3778 5557">
     <span class='ocr_line' id='line_1_117' title="bbox 2276 5472 3778 5557; baseline 0.001 -29"><span class='ocrx_word' id='word_1_866' title='bbox 2276 5472 2372 5557; x_wconf 67' lang='lat'>92)</span> <span class='ocrx_word' id='word_1_867' title='bbox 2422 5473 2622 5557; x_wconf 73' lang='lat' dir='ltr'>Codex</span> <span class='ocrx_word' id='word_1_868' title='bbox 2674 5473 2849 5557; x_wconf 83' lang='lat' dir='ltr'>Vall._,_</span> <span class='ocrx_word' id='word_1_869' title='bbox 2893 5472 3102 5557; x_wconf 61' lang='lat' dir='ltr'>clades;</span> <span class='ocrx_word' id='word_1_870' title='bbox 3150 5474 3375 5557; x_wconf 77' lang='lat' dir='ltr'>quidam</span> <span class='ocrx_word' id='word_1_871' title='bbox 3432 5472 3553 5545; x_wconf 86' lang='lat' dir='ltr'>alii,</span> <span class='ocrx_word' id='word_1_872' title='bbox 3582 5475 3778 5539; x_wconf 83' lang='lat' dir='ltr'>cladis,</span> 
     </span>
    </p>
   </div>
   <div class='ocr_carea' id='block_1_117' title="bbox 2173 5545 3775 5692">
    <p class='ocr_par' dir='ltr' id='par_1_117' title="bbox 2173 5545 3775 5692">
     <span class='ocr_line' id='line_1_118' title="bbox 2173 5545 3329 5614; baseline 0.005 -17"><span class='ocrx_word' id='word_1_873' title='bbox 2173 5558 2296 5614; x_wconf 87' lang='lat' dir='ltr'>ergo</span> <span class='ocrx_word' id='word_1_874' title='bbox 2331 5545 2652 5600; x_wconf 80' lang='lat' dir='ltr'>Galatarum</span> <span class='ocrx_word' id='word_1_875' title='bbox 2675 5546 2960 5603; x_wconf 69' lang='lat' dir='ltr'>exsultatio</span> <span class='ocrx_word' id='word_1_876' title='bbox 2987 5545 3329 5603; x_wconf 52' lang='lat' dir='ltr'>eorum—erat.</span> 
     </span>
     <span class='ocr_line' id='line_1_119' title="bbox 2249 5612 3775 5692; baseline 0.002 -22"><span class='ocrx_word' id='word_1_877' title='bbox 2249 5612 2364 5686; x_wconf 88' lang='lat'>(92)</span> <span class='ocrx_word' id='word_1_878' title='bbox 2395 5615 2553 5674; x_wconf 83' lang='lat' dir='ltr'>Rom.</span> <span class='ocrx_word' id='word_1_879' title='bbox 2584 5615 2746 5686; x_wconf 86' lang='lat' dir='ltr'>edit.,</span> <span class='ocrx_word' id='word_1_880' title='bbox 2775 5617 2914 5679; x_wconf 82' lang='lat' dir='ltr'>Mihi</span> <span class='ocrx_word' id='word_1_881' title='bbox 2938 5635 3062 5673; x_wconf 76' lang='lat' dir='ltr'>vero</span> <span class='ocrx_word' id='word_1_882' title='bbox 3079 5634 3186 5675; x_wconf 76' lang='lat' dir='ltr'>non</span> <span class='ocrx_word' id='word_1_883' title='bbox 3213 5617 3485 5690; x_wconf 76' lang='lat' dir='ltr'>contingat</span> <span class='ocrx_word' id='word_1_884' title='bbox 3521 5615 3775 5692; x_wconf 69' lang='lat' dir='ltr'>gloriari.</span> 
     </span>
    </p>
   </div>
  </div>
