3908 6192
169 272 270 330 393

1237 277 1600 336 COMMENT.
1643 278 1715 335 IN
1746 277 1962 334 EPIST.
1993 279 2091 335 AD
2130 279 2374 338 EPHES.

3358 287 3465 345 394

170 397 406 454 mundus
433 415 613 468 suum,
647 398 794 473 quod
825 409 1083 472 agnoscat
1112 374 1482 474 inlApostolo,
1524 403 1668 458 sicut
1696 411 1751 458 et
1777 406 1829 465 A
1861 375 2084 475 pausam
2116 401 2357 460 haberet.
2403 403 2459 460 Si
2497 414 2680 462 autem
2732 405 2988 466 duriores
3027 425 3088 466 se
3115 418 3466 482 praestarent,

168 486 434 544 Dominus
485 488 606 546 ait:
673 511 692 535 ‹
723 489 886 558 Ecce,
917 514 936 536 ι
982 490 1183 564 inquit,
1227 515 1247 538 ι
1296 491 1554 564 princeps
1596 491 1764 564 hujus

167 575 358 633 mundi
389 578 562 648 venit,
594 585 649 634 et
704 579 762 634 in
810 595 897 635 me
940 577 1189 636 inveniet
1232 579 1378 636 nihil
1429 581 1612 654 (Joan.
1641 597 1761 650 x1v,

236 757 420 826 (Vers.
473 758 704 831 15,16.)
766 759 877 816 «In
929 758 1151 818 Christo
1204 759 1353 817 enim
1408 760 1537 818 Iesu
1587 776 1766 835 neque

162 845 515 904 circumcisio
545 848 844 922 quidquam
887 857 988 919 est,
1025 866 1200 924 neque
1244 851 1609 923 praeputium;
1670 849 1764 906 sed

163 951 312 992 nova
338 945 604 994 creatura.
637 939 707 994 Et
745 946 1012 1012 quotquot
1041 939 1184 996 hanc
1221 940 1465 1012 regulam
1512 956 1766 1014 sequun-

157 1033 275 1093 tur,
309 1043 415 1098 pax
445 1045 605 1100 super
642 1029 766 1085 illos
796 1038 849 1085 et
878 1029 1273 1098 misericordia,
1304 1038 1358 1086 et
1391 1047 1557 1105 super
1592 1031 1763 1089 Israel

159 1115 284 1172 Dei.
317 1140 336 1163 ι
393 1118 546 1174 Nova
595 1128 842 1177 creatura
876 1127 956 1177 est
1000 1121 1342 1194 regeneratio
1391 1130 1597 1191 nostra,
1627 1122 1765 1179 ~haec

160 1213 245 1262 est
277 1223 396 1280 quae
436 1207 531 1264 dat
573 1209 880 1282 profectum
913 1210 1402 1284 permanentibus;
1438 1229 1601 1285 super
1629 1211 1764 1270 istos

159 1296 310 1352 enim
341 1304 423 1353 est
448 1315 556 1372 pax
586 1300 705 1356 Dei.
741 1299 848 1368 Qui
887 1302 1034 1357 enim
1064 1319 1190 1359 cum
1221 1303 1336 1358 Deo
1366 1300 1630 1376 paciﬁcus
1659 1309 1759 1372 est,

162 1395 372 1452 nullius
414 1396 769 1454 inimicitiam
825 1400 1059 1466 metuit;
1111 1397 1256 1454 232
1294 1409 1447 1458 tutus
1496 1401 1645 1458 enim
1683 1407 1765 1458 est

155 1486 499 1558 protectione
533 1496 588 1544 et
615 1487 1000 1545 misericordia
1031 1491 1154 1559 Dei,
1199 1507 1320 1564 quae
1348 1491 1621 1564 promissa
1658 1497 1760 1560 est,

155 1581 216 1630 et
248 1583 432 1633 manet
460 1593 628 1650 super
677 1577 843 1633 Israel
871 1578 990 1646 Dei,
1023 1596 1136 1636 non
1184 1597 1348 1653 super
1377 1582 1539 1638 Israel
1571 1580 1764 1637 homi-

145 1665 291 1733 ‘nis;
325 1665 501 1722 Judaei
532 1666 680 1722 enim
711 1683 825 1724 non
855 1663 1135 1724 credentes
1176 1670 1436 1726 Israelita:
1484 1677 1615 1726 sunt
1667 1685 1763 1725 se-

1871 499 1926 548 et
1976 490 2310 548 inﬂexibiles
2338 491 2398 548 in
2426 494 2818 567 convertenda,
2847 506 3123 556 cessarent
3162 497 3232 557 ab
3275 517 3369 570 eo;
3404 509 3468 560 ut

1873 581 1987 637 illis
2021 598 2212 655 operas
2239 599 2362 639 suas
2411 591 2465 639 et
2491 585 2787 644 eﬁicaciam
2821 587 3186 662 impenderet,
3234 590 3304 648 de
3330 592 3470 666 qui-

1873 669 1978 726 bus
2019 671 2326 728 mercedem
2375 680 2471 728 aut
2523 673 2741 730 lucrum
2779 686 3036 748 speraret.
3103 702 3124 727 ι
3152 679 3268 752 Ego
3318 683 3467 740 enim

1875 760 2131 833 stigmata
2157 761 2384 818 Domini
2413 762 2541 819 Jesu
2569 761 2774 821 Christi
2805 764 2863 820 in
2909 781 3136 839 corpore
3173 785 3295 826 meo
3331 787 3470 845 por-

1872 855 1950 904 to.
1983 872 2002 894 ι
2047 849 2164 906 Hoc
2191 849 2329 906 dicit
2382 849 2575 920 iratus,
2607 851 2737 925 quia
2764 851 3044 925 passiones
3073 870 3205 929 quas
3233 859 3468 915 creden-

1872 940 2015 996 tium
2047 955 2209 998 causa
2253 942 2586 1014 patiebatur,
2627 942 2934 1002 inefﬁcaces
2963 945 3021 1001 in
3071 944 3184 1002 illis
3210 945 3468 1018 videbat;

1874 1030 2136 1103 quoniam
2191 1032 2508 1090 constantia
2538 1033 2654 1107 (94)
2696 1042 2749 1092 et
2778 1034 2888 1092 ﬁde
2917 1035 3188 1094 doctrinae
3234 1052 3346 1093 suae
3373 1053 3474 1110 pro

1873 1120 2094 1178 Christo
2124 1121 2308 1196 plagas
2355 1131 2409 1180 et
2437 1123 2664 1181 vincula
2695 1124 2809 1198 pati
2839 1141 2952 1182 non
2993 1125 3202 1196 timuit,
3234 1126 3327 1184 sed
3356 1144 3474 1202 pas-

1872 1227 1964 1267 sus
1992 1218 2074 1268 est
2120 1229 2307 1271 amore
2355 1213 2698 1272 credentium
2729 1214 3012 1273 cicatrices
3050 1217 3333 1291 plagarum
3363 1217 3475 1276 ha-

1871 1300 1999 1356 bere
2045 1316 2102 1357 se
2144 1302 2203 1358 in
2240 1318 2501 1375 corpore;
2544 1320 2653 1377 quo
2704 1320 2818 1362 non
2871 1305 3058 1362 minus
3113 1305 3351 1364 ﬁdeliter
3396 1307 3476 1363 eis

1871 1389 2211 1464 praedicaret,
2256 1392 2400 1450 sicut
2446 1400 2502 1450 et
2537 1392 3044 1468 pseudoapostopli,
3104 1396 3201 1470 qui
3258 1396 3476 1456 Galatas

1871 1480 2217 1554 deceperant.
2270 1483 2560 1540 Neminem
2611 1484 2797 1557 itaque
2849 1485 2972 1542 vult
3019 1482 3128 1542 sibi
3178 1487 3474 1544 molestum

1871 1585 2007 1639 esse,
2050 1571 2146 1644 qui
2176 1569 2308 1630 huic
2342 1571 2421 1630 rei
2452 1571 2684 1630 devotus
2712 1589 2824 1632 non
2853 1581 2972 1643 est;
3004 1574 3110 1632 ista
3147 1574 3296 1633 enim
3330 1577 3477 1650 stig-

1870 1668 2038 1729 mata,
2071 1654 2130 1716 id
2169 1668 2270 1730 est,
2311 1662 2597 1721 cicatrices
2617 1663 2920 1736 plagarum,
2971 1663 3295 1722 testimonia
3339 1675 3472 1724 sunt

103 1819 106 1822 ,
150 1754 409 1811 cundum
439 1773 679 1814 carnem.
715 1759 860 1814 Duas
882 1775 1008 1831 ergo
1034 1766 1213 1832 partes
1267 1759 1623 1832 signiﬁcavit,
1657 1775 1761 1816 su—
1782 1784 1830 1846 Β
1869 1749 2214 1846 ῼΓθάθῐὶῖίιιῐη
2244 1766 2464 1846 ⁸θοξηιῐῐι,
2507 1752 2602 1829 qui
2633 1753 2940 1828 Patiamur:
2969 1751 3118 1828 (ΙΠοά
3155 1752 3312 1828 digni
3343 1761 3474 1812 sum

149 1859 258 1917 per
306 1861 442 1918 quas
491 1855 673 1904 manet
701 1863 807 1920 pax
859 1856 912 1904 et
957 1847 1335 1907 misericordia
1374 1849 1496 1921 Dei,
1544 1849 1758 1907 Iudaeo-

149 1949 283 1988 rum
307 1933 674 2006 credentium,
706 1944 760 1992 et
789 1937 1080 2010 gentilium
1106 1937 1377 1996 ﬁdelium.

234 2022 415 2095 (Vers.
447 2025 560 2096 17.)
607 2027 720 2083 «De
749 2034 945 2084 caetero
973 2043 1136 2085 nemo
1157 2029 1296 2085 mihi
1318 2029 1584 2086 molestus
1612 2028 1703 2087 sit.
1725 2051 1744 2077 ›

150 2113 437 2170 Molestias
464 2113 571 2169 sibi
601 2115 784 2170 noluit
801 2114 868 2171 de
898 2124 1093 2173 caetero
1129 2117 1270 2185 ﬁeri,
1298 2127 1362 2174 ut
1389 2119 1591 2174 iterum
1618 2117 1761 2174 forte

147 2210 447 2275 cogeretur
491 2201 731 2259 scribere
762 2220 775 2259 :
827 2204 922 2260 sed
942 2203 1057 2276 jam
1100 2207 1456 2264 correctiores
1485 2207 1612 2264 illos
1639 2208 1762 2263 vult

148 2291 279 2348 ﬁeri
335 2300 448 2360 ;nt
504 2291 803 2366 amputatis
847 2292 1149 2365 erroribus,
1204 2303 1328 2369 post
1396 2302 1550 2354 tanta
1599 2294 1766 2354 mdia

232 2489 349 2565 (94)
383 2492 544 2550 Rom.
563 2490 724 2563 edit.,
757 2493 955 2566 Magna
983 2493 1122 2550 enim
1148 2494 1462 2565 constantia,
1493 2501 1597 2553 etc.

1867 1842 2055 1901 futura
2074 1842 2464 1917 promissione.

1943 1935 2125 2008 (Vers.
2157 1935 2248 2008 18)
2313 1959 2332 1985 ι
2364 1934 2554 1993 Gratia
2594 1932 2772 1993 nostri
2821 1933 3048 1993 Domini
3096 1935 3225 1994 Iesu
3264 1934 3473 1996 Christi

1870 2039 1995 2080 cum
2045 2024 2247 2096 spiritu
2285 2032 2493 2096 vestro,
2542 2025 2756 2083 fratres.
2809 2049 2829 2074 ι
2882 2025 3005 2083 Non
3052 2025 3189 2100 legis
3244 2027 3474 2100 gratiam

1870 2112 2024 2181 dicit,
2058 2113 2152 2170 sed
2181 2113 2406 2171 Domini
2451 2115 2628 2172 nostri
2657 2115 2786 2172 Jesu
2823 2113 3031 2173 Christi
3061 2131 3177 2175 esse
3205 2132 3333 2175 cum
3364 2117 3472 2191 spi-

1870 2202 1982 2258 ritu
2013 2203 2262 2275 illorum,
2302 2221 2439 2280 quos
2467 2205 2744 2279 spiritales
2773 2205 2970 2266 fratres
3002 2207 3269 2285 appellat;
3298 2223 3476 2285 neque

1871 2294 2018 2352 enim
2048 2295 2271 2370 penitus
2310 2314 2502 2357 omnes
2531 2299 2755 2359 fuerant
2769 2299 2972 2361 eversi.

148 2679 3463 2711 *Ἦ

413 2850 546 2938 ΙΝ
638 2849 1413 2944 EPISTOLAM
1514 2853 1632 2944 B.
1735 2853 2136 2944 PAULI
2227 2857 2390 2944 AD
2485 2859 3210 2952 EPHESIOS.

686 3160 822 3220 231
861 3164 1246 3223 PROLOGUS.

220 3253 498 3326 Ephesios
548 3254 844 3328 Apostolus
908 3271 1021 3311 non
1067 3253 1325 3311 fundavit
1363 3255 1422 3310 in
1479 3253 1608 3320 ﬁde,
1666 3253 1761 3310 sed

143 3345 531 3415 conﬁrmavit,
563 3347 739 3402 multa
782 3346 926 3401 mala
955 3362 1055 3418 pro
1095 3344 1184 3402 his
1223 3361 1415 3418 passus
1443 3361 1476 3402 a
1512 3345 1756 3419 perﬁdis,

145 3437 320 3492 sicut.
348 3435 485 3493 dicit
526 3454 538 3493 :
606 3460 625 3485 α
678 3436 735 3494 Si
779 3437 952 3506 enim,
999 3435 1306 3495 secundum
1355 3436 1662 3503 hominem,
1692 3436 1761 3493 ad

142 3525 363 3583 bestias
390 3527 630 3600 pugnavi
659 3526 888 3600 Ephesi,
929 3526 1065 3601 quid
1097 3526 1237 3584 mihi
1268 3525 1516 3599 prodest,
1545 3526 1594 3583 si
1618 3542 1760 3583 mor-

145 3616 240 3672 tui
279 3632 395 3672 non
424 3624 716 3690 resurgunt
748 3617 805 3690 (Ι
849 3617 978 3674 Cor.
1027 3633 1128 3687 xv,
1159 3616 1296 3688 32)?
1323 3640 1341 3664 ι
1383 3617 1456 3673 Et
1496 3616 1758 3690 quoniam

145 3722 401 3780 pugnam
431 3723 586 3762 suam
617 3723 726 3764 non
757 3706 876 3764 sine
905 3707 1104 3766 eﬁ'ectu
1144 3707 1499 3780 perfectionis
1531 3709 1648 3782 (95)
1681 3708 1762 3764 il-

145 3799 349 3856 lorum
379 3799 670 3872 praevidet,
703 3798 943 3872 gaudens
969 3800 1027 3856 in
1059 3799 1158 3870 eis,
1186 3799 1255 3856 ad
1286 3799 1517 3856 meliora
1538 3799 1761 3872 scriptis

144 3889 416 3947 hortatur
442 3891 509 3947 de
551 3890 706 3948 urbis
729 3892 916 3948 Romae
955 3889 1244 3958 custodia;
1277 3891 1408 3964 quia
1436 3892 1668 3948 veniens
1693 3890 1762 3947 ab

143 3979 563 4053 Hierosolymis
615 3980 672 4036 in
728 3979 984 4038 custodia
1020 3979 1128 4036 sub
1181 3978 1505 4051 ﬁdejussore
1543 3980 1764 4037 intelli-

141 4071 308 4140 gitur
342 4069 578 4142 degisse,
611 4085 841 4127 manens
868 4077 1025 4127 extra
1051 4077 1229 4128 castra
1253 4069 1312 4126 in
1343 4069 1621 4129 conductu
1661 4086 1762 4128 suo

142 4161 296 4231 (Act.
332 4176 545 4228 xxvm,
577 4159 692 4231 30).

705 4304 930 4362 CAPUT
957 4303 1249 4363 PRIMUM.

225 4433 419 4506 (Vers.
469 4429 549 4504 1.)
611 4453 629 4477 ι
667 4429 870 4487 Paulus
911 4429 1194 4502 apostolus
1243 4426 1448 4487 Christi
1503 4428 1627 4486 Jesu
1668 4445 1765 4503 per

1792 3159 1842 3223 C
1872 3166 2007 3228 stro,
2035 3166 2089 3216 et
2113 3159 2353 3218 Domino
2387 3161 2514 3218 Iesu
2537 3161 2777 3220 Christo.
2808 3185 2828 3212 ι
2889 3164 3131 3221 Gratiam
3181 3165 3284 3222 Dei
3337 3136 3465 3224 cum

1867 3249 2073 3306 sanctis
2097 3248 2238 3306 dicit
2263 3266 2380 3308 esse
2403 3260 2459 3308 et
2486 3250 2762 3322 ﬁdelibus,
2785 3268 2948 3326 quem
2978 3253 3194 3310 Patrem
3213 3261 3464 3313 nostrum

1868 3337 2141 3410 appellat;
2175 3339 2306 3413 quia
2332 3339 2401 3396 ab
2426 3338 2546 3413 ipso
2582 3349 2712 3398 sunt
2741 3341 2928 3399 omnia
2955 3350 3010 3400 et
3037 3341 3262 3401 condita
3289 3352 3344 3402 et
3370 3359 3469 3400 re-

1869 3435 2147 3486 staurata:
2187 3428 2471 3488 Christum
2501 3440 2683 3489 autem
2712 3432 3013 3491 Dominum
3041 3442 3316 3505 nostrum,
3342 3433 3472 3508 quia

1867 3515 2105 3574 redemit
2132 3534 2252 3586 nos,
2279 3518 2512 3578 offerens
2540 3538 2597 3579 se
2628 3538 2726 3596 pro
2751 3523 2934 3582 nobis.

1943 3606 2128 3680 (Vers.
2169 3608 2248 3683 3.)
2309 3633 2328 3659 ι
2373 3609 2704 3670 Benedictus
2749 3614 2896 3671 Deus
2935 3621 2990 3670 et
3043 3613 3205 3671 Pater
3243 3613 3470 3672 Domini

1869 3698 2044 3755 nostri
2091 3699 2220 3755 Iesu
2257 3697 2486 3768 Christi,
2517 3702 2612 3776 qui
2647 3701 2937 3761 benedixit
2979 3717 3081 3762 nos
3111 3702 3265 3761 omni
3290 3702 3475 3761 bene-

1870 3787 2110 3845 dictione
2141 3790 2400 3862 spiritali,
2442 3816 2463 3841 ›
2503 3790 2562 3848 id
2599 3801 2704 3862 est,
2735 3809 2848 3850 non
2887 3792 3187 3863 mundana,
3229 3792 3326 3850 sed
3359 3809 3466 3850 cce-

1871 3877 1996 3934 lesti
2025 3878 2446 3938 benedictione:
2481 3896 2659 3954 neque
2686 3881 3058 3954 corruptibili,
3091 3880 3188 3938 sed
3225 3888 3468 3951 aeterna;

1871 3967 2002 4041 quia
2025 3969 2200 4041 gloria
2225 3968 2670 4027 Christianorum
2702 3986 2815 4027 non
2837 3971 2897 4027 in
2922 3977 3087 4040 terra,
3118 3969 3214 4028 sed
3239 3970 3300 4028 in
3329 3971 3470 4029 caelo

1871 4064 1974 4127 est,
2014 4064 2069 4114 et
2131 4066 2212 4115 est
2240 4058 2299 4114 in
2339 4057 2580 4117 Christo.
2631 4059 2808 4118 Omne
2853 4059 3003 4118 enim
3036 4059 3245 4118 donum
3283 4063 3472 4135 gratia:

1870 4146 1970 4205 Dei
2000 4147 2059 4203 in
2107 4146 2329 4205 Christo
2369 4155 2490 4218 est;
2522 4155 2586 4206 ut
2621 4149 2668 4207 si
2697 4151 2844 4224 quis,
2873 4159 3057 4225 spreto
3101 4150 3346 4222 Christo,
3377 4151 3471 4210 be-

1871 4235 2054 4292 nedici
2082 4251 2140 4292 se
2174 4253 2206 4292 a
2250 4238 2363 4294 Deo
2407 4245 2583 4311 putet,
2615 4255 2796 4298 errare
2841 4257 2899 4298 se
2947 4240 3105 4300 sciat.
3159 4241 3340 4300 Aliter
3387 4249 3466 4299 ta-

1870 4341 1999 4380 men
2035 4324 2386 4384 benedicitur
2427 4329 2593 4400 Deus,
2644 4339 2698 4387 et
2753 4329 2915 4388 aliter
2954 4331 3228 4391 homines.
3285 4331 3470 4392 Unum

1871 4414 2092 4490 quidem
2127 4415 2534 4476 benedictionis
2584 4436 2788 4478 nomen
2834 4429 2938 4490 est,
2976 4422 3072 4480 sed
3118 4439 3220 4498 pro
3270 4423 3470 4482 merito

143 4500 508 4580 voluntatem
528 4500 639 4578 'Dei
671 4521 876 4578 sanctis
927 4500 1206 4588 omnibus,
1243 4518 1339 4593 qui
1367 4526 1496 4575 sunt
1523 4500 1761 4592 Ephesi;

1875 4522 2114 4580 personae
2138 4500 2304 4568 debet
2332 4509 2603 4583 intelligi;
2633 4529 2761 4569 nam
2786 4521 2841 4570 et
2866 4512 3045 4571 facere
3065 4513 3276 4572 dicitur
3303 4513 3468 4584 Deus,

142 4621 206 4668 et
236 4610 500 4667 ﬁdelibus
530 4611 589 4666 in
629 4609 855 4668 Christo
883 4611 1032 4668 Jesu.
1077 4635 1095 4659 ι
1141 4608 1318 4665 Solito
1349 4624 1500 4665 more
1544 4608 1758 4680 scribit,

143 4701 472 4774 apostolum
499 4700 647 4758 enim
693 4717 750 4758 se
784 4717 901 4758 esse
930 4699 1141 4758 Christi
1167 4700 1296 4757 Iesu
1339 4699 1439 4756 Dei
1476 4699 1760 4757 voluntate

144 4799 409 4848 testatur.
463 4791 584 4848 Non
628 4791 808 4847 solum
856 4789 1116 4847 ﬁdelibus
1144 4789 1339 4848 scribit
1382 4788 1524 4861 (96),
1559 4789 1657 4846 sed
1706 4796 1762 4846 et

141 4881 398 4948 sanctis;
448 4888 511 4936 ut
554 4888 688 4938 tunc
715 4896 846 4938 vere
872 4879 1068 4938 ﬁdeles
1100 4879 1230 4947 sint,
1263 4879 1309 4934 si
1339 4877 1548 4935 fuerint
1583 4878 1758 4936 sancti

145 4972 214 5026 in
243 4969 471 5028 Christo
499 4970 644 5030 Jesu.
678 4971 830 5030 Bona
858 4971 1005 5028 enim
1022 4971 1140 5028 vita
1169 4977 1300 5026 tunc
1321 4968 1544 5040 prodest
1556 4984 1620 5024 ac
1646 4983 1762 5024 cre-

143 5058 312 5115 ditur
335 5067 547 5129 sancta,
577 5059 626 5115 si
656 5060 758 5116 sub
788 5058 1013 5117 nomine
1045 5058 1254 5116 Christi
1284 5057 1551 5114 habeatur
1583 5074 1595 5113 :
1629 5056 1760 5113 alio-

143 5149 255 5223 qui
311 5148 713 5205 contaminatio
742 5149 870 5220 erit,
921 5147 1053 5223 quia
1107 5147 1178 5205 ad
1234 5146 1498 5220 injuriam
1540 5145 1763 5220 proﬁcit

140 5237 444 5295 creatoris.

228 5328 419 5401 (Vers.
457 5326 538 5401 2.)
580 5351 598 5374 ι
629 5326 817 5384 Gratia
844 5326 1005 5384 vobis
1024 5334 1080 5384 et
1106 5342 1215 5400 pax
1245 5342 1278 5381 a
1319 5327 1434 5383 Deo
1462 5325 1623 5383 Patre
1650 5342 1763 5383 no-

230 5457 354 5530 (95)
415 5455 541 5515 Vet.
569 5456 724 5535 editz,
783 5473 889 5513 non
951 5456 1064 5535 sine
1129 5455 1314 5527 eﬂ’ectu
1375 5452 1758 5535 profectionis;

141 5525 421 5604 80:19:};
461 5571 474 5584 -
512 5569 524 5584 ο
563 5527 868 5604 Ρθῖρῖθοηιεὶ
903 5529 1109 5604 miss._.
1205 5571 1218 5583 .
1258 5570 1270 5583 .
1305 5570 1318 5583 .
1355 5569 1369 5604 ._
1401 5525 1758 5604 perfectionis:

229 5599 352 5675 (9(5)
390 5601 530 5675 Rom
563 5595 696 5656 edit.
731 5599 1028 5675 praemissis
1046 5597 1262 5654 duobus
1279 5595 1483 5675 primis
1507 5595 1759 5675 Apostoli

137 5665 414 5729 ver-sibus
442 5670 523 5728 ita
572 5665 822 5740 resumit,
853 5671 1060 5728 Paulus
1086 5665 1356 5742 apostofus
1383 5665 1509 5723 Iesu
1543 5665 1759 5722 Christi.

485 5768 730 5828 Pauca.
771 5768 950 5828 XVII.

1871 4604 1926 4653 et
1967 4597 2222 4657 homines
2249 4599 2467 4659 faciunt
2491 4619 2504 4658 :
2532 4600 2628 4658 sed
2656 4603 2802 4658 Deus
2842 4611 2985 4660 nutu
3007 4601 3124 4658 solo
3161 4599 3470 4672 impassibi-

1876 4685 2003 4744 liter
2030 4689 2200 4758 facit;
2251 4689 2506 4746 homines
2552 4699 2737 4746 autem
2777 4705 2965 4758 manu,
3006 4695 3228 4756 conatu,
3261 4686 3470 4757 labore,

1874 4775 2074 4832 sudore
2101 4776 2366 4833 efﬁciunt.
2397 4779 2545 4833 Deus
2593 4792 2721 4847 ergo
2768 4775 3142 4842 benedicitur,
3181 4789 3312 4832 cum
3356 4774 3469 4832 lau-

1875 4865 2038 4921 dibus
2066 4863 2248 4936 dignis
2276 4864 2566 4920 extollitur
2599 4881 2611 4920 :
2651 4861 2906 4925 homines
2923 4869 3107 4920 autem
3137 4862 3218 4920 sic
3246 4861 3483 4921 benedi-.

1875 4962 1952 5020 cit
1970 4962 2135 5031 Deus,
2165 4967 2230 5018 ut
2259 4959 2467 5017 donum
2497 4956 2643 5016 232
2674 4959 2861 5032 gratiae
2897 4975 3010 5017 suae
3040 4960 3120 5017 eis
3164 4960 3472 5035 impertiat,

1875 5068 1989 5109 non
2014 5050 2315 5109 secundum
2345 5051 2544 5110 merita
2571 5065 2783 5118 eorum,
2831 5049 2927 5109 sed
2955 5050 3259 5110 secundum
3310 5054 3470 5110 mise-

1875 5140 2171 5198 ricordiam
2203 5155 2378 5197 suam.
2409 5141 2482 5197 Et
2510 5139 2636 5197 ideo
2663 5137 2812 5195 dixit
2841 5155 2857 5197 :
2900 5163 2922 5190 ι
2963 5137 3070 5208 Qui
3100 5155 3209 5198 nos
3232 5139 3474 5199 benedi-

1875 5231 1962 5290 xit
1991 5230 2051 5287 in
2083 5229 2468 5287 benedictione
2511 5227 2780 5304 spiritali;
2810 5253 2831 5278 ι
2882 5237 2947 5304 ut
2990 5227 3307 5287 ostenderet
3341 5245 3477 5303 per—

1875 5324 2074 5380 fectam
2123 5319 2566 5380 benedictionem
2611 5317 2731 5377 dari
2776 5317 3087 5376 cmlestium
3129 5318 3481 5378 credentibus

1878 5448 2046 5505 Solito
2074 5462 2218 5500 more
2265 5447 2465 5508 scribit.
2509 5489 2522 5503 .
2567 5487 2580 5502 .
2620 5453 2640 5500 ‘.
2687 5486 2700 5500 .
2730 5439 3002 5499 voluntate
3053 5445 3298 5504 testatur.
3352 5444 3484 5504 Sana

1875 5520 1971 5575 etis
1997 5516 2362 5585 omnibus,qui
2379 5523 2520 5576 sunt.
2559 5558 2573 5574 .
2614 5556 2626 5570 .
2657 5514 2719 5569 in
2751 5510 2964 5569 Christo
2991 5510 3138 5570 Iesu.
3171 5517 3298 5578 Non
3317 5519 3490 5578 solum

1875 5586 2117 5660 ﬁdelibus
2147 5585 2354 5645 scribit.

3178 5747 3268 5806 i3
