3908 6192
472 395 577 456 395

1491 397 1588 452 ΑΙ)
1628 395 1863 453 OPERA
1900 393 1958 454 S.
1997 394 2330 454 AMBROSII
2367 394 2747 452 APPENDIX.

3674 392 3779 452 396

471 524 531 581 in
565 523 822 600 Christo,
848 531 912 579 ut
957 522 1104 596 pleni
1129 523 1240 579 sint
1260 523 1434 595 gloria
1483 521 1714 591 caelesti,
1739 539 1899 594 supra
1919 527 2073 593 pote-
2098 526 2149 585 Α
2181 520 2338 588 toris,
2373 519 2440 576 ab
2479 536 2660 576 errore
2725 533 2888 592 quem
2947 523 3204 588 coeperat,
3271 524 3640 585 restauratur,
3693 535 3790 591 pro

471 621 638 671 states
684 613 933 670 subvecti
980 613 1264 668 calorum.
1319 610 1457 679 Quia
1502 636 1519 658 ι
1566 611 1662 667 ubi
1712 627 1830 683 ego,
1866 609 2086 684 inquit,

471 718 583 771 ero,
615 700 733 757 illic
763 710 816 757 et
845 700 1098 757 minister
1128 716 1282 755 meus
1313 699 1417 755 erit
1457 700 1639 771 (Joan.
1664 717 1764 768 xu,
1799 700 1938 773 26).-

546 800 726 872 (Vers.
769 799 849 870 4.)
893 825 910 846 ι
957 799 1113 856 Sicut
1159 799 1326 870 elegit
1356 817 1457 856 nos
1488 799 1544 856 in
1569 801 1686 874 ipso
1714 812 1840 857 ante
1878 802 2072 858 mundi

469 886 944 956 constitutionem,
1004 895 1064 942 ut
1121 905 1365 945 essemus
1420 890 1595 946 sancti
1647 898 1700 945 et
1729 890 2071 946 immaculati

463 973 652 1037 (coram
703 994 766 1034 eo
805 978 862 1034 in
902 977 1194 1035 charitate.
1227 1004 1246 1027 ι
1309 981 1574 1037 Prascius
1621 981 1870 1038 omnium
1927 983 2072 1038 Deus

467 1069 570 1127 'scit
599 1070 693 1142 qui
724 1069 993 1128 credituri
1025 1080 1209 1126 essent
1239 1071 1296 1126 in
1327 1070 1632 1138 Christum,
1663 1071 1807 1127 sicut
1835 1069 1972 1126 dicit
2003 1068 2071 1124 ad

465 1159 773 1217 Romanos:
837 1185 855 1210 ι
887 1161 1036 1228 Quos
1095 1162 1338 1233 prasciit
1386 1170 1439 1218 et
1486 1161 1710 1218 vocavit
1757 1178 1857 1217 nos
1889 1161 2067 1231 (Rom.

467 1266 591 1317 VIII,
622 1249 709 1317 29,
742 1248 833 1321 30)
861 1268 874 1318 ;
911 1275 928 1299 ι
976 1267 1088 1306 non
1121 1251 1299 1307 solum
1331 1268 1398 1306 ex
1419 1251 1641 1320 Judais,
1676 1251 1771 1308 sed
1805 1250 1971 1307 etiam
2001 1265 2070 1304 ex

469 1339 739 1411 gentibus.
773 1339 921 1406 Quos
959 1355 1086 1412 ergo
1115 1342 1262 1396 Deus
1284 1356 1479 1397 vocare
1531 1339 1758 1407 dicitur,
1809 1353 2071 1410 perseve-

466 1437 592 1486 rant
619 1429 679 1484 in
704 1428 810 1484 ﬁde
839 1447 850 1484 :
883 1427 943 1484 hi
995 1438 1122 1485 sunt
1157 1445 1294 1502 quos
1332 1430 1497 1501 elegit
1541 1438 1667 1486 ante
1707 1428 1979 1484 mundum
2012 1426 2069 1482 in

467 1517 724 1587 Christo;
752 1525 816 1574 ut
847 1517 959 1574 sint
997 1517 1421 1573 incontaminati
1453 1534 1639 1574 coram
1672 1521 1784 1574 Deo
1815 1517 1872 1572 in
1931 1515 2072 1572 cha—

468 1609 649 1677 ritate,
675 1607 783 1666 hoc
811 1616 914 1677 est,
946 1615 1008 1663 ut
1042 1624 1197 1662 amor
1223 1607 1320 1663 Dei
1343 1616 1588 1663 sanctam
1616 1608 1732 1663 illis
1752 1606 1915 1663 faciat
1944 1622 2071 1662 con-

467 1699 854 1756 versationem.
879 1699 1052 1754 Nemo
1081 1697 1230 1753 enim
1280 1697 1480 1754 melius
1505 1697 1672 1754 alicui
1705 1695 2068 1768 obtemperat,

467 1804 632 1860 quam
651 1787 744 1859 qui
776 1804 845 1843 ex
874 1786 1141 1843 charitate
1166 1786 1506 1860 obsequitur.

2182 626 2330 673 certo
2363 614 2568 671 habens
2598 622 2895 670 creatorem
2940 627 3102 667 suum
3145 627 3316 667 unum
3350 627 3467 668 esse
3496 613 3681 669 Deum
3740 621 3788 669 et

2181 704 2502 762 Dominum.
2535 703 2675 761 Hinc
2711 712 2792 760 est
2815 701 2964 760 unde
2991 708 3044 758 et
3073 699 3308 757 Joannes
3335 701 3394 758 in
3437 702 3784 776 Apocalypsi

2182 799 2349 856 dicit:
2389 824 2406 846 ι
2438 799 2569 856 Vidi
2599 798 2832 857 Michael
2872 805 2925 854 et
2970 796 3191 869 angelos
3239 794 3359 867 ejus
3392 795 3453 852 in
3503 797 3650 853 calo
3696 814 3786 869 pu-

2183 908 2346 964 gnare
2367 909 2492 948 cum
2523 893 2761 949 dracone
2792 900 2846 948 et
2875 908 2999 948 cum
3035 889 3288 946 exercitu
3317 888 3436 960 ejus
3459 890 3656 961 (Apoc.
3687 907 3784 958 xu,

2185 981 2261 1052 7).
2300 1007 2318 1030 ›
2361 982 2488 1040 Haec
2536 983 2899 1055 repugnantia
2927 980 3135 1055 partim
3159 979 3226 1036 de
3245 996 3429 1037 errore
3452 988 3557 1049 est,
3585 981 3780 1054 partim

2185 1070 2251 1127 de
2270 1080 2546 1144 usurpata
2576 1074 2890 1146 tyrannidis
2921 1071 3377 1146 prasumptione.

2255 1161 2534 1233 (Vers.“,
2571 1163 2685 1233 12.)
2723 1186 2739 1208 ι
2777 1163 2838 1218 In
2867 1179 2976 1236 quo
3003 1170 3057 1218 et
3092 1178 3193 1217 nos
3212 1162 3402 1218 sortiti
3422 1180 3618 1220 sumus
3643 1164 3778 1237 (98),

2181 1251 2553 1323 pradestiuati
2597 1252 2904 1308 secundum
2949 1251 3292 1324 propositum
3348 1253 3470 1321 Dei,
3515 1253 3614 1326 qui
3666 1253 3781 1310 uui-

2183 1359 2338 1398 versa
2363 1343 2573 1399 creavit
2605 1343 2909 1399 secundum
2941 1342 3238 1399 consilium
3270 1343 3583 1399 voluntatis
3633 1360 3775 1410 sua;

2181 1443 2243 1491 ut
2275 1436 2450 1490 simus
2471 1435 2529 1490 in
2552 1436 2774 1491 laudem
2805 1435 2993 1507 gloria
3019 1433 3138 1505 ejus
3167 1450 3291 1501 nos,
3343 1437 3440 1509 qui
3481 1445 3609 1493 ante
3666 1453 3776 1510 spe-

2183 1523 2430 1581 ravimus
2484 1524 2540 1580 in
2584 1524 2828 1582 Christo.
2860 1550 2878 1572 ι
2936 1523 3051 1579 Hoc
3097 1531 3198 1592 est,
3251 1525 3399 1596 quod
3460 1525 3622 1596 dicit,
3656 1527 3778 1599 quia

2181 1613 2518 1688 dispensatio
2564 1613 2976 1686 pradicationis
3034 1613 3122 1668 bis
3172 1613 3389 1671 decreta
3445 1623 3585 1672 esta
3641 1619 3775 1686 Deo,

2184 1708 2277 1779 qui
2311 1725 2380 1764 ex
2400 1708 2604 1765 Judais
2635 1707 2987 1765 crediderunt
3021 1706 3079 1761 in
3109 1705 3414 1764 Christum.
3456 1707 3610 1765 Unde
3643 1711 3778 1766 nul-

2183 1799 2268 1855 lus
2297 1816 2365 1855 ex
2395 1799 2651 1871 gentibus
2674 1799 2742 1854 ad
2772 1796 3135 1870 apostolatum
3166 1797 3372 1854 electus
3400 1805 3518 1863 est;
3553 1796 3775 1870 dignum

541 1875 723 1949 (Vers.
760 1875 842 1949 5.)
893 1901 910 1923 ι
936 1875 1339 1932 Pradestinans
1369 1893 1468 1932 nos
1514 1875 1572 1930 in
1599 1871 1964 1961 adoptionem
1978 1871 2063 1961 ﬁ-

2183 1887 2326 1942 enim
2357 1877 2472 1944 erat
2499 1906 2568 1946 ex
2591 1889 2679 1945 bis
2705 1889 2833 1961 eligi
2874 1887 3276 1960 pradicatores,
3324 1887 3418 1961 qui
3468 1895 3603 1945 ante
3651 1905 3776 1961 spe-

468 1965 671 2021 liorum
697 1981 793 2038 per
818 1965 1007 2021 Jesum
1045 1963 1330 2023 Christum
1360 1962 1420 2020 in
1468 1964 1672 2036 ipsum.
1699 1988 1717 2010 ι
1767 1961 1884 2017 Hoc
1934 1957 2071 2016 dicit

467 2053 778 2110 decrevisse
811 2055 1008 2122 Deum,
1038 2062 1101 2110 ut
1130 2053 1417 2111 credentes
1448 2052 1505 2107 in
1537 2050 1823 2108 Christum
1850 2049 2069 2120 adopta-

466 2151 658 2200 rentur
685 2143 742 2200 in
774 2144 921 2200 ﬁlios
958 2144 1141 2214 aDeo,
1169 2151 1222 2200 et
1251 2151 1415 2217 caput
1439 2142 1685 2216 ipsorum
1717 2140 1787 2197 sit
1817 2139 2071 2199 Christus

466 2252 629 2292 verus
658 2238 758 2294 Dei
778 2235 974 2293 Filius.

541 2335 824 2407 (Vers.6.)
876 2358 894 2381 ι
933 2332 1246 2390 Secundum
1295 2329 1559 2404 placitum
1612 2328 1916 2386 voluntatis
1957 2343 2069 2384 sua

466 2427 524 2483 in
555 2423 774 2481 laudem
805 2423 1076 2481 claritatis
1103 2439 1214 2479 sua
1245 2421 1385 2494 (97).
1419 2447 1438 2470 ι
1481 2420 1608 2476 Tale
1633 2419 1900 2492 placitum
1929 2416 2069 2474 dicit

463 2517 640 2573 Deum
674 2512 962 2580 habuisse;
991 2519 1055 2567 ut
1081 2510 1151 2566 ad
1181 2509 1398 2566 laudem
1429 2507 1700 2566 claritatis
1733 2507 1852 2580 ejus
1902 2504 2066 2579 proﬁ-

467 2612 614 2663 ceret
669 2602 842 2675 gratia
902 2601 1029 2658 data
1059 2599 1416 2666 hominibus;
1451 2607 1513 2654 ut
1542 2599 1690 2654 salus
1724 2604 1911 2652 nostra
1956 2595 2068 2666 glo-

466 2695 548 2750 ria
573 2691 673 2750 Dei
722 2692 812 2749 sit.
890 2715 909 2738 ι
933 2690 1055 2758 Qua
1106 2689 1436 2762 gratiﬁcavit
1478 2705 1579 2744 nos
1609 2687 1665 2743 in
1698 2685 1901 2741 dilecto
1924 2683 2068 2738 Filio

465 2800 584 2840 suo.
614 2807 632 2829 ι
686 2783 832 2838 Deus
859 2781 1020 2837 nobis
1042 2780 1271 2852 gratiam
1300 2778 1472 2846 dedit,
1509 2785 1731 2850 propter
1760 2773 1909 2847 quod
1939 2789 2068 2830 cre-

467 2872 714 2928 didimus
739 2872 798 2925 in
846 2869 1052 2925 Filium
1104 2869 1222 2941 ejus
1274 2869 1555 2925 Christum
1598 2887 1611 2935 ;
1647 2868 1887 2939 diligens
1917 2863 2063 2920 enim

469 2962 820 3035 unigenitum
856 2978 1040 3031 suum,
1069 2961 1408 3018 amatoribus
1435 2962 1552 3033 ejus
1597 2962 1789 3019 divina
1839 2975 2068 3017 munera

469 3051 721 3123 largitur.

542 3149 725 3223 (Vers.
761 3149 840 3221 7.)
884 3172 902 3197 ι
931 3164 968 3205 n
1013 3165 1121 3223 quo
1168 3147 1438 3205 habemus
1481 3147 1922 3220 redemptionem
1953 3164 2049 3220 per

2180 1991 2440 2040 raverunt
2470 1984 2724 2052 salutem,
2755 1999 2876 2056 qua
2921 1981 3036 2038 illis
3067 1981 3328 2054 promissa
3349 1989 3466 2038 erat
3498 1982 3565 2038 in
3607 1982 3776 2041 Chri-

2181 2086 2284 2136 sto.

2255 2173 2438 2244 (Vers.
2476 2172 2561 2240 13,
2593 2171 2705 2243 14.)
2753 2196 2772 2220 ‹
2819 2174 2880 2229 In
2927 2190 3036 2246 quo
3065 2180 3120 2228 et
3159 2188 3276 2239 vos,
3308 2186 3436 2228 cum
3483 2170 3773 2226 audissetis

2180 2263 2410 2318 verbum
2435 2261 2685 2318 veritatis
2705 2261 2993 2334 Evangelii
3019 2262 3214 2316 salutis
3242 2265 3454 2325 vestra,
3487 2256 3770 2314 credentes

2180 2351 2380 2425 signati
2417 2352 2548 2406 estis
2588 2351 2798 2423 Spiritu
2845 2350 3228 2423 promissionis
3270 2356 3497 2414 sancto;
3541 2348 3639 2421 qui
3695 2354 3770 2402 est

2177 2442 2372 2513 pignus
2403 2440 2740 2497 hareditatis
2766 2448 2987 2509 nostra,
3017 2440 3076 2495 in
3115 2437 3553 2510 redemptionem
3585 2436 3762 2509 acqui-

2180 2531 2421 2601 sitionis,
2457 2531 2516 2587 in
2542 2531 2758 2587 laudem
2791 2530 2977 2603 gloria
3009 2529 3205 2602 ipsius.
3237 2554 3255 2578 ›
3298 2529 3442 2584 Laus
3457 2527 3648 2600 gloria
3679 2525 3772 2584 Dei

2177 2629 2277 2690 est,
2310 2638 2436 2677 cum
2484 2621 2646 2676 multi
2689 2620 3054 2692 acquiruntur
3096 2619 3165 2675 ad
3211 2618 3376 2674 ﬁdem
3427 2617 3572 2688 (99),
3636 2617 3770 2673 sicut

2178 2711 2352 2782 gloria
2380 2709 2584 2766 medici
2611 2717 2711 2778 est,
2761 2709 2809 2765 si
2855 2709 3059 2765 multos
3091 2716 3267 2765 curet.
3299 2705 3539 2779 Ideoque
3569 2705 3639 2762 ad
3663 2705 3767 2777 glo-

2177 2801 2314 2857 riam
2363 2801 2463 2858 Dei
2501 2799 2758 2874 pertinet,
2815 2797 2944 2872 quia
2974 2807 3160 2872 gentes
3189 2797 3428 2866 vocavit,
3471 2805 3536 2853 ut
3583 2796 3768 2854 salutis

2177 2915 2286 2954 sua
2305 2899 2572 2955 medelam
2625 2903 3093 2969 consequerentur
3131 2913 3226 2969 per
3252 2894 3414 2952 ﬁdem
3445 2896 3766 2968 promissam

2175 2992 2397 3061 Judais,
2421 2993 2638 3064 signum
2669 2990 2934 3047 habentes
2958 2991 3358 3063 redemptionis
3385 2999 3550 3063 atque
3608 2989 3770 3047 hare-

2175 3087 2366 3144 ditatis
2415 3087 2644 3155 futura,
2688 3085 2956 3158 Spiritum
3000 3093 3249 3143 sanctum
3302 3085 3492 3142 datum
3526 3091 3653 3158 post
3680 3085 3762 3140 ba-

2173 3180 2456 3251 ptismum.
2481 3177 2768 3249 Redempti
2789 3177 2939 3233 enim
2969 3177 3211 3235 haredes
3237 3175 3509 3249 designati
3544 3184 3697 3245 sunt,
3727 3175 3768 3231 si

470 3240 792 3341 Ssttgui'lem
823 3240 1018 3341 ipsum;
1056 3239 1436 3341 “391590”?
1468 3246 1838 3341 ίῖθθθδξοτ
1867 3264 1885 3287 ¹
1955 3240 2065 3295 Du’
2095 3267 2138 3327 C
2174 3239 2231 3324 in
2255 3268 2664 3341 regeneratione
2695 3268 3035 3339 perdurent;
3071 3273 3132 3322 ut
3167 3264 3303 3322 ﬁdes
3321 3264 3501 3338 prima
3525 3265 3768 3333 veniam,

468 3333 668 3404 plicem
696 3332 944 3406 fgratiam
985 3330 1194 3404 ﬂagitat
1225 3349 1239 3399 ;
1295 3331 1425 3404 quia
1455 3337 1508 3386 et
1558 3329 1791 3386 redemit
1815 3345 1914 3386 nos
1943 3344 2062 3385 san-

468 3421 632 3493 guine
661 3436 780 3490 suo,
812 3429 866 3475 et
913 3427 1135 3492 peccata
1163 3419 1324 3476 nobis
1364 3435 1480 3476 non
1515 3418 1833 3492 imputavit,
1857 3418 1914 3476 id
1959 3425 2061 3487 est,

465 3513 698 3569 redemit
724 3521 778 3568 et
809 3512 1154 3570 manumisit.

540 3610 722 3681 (Vers.
749 3609 832 3679 8.)
878 3632 898 3659 ι
926 3608 1240 3666 Secundum
1277 3611 1507 3668 divitias
1551 3612 1739 3684 gratia
1777 3626 1910 3678 sua,
1939 3623 2065 3681 qua

465 3696 933 3770 superabundavit
963 3697 1022 3754 in
1051 3699 1234 3764 nobis,
1257 3699 1315 3755 in
1345 3701 1499 3756 omni
1529 3701 1802 3773 sapientia
1839 3707 1893 3756 et
1923 3715 2065 3769 pru-

465 3787 673 3845 dentia.
705 3813 726 3837 ›
785 3787 958 3846 Addit
987 3787 1055 3844 ad
1103 3789 1331 3862 gratiam
1363 3808 1376 3857 ;
1433 3790 1562 3862 quia
1589 3797 1713 3861 post
1759 3803 1923 3860 supra
1955 3803 2065 3844 me-

464 3889 676 3939 morata
702 3881 968 3939 beneﬁcia
1015 3881 1225 3939 donum
1275 3883 1485 3940 accedit
1517 3880 1798 3954 sapientia
1841 3888 1896 3937 et
1941 3896 2065 3952 pru-

464 3972 664 4031 dentia
691 3990 877 4031 rerum
907 3973 1306 4046 spiritualium.

537 4073 720 4144 (Vers.
751 4075 807 4141 9,
833 4073 947 4144 10.)
989 4098 1006 4122 ‹
1030 4075 1100 4131 Ut
1128 4082 1325 4130 notum
1347 4074 1508 4131 nobis
1541 4073 1706 4130 faciat
1736 4072 2062 4144 mysterium

463 4161 768 4216 voluntatis
808 4177 940 4229 sua,
1009 4161 1172 4233 juxta
1215 4163 1622 4236 beneplacitum
1686 4178 1868 4230 suum,
1916 4161 2064 4234 quod

464 4248 752 4320 proposuit
803 4248 861 4302 in
911 4264 1058 4318 eum,
1108 4252 1167 4304 in
1222 4251 1685 4323 dispensationem
1708 4256 1852 4314 233
1893 4250 2063 4305 adim-

463 4333 726 4416 pletionis
754 4349 1098 4414 temporum;
1132 4353 1446 4402 restaurans
1478 4349 1666 4403 omnia
1697 4347 1753 4403 in
1814 4347 2059 4414 Christo,

464 4447 587 4504 qua
609 4431 666 4485 in
694 4431 849 4487 caelis
879 4441 1088 4499 sunt,et
1116 4449 1236 4505 qua
1259 4434 1314 4488 in
1343 4443 1536 4491 terra.»
1558 4436 1673 4491 Hoc
1699 4434 1909 4506 placuit
1925 4437 2059 4503 Deo,

463 4518 624 4591 cujus
678 4520 975 4575 consilium
1019 4522 1307 4577 retractari
1351 4538 1464 4578 non
1509 4530 1689 4594 potest
1731 4541 1742 4578 :
1781 4531 1843 4578 ut
1884 4529 2062 4577 osten-

2173 3372 2361 3422 sancta
2387 3379 2519 3420 vero
2548 3361 2895 3419 conversatio
2936 3362 3236 3434 perdurans
3281 3374 3406 3416 cum
3453 3358 3587 3427 ﬁde,
3623 3375 3769 3416 coro-

2174 3469 2299 3509 nam
2323 3460 2618 3508 mereatur.

2247 3541 2429 3613 (Vers.
2466 3542 2552 3610 15,
2589 3540 2704 3612 16.)
2751 3567 2767 3590 ε
2799 3540 3092 3613 Propterea
3112 3543 3164 3592 et
3195 3553 3313 3611 ego,
3331 3536 3525 3596 audita
3556 3538 3668 3596 ﬁde
3691 3556 3774 3596 ve-

2173 3639 2287 3686 stra
2316 3635 2375 3686 in
2403 3631 2643 3687 Domino
2670 3631 2816 3700 Jesu,
2850 3638 2903 3687 et
2918 3627 3216 3687 dilectione
3246 3627 3302 3682 in
3324 3643 3521 3685 omnes
3536 3638 3771 3697 sanctos,

2174 3736 2286 3774 non
2324 3735 2475 3775 cesso
2501 3719 2702 3791 gratias
2747 3718 2960 3793 agendo
3012 3733 3112 3790 pro
3151 3714 3329 3784 vobis,
3363 3732 3774 3776 commemora-

2173 3809 2381 3864 tionem
2413 3809 2581 3864 vestri
2617 3809 2793 3866 facere
2820 3808 2876 3864 in
2903 3805 3250 3864 orationibus
3266 3805 3423 3863 meis.
3453 3830 3471 3853 ι
3500 3805 3771 3873 Quoniam

2167 3897 2331 3969 juxta
2371 3897 2655 3955 decretum
2700 3899 2822 3968 Dei,
2854 3914 2962 3971 quo
3020 3895 3215 3953 statuit
3255 3902 3443 3968 gentes
3478 3896 3775 3970 participes

2172 3984 2292 4040 ﬁeri
2316 3987 2699 4058 promissionis
2738 3987 3074 4053 Judaorum,
3106 3983 3294 4041 audito
3325 3981 3554 4056 Ephesii
3609 3984 3776 4042 verbo

2172 4073 2294 4140 Dei,
2345 4083 2705 4145 susceperunt
2751 4074 2917 4131 ﬁdem
2967 4071 3196 4140 Christi,
3251 4070 3549 4144 diligentes
3586 4088 3776 4130 omnes

2173 4169 2412 4230 sanctos,
2452 4162 2596 4219 sicut
2650 4163 2936 4221 mandavit
2984 4160 3288 4228 Dominus;
3332 4159 3436 4216 hac
3464 4176 3634 4218 causa
3667 4163 3774 4219 Deo

2175 4249 2377 4322 gratias
2423 4251 2536 4322 agit
2591 4269 2690 4324 pro
2729 4251 3089 4309 conversione
3127 4258 3181 4306 et
3224 4249 3497 4307 charitate
3555 4267 3772 4320 eorum,

2172 4338 2267 4411 qui
2302 4338 2558 4411 dignatus
2587 4348 2669 4396 est
2701 4350 2888 4414 gentes
2920 4355 3318 4412 concorporare
3343 4339 3572 4396 Judais.

2249 4427 2428 4496 (Vers.
2461 4429 2546 4496 17,
2582 4429 2789 4502 18,19.)
2834 4454 2854 4478 ‹
2878 4431 2946 4487 Ut
2973 4432 3118 4486 Deus
3155 4427 3382 4485 Domini
3416 4430 3598 4485 nostri
3651 4430 3777 4485 Jesu

2173 4519 2406 4588 Christi,
2433 4521 2592 4576 Pater
2610 4521 2900 4589 claritatis,
2932 4521 3024 4578 det
3063 4520 3224 4577 vobis
3253 4520 3518 4592 spiritum
3561 4520 3780 4593 sapien-

463 4609 616 4666 deret
660 4608 717 4664 in
755 4609 977 4666 Christo
1025 4611 1356 4683 mysterium
1401 4612 1708 4668 voluntatis
1764 4627 1874 4667 sua
1927 4618 2061 4667 tem-
2090 4624 2140 4684 D
2175 4608 2265 4664 tia
2296 4617 2350 4664 et
2405 4609 2761 4666 revelationis
2826 4609 2884 4666 in
2931 4610 3213 4682 agnitione
3238 4609 3376 4682 ejus,
3428 4610 3782 4669 illuminatos

462 4715 613 4774 pore,
641 4716 751 4775 quo
775 4701 1007 4757 revelari
1040 4701 1181 4757 illud
1221 4701 1403 4758 voluit
1432 4703 1491 4757 in
1532 4701 1885 4774 agnitionem
1914 4718 2062 4758 crea-

461 4801 619 4849 tura.
649 4792 920 4850 Voluntas
940 4800 1125 4849 autem
1148 4791 1266 4864 ejus
1296 4791 1413 4849 hac
1451 4793 1580 4862 fuit,
1603 4800 1665 4848 ut
1692 4801 1827 4850 tunc
1880 4793 2062 4866 propi-

461 4880 574 4937 tius
603 4879 758 4938 ﬁeret
782 4880 1165 4955 omnibus,qui
1200 4881 1258 4936 in
1282 4898 1465 4938 errore
1493 4883 1791 4950 erant,sive
1808 4882 1867 4938 in
1887 4882 2059 4950 caelis,

461 4970 580 5026 sive
610 4970 668 5025 in
689 4972 1106 5045 terris,quando
1135 4971 1418 5031 Christum
1440 4973 1818 5030 manifestavit
1839 4973 1944 5030 hoc
1969 4974 2063 5030 do-

464 5073 602 5114 num
630 5074 747 5116 esse
777 5061 1146 5130 credentium,
1172 5077 1241 5116 ne
1271 5061 1384 5118 illis
1407 5062 1816 5135 imputarentur
1844 5072 2064 5134 peccata

461 5146 894 5219 suscipientibus
969 5149 1136 5206 ﬁdem
1161 5149 1390 5206 Christi.
1423 5150 1618 5207 Omnis
1661 5167 1788 5224 ergo
1817 5161 2066 5207 creatura

462 5235 519 5290 in
545 5236 701 5292 caelis
727 5245 783 5293 et
810 5237 868 5292 in
897 5240 1091 5306 terris;
1110 5238 1243 5293 dum
1276 5240 1445 5298 discit
1464 5240 1800 5313 agnitionem
1832 5240 2060 5309 Christi,

465 5331 807 5382 restauratur
851 5326 922 5382 ad
967 5324 1023 5382 id
1057 5325 1206 5399 quod
1240 5334 1323 5383 est
1355 5329 1597 5386 condita.
1631 5328 1769 5386 Cum
1821 5329 1969 5385 enim
1996 5328 2064 5384 ad

464 5411 632 5468 unius
662 5413 764 5470 Dei
785 5406 959 5470 ﬁdem
985 5413 1278 5483 imbuitur,
1309 5415 1533 5488 cognito
1579 5416 1842 5488 mysterio
1881 5416 2064 5473 Salva-

504 5529 656 5610 ._(9.7)
714 5532 1054 5610 Ro_m.edit.,
1109 5531 1402 5593 Secundum
1445 5536 1913 5610 beneplacitum...
1945 5540 2067 5595 cla-

459 5604 644 5680 ritatis
666 5604 856 5680 gratia
882 5621 992 5660 sua
1006 5623 1028 5672 ;
1055 5614 1165 5663 vet.
1199 5623 1263 5664 ac
1289 5625 1422 5680 mss.
1451 5604 1597 5664 inter
1622 5624 1678 5665 se
1706 5610 2064 5680 conveniunt,

462 5669 768 5804 ἓξὲήὲδὶξῖ
820 5669 1018 5732 horum
1076 5679 1332 5737 nonnulli
1387 5695 1487 5751 pro
1543 5680 1808 5738 claritatis
1833 5669 2067 5740 efferunt

2173 4699 2374 4757 habere
2402 4702 2592 4758 oculos
2621 4701 2803 4759 cordis
2831 4703 3040 4770 vestri;
3073 4703 3142 4760 ad
3179 4701 3286 4760 hoc
3326 4710 3389 4759 ut
3425 4703 3618 4759 sciatis
3661 4716 3782 4776 qua

2174 4789 2245 4845 sit
2269 4807 2390 4861 spes
2417 4791 2726 4847 vocationis
2754 4791 2893 4863 ejus,
2936 4800 2992 4848 et
3025 4807 3146 4864 qua
3185 4791 3401 4849 divitia
3431 4789 3782 4848 bareditatis

2175 4879 2360 4950 gloria
2397 4879 2515 4951 ejus
2566 4880 2625 4935 in
2669 4880 2891 4936 sanctis.
2930 4906 2949 4930 ι
2989 4880 3342 4937 Manifestum
3380 4887 3463 4936 est
3489 4879 3623 4953 quia
3659 4877 3785 4935 ideo

2174 4984 2229 5024 se
2267 4985 2421 5024 orare
2459 4969 2598 5024 dicit
2629 4986 2728 5041 pro
2749 4968 2847 5038 eis,
2877 4979 2939 5026 ut
2967 4969 3095 5027 ﬁdei
3123 4987 3234 5026 sua
3265 4985 3415 5042 spem
3433 4974 3786 5042 cognoscant

2174 5059 2232 5113 in
2262 5059 2704 5115 remuneratione
2731 5061 2978 5128 caelesti;
3022 5059 3151 5134 quia
3176 5077 3303 5118 cum
3345 5061 3506 5133 plene
3545 5060 3784 5117 scierint

2173 5155 2266 5228 qui
2306 5155 2519 5210 fructus
2553 5163 2633 5212 est
2655 5155 3423 5230 credentium,propensiores
3455 5155 3592 5212 ﬁent
3631 5157 3785 5214 circa

2172 5244 2531 5300 excolendam
2582 5244 2925 5317 religionem.
2973 5247 3089 5302 Jam
3147 5245 3295 5302 enim
3343 5245 3402 5300 in
3453 5242 3785 5316 hujusmodi

2174 5333 2451 5406 profectus
2508 5334 2625 5391 fore
2677 5335 2920 5404 videtur,
2986 5336 3115 5410 quia
3154 5337 3199 5392 si
3255 5343 3557 5408 antequam
3601 5337 3788 5392 sciant

2173 5423 2557 5495 promissionis
2587 5423 2837 5497 gloriam,
2889 5433 2999 5482 tam
3030 5425 3218 5482 devoti
3257 5433 3422 5491 sunt;
3456 5424 3789 5498 propensio-

2247 5537 2364 5682 (98)
2393 5540 2552 5596 Rom.
2587 5538 2744 5608 edit.,
2784 5546 2832 5595 et
2862 5557 2955 5597 nos
2977 5547 3118 5597 sorte
3153 5539 3426 5596 constituti
3458 5557 3670 5598 sumus.

2271 5610 2339 5666 99
2401 5610 2531 5670 Mss.
2581 5612 2862 5682 nonnulli,
2911 5629 3029 5671 cum
3073 5613 3228 5669 multi
3254 5620 3596 5670 concurrunt
3621 5631 3670 5670 at

2173 5610 2364 5738 defui»)
2401 5610 2531 5670 Mss.
2581 5612 2862 5682 nonnulli,
2911 5629 3029 5671 cum
3073 5613 3228 5669 multi
3254 5620 3596 5670 concurrunt
3621 5613 3786 5686 adﬁ-
