3908 6192
211 244 310 308 397

1279 256 1639 316 COMMENT.
1681 259 1753 317 IN
1789 259 2007 319 EPIST.
2051 263 2146 320 AD
2183 264 2429 323 EPHES.

3395 274 3500 333 398

213 395 292 436 res
329 379 465 437 ﬁent
515 382 844 450 necessario,
901 398 1028 438 cum
1081 383 1464 455 cognoverint.
1523 384 1808 444 Claritatis
1831 390 1884 449 Α
1920 404 2048 444 nem
2095 388 2397 445 Ecclesiam
2445 389 2652 463 dicens,
2682 395 3000 454 summatim
3030 404 3211 456 totum
3239 415 3501 475 compre-

211 474 390 526 tamen
449 469 532 542 (1)
581 470 801 527 Patrem
845 479 1009 528 vocat
1052 473 1250 541 Deum,
1283 478 1337 527 et
1367 472 1573 529 Christi
1602 476 1798 543 Deum,

209 572 331 612 cum
379 575 547 615 verus
590 560 752 615 Pater
781 558 990 618 Christi
1022 562 1094 616 sit
1122 562 1287 622 Deus.
1327 569 1380 617 et
1409 564 1555 618 Deus
1581 572 1806 620 creatu-

209 663 297 703 rae.
342 648 448 705 Sed
495 657 551 704 et
608 649 724 722 ipse
770 650 1044 707 Dominus
1075 651 1262 708 eadem
1294 650 1466 708 dicit:
1515 652 1710 709 «Vado
1737 652 1805 709 ad

207 737 420 793 Patrem
471 755 655 795 meum
705 747 760 795 et
789 740 1006 797 Patrem
1038 749 1303 809 vestrum,
1335 743 1510 798 Deum
1539 758 1723 798 meum
1754 751 1806 800 et

205 826 380 882 Deum
417 835 664 883 vestrum
699 828 880 900 (Joan.
915 846 1014 898 xx,
1061 830 1172 902 17).
1211 857 1229 878 ι
1273 830 1464 886 Totius
1493 848 1620 903 ergo
1645 831 1804 888 clari-

203 917 338 972 tatis
395 917 556 972 Pater
584 925 665 973 est
697 935 710 984 ;
746 918 873 990 quia
913 919 980 974 ab
1011 920 1129 991 ipso
1160 927 1239 975 est
1268 920 1450 974 omnis
1477 920 1718 989 claritas,
1751 929 1804 977 et

206 1013 468 1077 potestas,
499 1015 551 1062 et
605 1006 861 1079 dignitas.
901 1009 1001 1064 Est
1030 1017 1084 1064 et
1113 1008 1272 1065 Pater
1299 1008 1529 1079 Christi,
1569 1009 1663 1066 sed
1691 1010 1805 1066 ali-

204 1101 325 1161 ter;
389 1096 518 1167 quia
563 1095 654 1152 hic
711 1113 876 1154 verus
923 1097 1100 1155 Filius
1130 1106 1232 1167 est,
1265 1108 1318 1156 et
1355 1101 1503 1157 Deus
1529 1100 1802 1167 omnium,

205 1180 297 1237 sed
347 1198 460 1238 non
490 1183 563 1239 ita
607 1183 815 1242 Christi
845 1185 992 1242 Deus
1020 1195 1123 1244 est.
1157 1187 1247 1244 Sic
1276 1189 1424 1245 enim
1454 1191 1603 1246 Deus
1632 1188 1804 1247 Chri-

207 1270 275 1326 sti
308 1279 388 1326 est
415 1291 428 1340 ;
461 1272 590 1345 quia
624 1274 769 1329 Deus
801 1275 868 1331 de
898 1277 1012 1332 Deo
1043 1275 1300 1334 Christus
1327 1286 1442 1334 est:
1476 1287 1800 1336 caeterorum

204 1371 382 1419 autem
432 1364 578 1421 Deus
623 1374 705 1422 est
760 1383 927 1424 causa
968 1369 1217 1438 terroris,
1260 1370 1402 1426 sicut
1434 1370 1551 1444 ipse
1579 1370 1716 1428 dicit
1743 1371 1803 1426 in

207 1453 474 1510 Malachia
514 1455 816 1528 propheta:
868 1482 886 1506 ι
916 1458 976 1514 Si
1004 1461 1154 1516 Deus
1183 1476 1280 1534 ego
1310 1477 1454 1529 sum,
1484 1461 1581 1518 ubi
1610 1470 1690 1519 est
1722 1461 1803 1518 ti-

204 1559 328 1598 mor
356 1560 511 1600 meus
544 1547 765 1616 (Malae.
791 1565 830 1615 ι,
861 1547 919 1620 6)
953 1547 981 1604 '?
1013 1574 1031 1598 ι

280 1632 461 1706 (Vers.
511 1635 602 1704 20,
652 1636 770 1708 21.)
826 1663 843 1684 ‹
874 1637 945 1694 Et
973 1654 1094 1710 quae
1123 1646 1204 1694 est
1233 1641 1450 1698 excelsa
1484 1638 1802 1712 magnitudo

199 1722 434 1780 virtutis
471 1723 590 1795 ejus
619 1724 676 1780 in
707 1741 825 1794 vos,
858 1725 952 1798 qui
978 1727 1225 1797 creditis,
1266 1730 1570 1788 secundum
1601 1745 1804 1802 Opera-

201 1810 414 1866 tionem
463 1813 722 1885 potentiae
774 1813 1126 1872 fortitudinis
1166 1817 1305 1889 ejus,
1340 1835 1502 1892 quam
1546 1827 1801 1892 operatus

198 1906 282 1955 est
323 1900 383 1955 in
433 1900 675 1969 Christo,
715 1903 985 1960 suscitans
1016 1905 1176 1961 illum
1207 1923 1237 1961 a
1266 1908 1522 1978 mortuis,
1553 1915 1608 1964 et
1633 1908 1802 1965 collo-

197 1986 351 2042 cavit
399 1987 467 2044 ad
505 1988 791 2046 dexteram
822 1991 928 2048 sibi
959 1992 1020 2048 in
1048 1994 1364 2052 cmlestibus
1393 2013 1556 2070 super
1581 2012 1802 2052 omnem

197 2074 578 2150 Principatum
608 2087 663 2134 et
704 2079 1058 2151 Potestatem,
1104 2091 1159 2140 et
1186 2085 1489 2155 Virtutem,
1520 2095 1574 2142 et
1601 2087 1804 2143 Domi-

195 2166 513 2235 nationem,
565 2174 619 2221 et
667 2184 829 2223 omne
876 2185 1100 2238 nomen,
1148 2173 1297 2244 quod
1344 2173 1667 2230 nominatur
1693 2192 1806 2232 non

191 2257 385 2314 solum
415 2255 474 2312 in
505 2253 612 2312 hoc
640 2258 862 2327 saeculo,
894 2259 990 2315 sed
1018 2268 1071 2316 et
1095 2261 1151 2316 in
1180 2261 1388 2319 futuro.
1409 2286 1429 2312 ι
1472 2264 1806 2337 Exemplum

193 2343 402 2402 salutis
449 2345 796 2402 credentium
837 2354 892 2404 et
939 2347 1126 2419 gloriae
1155 2348 1212 2405 in
1245 2351 1644 2408 resurrectione
1682 2351 1809 2407 Sal—

195 2437 413 2493 vatoris
460 2437 762 2493 consistere
817 2437 1130 2511 proﬁtetur,
1182 2448 1246 2495 ut
1274 2457 1343 2495 ex
1384 2458 1447 2496 ea
1475 2449 1808 2515 cognoscant

195 2526 415 2596 ﬁdeles,
466 2531 614 2589 234
662 2527 796 2600 quid
826 2527 904 2584 eis
943 2527 1274 2600 promissum
1307 2538 1410 2587 est.
1443 2531 1626 2587 Simili
1657 2532 1804 2588 enim

200 2621 372 2680 modo
403 2623 743 2679 extollentur
773 2639 937 2696 supra
970 2625 1138 2681 ctelos
1167 2624 1344 2682 futuri
1373 2643 1500 2682 cum
1543 2625 1763 2683 Christo
1788 2645 1802 2694 ;

196 2713 349 2769 sicut
413 2713 526 2787 ipse
582 2714 751 2771 dicit:
821 2739 838 2762 ι
867 2715 1045 2783 Pater,
1079 2716 1206 2771 volo
1236 2724 1298 2770 ut
1327 2714 1422 2770 ubi
1453 2714 1630 2783 fuero,
1663 2723 1718 2771 et
1745 2715 1807 2771 hi

200 2817 430 2858 mecum
479 2803 610 2872 sint,
643 2811 696 2859 et
725 2803 949 2860 videant
979 2804 1207 2876 gloriam
1233 2820 1409 2860 meam
1443 2805 1625 2876 (Joan.
1658 2809 1801 2874 x'vn,

192 2889 320 2962 24).
356 2915 377 2939 ι
426 2891 539 2948 Hoc
567 2899 792 2966 propter
821 2893 1252 2950 incarnationem
1276 2893 1406 2949 Filii
1433 2893 1621 2962 Dei,ut
1640 2895 1806 2950 etiam

193 2978 370 3034 homo
423 2978 598 3036 factus
644 2997 808 3054 super
855 2997 1045 3038 omnes
1090 2983 1256 3039 coelos
1302 2999 1416 3038 esse
1463 2982 1702 3050 dicatur,
1752 2989 1807 3038 et

190 3085 365 3141 super
407 3077 663 3126 cunctam
695 3079 998 3127 creaturam
1030 3073 1226 3128 sedens
1255 3072 1322 3128 ad
1356 3072 1640 3128 dexteram
1679 3071 1801 3140 Dei,
1835 3105 1877 3165 Ο

190 3159 412 3216 habens
472 3177 675 3217 nomen
703 3162 802 3217 Dei
833 3178 929 3234 per
961 3169 1236 3229 naturam,
1267 3178 1380 3217 non
1411 3177 1506 3234 per
1543 3160 1806 3233 adoptio-

190 3268 317 3308 nem
349 3271 364 3319 ;
405 3261 470 3308 ut
517 3261 849 3325 cognoscant
883 3254 1042 3309 illum
1077 3269 1192 3309 esse
1230 3253 1438 3309 Filium
1472 3253 1572 3308 Dei
1601 3253 1694 3325 qui
1725 3253 1805 3308 il-

191 3343 308 3398 lum
342 3342 770 3400 cruciﬁxerunt.
823 3342 1014 3397 Honor
1043 3343 1189 3398 enim
1221 3357 1383 3415 quem
1413 3341 1500 3396 illi
1530 3342 1683 3398 dedit
1711 3343 1804 3399 Pa-

187 3441 273 3487 ter
323 3449 433 3506 per
479 3431 910 3505 generationem,
971 3439 1105 3489 tunc
1134 3431 1518 3488 manifestatus
1545 3440 1647 3502 est,
1678 3449 1803 3490 cum

186 3529 354 3578 natus
401 3523 574 3578 homo
622 3539 810 3594 passus
851 3531 954 3590 est,
985 3529 1040 3578 et
1087 3521 1238 3578 victa
1270 3529 1447 3578 morte
1477 3522 1801 3590 resurrexit,

183 3611 503 3668 ascendens
559 3611 704 3667 unde
760 3611 1134 3678 descenderat,
1184 3627 1350 3684 super
1394 3627 1585 3668 omnes
1612 3612 1799 3668 ccelos.

185 3700 346 3758 Unde
387 3700 606 3758 dictum
655 3709 757 3768 est,
807 3701 939 3774 quia
991 3727 1010 3752 ι
1042 3701 1248 3758 veritas
1276 3701 1343 3758 de
1374 3710 1520 3758 terra
1557 3709 1675 3757 orta
1721 3707 1803 3758 est

183 3788 368 3857 (Psal.
426 3806 662 3858 Lxxxrv,
718 3789 831 3860 12).
886 3815 905 3840 ι
967 3788 1108 3858 Quia
1159 3790 1307 3845 enim
1337 3806 1498 3845 omne
1523 3788 1801 3861 judicium

177 3875 344 3933 Pater
396 3877 547 3935 Filio
600 3877 754 3934 dedit
805 3879 986 3952 (Joan.
1023 3896 1080 3949 v,
1114 3878 1229 3951 22),
1262 3879 1473 3936 idcirco
1501 3877 1570 3934 ad
1602 3879 1797 3934 dexte-

178 3979 295 4020 ram
347 3967 459 4022 Dei
504 3967 692 4023 sedere
737 3967 966 4036 dicitur,
999 3969 1155 4041 quasi
1175 3967 1368 4040 judex.
1400 3968 1654 4040 Denique
1684 3966 1801 4039 ipse

173 4059 317 4117 dicit
361 4063 441 4118 ad
472 4061 808 4135 discipulos:
859 4087 877 4112 ε
917 4063 1097 4136 Usque
1125 4064 1290 4120 modo
1319 4063 1466 4119 nihil
1495 4061 1712 4135 petistis
1740 4061 1800 4116 in

174 4150 416 4205 nomine
452 4166 595 4204 meo:
615 4152 808 4221 petite,
840 4160 894 4207 et
918 4167 1017 4222 ego
1046 4151 1242 4208 faciam
1276 4152 1457 4223 (Joan.
1489 4167 1609 4218 XVI,
1646 4149 1788 4221 24).»

172 4238 333 4296 Unde
379 4239 471 4293 ait
499 4237 738 4294 Iudaeis:
787 4264 805 4288 ‹
838 4241 1054 4296 Amodo
1085 4239 1347 4296 videbitis
1376 4239 1581 4295 Filium
1611 4238 1803 4294 homi-

172 4331 257 4386 nis
306 4328 617 4385 sedentem
663 4328 731 4383 ad
761 4329 1045 4384 dexteram
1073 4327 1304 4384 virtutis
1328 4328 1449 4396 Dei,
1481 4337 1536 4385 et
1564 4329 1803 4386 venien-

171 4425 278 4474 tem
332 4433 484 4478 cum
533 4416 776 4473 nubibus
806 4417 931 4474 caeli
965 4419 1180 4490 (Matth.
1211 4435 1368 4487 xxvr,
1403 4417 1517 4491 64).
1559 4443 1579 4468 ›
1617 4419 1707 4476 Ex
1736 4436 1800 4476 eo

171 4509 324 4565 enim
358 4507 528 4582 quod
563 4507 832 4578 innotuit,
865 4507 1008 4565 adiri
1037 4507 1205 4582 cmpit
1233 4515 1288 4565 et
1316 4507 1603 4581 postulari,
1643 4509 1798 4583 quasi

167 4597 348 4669 judex
360 4644 374 4656 .

243 4690 444 4759 (Vers.
492 4687 581 4756 22,
631 4687 746 4760 23.)
807 4711 824 4734 ι
852 4687 926 4743 Et
955 4687 1144 4744 omnia
1172 4687 1405 4760 subjecit
1437 4687 1538 4744 sub
1565 4687 1797 4762 pedibus

168 4777 376 4849 ejus,et
409 4781 605 4852 ipsum
635 4778 787 4836 dedit
819 4787 984 4851 caput
1016 4795 1179 4852 super
1206 4795 1425 4835 omnem
1465 4779 1790 4849 Ecclesiam,

166 4884 289 4940 quae
349 4877 443 4925 est
488 4883 687 4940 corpus
741 4877 796 4924 et
853 4867 1143 4942 plenitudo
1190 4867 1327 4940 ejus,
1395 4869 1488 4942 qui
1519 4868 1794 4924 omniain

165 4959 443 5015 omnibus
486 4956 840 5029 adimpletur.
882 4983 902 5008 ι
964 4959 1181 5014 Patrem
1226 4957 1367 5014 dicit
1397 4957 1544 5013 Filio
1572 4973 1792 5013 omnem

165 5057 498 5104 creaturam
527 5045 822 5118 subjecisse
849 5090 864 5116 ,
898 5055 960 5103 ut
989 5047 1118 5121 quia
1155 5046 1341 5103 omnia
1381 5063 1480 5118 per
1506 5047 1687 5118 ipsum
1719 5046 1793 5101 fe-

167 5137 242 5194 cit
275 5138 478 5208 (Jaan.
519 5153 560 5204 ι,
586 5135 669 5207 3),
701 5136 816 5207 ipse
843 5136 1090 5192 omnium
1122 5153 1289 5208 capus
1318 5136 1391 5192 sit
1420 5143 1475 5191 et
1500 5133 1789 5190 Dominus.

165 5227 323 5284 Tunc
375 5227 471 5283 illi
507 5225 696 5281 omnia
725 5225 977 5297 subjecit,
1018 5226 1239 5299 quando
1271 5226 1430 5281 illum
1461 5232 1586 5280 ante
1607 5224 1794 5280 omnia

165 5317 358 5389 genuit
387 5335 402 5385 ;
461 5322 532 5371 ut
563 5330 659 5387 per
689 5315 868 5388 ipsum
901 5314 1125 5386 faceret,
1166 5330 1287 5389 quae
1313 5329 1428 5371 non
1458 5322 1631 5369 erant.
1667 5313 1791 5370 Om-

233 5483 322 5556 (1)
355 5483 503 5540 Mss.
550 5481 781 5555 aliquot,
811 5497 928 5536 cum
953 5477 1288 5554 cognoverint
1325 5477 1622 5534 claritatem
1660 5474 1790 5544 ejus.

168 5554 395 5624 Tamen,
438 5561 560 5611 etc.

234 5625 321 5701 (2)
377 5620 523 5686 νει.
559 5623 696 5682 edit.
726 5631 783 5682 et
810 5640 948 5684 mss.
988 5639 1101 5682 non
1132 5622 1318 5699 pauci,
1350 5620 1644 5691 voluptates
1664 5631 1796 5671 car-

1911 477 2130 548 hendit,
2171 479 2316 552 quod
2354 479 2414 536 in
2442 483 2579 537 coelo
2611 491 2691 539 est
2727 493 2782 541 et
2818 485 2877 542 in
2905 494 3078 557 terra;
3109 497 3172 546 ut
3200 489 3260 546 in
3289 506 3498 549 novum

1914 568 2195 624 hominem
2229 570 2472 626 membra
2499 571 2614 643 ejus
2641 573 2966 645 efﬁciantur,
3004 578 3136 635 dum
3166 579 3502 639 conﬁtentur

1915 656 2068 714 hunc
2096 675 2234 726 esse,
2266 673 2363 730 per
2381 674 2542 730 quem
2580 660 2712 717 facti
2741 678 2772 718 a
2799 665 2911 720 Deo
2938 674 3087 723 sunt.
3119 668 3502 741 Subjiciuntur

1917 745 2066 801 enim
2097 745 2182 801 illi
2212 747 2368 819 quasi
2399 747 2566 820 capiti
2594 748 2859 819 membra,
2890 768 2960 807 ex
2985 769 3095 825 quo
3122 755 3350 814 trahunt
3377 759 3503 816 ori-

1915 834 2135 907 ginem;
2185 841 2248 890 ut
2286 835 2474 892 omnia
2519 835 2578 893 in
2626 837 2884 896 omnibus
2910 842 3334 914 adimpleantur.
3363 847 3500 905 Cum

1914 926 2066 981 enim
2120 925 2352 998 regressi
2407 927 2617 983 fuerint
2664 928 2732 986 ad
2761 930 3163 988 confessionem
3192 935 3358 992 unius
3383 936 3503 1004 Dei,

1913 1012 2194 1070 ﬂectentes
2240 1031 2383 1087 genu
2421 1015 2666 1086 Christo,
2713 1019 3048 1092 adimpletur
3074 1020 3133 1076 in
3161 1021 3420 1080 omnibus
3445 1032 3508 1081 ut

1913 1102 1985 1158 sit
2017 1103 2226 1170 omnia,
2259 1103 2388 1177 quia
2415 1104 2484 1160 ab
2513 1106 2632 1178 ipso
2661 1115 2790 1163 sunt
2813 1126 2828 1176 ;
2860 1124 2924 1164 ac
2951 1125 3048 1182 per
3075 1109 3181 1167 hoc
3208 1111 3324 1183 ipse
3343 1112 3402 1168 in
3429 1112 3509 1169 eis

1913 1200 2016 1260 est,
2074 1194 2205 1266 quia
2233 1194 2444 1251 virtute
2473 1193 2592 1267 ejus
2628 1196 2938 1253 subsistunt
2969 1215 2984 1266 ;
3017 1198 3332 1256 recedentes
3359 1201 3508 1257 enim

1914 1297 1945 1335 a
1967 1272 2101 1350 Deo,
2135 1299 2399 1340 evacuare
2431 1284 2592 1341 illum
2622 1285 2908 1344 videntur.
2936 1285 3092 1344 Unde
3128 1288 3239 1345 alio
3268 1289 3387 1346 loco
3413 1287 3512 1345 di-

1913 1371 2016 1426 cit:
2093 1396 2112 1420 ς
2168 1371 2239 1430 Ut
2293 1381 2543 1432 crescant
2589 1375 2777 1433 omnia
2803 1375 2893 1449 cin
2953 1376 3356 1436 incrementum
3409 1378 3510 1436 Dei

1918 1459 2153 1531 (Coloss.
2186 1477 2249 1531 ιι,
2285 1461 2399 1534 19).
2430 1485 2450 1514 ι

2515 1551 2772 1624 ,CAPUT
2807 1556 2878 1614 II.

1992 1641 2176 1712 (Vers.
2214 1641 2264 1709 1,
2323 1639 2404 1714 2.)
2468 1667 2487 1691 ι
2533 1643 2607 1698 Ει
2636 1659 2734 1700 vos
2763 1660 2889 1701 cum
2919 1646 3111 1703 essetis
3139 1645 3348 1704 mortui
3375 1646 3509 1704 deli-

1828 1751 1876 1814 Β
1913 1729 2018 1786 ctis
2065 1739 2120 1786 et
2149 1731 2385 1803 peccatis
2411 1731 2630 1800 vestris,
2669 1732 2730 1789 in
2759 1733 2962 1806 quibus
2989 1734 3287 1808 aliquando
3320 1736 3510 1795 ambu-

1916 1819 2071 1876 lastis
2118 1819 2422 1876 secundum
2471 1821 2734 1878 saeculum
2764 1821 2934 1895 hujus
2957 1823 3174 1882 mundi.
3205 1849 3224 1873 ι
3265 1824 3512 1883 Mortuos

1911 1908 2069 1978 dicit,
2100 1909 2229 1983 quia
2257 1926 2466 1967 errores
2487 1912 2674 1969 saeculi
2703 1921 3044 1987 sequuntur;
3079 1915 3351 1990 quidquid
3362 1919 3508 1974 enim

1914 1997 1980 2054 ab
2021 1998 2190 2055 unius
2230 1999 2330 2056 Dei
2377 1999 2716 2074 professione
2760 2003 2988 2073 recedit,
3020 2012 3304 2063 mortuum
3333 2005 3513 2064 habe-

1914 2095 2039 2158 tur;
2094 2088 2224 2162 quia
2269 2104 2381 2145 non
2431 2098 2617 2148 manet
2653 2091 2713 2148 in
2742 2094 2948 2164 radice,
2977 2110 3049 2152 ex
3076 2111 3185 2168 qua
3213 2095 3385 2154 trahit
3404 2098 3511 2154 ori-

1918 2179 2119 2250 ginem.
2169 2203 2188 2226 ι
2223 2177 2535 2235 Secundum
2567 2179 2872 2253 principem
2916 2183 3202 2256 potestatis
3227 2185 3368 2241 aeris
3396 2185 3513 2242 hu-

1915 2267 2028 2340 jus,
2081 2269 2338 2342 spiritum
2379 2272 2475 2345 qui
2525 2289 2674 2331 nunc
2720 2283 2978 2347 operatur
3016 2277 3077 2333 in
3105 2275 3237 2334 ﬁliis
3262 2277 3511 2337 diﬁiden-

1915 2356 2029 2411 tiae.
2063 2381 2081 2404 ι
2115 2357 2426 2430 Principem
2457 2361 2759 2432 potestatis,
2791 2362 2848 2418 id
2876 2370 2978 2431 est,
3009 2363 3312 2434 diabolum,
3345 2366 3511 2439 signi-

1917 2444 2048 2500 ﬁcat
2094 2445 2284 2500 saeculi
2324 2446 2750 2519 intelligentiam
2801 2450 3110 2522 corrupisse
3147 2471 3162 2520 ;
3212 2461 3276 2510 ut
3303 2454 3372 2510 ab
3402 2471 3515 2512 uno

1915 2534 2031 2590 Deo
2060 2533 2394 2602 recederent,
2426 2536 2730 2592 multorum
2750 2526 2978 2595 deorum
3008 2540 3324 2612 opinionem
3345 2543 3514 2600 susci-

1918 2622 2150 2695 pientes,
2205 2631 2267 2678 ut
2297 2622 2476 2680 socios
2506 2624 2634 2681 illos
2663 2642 2773 2682 sum
2801 2628 3226 2702 conspirationis
3255 2630 3512 2702 ediceret,

1916 2711 2049 2768 dum
2105 2711 2165 2768 in
2222 2711 2411 2768 eadem
2469 2712 2754 2787 impietate
2799 2715 3196 2787 inveniuntur,
3255 2727 3514 2791 negantes

1916 2817 2090 2856 unum
2120 2802 2316 2858 Deum.
2351 2802 2663 2876 Principem
2687 2821 2815 2878 ergo
2834 2804 2984 2865 hunc
3013 2806 3214 2864 erroris
3235 2807 3358 2866 ideo
3374 2809 3514 2866 aeris

1916 2889 2055 2945 dicit
2105 2889 2383 2962 spiritum,
2434 2898 2496 2946 ut
2543 2893 2798 2949 ostendat
2837 2895 2967 2967 quia
2998 2894 3140 2953 hanc
3165 2903 3376 2970 partem
3404 2896 3509 2954 sibi

1916 2979 2204 3052 usurpavit
2233 2980 2299 3036 ad
2333 2981 2700 3038 exercendam
2738 2982 3196 3042 dominationem.
3226 2985 3398 3043 Aliud
3427 2995 3508 3042 est

1915 3069 2059 3125 enim
2092 3085 2203 3138 aer,
2235 3077 2289 3126 et
2319 3070 2470 3127 aliud
2501 3071 2756 3143 princeps
2781 3091 2792 3128 :
2825 3073 2920 3128 sed
2950 3074 3080 3146 quia
3106 3074 3164 3129 in
3193 3075 3402 3132 mundo
3422 3075 3509 3130 vel

1914 3158 1971 3214 in
2004 3175 2124 3214 aere
2153 3159 2491 3228 dominatur,
2525 3160 2754 3230 spiritus
2782 3160 2924 3216 aeris
2948 3163 3275 3233 appellatur.

1990 3247 2173 3319 (Vers.
2215 3247 2296 3318 3.)
2359 3271 2378 3295 ι
2428 3250 2492 3304 In
2520 3246 2722 3321 quibus
2749 3257 2804 3305 et
2832 3264 2934 3306 nos
2962 3247 3260 3322 aliquando
3288 3266 3514 3307 conver-

1914 3335 2020 3392 sati
2084 3352 2274 3392 sumus
2330 3335 2390 3392 in
2445 3336 2737 3394 desideriis
2782 3337 2966 3394 carnis
2993 3345 3214 3406 nostrae,
3246 3338 3512 3397 facientes

1914 3426 2256 3481 voluntatem
2301 3427 2485 3484 carnis
2534 3426 2615 3499 (2)
2665 3435 2720 3483 et
2743 3426 3104 3484 consiliorum
3134 3426 3288 3498 ejus:
3318 3436 3372 3485 et
3399 3443 3512 3485 era-

1913 3531 2039 3570 mus
2078 3523 2276 3573 natura
2330 3514 2435 3572 ﬁlii
2480 3516 2596 3586 irae,
2644 3516 2791 3574 sicut
2836 3524 2891 3574 et
2916 3516 3120 3575 ceteri.
3153 3542 3174 3567 ι
3216 3516 3508 3574 Perﬁdiam

1911 3602 2205 3677 signiﬁcat,
2244 3604 2377 3663 dum
2407 3605 2680 3663 desideria
2706 3607 2890 3668 carnis
2919 3615 3206 3664 memorat.
3241 3606 3514 3665 Voluntas

1910 3694 2060 3751 enim
2103 3695 2285 3752 carnis
2331 3702 2412 3752 est
2459 3693 2777 3752 visibilibus
2825 3695 3112 3766 obiectari,
3151 3704 3215 3753 ut
3242 3697 3512 3753 elementa

1911 3800 2030 3858 quae
2069 3785 2216 3842 Deus
2237 3785 2607 3858 gubernacula
2645 3784 2840 3842 mundi
2872 3783 3140 3853 instituit,
3172 3784 3304 3839 deos
3327 3783 3510 3855 appel-

1911 3871 2006 3939 let;
2043 3888 2170 3930 cum
2201 3871 2306 3928 hoc
2335 3887 2541 3928 nomen
2568 3872 2667 3927 uni
2695 3873 2808 3927 Deo
2829 3870 3112 3939 debeatur,
3144 3886 3214 3927 ex
3242 3885 3352 3944 quo
3380 3878 3509 3927 sunt

1914 3969 2139 4036 omnia;
2164 3977 2227 4025 ut
2256 3968 2402 4026 sicut
2429 3969 2648 4024 nullum
2678 3966 3004 4040 participem
3035 3966 3201 4024 habet
3235 3983 3306 4024 ex
3334 3966 3424 4024 his
3449 3969 3508 4025 in

1909 4057 2138 4126 virtute,
2183 4057 2263 4114 ita
2308 4057 2526 4113 nullum
2575 4055 2772 4113 habeat
2823 4063 3134 4113 consortem
3175 4056 3236 4113 in
3261 4057 3505 4116 nomine.

1913 4146 2135 4206 Christo
2159 4154 2342 4202 autem
2373 4145 2582 4204 idcirco
2607 4145 2714 4203 hoc
2742 4135 2942 4203 nomen
2971 4162 3083 4202 non
3112 4153 3362 4220 negatur,
3378 4147 3509 4220 quia

1910 4237 2053 4294 sicut
2102 4235 2414 4293 communis
2458 4236 2538 4293 eis
2585 4244 2781 4294 natura
2816 4243 2918 4306 est,
2954 4237 3032 4294 ita
3067 4239 3171 4294 erit
3199 4244 3254 4294 et
3279 4252 3503 4306 nomen.

1911 4325 2026 4382 Hoc
2070 4333 2257 4382 tamen
2306 4325 2452 4382 inter
2496 4325 2711 4383 Patrem
2758 4333 2812 4383 et
2857 4325 3063 4383 Filium
3094 4326 3346 4396 interest,
3376 4325 3508 4400 quia

1910 4414 2071 4471 Pater
2116 4430 2149 4470 a
2195 4415 2352 4471 nullo
2383 4413 2488 4473 hoc
2511 4415 2758 4490 accepit:
2792 4416 2970 4473 Filius
2997 4423 3180 4473 autem
3209 4430 3306 4488 per
3333 4429 3507 4487 gene-

1908 4505 2181 4562 rationem
2237 4506 2426 4563 omnia
2483 4505 2662 4564 Patris
2714 4505 2962 4578 accepit;
3007 4511 3069 4561 ut
3124 4505 3184 4561 in
3213 4504 3423 4560 virtute
3449 4511 3505 4559 et

1907 4595 2218 4652 substantia
2263 4603 2318 4652 et
2369 4595 2595 4652 nomine
2646 4593 2789 4651 nihil
2829 4593 2997 4649 distet
3042 4593 3219 4648 Filius
3263 4607 3296 4646 a
3321 4591 3500 4648 Patre.

1905 4684 2061 4741 Unde
2109 4683 2248 4740 dicit
2275 4700 2287 4738 :
2353 4707 2373 4731 ε
2402 4683 2603 4738 Omnia
2631 4697 2751 4753 quae
2781 4680 2945 4735 habet
2967 4680 3145 4745 Pater,
3177 4692 3298 4733 mea
3324 4684 3452 4731 sunt
3483 4695 3500 4745 ;

1903 4783 1957 4830 et
1990 4789 2109 4828 mea
2130 4771 2507 4841 Patris(Joan.
2539 4787 2664 4834 xvr,
2694 4768 2810 4839 15).
2841 4793 2861 4818 ι
2899 4769 3022 4824 Non
3054 4782 3182 4838 ergo
3212 4763 3499 4837 indignum

1905 4868 2081 4934 neque
2129 4857 2471 4915 contrarium
2508 4865 2611 4924 est,
2643 4855 2690 4911 si
2717 4861 2773 4909 et
2802 4855 3056 4912 Christus
3083 4855 3231 4910 Deus
3262 4853 3500 4926 dicatur,

1903 4951 1998 5009 sed
2048 4950 2116 5007 de
2161 4951 2278 5005 Deo
2305 4947 2463 5002 Patre
2488 4963 2502 5013 ;
2536 4951 2600 5001 ut
2625 4943 2793 5000 unius
2815 4943 2915 4998 Dei
2945 4942 3243 5000 auctoritas
3285 4959 3500 5002 conser-

1902 5048 2084 5097 vetur.
2115 5037 2252 5094 Nam
2284 5035 2332 5091 si
2361 5034 2485 5108 quis
2510 5031 2663 5090 aliud
2697 5037 2853 5105 putat
2886 5029 3216 5103 signiﬁcare,
3245 5049 3372 5090 cum
3399 5050 3497 5089 vo-

1903 5136 2172 5190 luntatem
2223 5129 2407 5186 carnis
2449 5126 2678 5202 ﬂagitat,
2729 5123 2866 5181 sciat
2909 5131 2965 5180 et
2990 5124 3314 5197 Apostolum
3341 5139 3500 5180 mun-

1901 5223 2028 5278 dam
2064 5220 2238 5276 vitam
2275 5217 2569 5286 habuisse;
2609 5214 2741 5290 quia
2768 5212 3069 5269 secundum
3094 5205 3369 5283 justitiam
3406 5211 3498 5268 le-

1903 5311 1983 5384 gis
2040 5314 2398 5367 conversatus
2443 5314 2524 5365 est
2570 5305 2691 5363 sine
2735 5302 2976 5376 querela.
3027 5299 3134 5358 Sed
3163 5300 3292 5374 quia
3320 5316 3497 5375 perse-

1900 5472 2005 5527 m’s.
2050 5468 2156 5525 Sed
2202 5467 2444 5540 antiquis
2489 5463 2854 5540 scriptoribus
2879 5463 3122 5540 solemne
3146 5475 3282 5540 esse,
3312 5466 3375 5540 ut
3392 5474 3496 5538 ,νο-

1902 5545 2171 5599 luntatem
2196 5531 2659 5610 _et_voluptatein
2709 5534 2856 5591 inter
2907 5550 2963 5592 se
2990 5531 3354 5602 confundant,
3383 5531 3497 5601 jam

1902 5628 2015 5675 non
2048 5607 2214 5667 semel
2242 5606 2650 5667 admonuimus.
