3908 6192
469 362 575 423 399

1502 358 1598 413 AD
1624 355 1859 412 OPERA
1895 355 1950 413 S.
1992 352 2327 413 AMBROSII
2363 351 2742 410 APPENDIX.

3661 348 3766 408 400

450 500 631 551 'cutus
674 499 757 547 est
810 489 974 547 ﬁdem
1021 486 1263 556 Christi;
1298 484 1505 542 idcirco
1554 509 1571 531 ι
1601 486 1929 554 conversati,
1964 484 2043 542 in-
2078 480 2233 553 A9).
2294 481 2387 536 Hae
2435 487 2562 535 sunt
2598 476 3102 552 superabundantes
3134 476 3367 547 divitiae,
3416 484 3482 533 ut
3540 484 3762 535 tantum

465 584 610 657 quit,
667 598 856 639 sumus
902 582 960 638 in
1015 578 1300 637 desideriis
1340 576 1518 635 carnis
1563 585 1784 634 nostrae.
1816 601 1835 625 ι
1878 576 2053 633 Omne

460 672 617 730 enim
649 678 935 745 peccatum
966 685 1092 728 caro
1120 669 1347 737 dicitur,
1376 666 1617 723 maxime
1652 665 1901 739 perﬁdia,
1932 682 2053 739 quae

462 770 548 820 est
578 762 753 820 totius
773 760 994 819 sceleris
1019 766 1210 815 mater.
1250 758 1404 814 Nulli
1433 774 1596 831 opera
1623 746 1849 813 bonaet
1894 757 2051 813 casti-

452 857 549 907 tas
608 850 873 924 proderit,
933 848 980 906 si
1030 847 1102 903 sit
1149 847 1428 920 perﬁdus;
1478 846 1708 919 perﬁdia
1751 846 1897 919 enim
1934 845 2053 903 haec

463 938 652 996 omnia
703 938 961 995 maculat.
1021 936 1164 992 Hinc
1219 944 1321 1006 est,
1380 936 1527 1009 quod
1584 935 1869 992 subdidit:
1931 959 1951 981 ι
1980 936 2051 992 Et

458 1042 679 1084 eramus
733 1034 932 1083 natura
985 1024 1089 1081 ﬁlii
1136 1026 1254 1093 irae,
1304 1031 1454 1091 235
1501 1024 1644 1081 sicut
1690 1031 1745 1079 et
1783 1021 1985 1079 caeteri.
2019 1046 2038 1069 ι

455 1129 677 1187 Naturae
715 1129 863 1186 enim
919 1145 1046 1187 cum
1090 1129 1234 1183 mala
1279 1127 1537 1182 voluntas
1584 1124 1932 1199 supponitur,
1990 1122 2052 1178 ﬁt

457 1229 672 1277 naturae
725 1219 839 1288 irae,
900 1219 959 1275 id
1008 1224 1108 1287 est,
1158 1234 1279 1292 qua:
1325 1216 1528 1273 ultioni
1569 1210 1913 1287 subjicienda
1958 1214 2050 1282 sit,

453 1308 754 1366 immutata
783 1324 896 1365 non
926 1307 1252 1376 substantia,
1285 1306 1379 1363 sed
1408 1306 1553 1361 mala
1579 1306 1885 1361 voluntate.
1937 1304 2052 1362 Hoc

458 1397 607 1454 enim
637 1396 934 1472 deputatur
960 1403 1192 1464 natum,
1220 1395 1367 1468 quod
1398 1394 1680 1468 sequitur;
1710 1393 1856 1451 unde
1884 1394 1961 1450 ait
1991 1393 2050 1450 in

455 1486 598 1543 Isaia
633 1505 646 1542 :
703 1509 724 1534 ι
784 1485 981 1542 Semen
1022 1484 1322 1558 pessimum
1367 1485 1503 1555 (Isa.
1535 1500 1576 1551 ι,
1609 1482 1688 1555 4).
1723 1506 1743 1532 ι
1785 1483 1857 1538 Et
1887 1497 2054 1556 quare

456 1577 530 1634 sit
585 1591 787 1635 semen.
814 1576 1133 1651 pessimum,
1179 1573 1444 1647 subjecit:
1507 1599 1525 1622 ι
1554 1571 1875 1646 Reliquistis
1901 1572 2050 1629 enim

455 1665 779 1735 Dominum,
812 1666 909 1734 ait,
937 1672 991 1721 et
1020 1664 1088 1721 ad
1117 1662 1459 1720 iracundiam
1490 1661 1762 1718 incitastis
1790 1661 2051 1718 Sanctum

456 1756 625 1813 Israel
658 1754 884 1828 (Ibid);
916 1777 935 1801 ι
997 1761 1060 1809 ut
1089 1761 1287 1809 natura
1324 1769 1443 1825 quae
1480 1752 1682 1809 deserit
1710 1752 1904 1820 Deum,
1937 1767 2052 1824 pes-

2164 572 2326 627 detur
2366 564 2734 640 credentibus,
2781 576 3048 643 quantum
3080 566 3409 640 investigare
3438 582 3557 624 non
3584 576 3764 643 potest

2165 677 2340 717 mens.
3070 666 3077 673 “

2239 752 2420 825 (Vers.
2441 750 2498 819 9;
2529 749 2643 821 10.)
2712 772 2732 798 ι
2759 748 2946 805 Gratia
2974 746 3120 804 enim
3151 745 3291 803 salvi
3333 745 3467 805 facti
3498 748 3638 806 estis
3666 766 3765 824 per

2163 842 2348 899 ﬁdem.
2388 866 2407 889 ι
2461 839 2646 897 Gratia
2690 837 2820 895 ﬁdei
2849 838 2975 894 data
3002 844 3105 907 est,
3135 845 3198 893 ut
3225 836 3521 895 credentes
3552 839 3760 896 salven-

2161 940 2273 988 tur.
2333 956 2351 980 ι
2379 931 2451 986 Ει
2488 930 2594 986 hoc
2632 945 2744 986 non
2775 946 2844 985 ex
2873 926 3067 994 vobis;
3100 925 3200 982 Dei
3231 926 3385 983 enim
3421 926 3636 984 donum
3663 938 3762 999 est,

2163 1039 2276 1078 non
2321 1038 2391 1077 ex
2420 1021 2695 1094 operibus,
2726 1036 2796 1076 ne
2824 1018 2947 1092 quis
2977 1017 3261 1091 glorietur.
3307 1018 3444 1074 Nam
3470 1018 3650 1092 ipsius
3680 1036 3761 1076 su-

2164 1129 2286 1169 mus
2331 1112 2675 1185 ﬁgmentum,
2728 1107 2898 1167 creati
2943 1108 3001 1163 in
3042 1106 3266 1165 Christo
3311 1106 3441 1163 Iesu
3489 1107 3551 1163 in
3602 1124 3762 1181 opera

2162 1203 2325 1269 bona;
2359 1217 2479 1275 quae
2499 1198 2825 1274 praeparavit
2853 1199 2999 1254 Deus
3027 1205 3089 1253 ut
3119 1196 3177 1252 in
3210 1196 3326 1253 illis
3354 1196 3748 1255 ambulemus.»

2163 1292 2368 1349 Verum
2417 1298 2500 1347 est
2532 1335 2546 1360 ,
2602 1289 2731 1363 quia
2771 1287 2952 1343 omnis
3017 1286 3318 1359 gratiarum
3376 1285 3524 1343 actio
3574 1288 3763 1345 salutis

2163 1390 2364 1438 nostra
2405 1380 2472 1437 ad
2518 1382 2693 1436 Deum
2740 1376 3029 1435 referenda
3057 1383 3158 1444 est,
3191 1376 3287 1449 qui
3322 1375 3759 1435 misericordiam

2164 1488 2318 1528 suam
2362 1470 2522 1527 nobis
2567 1475 2824 1542 praestat;
2885 1473 2948 1523 ut
2999 1474 3285 1523 revocaret
3315 1474 3563 1523 errantes
3591 1466 3659 1523 ad
3686 1465 3763 1522 vi-

2161 1571 2275 1619 tam
2309 1560 2413 1632 (4),
2446 1568 2500 1616 et
2522 1575 2633 1614 non
2663 1565 2970 1631 quaerentes
3000 1571 3197 1613 verum
3225 1555 3349 1612 iter.
3382 1554 3626 1629 Ideoque
3654 1571 3762 1611 non

2164 1661 2244 1708 est
2267 1650 2614 1725 gloriandum
2635 1646 2871 1705 nobisin
2904 1646 3068 1703 nobis
3086 1646 3221 1719 ipsis
3254 1664 3268 1714 ;
3302 1645 3397 1703 sed
3419 1648 3478 1703 in
3510 1648 3640 1716 Deo,
3666 1647 3762 1720 qui

2163 1759 2264 1798 nos
2294 1739 2635 1813 regeneravit
2660 1737 2952 1795 nativitate
2979 1736 3189 1794 caelesti
3218 1753 3316 1809 per
3344 1735 3510 1794 ﬁdem
3530 1735 3762 1806 Christi,

457 1825 879 1901 simumsemen
911 1841 1144 1899 dicatur.
1186 1843 1525 1915 Degenerare
1564 1841 1712 1897 enim
1742 1848 1823 1896 est
1852 1840 1919 1896 ab
1948 1855 2056 1896 au-
2090 1849 2139 1911 Β
2168 1831 2237 1888 ad
2282 1830 2388 1887 hoc
2416 1837 2478 1886 ut
2516 1828 2677 1884 bonis
2722 1826 2979 1900 operibus
3020 1825 3329 1896 exercitati,
3361 1842 3467 1899 quo
3494 1826 3642 1882 Deus
3670 1841 3761 1881 ηοο

456 1940 608 1992 ctore
656 1933 947 1989 recedere:
990 1940 1044 1990 et
1080 1949 1206 1991 cum
1247 1933 1455 1989 malum
1500 1932 1814 2003 exemplum
1842 1930 2056 1987 caeteris

455 2024 681 2101 praebet,
734 2023 940 2082 malum
971 2032 1052 2083 est
1108 2041 1330 2093 semen;
1375 2024 1588 2080 fructus
1615 2023 1763 2080 enim
1791 2021 2056 2095 pessimos

454 2116 608 2173 facit.
641 2115 697 2173 Si
725 2131 859 2173 vero
884 2116 1069 2173 redeat
1097 2116 1165 2173 ad
1181 2118 1501 2182 Auctorem,
1528 2112 1675 2170 bona
1703 2112 1809 2170 erit
1838 2119 2052 2182 natura,

458 2208 764 2264 secundum
809 2208 1159 2282 Apostolum,
1208 2203 1305 2279 qui
1351 2204 1680 2260 immutatus
1720 2201 1854 2259 dum
1893 2218 2056 2275 agno-

454 2297 558 2355 scit
616 2296 930 2356 Creatorem
996 2312 1156 2355 suum
1181 2342 1197 2368 ,
1250 2311 1349 2352 vas
1396 2293 1684 2352 electionis
1752 2293 2057 2368 appellatur

456 2384 601 2458 (Act.
635 2401 715 2454 ix,
760 2384 872 2458 15).

528 2472 710 2545 (Vers.
752 2471 835 2545 4.)
882 2497 902 2521 ι
927 2474 1075 2530 Deus
1104 2479 1309 2542 autem,
1333 2470 1428 2546 qui
1458 2471 1615 2528 dives
1647 2477 1728 2528 est
1755 2468 1815 2526 in
1845 2468 2055 2525 miseri-

450 2563 638 2622 cordia
674 2568 897 2637 propter
944 2561 1176 2619 multam
1224 2561 1549 2620 charitatem
1592 2576 1767 2630 suam,
1809 2575 1916 2632 qua
1940 2559 2057 2615 mi-

452 2662 634 2712 sertus
691 2661 772 2712 est
824 2653 1022 2711 nostri.
1064 2678 1084 2702 ι
1133 2652 1228 2709 Hae
1257 2669 1401 2710 verre
1431 2652 1645 2710 divitiae
1674 2657 1803 2707 sunt
1844 2645 2055 2705 miseri-

452 2744 794 2814 cordiarum,
834 2750 899 2800 ut
934 2759 1048 2800 non
1080 2741 1456 2816 quaerentibus
1484 2742 1633 2797 ultro
1681 2735 2059 2795 misericordia

455 2840 828 2904 prestaretur,
868 2833 1012 2888 sicut
1049 2831 1185 2888 dicit
1214 2830 1414 2886 Isaias:
1472 2854 1490 2877 ι
1518 2830 1700 2884 Palam
1728 2828 1905 2884 factus
1933 2840 2055 2881 sum

464 2935 579 2974 non
633 2919 1011 2991 quaerentibus
1049 2934 1136 2973 me
1165 2918 1301 2989 (Isa.
1332 2933 1464 2985 va,
1496 2917 1572 2988 1);
1597 2941 1616 2963 ι
1661 2915 1767 2973 hoc
1795 2916 1942 2972 enim
1973 2921 2055 2971 est

464 3004 747 3061 abundare
785 3005 1189 3072 misericordia,
1220 3011 1283 3059 ut
1324 3012 1377 3059 et
1408 3020 1519 3059 non
1541 3003 2057 3077 postulantibustri-

463 3096 686 3153 buatur.
739 3096 867 3153 Haec
925 3104 1110 3152 tamen
1151 3095 1391 3153 charitas
1446 3096 1545 3152 Dei
1576 3104 1656 3153 est
1685 3113 1811 3170 erga
1845 3113 1964 3165 nos,
1996 3102 2059 3152 ut

2159 1921 2248 1978 bis
2286 1919 2402 1992 jam
2450 1919 2658 1976 renatis
2681 1917 2948 1987 decrevit,
2980 1916 3249 1990 promissa
3276 1932 3587 1974 mereamur
3612 1915 3763 1974 acci-

2163 2025 2309 2084 pere.

2237 2100 2419 2174 (Vers.
2470 2098 2556 2168 11,
2596 2099 2711 2172 12.)
2768 2124 2787 2147 ι
2834 2096 3098 2157 Memoria
3142 2094 3473 2166 retinentes,
3521 2113 3631 2154 vos
3671 2097 3760 2172 qui

2164 2188 2462 2263 aliquando
2514 2188 2681 2245 eratis
2735 2196 2941 2262 gentes,
2991 2188 3050 2245 in
3099 2202 3281 2255 carne,
3344 2185 3439 2260 qui
3505 2184 3758 2244 dicimini

2164 2280 2517 2354 praeputium,
2544 2278 2613 2335 ab
2653 2294 2712 2335 ea
2747 2294 2869 2353 quae
2896 2277 3103 2334 dicitur
3129 2274 3478 2333 circumcisio
3510 2274 3571 2332 in
3601 2291 3756 2334 carne

2165 2369 2517 2436 manufacta;
2562 2367 2822 2442 quoniam
2883 2367 3048 2424 eratis
3104 2366 3204 2422 illo
3251 2364 3312 2421 in
3354 2372 3606 2437 tempore
3649 2364 3758 2421 sine

2166 2460 2406 2527 Christo,
2438 2458 2661 2516 alienati
2691 2474 2722 2515 a
2750 2458 3168 2516 conversatione
3209 2455 3397 2526 Israel,
3428 2462 3484 2512 et
3521 2455 3760 2530 hospites

2164 2560 2642 2620 testamentorum,
2691 2559 2745 2609 et
2792 2549 3173 2625 promissionis
3220 2566 3410 2606 eorum
3459 2566 3613 2622 spem
3655 2564 3759 2605 non

2165 2643 2448 2710 habentes,
2498 2649 2551 2697 et
2599 2640 2718 2698 sine
2745 2643 2860 2698 Deo
2890 2640 2949 2697 in
2978 2640 3083 2697 hoc
3112 2637 3343 2695 mundo.
3374 2663 3393 2686 ι
3435 2636 3762 2695 Commonet

2166 2740 2372 2807 gentes,
2427 2740 2491 2789 ut
2541 2731 2960 2789 reminiscentes
3007 2729 3142 2805 quid
3168 2729 3378 2787 fuerint
3408 2728 3594 2802 (erant
3621 2728 3759 2786 enim

2164 2824 2430 2908 carnales,
2483 2830 2538 2879 et
2579 2823 2699 2880 sine
2727 2838 2840 2895 spe,
2872 2821 3083 2878 nullam
3108 2817 3491 2893 promissionis
3518 2833 3759 2877 commu-

2163 2904 2391 2973 nionem
2448 2914 2715 2972 habentes
2768 2914 3084 2972 Judzeorum
3141 2911 3201 2969 in
3248 2910 3498 2981 Christo;
3562 2909 3762 2969 Iudaeis

2167 3005 2317 3063 enim
2367 3007 2670 3079 promissus
2718 3013 2835 3063 erat
2878 3003 3150 3074 Christus,
3196 3020 3309 3061 non
3353 3002 3662 3077 gentibus),
3707 3010 3765 3060 ut

2165 3095 2491 3168 propensius
2520 3096 2720 3169 gratias
2749 3103 2910 3169 agant
2939 3095 3053 3152 Deo
3081 3110 3180 3169 per
3211 3093 3517 3163 Christum,
3549 3092 3652 3169 qui
3671 3091 3763 3149 mi-

460 3185 591 3260 quia
637 3184 771 3243 fecit
818 3201 939 3257 nos,
980 3185 1123 3243 nolit
1151 3184 1330 3259 perire
1359 3202 1460 3243 nos
1484 3204 1497 3255 ;
1529 3184 1712 3259 diligit
1740 3186 1887 3242 enim
1919 3201 2057 3259 opus
2093 3213 2138 3276 α
2168 3181 2469 3240 sericordia
2496 3200 2593 3240 sua
2622 3184 2753 3242 fecit
2781 3184 2909 3241 illos
2932 3183 3227 3258 participes
3255 3183 3624 3258 spiritalium,
3646 3198 3765 3241 cum

460 3291 643 3334 suum.
694 3275 908 3334 Idcirco
955 3274 1103 3333 enim
1134 3274 1285 3346 fecit,
1327 3283 1391 3333 ut
1429 3282 1656 3345 amaret,
1689 3274 1837 3351 quod
1874 3273 2006 3332 fecit
2036 3290 2050 3341 ;

458 3380 622 3443 nemo
652 3366 800 3423 enim
831 3365 1075 3425 laborem
1097 3382 1258 3423 suum
1288 3366 1418 3423 odio
1445 3365 1627 3422 habet.

531 3455 716 3528 (Vera.
762 3456 844 3528 5.)
918 3479 938 3505 ι
985 3457 1059 3512 Et
1113 3473 1239 3512 cum
1285 3458 1492 3513 mortui
1530 3472 1770 3513 essemus
1795 3454 2051 3530 peccatis,

453 3541 874 3601 conviviﬁcavit
928 3558 1031 3598 nos
1085 3544 1144 3598 in
1200 3543 1440 3601 Christo.
1486 3568 1507 3592 ι
1576 3546 1627 3602 Α
1669 3546 1783 3601 Deo
1831 3543 2056 3600 alienati

456 3630 671 3687 mortui
711 3646 959 3687 eramus:
1021 3631 1195 3703 gratia
1240 3639 1423 3687 autem
1471 3649 1568 3689 sua
1614 3633 1896 3690 revocavit
1931 3648 2054 3703 nos,

383 3715 386 3718 ’
457 3718 566 3776 hoc
612 3727 715 3791 est,
760 3719 1075 3778 viviﬁcavit
1112 3736 1213 3777 nos
1251 3719 1309 3776 in
1339 3719 1582 3778 Christo.
1615 3721 1757 3789 Quia
1783 3722 1931 3778 enim
1961 3739 2059 3795 per

456 3808 640 3884 ipsum
690 3826 792 3868 nos
837 3810 990 3882 fecit,
1040 3811 1244 3867 iterum
1275 3828 1371 3885 per
1401 3812 1578 3884 ipsum
1608 3828 1708 3867 nos
1738 3813 2058 3869 reformavit

455 3899 515 3956 in
568 3900 711 3975 ipso,
759 3900 818 3959 id
864 3909 967 3973 est,
1024 3909 1087 3959 ut
1138 3900 1257 3975 ejus
1302 3901 1547 3958 membra
1577 3901 1796 3970 simus;
1829 3902 1945 3975 ipse
1973 3909 2056 3960 est

453 4001 640 4052 autem
699 4003 863 4069 caput
909 3984 1200 4063 nostrum;
1236 3993 1415 4067 ipsum
1448 3993 1595 4050 enim
1628 3992 1914 4062 habemus,
1942 3994 2057 4050 Deo

455 4093 770 4158 praestante,
802 4092 1082 4144 auctorem
1110 4085 1241 4141 vitae
1270 4092 1492 4153 nostrae,
1524 4083 1667 4142 sicut
1696 4082 1835 4141 dicit
1863 4084 2058 4141 Petrus

455 4175 782 4246 apostolus:
869 4199 889 4223 ι
944 4174 1244 4230 Auctorem
1315 4185 1448 4232 vero
1500 4175 1633 4231 vitm
1697 4172 2055 4231 interfecistis

458 4258 603 4331 (Act.
634 4276 719 4329 III,
754 4259 867 4333 I5).
897 4285 917 4309 ι

534 4347 719 4421 (Vers.
751 4350 831 4415 6.)
874 4374 894 4398 ι
923 4350 1095 4425 Cujus
1135 4350 1305 4424 gratia
1332 4351 1470 4408 salvi
1507 4351 1638 4409 facti
1667 4352 1816 4409 estis.
1850 4377 1870 4401 ι
1912 4351 2056 4411 Huic

462 4436 612 4495 dono
660 4436 815 4494 addit
845 4448 900 4496 et
939 4446 1163 4512 gentes;
1200 4439 1517 4512 signiﬁcans
1545 4442 1781 4499 salvatos
1816 4458 1918 4499 nos
1944 4458 2060 4500 esse

456 4528 485 4602 τ
489 4527 546 4602 3)
582 4526 756 4601 gratia
783 4528 1011 4587 Christi.
1058 4594 1074 4609 ,

536 4626 718 4702 (Vers.
767 4626 846 4701 7.)
903 4652 922 4675 ι
954 4626 1027 4683 Et
1057 4625 1222 4683 simul
1254 4626 1565 4700 suscitavit,
1597 4636 1652 4686 et
1679 4628 1843 4687 simul
1873 4647 2059 4689 conse-

457 4716 586 4776 dere
624 4717 757 4774 fecit
812 4716 873 4774 in
905 4715 1224 4775 caelestibus
1253 4716 1312 4774 in
1344 4717 1565 4777 Christo
1593 4719 1740 4777 Jesu.
1772 4746 1791 4770 ι
1834 4721 1950 4779 Hoc
1978 4721 2058 4779 di-

457 4807 557 4879 cit,
623 4806 771 4882 quod
818 4823 985 4882 supra
1032 4807 1356 4879 memoravi,
1408 4807 1528 4865 illic
1572 4808 1789 4868 futuros
1844 4818 2061 4869 sanctos

460 4896 628 4955 etiam
650 4915 721 4956 ex
750 4898 1028 4974 gentibus,
1058 4894 1157 4955 ubi
1188 4906 1241 4957 et
1271 4897 1524 4958 Christus
1552 4907 1633 4957 est
1661 4908 1824 4975 caput
1845 4918 2057 4963 eorum.

516 4990 719 5067 .(Vers.
760 4994 841 5070 8.)
905 5020 925 5045 ι
971 4995 1043 5054 Ut
1094 4992 1410 5054 ostenderet
1458 4997 1517 5055 in
1565 4998 1782 5056 saeculis
1804 5014 2060 5072 superve-

462 5083 746 5161 nientibus
793 5085 1301 5160 superabundantes
1345 5085 1574 5145 divitias
1616 5089 1802 5162 gratia;
1842 5105 1952 5146 suae
2000 5088 2060 5144 in

460 5172 709 5231 bonitate
738 5190 901 5248 super
930 5191 1032 5258 pos
1053 5174 1110 5230 in
1127 5173 1347 5232 Christo
1377 5175 1523 5235 Iesu.
1557 5201 1575 5224 ι
1620 5177 1736 5235 Hoc
1766 5176 2058 5251 signiﬁcat,

461 5264 593 5339 quia
621 5265 681 5322 in
710 5264 899 5322 futuro
928 5266 1129 5323 saeculo
1162 5264 1470 5323 immortale
1516 5268 1726 5325 donum
1772 5268 1872 5325 Dei
1896 5284 2059 5343 appa-

464 5351 607 5409 rebit
651 5353 712 5411 in
749 5353 1193 5411 remuneratione
1222 5353 1507 5426 ﬁdelium;
1540 5358 1687 5433 quod
1725 5352 1920 5416 oculus
1947 5374 2060 5416 non

464 5440 631 5510 vidit,
679 5457 782 5500 nec
809 5443 958 5500 auris
986 5443 1222 5514 audivit,
1261 5460 1363 5503 nec
1392 5444 1452 5501 in
1479 5462 1576 5503 cor
1604 5446 1850 5504 hominis
1878 5464 2060 5507 ascen-

462 5527 569 5600 dit,
597 5545 722 5605 quin
749 5535 1078 5609 praeparavit
1105 5535 1253 5594 Deus
1278 5535 1641 5609 diligentibus
1653 5538 1845 5613 eum(I
1862 5538 2059 5611 Com,

538 5709 622 5788 (3)
653 5710 817 5771 Rom.
861 5712 997 5773 edit.
1030 5713 1168 5785 sola,
1201 5677 1434 5774 salvatos
1457 5732 1557 5774 nos
1581 5733 1757 5776 omnes
1792 5736 1916 5791 esse,
1950 5728 2057 5776 etc.

2167 3281 2349 3330 essent
2400 3275 2664 3331 carnales.
2710 3273 2838 3331 Ideo
2888 3282 3073 3331 tamen
3126 3274 3503 3345 circumcisio,
3555 3276 3662 3345 ait,
3712 3273 3766 3328 in

2165 3380 2328 3422 carne
2374 3364 2711 3432 manufacta,
2759 3373 2824 3423 ut
2865 3366 3203 3441 signiﬁcaret
3230 3367 3394 3425 aliam
3432 3382 3549 3423 non
3582 3380 3767 3423 manu-

2162 3455 2367 3514 factam
2396 3454 2724 3529 spiritalem.

2239 3546 2420 3619 (Vers.
2455 3546 2568 3618 13.)
2615 3568 2634 3593 ι
2662 3546 2827 3603 Nunc
2855 3554 3040 3605 autem
3071 3545 3130 3603 in
3151 3544 3374 3606 Christo
3392 3545 3523 3604 Iesu
3547 3563 3660 3605 vos
3679 3543 3768 3622 qui

2167 3635 2467 3709 aliquando
2496 3636 2657 3709 longe
2687 3635 2874 3707 eratis,
2907 3636 3039 3693 facti
3069 3636 3199 3695 estis
3228 3653 3396 3711 prope
3424 3654 3523 3712 per
3550 3639 3771 3713 sangui-

2166 3742 2294 3783 nem
2331 3727 2555 3786 Christi.
2597 3753 2616 3776 ι
2662 3726 2863 3785 Adhuc
2894 3726 3105 3784 donum
3144 3735 3199 3786 et
3227 3729 3455 3803 gratiam
3485 3729 3597 3787 Dei
3626 3746 3768 3788 com-

2168 3817 2411 3888 mendat,
2444 3820 2535 3877 cui
2564 3836 2666 3876 nos
2691 3834 2906 3893 semper
2934 3819 3090 3876 velut
3119 3818 3394 3876 obnoxios
3422 3820 3636 3893 gratias
3655 3821 3769 3878 vult

2166 3905 2389 3976 referre;
2423 3908 2632 3966 idcirco
2663 3907 2813 3966 enim
2862 3907 2923 3965 in
2953 3908 3218 3981 sanguine
3248 3906 3455 3967 Christi
3483 3908 3773 3981 proximos

2166 4014 2267 4054 nos
2294 3999 2408 4055 Deo
2440 3999 2613 4056 factos
2642 4007 2932 4070 memorat,
2958 4006 3022 4055 ut
3052 4005 3321 4072 quantum
3348 3997 3617 4056 aﬁ'ectum
3632 3999 3775 4056 circa

2166 4104 2267 4144 nos
2296 4086 2495 4144 habeat
2522 4090 2692 4160 Deus,
2724 4089 3058 4160 ostenderet,
3089 4088 3185 4163 qui
3225 4106 3324 4164 pro
3352 4087 3514 4145 nobis
3560 4088 3773 4146 Filium

2166 4194 2327 4235 suum
2382 4179 2523 4235 mori
2572 4181 2856 4253 permisit;
2890 4187 2954 4238 ut
2981 4187 3035 4237 et
3064 4196 3167 4237 nos
3197 4178 3257 4235 in
3287 4179 3396 4237 ﬁde
3424 4177 3546 4251 ejus
3572 4179 3777 4236 durau-

2168 4276 2267 4340 tes,
2295 4269 2558 4328 omnibus
2585 4271 2776 4328 exitiis
2804 4287 2904 4344 pro
2934 4271 3034 4327 illo
3061 4270 3224 4328 nobis
3265 4268 3439 4326 illatis
3469 4285 3590 4325 non
3623 4267 3778 4327 ceda-

2168 4375 2312 4429 mus,
2360 4359 2596 4417 scientes
2642 4362 2767 4433 plus
2800 4360 2963 4416 illum
3009 4358 3078 4416 de
3134 4359 3298 4416 nobis
3343 4356 3574 4425 mereri,
3611 4372 3776 4432 quam

2169 4465 2511 4524 quaecunque
2550 4449 2618 4505 ab
2670 4448 2913 4507 inimicis
2962 4454 3190 4523 possunt
3226 4444 3460 4505 inferri:
3491 4446 3599 4502 ille
3628 4446 3778 4502 enim

2169 4552 2296 4593 cum
2338 4538 2410 4594 sit
2447 4538 2739 4607 Dominus,
2770 4546 2824 4595 et
2854 4537 3067 4594 nullius
3094 4543 3267 4609 egeat,
3300 4532 3510 4590 obtulit
3539 4549 3605 4590 se
3633 4536 3780 4598 236

2170 4653 2268 4710 pro
2314 4635 2510 4699 nobis:
2561 4645 2623 4694 ut
2662 4654 2774 4695 non
2828 4637 2935 4708 illi,
2976 4637 3070 4695 sed
3108 4634 3269 4692 nobis
3316 4630 3639 4706 proﬁceret.
3671 4630 3782 4687 Nos

2169 4728 2317 4784 enim
2349 4728 2564 4785 etiamsi
2594 4728 2757 4786 nobis
2792 4744 2905 4784 non
2937 4726 3244 4801 proﬁceret,
3274 4723 3420 4780 forte
3448 4736 3786 4795 cogeremur

2169 4816 2309 4874 mori
2348 4835 2448 4892 pro
2495 4819 2613 4892 ipso
2661 4817 2888 4875 domino
2929 4815 3112 4874 servi:
3174 4821 3382 4890 quanto
3426 4812 3611 4885 magis
3653 4825 3783 4869 cum

2170 4925 2280 4965 non
2329 4911 2507 4965 solum
2538 4907 2714 4978 illius,
2746 4908 2841 4967 sed
2867 4915 2921 4966 et
2958 4913 3147 4965 nostra
3182 4920 3333 4961 mors
3362 4901 3526 4960 nobis
3551 4907 3787 4976 prastet

2169 4998 2425 5055 effectum
2448 4999 2462 5055 l
2882 5039 2887 5045 .

2244 5085 2425 5158 (Vers.
2478 5087 2593 5160 14.)
2639 5111 2658 5136 ι
2685 5088 2807 5161 Ipse
2834 5085 2981 5144 enim
3009 5092 3091 5143 est
3130 5099 3239 5159 pax
3268 5090 3479 5153 nostra,
3513 5083 3618 5157 qui
3652 5081 3790 5143 fecit

2168 5183 2400 5251 utraque
2446 5193 2642 5246 unum,
2676 5185 2732 5234 et
2781 5175 3025 5233 medium
3068 5174 3331 5248 parietem
3382 5174 3650 5231 maceria
3678 5162 3790 5230 sol?

2169 5282 2326 5336 vens,
2369 5265 2693 5323 inimicitias
2738 5266 2797 5322 in
2825 5281 2987 5322 carne
3014 5280 3132 5322 sua.
3168 5290 3188 5314 ι
3234 5263 3431 5320 Pacem
3466 5262 3607 5322 fecit
3635 5263 3792 5322 inter

2169 5355 2650 5421 circumcisionem
2707 5364 2761 5413 et
2812 5355 3143 5430 praeputium
3193 5353 3374 5427 passio
3443 5352 3788 5410 Salvatoris.

2168 5447 2527 5505 Inimicitiam
2556 5446 2729 5517 enim,
2771 5463 2893 5521 quae
2924 5447 3080 5502 velut
3108 5443 3288 5519 paries
3327 5441 3514 5499 media
3559 5451 3715 5513 erat,
3738 5451 3795 5501 et

2170 5536 2453 5596 dividebat
2479 5536 2961 5596 circumcisionem
2990 5533 3328 5611 apraeputio,
3350 5541 3407 5591 et
3436 5534 3793 5608 prmputium

2245 5714 2328 5791 (4)
2358 5714 2624 5776 Nonnulli
2652 5732 2809 5787 mss.,
2842 5720 3080 5773 errantes
3101 5729 3277 5770 oms
3304 5711 3380 5770 ad
3410 5712 3596 5785 ﬁdem.
