3908 6192
203 262 303 320 401

1268 258 1630 318 COMMENT.
1670 257 1741 315 IN
1778 255 1994 314 EPIST.
2034 257 2132 313 AD
2169 256 2414 314 EPHES.

3385 260 3503 334 to:

203 406 235 446 a
268 387 711 454 circumcisione,
759 387 905 444 hanc
934 387 1103 444 solvit
1130 369 1403 455 Salvator,
1433 384 1569 442 dans
1616 385 1788 458 legem
1822 386 1873 446 A
1904 383 2197 456 participes
2243 400 2452 454 eorum,
2484 387 2578 460 qui
2619 402 2784 459 prope
2830 387 3007 444 Deum
3049 388 3494 456 erant,concives

204 485 264 536 ut
289 493 466 552 neque
509 475 730 534 Iudaeus
774 492 1110 550 praesumens
1134 475 1202 533 de
1246 475 1668 534 circumcisione
1696 491 1794 531 re-

205 569 458 642 probaret
509 567 791 642 gentilem,
822 583 999 640 neque
1041 567 1262 640 gentilis
1290 566 1434 623 ﬁdus
1476 565 1543 622 de
1573 582 1799 638 praepu-

204 657 302 728 tio,
330 657 388 715 id
417 666 519 725 est,
568 656 636 713 de
668 657 999 730 paganitate,
1051 655 1461 712 abominaretur
1505 655 1794 722 Judaeum;

204 746 299 802 sed
329 754 390 802 ut
412 749 576 804 ambo
613 745 886 813 innovati,
918 744 1084 801 unius
1111 743 1212 800 Dei
1249 744 1411 799 ﬁdem
1445 752 1801 816 sequerentur

204 833 263 890 in
297 833 541 893 Christo.
572 835 772 892 Omnia
798 833 946 890 enim
975 851 1095 907 quae
1124 833 1314 890 docuit
1341 833 1614 901 Salvator,
1667 841 1801 889 tunc

202 923 470 994 ﬁrmavit,
519 942 645 982 cum
692 923 993 982 resurrexit
1039 940 1070 978 a
1100 921 1350 978 mortuis.
1399 922 1668 978 Parietem
1705 929 1799 978 ta-

202 1033 355 1084 men,
387 1016 483 1090 qui
514 1015 725 1072 medius
773 1021 906 1082 erat,
935 1012 1190 1070 dividens
1236 1013 1381 1068 inter
1409 1013 1580 1084 legem
1612 1012 1800 1069 facto-

203 1120 327 1160 rum
358 1113 409 1160 et
440 1103 820 1176 gentilitatem,
851 1102 1143 1158 maceriam
1187 1100 1304 1158 sive
1343 1117 1527 1174 sepem
1570 1101 1800 1174 signiﬁ—

201 1191 370 1261 cavit,
422 1191 481 1249 id
523 1200 635 1261 est,
680 1207 794 1248 non
838 1191 1103 1264 parietem
1151 1190 1427 1259 stabilem,
1476 1206 1654 1264 neque
1700 1207 1800 1246 ro—

201 1281 458 1349 bustum;
493 1283 622 1356 quia
649 1296 828 1354 neque
862 1280 1139 1355 gentilitas
1163 1279 1324 1336 ﬁrma
1353 1296 1438 1336 res
1467 1288 1603 1348 erat,
1645 1281 1801 1353 quasi

202 1371 275 1428 ab
301 1372 526 1428 homine
572 1372 820 1440 inventa,
869 1387 1044 1445 neque
1082 1370 1452 1438 circumcisio,
1484 1379 1538 1427 et
1568 1387 1803 1426 neomc-

203 1461 618 1530 niae,escarum,
640 1470 693 1517 et
727 1459 1148 1528 sacriﬁciorum,
1171 1461 1259 1516 vel
1305 1459 1668 1516 Sabbatorum
1699 1467 1800 1516 sta-

203 1550 334 1608 bilis
377 1558 431 1607 et
488 1550 600 1606 ﬁxa
645 1549 989 1616 observatio;
1040 1549 1120 1606 sic
1173 1550 1320 1605 enim
1376 1549 1501 1606 d'ata
1551 1557 1698 1617 sunt,
1742 1557 1802 1606 ut

199 1648 496 1708 cessarent,
529 1638 856 1697 adveniente
887 1639 1127 1698 Christo.
1167 1639 1431 1707 Quamvis
1475 1639 1624 1695 enim
1653 1639 1800 1694 Deus

1904 471 2035 529 facti
2085 471 2330 529 ﬁliorum
2381 474 2500 530 Dei.
2558 474 2712 532 Sicut
2765 475 2911 532 enim
2972 493 3315 551 quaecunque
3359 495 3492 552 gens

1908 565 2278 621 Romanorum
2308 581 2494 636 pacem
2523 567 2676 639 sequi
2713 566 3063 635 desideravit,
3093 569 3294 627 oblatis
3331 570 3494 629 donis

1907 663 2158 726 suscepta
2185 662 2303 721 est;
2341 661 2403 709 ut
2443 662 2623 710 essent
2653 655 2801 712 cives
2841 657 3092 725 Romani,
3141 659 3493 732 quemadmo-

1909 740 2042 797 dum
2095 741 2652 801 Tharso-Cilicienses
2684 787 2700 812 ,
2748 743 2894 800 unde
2956 747 3252 818 Apostolus
3314 749 3494 808 civem

1909 831 2216 888 Romanum
2255 850 2312 890 se
2356 833 2494 890 dicit
2525 833 2665 905 (Act.
2717 851 2858 903 χχιι,
2889 835 3020 906 25);
3065 837 3142 893 ita
3182 846 3236 893 et
3269 839 3495 911 quicun-

1909 939 2015 997 que
2043 921 2172 978 ﬁdei
2215 938 2272 978 se
2301 921 2630 979 Christianae
2668 921 2978 992 sociaverit,
3011 923 3075 980 ﬁt
3119 925 3261 982 civis
3286 936 3500 987 sancto-

1909 1030 2034 1068 rum
2065 1021 2118 1067 et
2148 1012 2482 1068 domesticus
2501 1013 2621 1068 Dei.

1984 1102 2167 1174 (Vers.
2205 1100 2320 1174 20.)
2369 1125 2386 1147 ε
2414 1101 2847 1174 διιρθτωᾱὶίίαδιί
2888 1119 3052 1176 supra
3081 1102 3501 1164 fundamentum

1909 1192 2283 1266 apostolorum
2323 1200 2377 1248 et
2399 1192 2812 1265 prophetarum,
2847 1193 2966 1267 ipso
2994 1211 3212 1252 summo
3252 1198 3503 1269 angulari

1910 1281 2090 1356 lapide
2120 1280 2340 1340 Christo
2371 1282 2518 1338 Jesu.
2550 1307 2568 1331 ›
2615 1283 2732 1341 Hoc
2769 1293 2850 1342 est
2893 1301 3059 1358 supra
3087 1301 3296 1342 novum
3326 1298 3381 1343 et
3406 1305 3506 1344 ve-

1908 1381 1999 1430 tus
2045 1373 2454 1429 Testamentum
2531 1373 2806 1431 collocati.
2868 1373 3027 1442 Quod
3073 1375 3222 1433 enim
3253 1377 3504 1450 apostoli

1912 1462 2346 1536 praedicaverunt
2395 1462 2476 1534 (6)
2512 1505 2527 1530 ,
2579 1462 2858 1536 prophetae
2906 1463 3158 1521 futurum
3203 1464 3502 1535 dixerunt;

1911 1555 2163 1629 quamvis
2191 1554 2340 1612 dicat
2384 1555 2454 1610 ad
2493 1553 2843 1612 Corinthios:
2890 1577 2910 1602 ‹
2937 1557 3105 1625 Deus,
3150 1557 3355 1631 inquit,
3387 1558 3508 1630 pri-

1910 1661 2062 1701 mum
2092 1645 2275 1717 posuit
2303 1644 2361 1700 in
2390 1645 2636 1701 Ecclesia
2664 1645 2961 1716 apostolos,
2993 1647 3234 1703 secundo
3273 1646 3504 1720 prophe-

200 1730 327 1790 haec
373 1728 607 1799 dederit,
638 1728 732 1788 sed
778 1729 846 1786 ad
883 1739 1128 1801 tempus:
1177 1729 1308 1786 ﬁdei
1337 1738 1520 1786 autem
1550 1728 1707 1784 ﬁrma
1740 1735 1793 1783 et
1823 1749 1870 1811 Β
1908 1743 1990 1791 tas
2021 1735 2074 1807 (1
2107 1735 2231 1792 Cor.
2281 1751 2384 1804 xu,
2424 1733 2540 1805 28).
2574 1759 2593 1782 ι
2637 1733 2742 1790 Sed
2781 1733 2840 1790 hi
2869 1734 2966 1790 alii
3013 1733 3291 1808 prophetae
3338 1743 3500 1804 sunt;

195 1822 326 1879 sine
353 1837 662 1880 successore
691 1829 770 1878 est
797 1820 1134 1894 praedicatio.

274 1911 458 1985 (Vers.
512 1911 624 1983 15.)
691 1936 711 1960 ‹
756 1911 952 1984 Legem
1022 1911 1409 1968 mandatorum
1458 1910 1517 1966 in
1563 1910 1798 1969 decretis

198 2019 496 2072 evacuans,
530 2010 592 2060 ut
616 2001 754 2060 duos
800 2002 1060 2061 conderet
1091 2003 1150 2059 in
1178 2002 1380 2075 seipso,
1410 2003 1468 2059 in
1511 2019 1624 2058 uno
1651 2018 1799 2058 novo

196 2095 429 2152 homine
459 2094 667 2151 faciens
692 2109 903 2166 pacem.
934 2118 954 2139 ι
1002 2094 1118 2150 Hoc
1145 2101 1227 2149 est
1254 2092 1402 2166 quod
1446 2109 1609 2164 supra
1638 2108 1801 2148 sum—

194 2185 403 2243 matim
451 2182 793 2248 memoravi;
827 2181 958 2254 quia
983 2182 1182 2252 legem,
1225 2198 1346 2253 quae
1392 2180 1517 2237 data
1550 2189 1665 2238 erat
1694 2181 1802 2236 Ju-

191 2273 342 2332 dmis
373 2273 436 2330 in
464 2269 907 2340 circumcisione,
937 2279 993 2325 et
1030 2269 1089 2325 in
1119 2270 1442 2338 neomeniis,
1473 2277 1527 2325 et
1556 2270 1614 2325 in
1643 2270 1801 2336 escis,

193 2372 255 2422 et
287 2364 350 2420 in
379 2360 691 2429 sacriﬁciis,
731 2367 786 2416 et
814 2359 874 2415 in
912 2358 1168 2427 Sabbato,
1201 2358 1512 2427 evacuavit,
1556 2357 1661 2414 hoc
1700 2366 1802 2426 est,

195 2473 414 2518 cessare
457 2456 578 2529 jam
615 2454 819 2528 jussit;
869 2453 1000 2528 quia
1036 2453 1193 2511 oneri
1239 2463 1420 2522 erant,
1467 2461 1522 2510 et
1549 2453 1629 2511 sic
1674 2452 1806 2509 fecit

196 2563 416 2622 pacem.
446 2544 606 2604 Unde
635 2545 827 2602 Petrus
850 2545 1132 2618 apostolus
1163 2541 1300 2600 dicit
1327 2543 1386 2598 in
1404 2542 1559 2599 Actis
1579 2549 1806 2615 aposto-

198 2640 386 2697 lorum
423 2655 435 2694 :
509 2660 528 2683 ι
587 2635 733 2704 Quid
765 2633 1056 2708 imponitis
1083 2631 1279 2706 jugum
1307 2649 1474 2706 supra
1533 2632 1804 2689 cervicem

196 2728 462 2796 fratrum,
498 2725 647 2800 quod
674 2741 852 2798 neque
884 2732 1065 2797 patres
1110 2723 1306 2793 nostri,
1338 2737 1516 2795 neque
1566 2738 1666 2778 nos
1695 2739 1804 2795 po-

193 2817 422 2876 tuimus
451 2823 665 2889 portare
695 2814 836 2886 (Act.
867 2831 966 2882 xv,
998 2814 1089 2885 10)
1123 2814 1151 2871 ?
1179 2839 1199 2864 ι

282 2905 470 2979 (Vers.
507 2905 620 2977 16.)
667 2929 685 2952 ι
714 2903 786 2961 Ut
809 2901 1098 2960 exhiberet
1124 2911 1178 2960 et
1205 2902 1587 2960 reconciliaret
1613 2900 1804 2958 ambos

193 2999 264 3055 in
311 3012 427 3053 uno
455 3011 681 3068 corpore
725 2996 839 3051 Deo
885 3010 982 3066 per
1010 3010 1287 3052 crucem»
1331 2993 1557 3050 Sublata
1602 2992 1804 3049 inimi—

193 3086 360 3156 citia,
403 3092 582 3141 morte
631 3100 731 3140 sua
772 3081 1024 3141 Christus
1079 3083 1236 3154 prius
1279 3084 1512 3156 populos
1560 3082 1704 3138 inter
1747 3098 1804 3138 se

192 3174 610 3243 reconciliavit,
652 3172 852 3230 deinde
893 3173 1008 3229 Deo
1051 3172 1202 3228 Patri
1249 3171 1506 3244 paciﬁcos
1549 3171 1712 3237 fecit;
1745 3178 1804 3226 ut

192 3266 462 3326 homines
503 3273 715 3322 naturae
765 3263 953 3332 unius,
989 3261 1120 3335 quia
1160 3261 1364 3318 diversi
1414 3259 1546 3318 facti
1587 3261 1804 3316 fuerant

190 3373 300 3433 per
343 3372 606 3426 errorem,
662 3353 909 3412 membra
957 3352 1302 3410 efﬁcerentur
1348 3350 1516 3408 unius
1561 3350 1806 3424 corporis

190 3446 362 3516 novi,
391 3445 551 3518 cujus
583 3453 746 3518 caput
780 3443 1035 3502 Christus
1062 3449 1164 3499 est.

277 3535 465 3608 (Vers.
499 3535 587 3603 17,
619 3534 732 3606 18.)
755 3559 772 3582 ι
801 3531 1143 3590 Interﬁciens
1172 3529 1496 3588 inimicitias
1523 3529 1583 3585 in
1613 3537 1804 3586 semet-

191 3627 348 3700 ipso,
400 3632 456 3681 et
501 3623 731 3680 veniens
777 3621 1179 3696 evangelizavit
1224 3636 1412 3693 pacem
1459 3618 1619 3676 vobis
1645 3661 1660 3688 ,
1711 3617 1806 3691 qui

190 3721 390 3793 longe,
420 3727 478 3776 et
506 3734 692 3792 pacem
717 3717 804 3784 iis,
829 3717 924 3791 qui
940 3715 1103 3788 juxta
1127 3734 1140 3784 ;
1167 3715 1297 3788 quia
1314 3729 1412 3787 per
1432 3713 1613 3786 ipsum
1643 3711 1806 3769 habe-

190 3827 331 3868 mus
365 3823 644 3886 accessum
677 3807 897 3880 utrique
937 3806 998 3863 in
1022 3822 1134 3862 uno
1167 3804 1377 3878 Spiritu
1403 3801 1474 3860 ad
1502 3803 1740 3858 Patrem.
1773 3826 1793 3850 ι

188 3900 361 3958 Idem
390 3915 580 3956 sensus
606 3905 726 3967 est;
763 3896 1043 3954 interfecit
1073 3895 1221 3953 enim
1253 3892 1606 3950 inimicitiam
1639 3892 1698 3948 in
1727 3909 1804 3960 se,

189 3990 340 4047 dum
392 4005 490 4062 pro
540 3987 801 4045 omnibus
864 3994 977 4043 tam
1019 3985 1224 4041 Iudaeis
1291 3999 1456 4056 quam
1509 3981 1808 4055 gentilibus

190 4086 462 4137 mortuus
504 4085 606 4135 est.
639 4075 915 4134 Omnibus
937 4075 1087 4132 enim
1118 4073 1340 4146 proﬁcit
1387 4089 1536 4129 mors
1565 4072 1808 4129 Salvato-

188 4169 320 4235 ris;
375 4181 666 4238 resurgens
703 4164 852 4220 enim
899 4181 932 4219 a
981 4163 1215 4219 mortuis
1240 4206 1256 4231 ,
1304 4161 1561 4218 damnata
1611 4167 1806 4228 morte,

188 4273 327 4332 quae
369 4253 598 4310 tenebat
636 4267 846 4320 omnes,
883 4250 1123 4307 ostendit
1160 4266 1324 4323 quam
1353 4265 1503 4320 spem
1547 4249 1810 4304 haberent

189 4347 497 4406 credentes
527 4343 585 4400 in
633 4358 781 4399 eum.
831 4338 1287 4397 Hincmandavit
1338 4337 1807 4413 praedicationem,

191 4453 314 4511 qua
339 4450 536 4492 omnes
566 4436 1004 4490 convocarentur
1034 4429 1103 4486 ad
1138 4431 1311 4486 Deum
1341 4429 1556 4486 Patrem
1586 4427 1644 4484 in
1675 4427 1810 4484 uni—

193 4534 316 4583 tate
358 4523 623 4597 Spiritus,
667 4521 837 4579 scissa
879 4519 1175 4591 discordia,
1207 4526 1271 4576 ut
1311 4518 1427 4576 sive
1463 4517 1639 4575 Judaei
1689 4516 1805 4591 (qui

193 4632 379 4691 prope
424 4612 552 4670 ideo
603 4611 890 4680 dicuntur,
925 4611 1054 4684 quia
1097 4610 1344 4684 ipsorum
1387 4609 1634 4682 patribus
1663 4609 1807 4665 facta

193 4702 502 4778 promissio
532 4701 664 4773 est),
693 4701 811 4757 sive
849 4699 1080 4773 gentiles
1113 4699 1232 4773 (qui
1263 4698 1385 4756 ideo
1429 4699 1589 4772 longe
1617 4697 1807 4754 dicun-

194 4801 320 4862 tur,
379 4791 512 4865 quia
556 4790 656 4847 Dei
720 4791 895 4863 legem
942 4805 1056 4845 non
1114 4795 1437 4861 receperunt
1483 4787 1665 4843 datam
1712 4803 1808 4859 per

193 4879 488 4954 Moysen),
519 4878 737 4936 sublato
778 4877 1056 4952 praeterito
1092 4878 1226 4946 ritu,
1275 4878 1614 4951 susciperent
1641 4873 1805 4931 ﬁdem

195 4973 572 5044 Christi,per
603 4988 766 5045 quam
795 4971 1140 5029 efﬁcerentur
1166 4987 1362 5027 unum.

285 5073 472 5146 (Vers.
507 5069 622 5141 19.)
665 5094 684 5119 ι
712 5071 858 5143 Ergo
883 5069 996 5143 jam
1044 5086 1157 5127 non
1185 5069 1319 5126 estis
1352 5065 1596 5140 hospites
1633 5073 1687 5122 et
1713 5063 1811 5120 in-

195 5163 348 5221 colat
398 5160 506 5233 (5),
555 5159 652 5216 sed
678 5158 808 5216 estis
855 5158 1003 5216 cives
1031 5167 1370 5225 sanctorum,
1419 5165 1474 5212 et
1521 5153 1811 5211 domestici

194 5252 335 5312 Dei.
366 5276 385 5302 ι
426 5249 706 5308 Admonet
729 5249 878 5318 illos,
907 5255 971 5306 ut
986 5263 1254 5304 memores
1281 5247 1394 5303 sint
1413 5244 1810 5303 beneﬁciorum

195 5341 315 5400 Dei
341 5359 357 5409 ;
391 5339 525 5415 quia
553 5355 682 5396 cum
729 5338 890 5410 longe
919 5344 1098 5395 essent
1127 5353 1156 5393 a
1185 5335 1500 5409 cognitione
1524 5343 1579 5391 et
1616 5334 1814 5390 timore

195 5429 340 5498 Dei,
389 5426 774 5485 misericordia
818 5425 936 5499 ejus
984 5425 1235 5500 adjuncti
1287 5432 1447 5492 sunt;
1501 5431 1561 5479 ut
1622 5423 1815 5478 ﬁerent

287 5628 375 5702 (5)
417 5626 579 5684 Rom.
612 5624 774 5697 edit.,
805 5625 925 5685 Non
951 5625 1072 5682 estis
1099 5624 1313 5681 advena:
1337 5629 1493 5694 atque
1524 5619 1814 5692 peregrini.

1905 1825 2003 1881 illo
2049 1824 2199 1880 enim
2249 1824 2370 1880 loco
2412 1823 2874 1880 de-ordinatione
2919 1823 3184 1881 Ecclesia
3229 1823 3497 1898 disputat,

1905 1916 1998 1976 hic
2041 1933 2171 1973 vero
2199 1915 2268 1973 de
2313 1915 2674 1972 fundamento
2707 1915 2998 1974 Ecclesiae:
3037 1916 3317 1990 prOpheta
3349 1916 3501 1973 enim

1906 2007 2327 2080 disposuerunt;
2372 2022 2498 2063 nam
2549 2006 2782 2079 apostali
2823 2004 3183 2064 fundamenta
3223 2005 3499 2079 jecerunt.

1907 2095 2062 2152 Unde
2106 2094 2244 2152 dicit
2292 2094 2558 2152 Dominus
2599 2094 2668 2150 ad
2715 2094 2975 2151 Petrum:
3048 2117 3068 2142 σι
3110 2095 3287 2167 Super
3334 2095 3496 2151 istam

1907 2192 2114 2258 petram
2161 2184 2443 2241 zediﬁcabo
2489 2182 2793 2242 Ecclesiam
2850 2200 3027 2241 meam
3085 2183 3295 2257 (Matth.
3354 2201 3454 2241 xvr
3485 2226 3502 2253 ,

1911 2273 2024 2342 18),
2057 2299 2075 2321 ι
2135 2272 2240 2330 hoc
2267 2279 2369 2340 est,
2413 2273 2473 2328 in
2514 2272 2616 2329 hac
2646 2272 2931 2330 catholicas
2982 2271 3113 2328 ﬁdei
3154 2271 3499 2330 confessione

1909 2369 2142 2418 statuam
2171 2362 2359 2418 ﬁdeles
2387 2362 2455 2418 ad
2501 2361 2704 2429 vitam;
2742 2377 2870 2417 nam
2917 2370 2972 2418 et
3013 2361 3191 2418 David
3221 2361 3498 2435 disposuit

1911 2450 2136 2507 domum
2160 2452 2282 2516 Dei,
2311 2459 2365 2506 et
2385 2451 2624 2523 signavit
2666 2450 2848 2507 locum
2878 2450 2974 2506 ubi
3009 2449 3197 2506 ﬁeret:
3239 2451 3498 2508 Salomon

1912 2556 2044 2596 vero
2071 2539 2332 2596 fundavit
2361 2553 2501 2594 eam.

1992 2633 2137 2692 237
2189 2628 2371 2701 (Vers.
2418 2628 2508 2697 21,
2553 2627 2669 2700 22.)
2714 2651 2733 2674 ε
2764 2629 2826 2684 In
2856 2643 2970 2702 quo
2995 2627 3177 2685 omnis
3212 2633 3510 2697 structura,

1910 2735 2213 2802 compacta,
2254 2725 2451 2784 crescit
2479 2725 2537 2781 in
2579 2725 2846 2797 templum
2876 2734 3129 2783 sanctum
3158 2724 3217 2781 in
3243 2723 3505 2790 Domino,

1911 2819 1968 2876 in
2000 2835 2110 2894 quo
2139 2825 2194 2874 et
2227 2833 2328 2874 vos
2356 2814 2778 2875 coaediﬁcamini
2807 2815 2867 2871 in
2908 2813 3286 2872 habitaculum
3315 2814 3417 2872 Dei
3445 2815 3506 2871 in

1910 2909 2128 2983 spiritu.
2161 2934 2181 2958 ι
2215 2908 2319 2964 Hic
2347 2922 2544 2964 sensus
2575 2915 2678 2974 est,
2709 2905 2856 2962 unde
2899 2905 3172 2962 Dominus
3195 2903 3307 2961 ait:
3355 2928 3374 2951 ι
3404 2903 3503 2962 Su-

1910 3015 2005 3073 per
2060 2999 2221 3055 istam
2267 3004 2474 3071 petram
2518 2993 2802 3053 aediﬁcabo
2848 2993 3154 3052 Ecclesiam
3208 3009 3408 3051 meam.
3472 3019 3492 3043 ι

1911 3090 2060 3146 Duos
2093 3088 2240 3145 enim
2273 3087 2505 3160 populos
2534 3086 2593 3142 in
2623 3102 2680 3142 se
2719 3085 2961 3158 suscepit
2990 3084 3258 3150 Salvator,
3295 3092 3349 3140 et
3375 3082 3509 3139 fecit

1913 3194 2087 3234 unum
2145 3177 2204 3232 in
2256 3177 2514 3244 Domino,
2574 3174 2718 3231 sicut
2764 3182 2819 3231 et
2865 3172 3004 3245 lapis
3052 3171 3329 3244 angularis
3368 3173 3508 3228 duos

1915 3269 2147 3342 parietes
2175 3267 2442 3334 continet,
2467 3264 2526 3320 in
2545 3263 2759 3320 unitate
2787 3261 2986 3319 domus
3004 3259 3286 3328 ﬁrmatos;
3319 3259 3509 3316 ﬁdeles

1913 3356 2064 3413 enim
2098 3353 2413 3428 superﬁcies
2457 3360 2586 3410 sunt
2639 3350 2831 3423 templi
2870 3349 2991 3418 Dei,
3036 3349 3094 3405 in
3123 3348 3323 3420 spiritu
3362 3363 3506 3405 con-

1915 3457 2228 3516 versantes;
2279 3453 2342 3503 ut
2389 3443 2601 3520 possint
2641 3441 2884 3500 haeredes
2929 3439 3050 3497 ﬁeri
3080 3439 3317 3497 caelestis
3353 3436 3508 3494 habi-

1915 3538 2160 3596 tationis.

2489 3621 2717 3680 CAPUT
2753 3621 2847 3676 III.

1989 3718 2170 3788 (Vers.
2201 3717 2279 3789 1.)
2323 3739 2341 3765 ι
2376 3712 2552 3786 Hujus
2595 3712 2673 3768 rei
2711 3710 2884 3783 gratia
2912 3724 3010 3780 ego
3050 3706 3253 3762 Paulus
3285 3705 3508 3763 vinctus

1917 3809 2124 3868 Christi
2152 3808 2278 3864 Jesu
2323 3822 2420 3880 pro
2450 3802 2610 3859 vobis
2641 3799 2923 3856 fratribus.
2956 3821 2974 3844 ι
3015 3793 3288 3863 Quoniam
3326 3793 3510 3866 dispo-

1916 3898 2171 3955 sitionem
2197 3895 2402 3952 divinae
2422 3889 2749 3955 clementiaa,
2772 3904 2893 3960 quae
2905 3884 3073 3942 fuerit
3094 3890 3220 3940 ante
3240 3881 3510 3938 mundum

1916 4003 2042 4060 erga
2069 3988 2301 4043 salutem
2347 3981 2592 4056 gentium
2621 3974 2889 4042 ostendit;
2941 3989 3090 4030 nunc
3133 3989 3191 4029 se
3241 3968 3512 4044 legatione

1917 4076 2084 4149 hujus
2112 4074 2246 4132 doni
2275 4073 2431 4146 fungi
2477 4069 2578 4127 Dei
2609 4065 2943 4142 provisione,
2983 4063 3205 4122 Christo
3232 4061 3507 4132 mittente,

1917 4166 2176 4224 declarat.
2208 4163 2477 4221 Dominus
2505 4160 2653 4218 enim
2694 4166 2817 4232 post
2843 4155 3301 4214 resurrectionem
3354 4170 3511 4211 suam

1916 4255 2190 4328 apostolos
2245 4269 2373 4310 suos
2432 4251 2553 4308 vice
2591 4266 2690 4308 sua
2750 4247 2902 4305 misit
2946 4244 3241 4321 praedicare
3292 4243 3508 4317 (Matth.

1916 4365 2118 4416 xxvm,
2169 4346 2281 4417 19),
2314 4345 2463 4401 hunc
2511 4343 2754 4417 dirigens
2785 4342 2853 4398 ad
2902 4339 3322 4398 conversionem
3370 4352 3513 4408 gen-

1915 4438 2088 4505 tium;
2137 4435 2217 4493 sic
2253 4435 2401 4492 enim
2443 4433 2591 4492 dixit
2634 4431 2702 4489 ad
2729 4447 2890 4489 eum:
2940 4453 2959 4479 ι
2988 4430 3161 4498 Vade,
3211 4443 3310 4499 ego
3353 4427 3513 4497 longe

1915 4527 1984 4583 ad
2034 4535 2218 4599 gentes
2248 4526 2467 4583 mittam
2510 4532 2567 4580 te
2616 4523 2756 4596 (Act.
2806 4536 2948 4587 xxu,
2993 4517 3111 4589 21).
3157 4541 3176 4566 ι
3218 4512 3512 4596 Dominico

1915 4632 2040 4689 ergo
2070 4633 2201 4672 usus
2237 4616 2406 4672 verbo
2436 4621 2538 4681 est,
2564 4629 2690 4669 cum
2731 4608 2904 4665 dicit:
2952 4631 2971 4653 ι
2999 4606 3196 4662 Pacem
3225 4599 3384 4656 vobis
3413 4601 3512 4670 qul

1917 4707 2096 4776 longe,
2124 4711 2178 4758 et
2205 4703 2275 4758 iis
2304 4703 2398 4775 qui
2424 4701 2605 4771 juxta.
2647 4723 2666 4746 ι
2973 4777 2980 4779 Α
3059 4775 3098 4779 ῃ
3309 4769 3341 4779 μ’
3464 4720 3466 4722 τ
3510 4727 3518 4736 .

1989 4775 2173 4863 (Vers.
2205 4790 2329 4856 2,3,
2353 4788 2434 4857 4.)
2467 4810 2485 4832 ι
2506 4785 2562 4840 Si
2584 4791 2769 4838 tamen
2784 4777 3015 4836 audistis
3044 4775 3516 4863 dispensationem.

1918 4859 2104 4954 gratiae
2146 4876 2268 4943 Dei,
2301 4891 2421 4946 quae
2463 4873 2589 4928 data
2634 4876 2716 4924 est
2743 4866 2902 4922 nobis
2949 4866 3017 4954 in
3036 4879 3153 4920 vos.
3195 4887 3215 4912 ι
3258 4859 3396 4920 Vult
3421 4876 3512 4918 eos

1917 4952 2057 5028 scire
2103 4965 2234 5040 quia
2260 4962 2360 5019 Dei
2381 4957 2601 5033 judicio
2635 4973 2666 5012 a
2694 4954 2914 5013 Christo
2949 4953 3148 5011 missus
3185 4959 3266 5010 est
3301 4952 3512 5026 praedi-

1918 5077 2041 5118 care
2087 5055 2342 5131 gentibus
2388 5047 2718 5123 mysterium
2750 5045 2936 5118 gratiae
2965 5044 3086 5103 Dei.
3129 5068 3149 5094 ι
3197 5042 3510 5102 Secundum

1920 5145 2312 5205 revelationem
2359 5146 2553 5195 notum
2593 5134 2734 5192 mihi
2781 5135 2988 5192 factum
3034 5141 3118 5190 est
3161 5131 3512 5206 mysterium,

1921 5237 2064 5293 sicut
2120 5239 2282 5290 antea
2317 5227 2513 5302 scripsi
2567 5226 2628 5283 in
2673 5223 2912 5294 modico,
2960 5230 3124 5296 prout
3177 5219 3404 5296 potestis
3443 5221 3515 5277 le-

1923 5336 2107 5403 gentes
2153 5323 2459 5395 intelligere
2510 5317 2861 5394 prudentiam
2911 5323 3088 5374 me‘am
3141 5314 3200 5371 in
3249 5316 3520 5387 mysterio

1924 5415 2149 5477 Christi.
2171 5439 2188 5460 ι
2221 5412 2504 5468 Ostensam
2538 5408 2643 5465 sibi
2672 5404 2949 5489 signiﬁcat
2977 5403 3370 5474 revelationem
3401 5419 3519 5479 my-

1958 5665 1965 5671 .
1999 5559 2084 5689 (ὃ)
2122 5614 2251 5671 Mss.
2282 5606 2560 5676 nonnulli,
2593 5601 3261 5675 Apostotiprwdimerwtt;
