3908 6192
444 359 548 418 403

1479 353 1574 408 AD
1611 351 1844 407 OPERA
1883 350 1937 407 S.
1980 349 2310 407 AMBROSII
2349 347 2732 405 APPENDIX.

3660 352 3756 411 404

444 484 599 546 sterii
626 483 749 553 Dei,
785 481 855 539 de
892 495 1002 556 quo
1030 479 1184 555 prius
1224 477 1466 536 breviter
1492 494 1548 534 se
1597 484 1864 533 memorat
1899 477 2034 535 sori-
2064 479 2116 538 Α
2143 483 2328 551 gentes
2378 472 2723 548 mysterium,
2769 470 2918 546 quod
2954 461 3078 529 ‘fuit
3128 471 3186 528 in
3214 472 3352 538 Deo;
3385 488 3459 530 ex
3490 488 3606 547 quo
3633 488 3757 535 sunt

445 577 636 654 psisse,
690 574 798 632 hoc
844 580 959 642 est,
1005 577 1304 645 temperate
1345 577 1506 644 prout
1555 575 1805 641 poterant
1850 584 2040 642 capere

445 665 796 743 prudentiam
827 661 1080 736 Apostoli
1113 661 1169 716 in
1207 660 1267 715 in
1296 665 1636 716 sacramento
1666 657 1893 716 Christi.

519 757 700 831 (Vera.
753 754 809 821 5,
855 753 934 825 6.)
988 774 1008 799 ι
1038 749 1194 818 Quod
1235 747 1293 806 in
1342 748 1465 805 aliis
1511 748 1728 807 saculis
1773 765 1882 805 non
1933 749 2039 806 fuit

445 854 638 904 notum
687 841 818 900 ﬁliis
860 839 1176 906 hominum,
1232 837 1375 894 sicut
1423 853 1572 894 nunc
1617 838 1920 894 revelatum
1959 848 2040 895 est

444 932 647 992 sanctis
675 930 792 1004 ejus
817 935 872 984 ct
914 924 1196 1001 prophetis
1224 926 1283 983 in
1312 926 1534 1001 spiritu,
1565 933 1751 999 gentes
1788 942 1901 984 esse
1951 943 2038 983 co-

442 1021 710 1088 haredes,
724 1025 778 1076 et
797 1025 1238 1091 concorporatas,
1261 1025 1312 1073 et
1337 1016 1630 1091 participes
1655 1016 2039 1091 promissionis

440 1111 559 1187 ejus
575 1109 634 1167 in
655 1107 874 1170 Christo
888 1107 1016 1164 Jesu
1039 1107 1144 1180 (7).
1165 1130 1184 1155 ι
1203 1106 1319 1164 Hoc
1350 1106 1542 1164 asserit
1577 1114 1856 1164 ostensum
1874 1123 1904 1162 a
1926 1109 2038 1164 Deo

443 1209 690 1275 tempore
717 1195 948 1265 Christi,
978 1193 1125 1269 quod
1152 1194 1354 1251 latebat
1381 1213 1395 1264 ;
1430 1193 1560 1268 quia
1589 1203 1774 1268 gentes
1811 1195 2036 1267 partici-

442 1305 537 1364 pes
579 1286 780 1344 futura
824 1292 1003 1342 essent
1051 1283 1238 1356 gratia
1285 1282 1566 1358 promissa
1611 1283 1668 1338 in
1713 1285 1847 1357 lege.
1881 1283 2036 1352 Quod

441 1387 722 1437 ostensum
751 1373 890 1432 dicit
921 1371 1376 1447 pradicatoribus
1417 1373 1622 1432 sanctis
1648 1381 1702 1430 et
1733 1373 2036 1447 prophetis,

442 1467 502 1525 id
543 1473 646 1535 est,
693 1461 958 1538 apostolis
987 1471 1041 1519 et
1078 1460 1213 1535 legis
1258 1461 1729 1535 explanatoribus,
1777 1479 1889 1518 non
1919 1478 2038 1535 pro-

443 1554 624 1631 phetis
703 1552 1002 1610 veteribus.
1077 1552 1342 1621 Quamvis
1401 1553 1550 1609 enim
1617 1553 2040 1610 admitterentur

443 1645 598 1721 prius
623 1644 690 1700 ad
713 1645 887 1717 legem
914 1641 1165 1716 gentiles,
1192 1641 1287 1698 sed
1314 1642 1641 1700 circumcidi
1667 1642 2035 1715 jubebantur;

443 1743 498 1791 et
523 1732 802 1808 propheta
826 1731 1072 1788 scierunt
1100 1737 1285 1804 gentes
1329 1729 1626 1804 participes
1654 1731 1870 1788 futuras
1906 1730 2036 1787 doni

2149 566 2371 632 omnia;
2404 571 2465 620 ut
2494 580 2589 636 per
2615 578 2741 619 eum
2767 561 2984 619 discant
3034 578 3096 618 ac
3124 561 3439 636 intelligant
3468 563 3755 624 Christum

2148 673 2361 730 semper
2390 655 2448 712 in
2475 656 2610 723 Deo,
2638 660 2691 709 et
2722 652 2867 725 apud
2895 653 3092 718 Deum,
3115 660 3169 708 et
3197 651 3325 726 quia
3352 651 3474 710 sine
3506 653 3756 712 circum-

2148 746 2354 805 cisione
2399 752 2454 801 et
2500 744 2712 800 caeteris
2765 743 2900 816 legis
2933 741 3208 799 mandatis
3239 741 3519 816 disposuit
3545 745 3755 803 salvare

2149 845 2354 910 gentes.
2389 839 2533 898 238
2561 831 2784 904 Indigni
2821 830 2965 887 enim
3007 831 3222 888 inventi
3255 842 3387 889 sunt
3413 833 3598 891 Judai
3625 844 3751 892 tan-

2147 943 2265 992 tum
2322 950 2385 990 ac
2439 933 2605 988 talem
2655 929 2857 986 habere
2901 929 3222 996 doctorem;
3269 929 3350 986 sic
3378 929 3533 987 enim
3581 932 3747 990 Judai

2147 1023 2445 1082 credebant
2476 1021 2533 1076 in
2568 1021 2873 1086 Christum,
2904 1028 2966 1075 ut
2994 1018 3168 1090 legem
3213 1027 3398 1076 tamen
3429 1032 3746 1091 servarent;

2149 1113 2294 1188 quod
2327 1110 2536 1168 odibile
2583 1117 2665 1165 est
2699 1109 2845 1182 apud
2873 1110 3069 1165 Deum.
3104 1106 3356 1181 Denique
3386 1107 3590 1168 dicunt
3619 1129 3750 1186 apo—

2147 1202 2275 1260 stoli
2296 1201 2365 1258 ad
2393 1199 2772 1272 coapostolum
2803 1212 2964 1253 suum
2991 1196 3224 1252 Pauulm
3251 1215 3262 1253 :
3302 1220 3322 1244 σ
3341 1197 3538 1268 Vides,
3566 1199 3747 1269 frater,
3801 1188 3808 1196 ’

2147 1299 2281 1364 quot
2322 1289 2504 1346 millia
2545 1295 2674 1346 sunt
2720 1288 2779 1343 in
2820 1286 3026 1342 Judais
3075 1285 3451 1358 credentium,
3480 1297 3539 1345 et
3565 1306 3750 1346 omnes

2147 1380 2240 1437 isti
2284 1379 2628 1436 amulatores
2672 1383 2801 1432 sunt
2839 1374 2974 1448 legis
3016 1374 3159 1447 (Act.
3212 1392 3333 1442 xxx,
3385 1376 3504 1450 20).
3539 1403 3557 1426 ι
3601 1379 3748 1436 Unde

2148 1470 2356 1527 factum
2415 1475 2516 1536 est,
2569 1474 2632 1523 ut
2677 1482 2774 1522 vas
2802 1463 3088 1522 electionis
3131 1463 3200 1521 ad
3239 1474 3429 1536 gentes
3477 1466 3749 1525 docendas

2149 1559 2348 1616 missus
2394 1566 2554 1628 esset,
2589 1563 2652 1611 ut
2693 1555 2781 1611 vel
2834 1553 2940 1627 ipsi
2992 1553 3123 1610 ﬁdei
3167 1571 3280 1610 sua
3333 1571 3483 1628 spem
3535 1559 3745 1630 plenam

2148 1652 2432 1720 haberent,
2483 1649 2627 1706 nihil
2675 1649 2742 1706 de
2788 1649 2923 1720 lege;
2965 1646 3060 1703 sed
3091 1646 3150 1703 in
3200 1648 3318 1705 solo
3353 1648 3574 1707 Christo
3620 1669 3749 1725 spe—

2147 1748 2346 1797 rantes.
2395 1739 2744 1797 Manifestato
2776 1736 2924 1793 enim
2973 1744 3340 1805 sacramento,
3384 1736 3595 1795 Christi
3641 1741 3746 1795 tale

442 1823 542 1881 Dei
574 1823 723 1895 (nam
755 1829 810 1877 et
859 1819 966 1876 hoc
1004 1818 1458 1892 signiﬁcaverunt
1496 1820 1688 1876 multis
1717 1821 1775 1876 in
1825 1820 1984 1893 locis)
2022 1839 2029 1888 ;

2146 1833 2353 1889 donum
2384 1829 2576 1886 datum
2607 1837 2710 1897 est,
2739 1827 2885 1901 quod
2915 1825 3167 1898 perfecta
3197 1827 3388 1883 salutis
3412 1828 3493 1900 (9)
3527 1829 3748 1887 haberet

443 1913 537 1970 sed
567 1911 674 1969 hoc
705 1909 887 1978 latuit,
930 1909 1079 1982 quod
1108 1909 1228 1966 sine
1272 1909 1716 1979 circumcisione,
1745 1917 1799 1965 et
1840 1910 2038 1967 Sabba-

443 2004 536 2074 tis,
568 2010 623 2060 et
641 2000 977 2069 Neomeniis,
1009 2008 1064 2057 et
1094 2001 1308 2058 cateris
1327 2000 1553 2069 talibus,
1595 1998 1781 2072 gratiae
1811 1999 1910 2055 Dei
1956 1998 2038 2055 fu-

443 2104 580 2151 tura
625 2101 806 2152 essent
839 2091 1152 2166 participes,
1193 2099 1248 2148 et
1293 2091 1498 2164 absque
1542 2091 1658 2164 lege
1699 2089 2040 2162 susciperent

444 2185 608 2245 ﬁdem
649 2185 876 2254 Christi,
911 2193 966 2241 et
998 2186 1360 2242 salvarentur.
1404 2185 1519 2240 Hoc
1567 2189 1647 2239 est
1676 2182 1824 2256 quod
1863 2182 2035 2240 dicit:

456 2301 475 2325 ε
505 2279 567 2333 In
589 2276 787 2350 spiritu
813 2291 928 2333 esse
949 2283 1134 2349 gentes
1157 2273 1490 2339 coharedes,
1518 2281 1573 2330 et
1593 2280 2036 2346 concorporatas,

444 2377 500 2428 et
547 2367 840 2442 participes
890 2363 1271 2440 promissionis
1308 2363 1426 2436 ejus
1469 2363 1527 2419 in
1577 2364 1820 2423 Christo.
1855 2391 1872 2413 ι
1933 2364 2037 2433 Qui

445 2459 592 2518 enim
618 2459 818 2533 spiritu
837 2460 1013 2516 Deum
1038 2457 1193 2525 colit,
1221 2456 1529 2530 operelegis
1549 2473 1687 2529 opus
1708 2472 1821 2511 non
1851 2454 2035 2513 habet.

518 2552 702 2626 (Vere.
734 2551 813 2625 7.)
859 2574 877 2597 ι
909 2550 1013 2606 Per
1042 2548 1402 2623 Evangelium
1436 2546 1554 2620 ejus
1583 2547 1758 2604 factus
1787 2564 1906 2603 sum
1939 2547 2039 2603 mi-

447 2643 619 2702 nister
660 2641 963 2700 secundum
1007 2638 1212 2697 donum
1277 2637 1462 2713 gratia
1503 2638 1624 2706 Dei,
1657 2653 1777 2710 qua
1807 2636 1932 2694 data
1960 2646 2040 2694 est

446 2733 583 2791 mihi
633 2732 934 2790 secundum
994 2731 1367 2804 operationem
1416 2728 1642 2785 virtutis
1687 2726 1828 2800 ejus.
1861 2751 1878 2774 ι
1939 2726 2042 2782 Per

447 2825 892 2901 pradicationem
929 2820 1226 2894 ministerii
1259 2821 1342 2876 sui
1379 2820 1664 2890 cognitum
1704 2817 1900 2875 asserit
1929 2816 2040 2874 do-

446 2932 605 2980 num,
635 2911 783 2986 quod
832 2910 1103 2982 disposuit
1144 2912 1290 2966 Deus
1320 2908 1573 2981 gentibus
1609 2907 1772 2981 juxta
1815 2907 2041 2967 virtutis

447 3018 559 3059 sua
608 2997 1002 3072 operationem.
1051 2996 1308 3070 Operatio
1336 2996 1482 3052 enim
1525 2997 1752 3054 virtutis
1781 2998 1900 3071 ejus
1937 3006 2037 3068 est,

447 3089 578 3163 quia
605 3085 887 3146 Christum
935 3083 1223 3141 suscitavit
1251 3100 1282 3139 a
1310 3084 1565 3152 mortuis,
1593 3084 1813 3142 devicta
1841 3094 2038 3155 morte,

2149 1924 2402 1980 effectum
2428 1939 2440 1989 ;
2464 1920 2608 1978 sicut
2632 1920 2781 1976 enim
2811 1919 2870 1975 in
2900 1934 3099 1990 magna
3128 1925 3257 1974 vota
3287 1919 3527 1974 maxima
3549 1921 3748 1977 dantur

2149 2012 2503 2085 apophoreta,
2557 2008 2634 2067 ita
2671 2017 2725 2066 et
2763 2007 3054 2082 magniﬁco
3087 2008 3422 2063 manifestato
3451 2008 3745 2080 mysterio,

2151 2101 2333 2175 gaudii
2371 2109 2425 2157 et
2455 2099 2663 2156 laetitia
2693 2114 2855 2154 causa
2896 2105 3009 2153 tam
3050 2097 3262 2170 egregio
3298 2111 3527 2152 munere
3558 2096 3745 2154 donati

2149 2197 2280 2248 sunt
2325 2189 2602 2260 homines,
2645 2187 2792 2262 quod
2821 2187 2935 2244 illis
2963 2187 3096 2244 satis
3139 2187 3211 2243 sit
3252 2186 3316 2244 ad
3347 2186 3566 2260 copiam
3597 2187 3744 2244 salu—

2151 2291 2342 2340 tarem.

2225 2372 2404 2445 (Vera.
2440 2369 2552 2442 10.)
2599 2393 2618 2418 ι
2645 2367 2717 2426 Ut
2742 2375 2871 2424 nota
2899 2365 2993 2423 ﬁat
3018 2365 3369 2439 Principibus
3409 2372 3465 2423 et
3492 2365 3739 2424 Potesta-

2151 2461 2300 2518 tibus
2329 2459 2388 2516 in
2433 2457 2749 2516 coelestibus
2777 2473 2873 2530 per
2913 2456 3215 2513 Ecclesiam
3248 2454 3614 2513 multiformis
3655 2473 3741 2512 sa-

2150 2548 2370 2621 pientia
2418 2545 2537 2604 Dei.
2565 2571 2584 2595 »
2624 2545 2756 2601 Tam
2801 2545 2940 2601 bene
2993 2545 3062 2601 de
3108 2544 3214 2602 hoc
3261 2544 3433 2601 sensit
3475 2547 3643 2612 Deus,
3688 2551 3744 2599 ut

2150 2655 2262 2694 non
2314 2638 2491 2693 solum
2523 2634 2779 2708 gentibus
2807 2633 2957 2690 hunc
2998 2634 3321 2706 magistrum
3354 2634 3529 2704 daret,
3561 2650 3739 2690 verum

2150 2727 2312 2784 etiam
2345 2735 2407 2782 ut
2449 2742 2547 2798 per
2589 2741 2717 2780 eum
2749 2722 2952 2780 veritas
2990 2722 3198 2780 Christi
3232 2723 3541 2782 innotescat
3580 2725 3742 2799 spiri-

2148 2816 2300 2874 tibus
2328 2815 2384 2870 in
2413 2813 2748 2881 ccelestibus,
2780 2811 2874 2885 qui
2904 2819 3034 2868 sunt
3051 2812 3334 2886 Principes
3355 2821 3408 2870 et
3429 2814 3739 2871 Potestates.

2150 2905 2448 2962 Potestates
2479 2903 2624 2971 ideo,
2655 2901 2786 2976 quia
2815 2903 3152 2974 potentiores
3191 2911 3322 2959 sunt
3353 2905 3500 2961 inter
3529 2912 3742 2962 cateros

2151 2994 2408 3068 spiritus;
2464 2993 2746 3066 Principes
2801 3001 3002 3063 autem,
3056 3009 3121 3049 eo
3173 2994 3320 3068 quod
3369 2995 3743 3069 principentur

2149 3083 2553 3151 Potestatibus;
2612 3091 2674 3138 ut
2720 3090 3076 3155 agnoscentes
3121 3100 3214 3156 per
3263 3083 3589 3153 Ecclesiam,
3630 3102 3744 3158 quae

447 3179 506 3238 in
535 3194 643 3254 qua
667 3191 858 3234 omnes
873 3173 1130 3232 salvavit.
1160 3171 1507 3248 Dispensatio
1530 3181 1712 3231 tamen
1752 3175 2038 3248 Evangelii
2070 3198 2114 3261 ρ
2151 3175 2452 3233 multifario
2499 3173 2566 3231 ad
2619 3173 2792 3229 vitam
2843 3180 3074 3230 attracta
3115 3181 3218 3242 est,
3251 3173 3308 3229 in
3340 3173 3564 3230 Christo
3587 3174 3744 3230 unius

443 3270 563 3343 ejus
609 3268 728 3326 hac
769 3274 868 3337 est,
930 3281 1037 3340 qua
1081 3264 1268 3339 agnita
1311 3272 1391 3320 est
1434 3265 1692 3322 voluntas
1737 3265 1876 3322 Dei:
1931 3283 2039 3339 qua

445 3370 629 3436 gentes
654 3359 772 3416 sine
805 3373 966 3432 opere
995 3355 1130 3429 legis
1155 3356 1366 3413 salvare
1390 3354 1657 3414 decrevit.

517 3449 699 3521 (Vera.
749 3446 830 3514 8.)
901 3444 1088 3501 «Mihi
1141 3445 1390 3502 omnium
1448 3451 1760 3502 sanctorum
1809 3443 2038 3502 minime

445 3539 573 3594 data
612 3542 696 3591 est
737 3533 911 3604 gratia
949 3531 1090 3588 hac.
1123 3555 1142 3580 ι
1196 3532 1470 3588 Humiliat
1503 3550 1580 3601 se,
1627 3550 1753 3591 cum
1781 3548 1838 3591 se
1868 3535 2038 3590 mini-

446 3637 597 3678 mum
633 3619 790 3684 dicit,
824 3618 1002 3675 sciens
1043 3617 1414 3676 humilitatem
1458 3621 1765 3692 profectum
1813 3621 2034 3678 habere.

447 3708 581 3766 Nam
611 3713 820 3764 tantam
869 3702 1097 3779 gratiam
1146 3704 1252 3762 sibi
1298 3705 1479 3762 datam
1527 3707 1684 3775 dicit,
1714 3716 1776 3764 ut
1828 3709 2035 3766 donum

445 3794 552 3853 hoc
579 3794 726 3870 quod
755 3800 882 3851 ante
913 3790 1162 3866 ignotum
1205 3791 1314 3848 fuit
1341 3793 1634 3866 prateritis
1663 3795 1898 3862 saeculis,
1930 3796 2036 3853 sibi

445 3892 650 3944 asserat
697 3899 1040 3951 concessum,
1086 3888 1148 3939 ut
1188 3881 1294 3939 hoc
1339 3880 1715 3941 manifestaret
1761 3885 2030 3957 gentibus.

443 3975 600 4035 Unde
630 3975 777 4034 enim
806 3972 1073 4032 minimus
1102 3980 1413 4031 sanctorum
1446 3972 1693 4029 omnium
1722 3973 1898 4030 videri
1927 3992 2035 4048 po-

443 4073 550 4123 test
573 4067 692 4140 qui,
727 4074 1021 4139 antequam
1065 4063 1454 4139 baptizaretur,
1486 4081 1584 4122 vas
1611 4064 1898 4123 electionis
1945 4083 2035 4140 ap-

443 4155 679 4224 pellatus
703 4163 785 4210 est
801 4154 944 4223 (Act.
975 4153 1220 4226 11,15)?
1237 4178 1255 4200 α
1281 4154 1352 4210 Ut
1372 4154 1428 4209 in
1460 4154 1779 4212 nationibus
1807 4171 2034 4227 evange-

443 4240 1035 4296 lizeminastimabiles
1065 4241 1146 4311 (8)
1191 4241 1417 4301 divitias
1459 4242 1686 4300 Christi.
1719 4269 1738 4293 ι
1780 4245 2034 4302 Electum

443 4345 500 4385 se
547 4327 741 4399 prohat
767 4328 836 4384 ad
883 4327 1292 4399 pradicandum
1324 4330 1531 4387 donum
1574 4333 1672 4390 Dei
1710 4333 1767 4389 in
1819 4335 2033 4391 divitiis

441 4415 1094 4488 incomprehensibilibus
1152 4416 1381 4486 Christi,
1432 4435 1566 4492 quas
1612 4423 1866 4493 gentibus
1917 4423 2030 4495 jam

414 4550 425 4558 ..
438 4505 739 4579 desperatis
785 4505 972 4578 largiri
1002 4505 1257 4578 dignatus
1299 4515 1416 4574 est;
1462 4517 1525 4565 ut
1567 4509 1686 4566 sine
1714 4527 1876 4582 opere
1912 4513 2032 4568 sal-

438 4602 701 4652 varentur
735 4610 832 4668 per
857 4593 1042 4650 ﬁdem.
1088 4595 1160 4650 Et
1189 4594 1538 4652 manifestum
1567 4605 1648 4653 est
1677 4599 1805 4670 quia
1833 4617 2026 4668 nemo;

433 4683 711 4758 egregium
741 4691 796 4740 et
826 4681 1129 4739 maximum
1161 4699 1363 4740 munus
1392 4699 1489 4757 per
1530 4683 1812 4758 indignam
1853 4688 2026 4745 mittit

432 4789 740 4848 personam.
783 4772 1089 4831 Ostendens
1131 4789 1258 4845 ergo
1301 4780 1568 4847 quantum
1618 4791 1649 4830 a
1675 4775 1788 4832 Deo
1823 4794 2022 4835 merea-

429 4872 544 4934 tur,
572 4863 834 4922 humiliat
863 4873 1047 4922 tamen
1078 4880 1154 4933 se,
1174 4871 1235 4920 ut
1265 4864 1524 4922 meritum
1545 4865 1662 4938 ejus
1686 4877 2017 4927 concrescat.

501 4962 683 5036 (Vers.
701 4965 784 5036 9.)
817 4971 839 5010 ι
864 4963 937 5021 Et
963 4963 1273 5022 illuminem
1294 4980 1505 5032 omnes,
1533 4981 1652 5040 qua
1683 4967 2019 5042 dispensatio

429 5053 677 5126 mysterii
707 5052 1016 5112 absconditi
1059 5070 1092 5110 a
1125 5055 1341 5112 saculis
1372 5055 1431 5112 in
1476 5057 1609 5126 Deo,
1638 5057 1729 5130 qui
1760 5059 2018 5115 universa

424 5142 654 5199 creavit.
705 5167 723 5191 ι
774 5143 1002 5201 Missum
1060 5159 1117 5201 se
1157 5144 1295 5202 dicit
1339 5143 1550 5219 duplici
1599 5146 1764 5204 modo
1817 5146 2015 5206 docere

493 5332 591 5406 (7)
607 5331 854 5406 Vocibus
881 5329 1173 5406 inpigristo
1204 5332 1331 5406 Iesu
1356 5332 1639 5406 subjungit
1659 5334 1818 5394 Rom.
1850 5335 2009 5406 edit.,

413 5402 907 5482 ger-Evangelium.
940 5402 1045 5482 Sed
1067 5403 1408 5482 versiculum
1441 5402 1666 5480 seqfsic
1693 5402 2004 5466 exordituri

420 5472 588 5544 Cuius
614 5472 788 5540 factus
801 5491 918 5530 sum
945 5474 1204 5544 minister,
1225 5483 1331 5533 etc.

426 5613 434 5622 _
490 5542 572 5613 (8)
605 5544 977 5626 Eadem-edit.
1005 5542 1197 5626 Rom,
1222 5548 1287 5605 Ut
1312 5546 1369 5602 in
1396 5548 1631 5618 gentibus
1659 5550 2006 5623 evangelizem

415 5615 973 5683 incomprehensibiles,
995 5625 1100 5674 etc.
1399 5615 1413 5618 '
1791 5615 1811 5623 '
1872 5637 1885 5653 .

488 5684 571 5755 (9)
606 5685 734 5742 Mss.
779 5687 1056 5755 nonnulli,
1087 5689 1230 5761 quod
1261 5696 1458 5763 apertae
1499 5692 1707 5748 salutis.
1740 5691 1814 5749 At
1842 5709 2004 5752 versu

2146 3268 2245 3325 Dei
2277 3282 2497 3322 manere
2527 3266 2876 3338 mysterium,
2899 3264 3154 3320 desinant
3173 3263 3243 3319 ab
3273 3279 3480 3320 errore.
3512 3264 3572 3321 Id
3599 3265 3741 3321 enim

2146 3357 2348 3431 agitur,
2377 3364 2440 3412 ut
2472 3354 2785 3429 pradicatio
2829 3354 3201 3412 ecclesiastica
3246 3353 3414 3410 etiam
3455 3353 3544 3410 his
3571 3353 3746 3428 proﬁ-

2147 3447 2276 3515 ciat,
2306 3454 2361 3502 et
2407 3445 2660 3502 deserant
2699 3459 2979 3499 assensum
3016 3443 3327 3516 tyrannidis
3359 3443 3588 3514 diaboli,
3647 3458 3747 3517 qua

2147 3551 2204 3593 se
2245 3535 2507 3592 adversus
2540 3532 2639 3589 Dei
2675 3531 2842 3588 unius
2884 3531 3047 3588 ﬁdem
3094 3532 3265 3605 impia
3318 3533 3744 3606 prasumptione

2146 3625 2402 3681 armavit.
2435 3622 2541 3690 Qui
2590 3637 2780 3678 sensus
2825 3621 3036 3693 psalmo
3079 3621 3344 3678 vicesimo
3390 3622 3557 3679 tertio
3599 3637 3744 3694 pra-

2145 3715 2382 3788 scriptus
2429 3721 2528 3782 est,
2589 3713 2684 3768 ubi
2727 3715 2872 3769 Deus
2917 3711 3294 3768 universitatis
3330 3712 3602 3768 Dominus
3644 3712 3744 3768 de—

2146 3809 2504 3870 monstratur,
2536 3801 2756 3857 dicente
2803 3800 2902 3856 Dei
2950 3800 3160 3872 Spiritu
3190 3789 3286 3872 per
3314 3800 3532 3858 David:
3582 3828 3598 3848 ι
3629 3803 3742 3857 Do—

2145 3893 2282 3949 mini
2329 3900 2413 3949 est
2458 3899 2624 3959 terra,
2675 3899 2728 3948 et
2768 3889 3055 3962 plenitudo
3083 3888 3222 3962 ejus,
3258 3890 3408 3946 orbis
3447 3898 3741 3955 terrarum,

2145 3992 2198 4040 et
2227 3983 2475 4039 universi
2509 3981 2604 4054 qui
2629 3981 2883 4038 habitant
2911 3981 2966 4035 in
2997 3996 3062 4037 eo
3095 3981 3267 4053 (Psal.
3300 3995 3470 4048 xxm,
3503 3980 3580 4050 1).
3604 4005 3624 4027 ι
3678 3980 3743 4034 Et

2144 4073 2202 4128 in
2242 4071 2538 4143 subjectis:
2591 4096 2609 4119 ε
2638 4071 2839 4127 Tollite
2878 4077 3063 4143 portas
3091 4068 3366 4142 Principis
3393 4068 3566 4125 vestri
3598 4067 3738 4140 (10),

2143 4169 2198 4218 et
2251 4159 2548 4216 elevamini
2613 4167 2786 4232 porta
2848 4159 3149 4226 aternales,
3207 4165 3262 4213 et
3312 4157 3571 4214 introibit
3627 4159 3740 4214 Rex

2143 4251 2354 4323 gloria.
2406 4247 2542 4316 Quis
2595 4256 2677 4306 est
2721 4248 2824 4304 iste
2868 4249 2984 4306 Rex
3032 4247 3267 4321 gloria?
3297 4247 3570 4303 Dominus
3617 4247 3742 4303 vir-

2143 4350 2323 4398 tutum
2379 4341 2494 4413 ipse
2545 4347 2628 4397 est
2682 4341 2800 4396 Rex
2857 4340 3044 4414 gloria
3104 4339 3270 4414 (Ibid.
3330 4339 3523 4411 7-10).
3553 4365 3572 4388 ι
3637 4341 3742 4397 Di-

2140 4430 2285 4487 citur
2335 4447 2463 4502 ergo
2517 4429 2606 4486 his
2661 4429 3030 4502 Principibus,
3083 4429 3177 4502 qui
3232 4428 3290 4484 in
3357 4445 3543 4486 errore
3610 4436 3743 4485 sunt

2139 4519 2197 4576 in
2262 4520 2597 4588 calestibus,
2658 4519 2774 4576 sive
2825 4518 3095 4575 ministris
3149 4517 3267 4590 ejus
3322 4517 3382 4572 in
3437 4517 3622 4587 terris,
3681 4525 3742 4572 ut

2138 4611 2390 4667 auferant
2443 4619 2627 4686 portas
2673 4609 2942 4684 principis
2998 4610 3107 4679 sui,
3162 4610 3221 4665 id
3264 4616 3346 4666 est
3399 4608 3616 4666 diaboli
3675 4609 3741 4666 de

2140 4701 2414 4759 mentibus
2469 4701 2604 4771 suis,
2662 4717 2758 4774 per
2809 4716 2944 4774 quas
2995 4701 3296 4757 multorum
3353 4699 3586 4757 deorum
3643 4716 3740 4755 as—

2136 4791 2494 4849 serendorum
2565 4807 2717 4848 error
2779 4791 3029 4848 intravit.
3097 4790 3238 4846 Sunt
3302 4790 3453 4845 enim
3510 4798 3740 4863 tempo-

2135 4881 2319 4950 rales;
2385 4881 2514 4954 quia
2568 4880 2750 4937 omnis
2814 4879 3032 4938 fallacia
3098 4886 3343 4951 tempore
3403 4877 3734 4934 clauditur:

2149 4994 2167 5017 ι
2207 4971 2315 5027 Iter
2363 4968 2559 5043 (enim)
2591 4969 2890 5043 impiorum
2939 4967 3139 5042 peribit
3171 4968 3347 5041 (Psal.
3381 4984 3423 5036 ι,
3475 4967 3558 5038 6).
3593 4993 3611 5014 ι
3669 4967 3741 5023 Ut

2130 5068 2313 5118 autem
2367 5067 2597 5118 atemas
2641 5068 2827 5134 portas
2888 5060 3123 5127 elevent,
3187 5057 3447 5115 hortante
3487 5057 3735 5131 justitia,

2130 5149 2530 5217 admonentur;
2586 5150 2716 5224 quia
2766 5149 2966 5207 veritas
3019 5148 3075 5204 in
3135 5147 3475 5222 sempiterna
3529 5149 3737 5206 sacula

2125 5338 2399 5420 proximo,
2431 5341 2529 5420 ubi
2558 5357 2658 5420 nos
2690 5357 2816 5398 cum
2855 5347 2969 5420 aut.
3001 5339 3134 5420 edit.
3167 5355 3231 5420 ac
3255 5338 3521 5420 pluribus
3569 5355 3733 5420 mss.,

2123 5411 2180 5466 in
2206 5428 2400 5485 inagna
2433 5419 2584 5480 vota;
2618 5414 2776 5469 Rom.
2808 5413 2942 5470 edit.
2974 5411 3213 5485 prafert,
3245 5411 3302 5465 in
3331 5412 3540 5482 magnis
3569 5411 3732 5475 votis,

2122 5490 2177 5538 et
2205 5483 2428 5556 quidam
2461 5501 2615 5551 mss.,
2649 5485 2705 5540 in
2742 5502 2934 5556 magna
2956 5483 3095 5556 cita.

2148 5555 2215 5678 ι(
2225 5552 2310 5618 ³10)
2346 5556 2485 5679 lMss.
2535 5556 2780 5628 aliquot:
2826 5552 3010 5611 Tollite
3049 5559 3257 5626 portas,
3291 5552 3588 5626 Principes,
3630 5570 3734 5608 oe-

2167 5641 2278 5679 ras.
2311 5641 2339 5679 e
2365 5643 2414 5679 c.

2118 5641 2278 5691 stt-as,
2311 5641 2414 5682 etc.
