3908 6192
179 220 288 282 405

1255 227 1618 286 COMMENT.
1660 229 1731 286 IN
1767 229 1982 289 EPIST.
2024 233 2120 291 AD
2158 233 2402 293 EPHES.

3383 243 3490 303 406

172 357 497 422 perseverat.
549 348 704 408 Unde
746 349 825 408 ait
861 350 920 408 in
959 352 1176 426 psalmo
1220 354 1521 411 centesimo
1559 354 1773 412 decimo
1799 357 1852 420 Α
1883 372 2003 426 nos,
2036 357 2129 415 sed
2176 375 2387 432 semper
2426 360 2578 420 adest
2623 375 2844 439 propter
2891 367 3056 426 ﬁdem
3101 385 3281 441 suam,
3321 387 3486 448 quam

172 438 405 512 septimo
438 456 452 496 :
505 465 522 488 ι
562 441 689 499 Haec
717 451 878 514 porta
906 441 1156 506 Domini,
1182 441 1319 516 justi
1353 443 1642 500 intrabunt
1683 461 1780 518 per

170 544 289 586 eam
324 530 497 602 (Psal.
529 548 704 600 cxvn,
737 532 854 605 20).
899 556 918 580 ι
970 533 1328 591 Manifestum
1362 542 1444 591 est
1475 535 1621 590 enim
1651 535 1780 608 quia

167 615 307 689 justi
355 635 454 692 per
499 619 664 678 ﬁdem
713 621 924 677 intrant
970 620 1028 677 in
1074 623 1260 691 coalos,
1309 623 1366 678 in
1397 640 1628 697 regnum
1657 625 1778 694 Dei,

170 708 317 780 quod
359 725 642 782 nunquam
688 711 1082 783 corrumpitur,
1115 714 1260 769 sicut
1284 713 1480 769 Daniel
1517 714 1782 787 propheta

170 802 426 866 testatur,
477 797 669 855 dicens
699 799 846 855 inter
891 807 1087 857 caetera
1121 819 1132 857 :
1198 826 1216 848 ε
1246 802 1522 875 Exsurget
1551 819 1778 876 regnum

167 886 326 944 aliud
355 886 780 960 incorruptibile
831 888 994 957 (Dan.
1033 905 1096 955 η,
1128 888 1259 960 44);
1312 913 1330 936 ι
1392 889 1549 962 impii
1595 898 1779 947 autem

169 983 403 1049 propter
433 975 873 1034 incredulitatem
904 978 1113 1033 intrant
1141 977 1420 1034 infernum
1451 986 1773 1035 tartareum.

163 1063 276 1120 Hic
308 1081 436 1138 ergo
468 1066 585 1122 Rex
614 1066 800 1138 gloria:
822 1065 1074 1123 Christus
1104 1075 1204 1134 est,
1229 1066 1323 1140 qui
1353 1066 1571 1123 devicta
1599 1076 1778 1124 morte

166 1169 464 1226 resurgens
522 1162 744 1226 apparet
795 1153 1066 1210 Dominus
1122 1171 1237 1210 esse
1293 1163 1348 1210 et
1400 1156 1516 1211 Rex
1565 1155 1772 1227 gloriae.

165 1241 388 1299 Virtute
417 1242 563 1298 enim
609 1242 894 1315 potestatis
943 1260 1075 1311 suae,
1127 1260 1234 1318 qua
1281 1243 1497 1317 subegit
1546 1244 1772 1313 inferos,

167 1331 579 1401 manifestatur;
614 1333 742 1406 quia
775 1332 886 1406 ipse
909 1340 990 1389 est
1015 1334 1197 1389 Filius
1216 1335 1337 1403 Dei,
1362 1334 1455 1407 qui
1482 1333 1647 1390 unius
1675 1333 1772 1389 Dei

166 1436 395 1493 regnum
429 1423 485 1478 in
515 1423 670 1481 coelis
691 1430 744 1478 et
765 1423 824 1478 in
847 1423 1008 1479 terris
1033 1440 1146 1480 esse
1169 1425 1235 1481 ad
1255 1423 1772 1480 Condemnationem

166 1511 481 1584 tyrannidis
509 1511 716 1568 diaboli
750 1512 1090 1584 praedicavit.

241 1601 424 1673 (Vers.
456 1601 543 1670 11,
580 1601 695 1674 12.)
741 1624 759 1648 ι
807 1601 1118 1658 Secundum
1170 1602 1509 1675 propositum
1550 1602 1772 1658 saeculo-

1887 445 2040 502 videt
2069 447 2126 503 in
2176 449 2335 505 nobis
2365 469 2374 505 :
2409 451 2608 525 quippe
2637 472 2762 512 cum
2794 456 2920 516 ideo
2949 458 3187 531 Spiritus
3215 445 3354 532 ejus,
3390 463 3485 536 qui

1890 543 1943 592 et
1969 536 2066 592 Dei
2116 535 2290 594 Patris
2339 548 2439 608 est,
2492 542 2651 599 detur
2695 545 2876 616 nobis,
2916 556 2976 604 ut
3015 549 3137 606 vice
3174 549 3292 623 ejus
3333 535 3486 610 tutos

1888 640 2107 706 praestet
2139 651 2258 703 nos,
2288 634 2332 690 si
2363 637 2413 691 ei
2439 641 2817 705 assentiamus,
2840 652 2901 699 ut
2929 653 2984 702 et
3003 649 3216 704 occulta
3244 650 3480 716 revelet;

1891 737 1987 792 per
2023 737 2185 811 quem
2228 723 2421 798 utique
2450 725 2630 798 ipsum
2664 729 2720 785 in
2751 731 2908 787 nobis
2936 733 3181 792 habitare
3209 738 3484 811 ambigere

1896 825 2006 865 non
2036 810 2316 868 debemus.
2363 813 2461 868 Est
2491 815 2638 871 enim
2681 816 2774 874 hic
2811 818 2953 876 alius
2994 824 3309 894 paraclitus,
3339 810 3482 884 inter

1886 914 2023 972 quos
2059 916 2416 972 personarum
2441 903 2705 961 distantia
2727 907 2831 972 est,
2861 925 2970 964 non
3003 920 3242 978 naturas;
3275 914 3401 986 quia
3428 924 3484 972 et

1889 985 1956 1042 de
1987 1003 2050 1043 eo
2081 990 2312 1062 accepit,
2348 999 2400 1046 et
2431 1009 2460 1047 a
2489 994 2604 1050 Deo
2634 995 2882 1067 procedit
2926 998 3108 1068 (Joan.
3137 1015 3233 1067 xv,
3267 1001 3382 1072 26).
3421 1003 3485 1059 In

1883 1077 2088 1149 quibus
2118 1080 2267 1136 enim
2299 1090 2510 1139 naturae
2542 1083 2725 1140 unitas
2753 1094 2856 1154 est,
2906 1086 3145 1144 invicem
3193 1089 3276 1146 sui
3321 1100 3483 1157 sunt;

1887 1165 2034 1223 unde
2058 1166 2197 1224 dicit
2226 1171 2494 1227 Dominus
2529 1190 2544 1228 :
2602 1198 2620 1220 ‹
2649 1174 2849 1231 Omnia
2888 1176 3066 1232 Patris
3104 1193 3224 1234 mea
3253 1187 3402 1248 sunt,
3431 1186 3487 1235 et

1883 1271 2004 1311 mea
2044 1257 2232 1313 omnia
2258 1259 2434 1316 Patris
2469 1263 2649 1332 (Joan.
2680 1280 2798 1333 xvr,
2835 1265 2946 1336 15).
2978 1289 2997 1313 ›

1955 1347 2136 1418 (Vers.
2173 1348 2286 1421 18.)
2331 1373 2349 1396 ‹
2390 1351 2460 1406 Ut
2491 1350 2550 1405 in
2577 1350 2842 1409 charitate
2870 1351 3099 1411 radicati
3142 1363 3197 1412 et
3243 1355 3484 1424 fundati,

1882 1437 2104 1509 possitis
2135 1439 2600 1512 comprehendere
2643 1459 2769 1498 cum
2813 1443 3074 1502 omnibus
3118 1446 3322 1504 sanctis
3360 1463 3481 1520 quae

1882 1525 1954 1582 sit
1983 1527 2239 1594 latitudo,
2271 1537 2325 1585 et
2350 1529 2657 1602 longitudo,
2676 1538 2729 1587 et
2744 1532 3071 1602 altitudo,et
3085 1535 3467 1607 profundum.-

1881 1614 1996 1671 Hoc
2042 1624 2296 1687 praestare
2338 1619 2474 1674 dicit
2519 1619 2858 1677 habitantem
2906 1622 3188 1680 Christum
3236 1626 3322 1686 vel
3363 1625 3479 1698 Spi-

164 1705 292 1746 rum
325 1689 635 1783 in_Christo
666 1690 791 1783 Jcsu
819 1691 1058 1783 Domino
1103 1691 1425 1783 ‘nostl‘Otill
1455 1708 1564 1783 quo
1603 1690 1768 1783 ᾗδδθ·
1801 1720 1846 1782 Β
1879 1703 2049 1760 ritum
2085 1706 2140 1761 in
2171 1706 2350 1775 nobis,
2398 1716 2459 1764 ut
2488 1709 2705 1765 fundati
2748 1710 2921 1766 simus
2969 1712 3028 1766 in
3059 1709 3325 1770 charitate
3355 1689 3476 1783 Dei,

161 1795 296 1835 mus
343 1778 652 1835 libertatem
704 1779 762 1835 in
814 1778 1149 1835 conﬁdentia
1192 1795 1289 1851 per
1315 1777 1479 1835 ﬁdem
1511 1777 1703 1850 ipsius.
1736 1802 1754 1825 ι

163 1867 581 1926 Manifestatum
611 1867 746 1926 dicit
777 1869 1057 1927 Christum
1090 1870 1312 1937 saeculo,
1346 1886 1454 1942 quo
1484 1869 1770 1942 proposuit

159 1958 311 2014 Deus
338 1956 624 2013 ostendere
645 1959 972 2031 mysterium
994 1975 1154 2015 suum
1177 1975 1278 2031 pro
1299 1961 1473 2016 salute
1504 1958 1766 2028 humana,

161 2054 229 2104 ut
256 2047 500 2120 cognitio
542 2048 796 2121 mysterii
825 2049 925 2105 Dei
957 2048 1286 2105 mortalibus
1321 2048 1595 2105 conferret
1624 2050 1766 2104 salu-

161 2143 274 2192 tem
303 2154 317 2203 ;
351 2144 415 2192 ut
444 2136 601 2208 quasi
630 2135 905 2192 dedicatio
937 2138 1091 2210 regni
1121 2137 1328 2196 Christi
1356 2137 1500 2194 hanc
1539 2138 1768 2212 gratiam

165 2224 531 2280 credentibus
573 2240 674 2296 pro
703 2223 1052 2296 apophoretis
1089 2226 1399 2298 largiretur.
1441 2227 1593 2282 Licet
1620 2226 1768 2281 enim

151 2311 274 2386 jam
301 2311 436 2369 olim
460 2311 668 2370 factum
689 2312 784 2382 sit,
805 2329 1013 2368 novum
1041 2320 1225 2370 tamen
1247 2314 1467 2370 videtur
1495 2315 1770 2387 ignoranti

157 2408 429 2458 creatura:
437 2443 449 2456 .

237 2489 421 2560 (Vers.
457 2489 572 2562 13.)
618 2513 636 2536 ε
666 2489 896 2564 Propter
926 2489 1073 2564 quod
1101 2498 1227 2563 peto
1256 2505 1325 2546 ne
1353 2489 1623 2547 deﬁciatis
1651 2491 1767 2562 (11)

161 2579 220 2636 in
246 2577 710 2638 tribulationibus
737 2581 876 2637 meis
905 2597 1005 2654 pro
1036 2581 1216 2649 vobis,
1252 2596 1372 2652 quae
1398 2588 1528 2636 sunt
1557 2581 1613 2636 in
1644 2582 1771 2652 glo-

162 2667 248 2724 ria
281 2677 480 2725 vestra.
509 2693 529 2716 ι
585 2668 930 2726 Manifestata
972 2684 1086 2742 spe,
1138 2685 1258 2741 quae
1287 2676 1367 2724 est
1398 2669 1454 2724 in
1501 2671 1769 2742 mysterio

163 2756 396 2826 Christi,
428 2765 743 2814 commonet
782 2773 850 2814 ne
882 2757 1202 2816 scandalum
1235 2757 1516 2830 patiantur
1544 2767 1768 2832 propter

160 2846 571 2915 tribulationes,
602 2862 722 2920 qua:
768 2847 972 2904 sanctis
1000 2864 1031 2903 a
1057 2847 1282 2918 perﬁdis
1313 2847 1645 2920 irrogantur.
1678 2847 1764 2903 Ad

163 2933 402 3007 gloriam
449 2936 593 2991 enim
642 2935 881 3008 pertinet
927 2936 1176 3005 illorum,
1222 2941 1268 2993 si
1298 2937 1355 2992 in
1404 2936 1764 2992 tribulatione

163 3023 416 3094 magistri
441 3040 551 3080 non
579 3023 785 3080 fuerint
814 3025 1167 3081 scandalizati
1198 3025 1479 3099 discipuli,
1519 3025 1624 3083 hac
1669 3042 1763 3097 spe

155 3111 395 3178 ﬁrmati;
429 3113 557 3186 quia
586 3113 834 3168 ﬁdelium
867 3130 1133 3185 pressura:
1163 3114 1339 3170 futuri
1371 3115 1554 3172 saeculi
1588 3116 1762 3188 gloria

153 3200 470 3273 erigantur;
508 3201 627 3258 haec
673 3202 821 3258 enim
854 3202 1104 3258 ﬁdelium
1137 3202 1389 3276 probatio
1418 3209 1520 3271 est,
1556 3203 1603 3259 si
1630 3204 1758 3259 ﬁdei

152 3305 267 3347 suas
297 3305 446 3362 spem
476 3289 783 3348 advertant.
1336 3304 1353 3320 ο

227 3389 413 3458 (Vers.
434 3390 521 3460 lli,
547 3391 632 3460 15,
659 3392 771 3462 16.)
820 3417 837 3439 ε
867 3391 1042 3464 Hujus
1073 3391 1150 3449 rei
1188 3391 1361 3466 gratia
1396 3391 1557 3449 ﬂecto
1587 3408 1760 3466 genua

153 3495 278 3536 mea
303 3479 371 3536 ad
402 3481 616 3538 Patrem
649 3482 872 3539 Domini
908 3482 1084 3538 nostri
1112 3482 1241 3539 Jesu
1277 3481 1504 3551 Christi,
1553 3498 1620 3538 ex
1651 3499 1760 3556 quo

152 3567 340 3624 omnis
385 3569 685 3641 paternitas
731 3571 790 3627 in
825 3571 980 3627 ccelis
1031 3579 1084 3627 et
1128 3570 1187 3626 in
1216 3579 1363 3626 terra
1410 3570 1753 3637 nominatur;

155 3665 219 3713 ut
246 3657 344 3715 det
381 3658 540 3716 vobis
585 3660 885 3717 secundum
919 3659 1145 3718 divitias
1174 3660 1471 3733 majestatis
1500 3677 1612 3717 suae
1648 3660 1756 3716 vir-

152 3755 330 3804 tutem
361 3747 674 3805 conﬁrmari
719 3749 777 3805 in
813 3749 1023 3822 Spiritu
1067 3767 1169 3806 suo
1200 3751 1338 3823 (i2).
1373 3776 1391 3798 ι
1454 3751 1570 3807 Hoc
1598 3749 1757 3807 ﬂexis

154 3834 387 3907 genibus
434 3836 641 3908 precari
687 3853 744 3893 se
791 3836 949 3906 dicit,
997 3846 1061 3894 ut
1109 3838 1240 3912 quia
1270 3837 1526 3911 dignatus
1555 3846 1636 3895 est
1665 3839 1755 3894 ad-

152 3940 352 3981 vocare
381 3931 565 3997 gentes
594 3925 661 3982 ad
691 3927 1132 4001 cognoscendum
1181 3928 1512 4001 mysterium
1543 3930 1756 4000 volun-

151 4013 283 4069 tatis
316 4011 452 4084 ejus,
483 4013 588 4070 hoc
626 4014 791 4070 etiam
819 4015 1009 4084 donet,
1043 4015 1170 4088 quia
1201 4017 1356 4073 dives
1386 4027 1486 4087 est,
1521 4027 1582 4074 ut
1615 4027 1755 4075 nutu

150 4101 272 4174 ejus
320 4100 612 4159 ﬁrmentur
663 4104 723 4159 in
771 4104 1003 4176 Spiritu,
1062 4104 1168 4160 hoc
1211 4114 1309 4174 est,
1363 4115 1427 4162 ut
1466 4112 1610 4170 239
1642 4125 1751 4164 non

151 4197 282 4255 illos
305 4198 636 4270 perturbent
663 4201 908 4258 carnalia
935 4200 1106 4256 exitia
1136 4199 1287 4257 illata
1315 4221 1344 4258 a
1373 4204 1632 4276 perﬁdis;
1662 4206 1754 4261 sed

153 4286 260 4344 sint
293 4285 544 4356 stabiles,
591 4297 968 4361 exspectantes
997 4289 1054 4345 in
1085 4290 1272 4346 futuro
1302 4290 1469 4363 hujus
1513 4294 1591 4350 rei
1618 4311 1753 4350 mero

152 4379 364 4435 cedem.

223 4475 412 4547 (Vers.
451 4474 565 4546 17.)
611 4498 629 4521 ‹
658 4475 722 4531 In
749 4475 1011 4532 interiore
1040 4476 1264 4535 homine
1295 4477 1572 4536 Christum
1602 4480 1753 4537 habi-

153 4571 266 4620 tare
298 4579 398 4636 per
443 4562 610 4620 ﬁdem
658 4565 716 4620 in
763 4565 1022 4623 cordibus
1068 4569 1284 4626 vestris.
1330 4595 1347 4617 ι
1410 4571 1470 4626 In
1514 4587 1578 4627 eo
1620 4572 1757 4645 petit

153 4673 242 4713 eos
290 4653 466 4726 magis
518 4653 749 4724 ﬁrmari,
804 4664 864 4710 ut
919 4673 1031 4714 non
1080 4658 1378 4732 ambigant,
1436 4660 1529 4717 sed
1583 4663 1755 4734 magis

151 4745 380 4803 credant
411 4743 694 4802 Christum
728 4744 977 4802 habitare
1008 4747 1064 4803 in
1113 4763 1189 4816 se,
1231 4765 1392 4823 quem
1423 4765 1533 4805 non
1565 4749 1755 4806 vident

151 4833 238 4889 his
257 4832 471 4899 oculis;
506 4842 567 4890 ut
591 4833 831 4907 Spiritus
860 4835 1022 4891 datus
1050 4835 1156 4892 hoc
1185 4836 1263 4892 eis
1291 4853 1387 4909 per
1413 4837 1512 4893 Dei
1543 4836 1750 4893 donum

153 4922 433 4990 infundat,
470 4930 532 4979 ut
572 4923 710 4980 certi
762 4923 874 4980 sint
926 4924 992 4982 de
1033 4924 1254 4982 Christo
1292 4927 1439 5000 quod
1486 4927 1648 4996 vivit,
1699 4936 1753 4983 et

153 5013 327 5068 Filius
373 5009 474 5067 Dei
522 5019 626 5078 est,
678 5022 732 5069 et
779 5013 993 5070 habitat
1039 5032 1136 5088 per
1184 5014 1348 5073 ﬁdem
1397 5018 1454 5073 in
1493 5017 1753 5074 cordibus

154 5101 376 5168 nostris,
426 5107 488 5157 ut
534 5117 658 5157 cum
709 5102 872 5159 ﬁdem
919 5103 1039 5176 ejus
1086 5104 1352 5162 habemus
1405 5106 1461 5162 in
1494 5106 1753 5163 cordibus

155 5192 377 5260 nostris,
428 5192 608 5264 ipsum
639 5191 840 5269 habere
869 5194 1178 5251 videamur.
1229 5195 1387 5264 Quod
1416 5212 1481 5251 eo
1511 5195 1750 5269 proﬁcit,

154 5288 212 5337 ut
237 5280 418 5338 securi
452 5263 626 5338 simus
653 5281 720 5337 de
746 5263 976 5339 auxiliis
1021 5281 1176 5355 ejus;
1227 5285 1357 5358 quia
1393 5301 1505 5342 non
1552 5285 1752 5341 deserit

223 5448 341 5524 (11)
375 5449 534 5524 ljom.
567 5448 724 5524 edit_._,
748 5451 975 5524 Propter
993 5452 1132 5524 quod
1154 5469 1352 5520 moneo,
1380 5471 1443 5508 ne
1472 5453 1746 5524 deﬁciatis.

224 5450 342 5592 (ii;
375 5450 534 5505 Rom.
567 5450 724 5516 edit.,
748 5451 975 5522 Propter
993 5452 1132 5522 quod
1154 5469 1352 5520 moneo,
1380 5471 1443 5533 ne
1472 5453 1746 5524 deﬁciatis.

224 5519 318 5593 (12
375 5519 584 5593 Eadem
631 5519 788 5586 edit.,
814 5539 913 5592 per
945 5523 1206 5593 Spiritum
1233 5541 1387 5579 suum
1419 5541 1472 5577 in
1501 5525 1753 5578 interiore

155 5590 375 5650 homine.
427 5590 584 5650 Unde
613 5590 832 5650 versuni
863 5593 928 5650 17
965 5590 1043 5650 ita
1073 5593 1273 5667 incipit
1303 5613 1314 5650 :
1368 5594 1633 5651 Christ-um
1661 5595 1751 5650 ha-

1783 4442 1830 4499 D

1879 1795 2122 1852 devincti
2167 1797 2452 1856 beneﬁciis
2499 1799 2638 1872 ejus,
2693 1811 2746 1858 et
2775 1802 3046 1874 possimus
3075 1820 3198 1861 cum
3247 1806 3476 1875 sanctis,

1879 1884 1972 1958 qui
2015 1895 2144 1943 sunt
2171 1888 2404 1960 apostoli
2454 1896 2508 1943 et
2537 1879 2838 1962 prophetae,
2888 1891 3219 1950 immensum
3249 1901 3303 1950 et
3329 1895 3475 1951 inae-

1877 1973 2255 2032 stimatibilem
2300 1993 2626 2050 cognoscere
2672 1980 2870 2049 Deum,
2902 1981 3088 2038 omnia
3117 1982 3471 2042 excedentem

1877 2062 2157 2136 majestate
2186 2065 2413 2122 virtutis
2442 2084 2572 2124 suae.
2597 2066 2734 2126 Cum
2765 2068 2912 2125 enim
2944 2070 3080 2128 dicit
3105 2091 3116 2128 :
3157 2072 3470 2144 «Latitudo,

1878 2162 1931 2211 et
1958 2155 2267 2228 longitudo,
2300 2164 2354 2213 et
2382 2157 2641 2227 altitudo,
2686 2166 2740 2215 et
2767 2160 3127 2234 profundum,
3157 2187 3176 2209 ι
3220 2162 3326 2221 hoc
3349 2165 3472 2221 uti-

1878 2260 1983 2318 que
2031 2245 2325 2318 signiﬁcat,
2377 2248 2610 2304 utsicut
2655 2249 2714 2304 in
2753 2250 2964 2322 sphaera
2991 2259 3145 2309 tanta
3181 2254 3470 2327 longitudo

1879 2341 1980 2401 est,
2012 2343 2215 2406 quanta
2243 2335 2500 2405 latitudo,
2549 2346 2604 2394 et
2643 2344 2796 2394 tanta
2830 2341 3086 2410 altitudo,
3119 2351 3385 2416 quantum
3415 2353 3470 2401 et

1880 2421 2248 2494 profundum;
2316 2424 2394 2479 ita
2448 2432 2501 2480 et
2557 2425 2614 2480 in
2671 2428 2784 2481 Deo
2839 2429 3024 2484 omnia
3078 2432 3310 2504 mqualia
3356 2433 3470 2490 sint

1881 2507 2248 2566 immensitate
2269 2511 2581 2569 inﬁnitatis.
2620 2513 2842 2586 Sphaera
2863 2517 3012 2572 enim
3043 2517 3274 2576 deﬁnito
3304 2523 3468 2578 modo

1877 2600 2234 2656 concluditur
2259 2619 2272 2657 :
2305 2603 2458 2676 _Deus
2485 2610 2666 2659 autem
2698 2620 2808 2659 non
2838 2606 3014 2661 solum
3046 2606 3237 2680 implet
3262 2611 3469 2679 omnia,

1877 2688 1969 2746 sed
1998 2697 2052 2745 et
2079 2689 2329 2757 excedit;
2365 2707 2466 2747 nec
2490 2691 2636 2747 enim
2668 2692 2965 2762 clauditur,
2995 2694 3091 2750 sed
3111 2697 3298 2751 omnia
3327 2698 3472 2754 intra

1877 2795 1933 2834 se
1967 2779 2154 2848 habet,
2194 2787 2256 2836 ut
2285 2781 2438 2836 solus
2468 2780 2763 2837 ineﬁahilis
2789 2787 2843 2837 et
2873 2781 3126 2840 inﬁnitus
3155 2783 3421 2843 habeatur
3454 2806 3492 2842 :-

1875 2874 1930 2923 et
1957 2868 2144 2940 gratiae
2174 2867 2305 2924 huic
2338 2867 2736 2925 insuﬂicienter
2756 2879 3007 2942 agantur,
3041 2872 3169 2946 quia
3197 2892 3320 2932 cum
3352 2883 3467 2934 tan-

1871 2963 1962 3012 tus
1993 2956 2086 3024 sit,
2125 2957 2381 3030 dignatus
2400 2965 2480 3014 est
2496 2973 2593 3030 per
2618 2957 2899 3016 Christum
2930 2959 3209 3019 hominem
3241 2963 3466 3023 visitare

1872 3047 2108 3118 peccatis
2139 3054 2192 3102 et
2223 3047 2389 3103 morti
2421 3047 2750 3120 subjectum.

1943 3135 2123 3206 (Vers.
2158 3136 2272 3208 19.)
2335 3160 2353 3182 ι
2400 3136 2737 3209 Cognoscere
2779 3154 2996 3213 quoque
3041 3143 3466 3214 supereminen-

1868 3230 1977 3278 tem
2007 3223 2250 3280 scientiae
2293 3224 2617 3281 charitatem
2668 3225 2895 3283 Christi.
2929 3253 2947 3276 ›
3005 3229 3136 3284 Post
3162 3231 3262 3286 Dei
3290 3232 3466 3288 Patris

1870 3310 2146 3368 inﬁnitam
2201 3320 2258 3369 et
2313 3312 2929 3386 incomprehensibilem
2984 3317 3354 3389 cognitionem
3412 3330 3467 3379 et

1870 3399 2291 3457 inenarrabilem
2341 3403 2712 3471 clementiam,
2773 3403 2977 3460 Christi
3034 3421 3252 3480 quoque
3302 3413 3462 3481 agno-

1868 3505 2016 3544 scere
2046 3507 2148 3546 nos
2177 3491 2300 3546 vult
2326 3490 2650 3548 charitatem
2674 3509 2688 3559 ;
2740 3493 2868 3565 quia
2894 3495 3355 3565 supereminentis
3382 3506 3464 3554 est

1869 3579 2135 3648 scientiae,
2160 3587 2214 3636 et
2242 3580 2680 3652 subintelligitur
2707 3581 2991 3650 humanas;
3025 3591 3088 3639 ut
3103 3601 3266 3656 super
3289 3587 3463 3644 scien-

1866 3668 1999 3723 tiam
2031 3667 2316 3725 hominum
2353 3669 2618 3726 habeatur
2643 3670 2868 3727 dilectio
2898 3670 3126 3730 Christi.
3153 3673 3288 3742 Quis
3311 3677 3458 3732 enim

1865 3767 2043 3831 potest
2073 3761 2326 3832 colligere
2357 3761 2607 3834 mysterii
2638 3761 2804 3834 hujus
2845 3763 3131 3822 charitatis
3165 3768 3458 3837 rationem,

1867 3856 1928 3904 ut
1957 3855 2010 3904 et
2036 3850 2182 3905 Deus
2212 3850 2458 3906 hominis
2486 3867 2652 3908 causa
2681 3851 2848 3908 homo
2893 3861 3229 3922 nasceretur,
3262 3855 3461 3912 deinde

1866 3945 2172 3994 moreretur
2199 3956 2301 4011 pro
2339 3940 2682 4009 hominibus,
2713 3958 2812 4014 pro
2841 3943 3014 3998 servis
3040 3943 3336 4013 dominus,
3361 3962 3460 4018 pro

1865 4039 2112 4086 creatura
2141 4038 2371 4098 creator,
2405 4047 2502 4101 pro
2536 4031 2724 4104 impiis
2753 4031 2876 4104 pius
2898 4033 2926 4089 ?
2955 4033 3185 4105 Propter
3213 4035 3347 4108 quid
3383 4036 3460 4094 ita

1864 4119 2065 4174 dilexit
2090 4121 2235 4175 nos?
2268 4127 2362 4175 aut
2391 4128 2453 4175 ut
2481 4120 2615 4193 quid
2643 4130 2892 4178 nostrum
2923 4122 3166 4192 haberet,
3200 4127 3295 4200 qui
3324 4128 3461 4184 nul-

1866 4208 1975 4264 lius
2000 4207 2210 4281 indiget
2226 4209 2255 4264 ?
2279 4209 2549 4282 numquid
2570 4225 2682 4266 non
2701 4210 2942 4268 charitas
2961 4211 3079 4269 haec
3098 4231 3262 4288 super
3287 4217 3459 4273 scien-

1865 4299 1996 4353 tiam
2025 4298 2312 4355 hominum
2339 4301 2465 4356 est‘?
2493 4309 2586 4356 aut
2615 4302 2739 4374 quis
2767 4301 3056 4361 hominum
3087 4303 3229 4364 hanc
3257 4309 3461 4379 poterit

1865 4387 2190 4444 charitatem
2243 4389 2408 4446 alicui
2463 4390 2756 4460 exhibere;
2814 4410 3127 4469 quanquam
3159 4395 3336 4468 impar
3363 4398 3456 4466 sit,

1865 4493 1928 4534 ac
1955 4495 2052 4552 per
2097 4478 2204 4536 hoc
2234 4481 2604 4552 supereminet
2652 4483 2895 4542 humana
2936 4487 3298 4544 commenta?
3345 4488 3460 4544 Hoc

1865 4583 1962 4640 ego
1991 4569 2112 4624 vult
2150 4586 2249 4626 nos
2279 4572 2438 4640 scire,
2484 4573 2613 4645 quia
2642 4591 2833 4631 sensus
2872 4585 3060 4633 noster
3099 4576 3313 4648 assequi
3345 4593 3484 4632 non

1865 4664 2061 4728 potest,
2105 4674 2208 4715 nec
2237 4661 2543 4732 perspicere
2587 4663 3017 4732 profunditatem
3064 4663 3456 4720 beneﬁciorum

1865 4745 2068 4802 Christi
2129 4763 2254 4819 erga
2313 4765 2451 4813 nos;
2513 4756 2575 4802 ut
2631 4749 2859 4818 perinde
2917 4766 3129 4820 semper
3177 4749 3224 4804 ei
3286 4749 3459 4807 simus

1863 4833 2137 4903 supplices
2167 4840 2220 4887 et
2266 4833 2478 4896 devoti,
2530 4840 2583 4887 et
2637 4834 2733 4903 qui
2786 4834 2987 4890 debitis
3041 4836 3195 4891 nulla
3246 4835 3458 4895 ratione

1863 4924 2173 4982 satisfacere
2227 4940 2536 4994 possumus,
2585 4923 2673 4977 vel
2731 4924 2788 4978 in
2845 4925 2951 4980 ﬁde
3002 4924 3121 4996 ejus
3169 4943 3343 5000 usque
3389 4931 3456 4988 ad

1863 5022 2096 5070 mortem
2145 5028 2572 5084 perseveremus.
2605 5012 2704 5067 Ille
2733 5013 2878 5067 enim
2923 5030 3022 5086 pro
3051 5016 3457 5089 magniﬁcentia

1862 5102 2161 5176 majestatis
2188 5119 2300 5158 suae
2329 5119 2389 5158 ea
2422 5101 2586 5176 gessit
2614 5117 2713 5174 pro
2741 5101 2920 5171 nobis,
2969 5119 3089 5175 quae
3118 5106 3202 5160 sui
3232 5107 3459 5181 indigna

1863 5194 2158 5267 sunt(13);
2193 5200 2254 5250 ut
2273 5200 2327 5250 et
2348 5210 2448 5249 nos
2479 5191 2538 5247 in
2568 5199 2833 5265 quantum
2865 5208 3174 5264 possumus,
3202 5195 3252 5250 ei
3284 5197 3456 5254 famu-

1863 5287 2063 5340 lemur.
2130 5307 2148 5329 α
2197 5283 2267 5339 Ut
2313 5281 2659 5356 impleamini
2691 5280 2749 5336 in
2780 5296 2998 5337 omnem
3051 5281 3456 5352 plenitudinem

1862 5453 2051 5650 ὸιιξῖἕ)
2080 5461 2347 5582 gignnulli
2379 5543 2534 5593 mss.,
2565 5539 2679 5594 qua:
2700 5523 2800 5580 sibi
2825 5523 2987 5594 digna
3006 5528 3153 5590 sunt;
3186 5540 3300 5583 non
3329 5509 3462 5586 satis

1862 5610 1952 5650 rec
1977 5609 2027 5650 e.

1861 5609 2006 5652 recte
2014 5635 2027 5650 .
