3908 6192
412 231 518 320 407

1449 253 1544 306 ΑΒ
1586 246 1818 303 OPERA
1860 245 1912 300 S.
1956 242 2286 300 AMBROSII
2323 238 2703 297 APPENDIX.

3645 234 3769 293 408

413 386 536 448 Dei.
567 409 587 436 ι
629 381 772 453 Quia
800 379 936 440 ﬁdes
981 393 1160 455 neque
1207 379 1265 435 in
1307 377 1425 434 solo
1465 375 1626 432 Patre
1667 372 1879 444 integra
1915 377 2018 438 est,
2046 370 2099 430 Α
2206 368 2387 440 (Vers.
2412 364 2492 437 4.)
2541 388 2559 412 ι
2589 364 2768 420 Unum
2796 377 3013 435 corpus,
3040 367 3095 417 et
3123 375 3266 417 unus
3295 359 3548 434 spiritus,
3577 359 3664 416 ita
3699 373 3769 418 ut

415 490 592 552 neque
620 472 679 532 in
709 472 828 531 solo
857 469 1001 529 Filio
1029 468 1288 543 perfecta,
1318 465 1442 523 ideo
1471 461 1672 534 adjecit
1705 478 1716 516 :
1776 484 1794 508 ς
1823 460 1892 517 Ut
1921 457 2020 552 im-

415 548 682 641 pleamini
712 563 772 620 in
800 576 1020 618 omnem
1050 555 1458 632 plenitudinem
1487 552 1618 620 Dei;
1652 575 1672 599 ι
1723 557 1788 605 ut
1812 548 2020 607 confes-

418 634 576 712 sione
606 661 660 710 et
689 651 988 725 gratiarum
1033 645 1250 705 actione
1281 643 1426 701 sicut
1472 641 1644 709 Patri,
1689 638 1768 696 ita
1795 645 1847 693 et
1877 634 2022 693 Filio

418 737 846 802 honeriﬁcentia
873 745 1218 796 reservetur:
1251 739 1306 790 et
1329 731 1516 790 omnia
1531 747 1652 805 quae
1678 745 1710 785 a
1736 729 1850 786 Deo
1866 726 2024 783 Patre

418 839 568 898 sunt,
601 844 697 902 per
737 825 943 883 Filium
973 824 1117 881 facta
1145 829 1200 877 et
1241 826 1543 877 restaurata
1583 815 1911 881 credantur;
1961 820 2024 869 ut

418 920 492 976 sit
523 920 684 991 plena
712 913 976 990 perfectio
1006 908 1323 968 divinitatis
1352 907 1410 964 in
1431 905 1770 982 professione
1798 905 2023 962 credeno

418 1008 582 1066 tium.
615 1005 768 1064 Nihil
816 1003 965 1062 enim
998 1002 1174 1059 deerit
1219 999 1556 1067 Christiano,
1599 993 1818 1070 quando
1847 996 2023 1051 Deum

418 1099 635 1157 Patrem
663 1112 762 1171 per
790 1092 982 1153 omnia
1009 1091 1344 1149 immensum
1373 1105 1487 1147 esse
1515 1085 1796 1160 cognoscit
1828 1103 1839 1140 :
1883 1083 2025 1142 cha-

420 1189 640 1248 ritatem
671 1203 889 1262 quoque
918 1182 1121 1244 Christi
1155 1181 1493 1239 ineﬁ‘abilem
1522 1186 1577 1237 et
1612 1175 2022 1253 supereminen-

419 1288 531 1338 tem
561 1276 807 1336 scientia
835 1275 1090 1332 humanm
1116 1271 1426 1348 proﬁtetur.

493 1369 677 1443 (Vera.
701 1367 790 1437 20,
813 1364 930 1437 21.)
974 1388 994 1413 ι
1020 1361 1090 1420 Ei
1118 1378 1250 1419 vero
1279 1361 1376 1435 qui
1403 1367 1584 1434 potest
1610 1356 1797 1416 omnia
1826 1355 2021 1422 facere,

419 1467 476 1520 et
502 1455 1061 1535 superabundantius,
1119 1470 1284 1527 quam
1337 1452 1576 1525 petimus
1625 1456 1720 1506 aut
1767 1445 2024 1535 intelligi-

421 1533 589 1619 mus;
626 1546 931 1606 secundum
983 1543 1270 1611 virtutem,
1326 1557 1448 1615 quas
1494 1545 1752 1613 operatur
1807 1533 1922 1608 (14)
1967 1533 2026 1589 in

422 1641 582 1701 nobis
615 1658 628 1699 :
680 1639 787 1712 ipsi
817 1636 991 1712 gloria
1032 1634 1092 1692 in
1123 1631 1344 1692 Christo
1386 1631 1537 1698 Jesu,
1585 1636 1640 1686 et
1668 1627 1726 1684 in
1757 1624 2024 1691 Ecclesia,

2131 457 2310 514 vocati
2339 455 2468 513 estis
2499 454 2554 510 in
2585 469 2695 509 una
2722 468 2816 526 spe
2843 449 3156 508 vocationis
3183 458 3404 507 vestrae.
3435 475 3454 500 ι
3508 449 3768 522 Propter

2129 563 2318 622 pacem
2348 553 2402 603 et
2429 543 2779 603 concordiam
2827 543 2948 599 haec
2991 540 3262 613 subjecit;
3309 547 3372 596 ut
3400 539 3534 614 quia
3564 557 3764 599 unum

2130 653 2329 711 corpus
2362 644 2444 694 est
2491 635 2758 704 Ecclesia,
2809 648 2984 689 unum
3040 630 3215 706 sapiat
3271 631 3550 703 populus;
3617 632 3766 705 quia

2130 744 2304 785 unum
2335 734 2436 795 est,
2467 725 2615 800 quod
2643 723 2906 782 creditur.
3451 775 3470 792 ,

2205 815 2388 885 (Vers.
2421 797 2589 886 5,-6.)
2647 835 2665 859 ι
2696 812 2848 869 Unus
2876 808 3165 879 Dominus,
3213 825 3325 864 una
3369 807 3529 876 ﬁdes,
3565 797 3757 866 unum

2131 906 2422 979 baptisma,
2476 921 2621 960 unus
2651 906 2796 960 Deus
2843 909 2896 958 et
2943 909 3096 974 pater
3125 899 3400 968 omnium,
3447 901 3545 974 qui
3580 919 3762 975 super

2132 1012 2323 1052 omnes
2361 1001 2462 1063 est,
2497 1001 2549 1050 et
2596 1009 2691 1066 per
2719 1007 2928 1058 omnes,
2979 997 3033 1044 et
3081 989 3139 1044 in
3169 987 3430 1045 omnibus
3477 989 3672 1047 nobis.
3718 1015 3741 1039 ι

2130 1085 2332 1144 Adhuc
2358 1081 2630 1140 unitatem
2673 1079 3046 1148 commendat,
3096 1087 3160 1137 ut
3187 1078 3318 1152 quia
3346 1079 3534 1136 unitas
3563 1088 3654 1137 est
3683 1081 3760 1137 ad

2132 1192 2297 1249 quam
2335 1190 2619 1242 vocamur,
2678 1172 2737 1228 in
2789 1170 2944 1227 nullo
3002 1168 3414 1226 dissentiamus.
3473 1169 3532 1226 Si
3594 1170 3758 1227 enim

2133 1283 2278 1323 unus
2315 1272 2396 1322 est
2436 1263 2726 1332 Dominus,
2779 1261 2836 1319 id
2883 1270 2964 1318 est
3005 1260 3280 1329 Christus,
3335 1259 3482 1318 sicut
3527 1270 3586 1318 et
3633 1262 3759 1334 ipse

2133 1355 2210 1411 ait
2237 1356 2296 1412 in
2324 1353 2626 1427 Evangelio
2660 1371 2672 1410 :
2733 1377 2752 1400 ε
2789 1350 2929 1420 Quia
2973 1350 3230 1423 magister
3273 1358 3455 1407 vester
3486 1367 3639 1407 unus
3670 1363 3757 1409 est

2135 1447 2387 1507 Christus
2435 1447 2648 1519 (Matth.
2698 1461 2867 1513 χχιιι,
2916 1443 3042 1514 10);
3100 1466 3118 1491 ι
3185 1458 3296 1498 una
3349 1441 3509 1511 ﬁdes,
3565 1459 3756 1498 unum

2134 1537 2427 1612 baptisma,
2473 1552 2618 1593 unus
2659 1537 2804 1592 Deus
2844 1540 2898 1590 et
2928 1534 3090 1589 Pater
3130 1531 3404 1601 omnium,
3450 1532 3548 1605 qui
3579 1550 3759 1606 super

2136 1627 2323 1684 omnia
2350 1633 2456 1694 est,
2488 1633 2541 1682 et
2570 1640 2666 1698 per
2694 1639 2904 1690 omnes,
2927 1628 2981 1678 et
3010 1620 3068 1677 in
3098 1621 3358 1678 omnibus
3387 1621 3760 1679 credentibus

422 1736 479 1786 et
507 1730 565 1786 in
595 1726 783 1785 omnia
825 1724 1028 1782 saecula
1054 1722 1405 1782 saeculorum.
1444 1720 1642 1776 Amen.
1673 1741 1692 1766 ι
1735 1715 1822 1774 Ad
1852 1713 2029 1771 Patris
2061 1741 2102 1800 Β
2137 1735 2283 1775 unus
2309 1717 2469 1774 debet
2498 1733 2614 1774 esse
2643 1723 2697 1772 et
2726 1714 2963 1784 animus,
2998 1722 3052 1770 et
3079 1731 3174 1772 cor
3203 1713 3392 1788 populi
3417 1733 3432 1784 ;
3463 1715 3597 1788 quia,
3629 1714 3758 1772 haec

422 1832 714 1894 personam
766 1815 889 1872 haec
943 1813 1144 1879 refert;
1193 1820 1257 1869 ut
1317 1810 1446 1884 quia
1492 1807 1693 1864 melius
1747 1804 1852 1863 scit
1907 1818 2028 1876 quae

423 1893 605 1977 utilia,
637 1913 692 1964 et
720 1921 841 1980 quae
874 1919 987 1960 non
1030 1900 1268 1976 petenda
1295 1909 1446 1969 sunt,
1484 1907 1537 1954 et
1565 1896 1787 1972 quando
1826 1893 2026 1962 danda,

423 2007 479 2057 et
507 1996 711 2074 qualia,
741 2005 796 2054 et
824 2002 1030 2070 quanta
1059 2010 1197 2068 opus
1225 1993 1339 2049 sint
1363 2009 1377 2060 ;
1411 1990 1526 2064 ipse
1556 1988 1822 2062 gubernet
1847 1983 2031 2058 provi-

423 2089 612 2148 dentia
642 2095 697 2146 et
724 2087 936 2144 virtute
964 2102 1064 2143 sua
1091 2083 1201 2142 sibi
1229 2081 1533 2140 credentes.
1565 2076 1669 2137 Cui
1700 2075 1826 2132 ideo
1869 2098 1888 2121 ι
1920 2074 2030 2146 glo-

423 2180 507 2240 ria
533 2181 593 2239 in
623 2177 846 2239 Christo
874 2177 1022 2244 Iesu,
1054 2198 1073 2222 ι
1115 2173 1246 2247 quia
1271 2187 1368 2246 per
1389 2170 1573 2244 ipsum
1594 2165 1784 2223 omnia
1812 2170 2032 2238 praestat

424 2271 586 2328 nobis
617 2287 630 2327 :
665 2276 719 2325 et
747 2267 878 2342 quia
906 2266 1085 2323 honor
1113 2261 1291 2320 Patris
1324 2260 1381 2316 in
1412 2258 1558 2317 Filio
1589 2263 1690 2325 est,
1741 2261 1795 2311 et
1822 2253 1882 2309 in
1915 2252 2033 2309 Ec-

423 2359 614 2428 clesia,
653 2361 798 2422 240
824 2355 882 2414 id
905 2362 1008 2424 est,
1048 2353 1108 2410 in
1149 2351 1373 2426 populo,
1418 2364 1579 2423 quem
1627 2345 1735 2403 sibi
1773 2342 2032 2415 adoptare

423 2456 683 2532 dignatus
714 2463 815 2513 est.
839 2456 902 2512 In
925 2451 1178 2514 claritate
1204 2449 1354 2507 enim
1384 2446 1628 2504 ﬁliorum
1661 2440 1834 2517 gloria
1859 2437 2032 2514 patris

424 2555 528 2619 est,
557 2545 773 2604 dicente
808 2544 1048 2603 Domino
1079 2559 1091 2598 :
1160 2565 1180 2588 ι
1209 2539 1300 2598 Sic
1341 2539 1520 2596 luceat
1567 2537 1757 2593 lumen
1787 2538 2028 2588 vestrum

423 2654 610 2697 coram
640 2635 982 2704 hominibus,
1019 2641 1083 2691 ut
1106 2631 1334 2690 videant
1361 2645 1528 2704 opera
1555 2635 1736 2685 vestra
1779 2624 1945 2692 bona,
1979 2627 2032 2678 et

425 2726 780 2800 magniﬁcent
798 2725 1016 2782 Patrem
1045 2729 1312 2791 vestrum,
1337 2718 1432 2793 qui
1452 2717 1512 2774 in
1536 2715 1690 2775 cmlis
1710 2721 1792 2772 est
1813 2710 2029 2800 (Matth.

429 2833 488 2884 v,
513 2798 626 2888 16).
658 2840 678 2866 ι
732 2838 753 2863 ι
782 2817 845 2872 In
874 2813 1074 2871 saecula
1101 2812 1450 2871 saeculorum.
1482 2807 1683 2877 Amen,
1716 2829 1734 2855 ι
1776 2802 1836 2860 id
1862 2807 1944 2858 est
1972 2798 2032 2856 in

427 2911 697 2962 aeternum
726 2900 951 2957 veritas.

1031 3045 1260 3107 CAPUT
1301 3044 1403 3103 IV.

499 3193 682 3269 (Vers.
726 3187 802 3263 1.)
872 3211 894 3238 ι
944 3184 1181 3247 Obsecro
1237 3184 1422 3258 itaque
1477 3197 1596 3250 vos,
1656 3177 1888 3269 fratres,
1925 3189 2023 3248 ego

424 3265 648 3345 vinctus
689 3283 750 3342 in
779 3278 1041 3348 Domino,
1091 3284 1155 3336 ut
1180 3275 1346 3350 digne
1387 3270 1684 3332 ambuletis
1712 3265 2020 3334 vocatione,

424 3394 533 3452 qua
558 3375 746 3435 vocati
772 3373 923 3431 estis.
954 3394 974 3420 ι
1012 3371 1274 3427 Hortatur
1303 3383 1418 3434 eos,
1447 3373 1510 3422 ut
1539 3369 1686 3421 recte
1710 3357 2026 3452 incedentes

426 3447 486 3526 in
514 3463 803 3540 praeeptis
832 3457 1080 3527 Domini,
1101 3458 1171 3516 ad
1195 3457 1521 3529 promissam
1554 3452 1785 3526 gloriam
1813 3447 2026 3540 possint

425 3536 734 3630 pervenire.
757 3551 912 3608 Sicut
940 3547 1089 3605 enim
1110 3546 1320 3619 peritus
1347 3545 1592 3602 medicus
1607 3542 1855 3599 obsecrat
1874 3536 2024 3593 inﬁr-

427 3626 569 3712 mos,
599 3649 662 3698 ut
689 3639 830 3698 bene
856 3655 913 3697 se
941 3644 1161 3712 agentes
1191 3635 1404 3708 possint
1445 3633 1739 3690 salutarem
1785 3626 2026 3699 recipere

429 3729 803 3790 valetudinem
831 3746 847 3797 ;
885 3727 964 3785 ita
991 3733 1048 3784 et
1076 3723 1341 3798 magister
1372 3720 1620 3796 gentium
1659 3717 1931 3784 hortatur,
1963 3721 2026 3771 ut

426 3821 556 3882 ﬁdei
601 3837 715 3878 suae
743 3818 911 3894 digna
949 3830 1112 3891 Opera
1158 3813 1442 3880 facientes,
1491 3807 1704 3883 possint
1747 3805 2026 3880 percipere

426 3928 549 3986 qua
576 3909 847 3986 promissa
872 3914 1004 3965 sunt
1047 3903 1274 3974 sanctis,
1322 3901 1502 3960 sciens
1543 3897 1731 3973 gloriae
1769 3913 1880 3954 suae
1911 3911 2026 3952 esse

429 4000 598 4073 hujus
625 3998 706 4058 rei
734 3997 1065 4073 profectum.
1460 4004 1470 4013 ‘

500 4097 683 4168 (Vers.
721 4096 776 4164 2,
809 4095 892 4166 3.)
951 4118 971 4142 ι
999 4093 1141 4151 Cum
1186 4088 1341 4147 omni
1390 4085 1707 4145 humilitate
1755 4082 1928 4141 animi
1971 4089 2025 4138 et

426 4183 718 4252 modestia,
759 4199 886 4240 cum
915 4180 1390 4254 magnanimitate,
1436 4177 1758 4233 suﬁ‘erentes
1785 4173 2022 4230 invicem

427 4273 485 4328 in
506 4269 794 4337 charitate,
817 4267 1059 4327 sollicite
1078 4264 1606 4324 servantesunitatis
1629 4261 1885 4337 spiritum
1906 4259 2023 4330 (15)

427 4360 489 4417 in
530 4357 759 4416 vinculo
806 4355 974 4429 pacis.
1015 4379 1035 4405 ι
1094 4354 1254 4411 Nunc
1303 4352 1702 4410 dissensionem
1749 4348 2026 4424 prohibet,

425 4445 688 4506 charitati
743 4452 927 4502 autem
984 4443 1316 4500 studendum
1380 4447 1588 4508 monet,
1643 4455 1713 4495 ne
1769 4437 2026 4510 spiritum
2060 4462 2109 4521 D

425 4534 660 4593 unitatis
685 4543 740 4592 et
767 4534 919 4608 pacis
960 4532 1220 4590 amittant
1255 4550 1268 4588 :
1320 4546 1384 4588 ac
1422 4545 1519 4602 per
1555 4527 1663 4584 hoc
1689 4534 1752 4583 ut
1789 4525 2024 4582 invicem

426 4642 484 4684 se
512 4623 780 4682 suﬁ'erant
801 4637 929 4681 cum
954 4620 1244 4696 patientia.
1261 4617 1531 4679 Modestia
1554 4615 1699 4674 enim
1722 4614 2026 4689 profectum

424 4715 606 4789 parit;
663 4713 795 4788 quia
821 4728 949 4770 cum
978 4727 1035 4769 se
1067 4709 1310 4768 invicem
1355 4708 1613 4776 tolerant,
1649 4721 1776 4762 cum
1806 4704 2029 4761 lenitate

423 4805 601 4863 animi
645 4809 955 4869 monentes,
1000 4801 1356 4874 corriguntur
1386 4797 1456 4856 ad
1497 4797 1776 4864 effectum,
1818 4801 1873 4852 et
1920 4810 2027 4867 pax

426 4895 485 4952 in
513 4895 594 4954 eis
631 4893 895 4963 manebit,
941 4909 1038 4966 per
1079 4908 1244 4965 quam
1292 4890 1396 4947 ﬁlii
1443 4888 1544 4946 Dei
1590 4903 1705 4946 non
1749 4885 2027 4944 immerito

426 4983 809 5052 vocabuntur;
863 4982 994 5058 quia
1021 4982 1170 5041 dixit
1196 4981 1470 5040 Dominus
1501 4998 1513 5037 :
1563 5004 1581 5028 σ
1608 4978 1761 5036 Beati
1790 4975 2026 5050 paciﬁci,

425 5074 688 5148 quoniam
735 5074 841 5132 ﬁlii
875 5073 976 5131 Dei
1006 5071 1354 5130 vocabuntur
1394 5071 1609 5143 (Matth.
1643 5087 1700 5138 v,
1729 5068 1811 5139 9).
1843 5092 1862 5116 ι
1904 5067 2026 5123 Per-

430 5163 677 5222 turbatio
704 5162 856 5220 enim
909 5161 999 5218 vel
1045 5159 1374 5234 inquietudo
1415 5157 1830 5216 contentionem
1874 5153 2027 5221 facit,

425 5269 547 5328 quae
570 5252 712 5310 solet
729 5249 898 5308 etiam
915 5265 997 5320 ea,
1016 5265 1137 5324 quas
1152 5249 1302 5306 mala
1320 5247 1500 5314 novit,
1530 5246 1677 5303 velle
1695 5243 1988 5302 defendere
2011 5260 2024 5309 ;

425 5358 496 5400 ne
522 5341 716 5401 cedere
742 5339 1016 5398 videatur.
1049 5337 1193 5395 Hinc
1223 5336 1403 5394 oritur
1431 5333 1730 5403 discordia,
1758 5348 1878 5406 qua:
1908 5347 2026 5389 cor-

424 5427 635 5498 rumpit
663 5425 813 5498 pacis
840 5423 1064 5481 foedera.

466 5532 472 5537 ’
493 5549 614 5676 :14)
656 5548 784 5606 Mss.
820 5548 1051 5622 aliquot,
1100 5548 1380 5605 secundum
1415 5545 1702 5612 veritatem,
1736 5504 1854 5617 qua:
1899 5561 2029 5618 ope-

466 5639 488 5675 ι
515 5636 604 5676 ur.

423 5636 604 5677 ratur.

2137 1825 2258 1883 qua:
2286 1813 2593 1874 enumerat,
2641 1803 2875 1861 unitatis
2917 1811 3067 1873 sunt,
3121 1803 3455 1860 concordant
3501 1804 3664 1861 enim
3696 1805 3759 1860 in

2137 1897 2415 1954 omnibus.
2470 1897 2686 1953 Patrem
2732 1904 2916 1951 tamen
2962 1897 3160 1964 Deum,
3218 1893 3344 1967 quia
3384 1894 3531 1950 nulli
3582 1894 3757 1951 debet

2139 1988 2286 2064 quod
2312 1995 2415 2057 est,
2438 2003 2601 2061 super
2621 1985 2812 2042 omnia
2836 2002 2951 2042 esse
2971 1985 3141 2053 dixit,
3161 1993 3210 2040 et
3236 2000 3328 2056 per
3356 2000 3575 2039 omnes.
3619 1984 3759 2041 Ideo

2138 2096 2234 2154 per
2263 2094 2472 2146 omnes,
2503 2076 2632 2151 quia
2665 2093 2736 2132 ex
2765 2093 2829 2132 eo
2859 2091 3086 2132 omnes:
3120 2081 3174 2131 et
3201 2089 3417 2132 necesse
3445 2080 3532 2129 est
3564 2081 3633 2129 ut
3664 2091 3752 2130 su.

2139 2189 2234 2247 per
2262 2171 2379 2230 haec
2408 2170 2595 2227 omnia
2623 2169 2719 2240 sit,
2750 2186 2870 2243 quae
2899 2186 2968 2225 ex
2999 2185 3062 2224 eo
3091 2175 3242 2225 sunt.
3300 2191 3318 2214 ι
3347 2167 3419 2222 Et
3451 2164 3508 2221 in
3547 2166 3753 2222 omni—

2138 2264 2241 2321 bus
2271 2261 2451 2331 nobis,
2480 2287 2500 2310 ι
2544 2259 2602 2318 id
2635 2267 2718 2317 est
2747 2258 3024 2316 ﬁdelibus.
3073 2260 3135 2315 In
3165 2258 3325 2315 nobis
3354 2264 3437 2314 est
3465 2258 3620 2313 enim
3655 2273 3754 2330 per

2140 2357 2542 2416 confessionem
2567 2374 2582 2424 ;
2629 2353 2759 2428 quia
2784 2371 2909 2410 eum
2941 2355 3199 2421 fatemur,
3233 2359 3287 2407 et
3315 2351 3444 2424 quia
3471 2350 3752 2424 Spiritum

2139 2464 2301 2504 suum
2332 2445 2485 2504 dedit
2532 2444 2716 2514 nobis,
2769 2459 2865 2516 per
2911 2458 3074 2516 quem
3116 2441 3234 2498 sine
3280 2439 3452 2496 dubio
3495 2439 3557 2495 in
3587 2439 3752 2497 nobis

2139 2547 2221 2596 est
2253 2557 2264 2595 :
2299 2539 2356 2594 in
2387 2535 2612 2611 paganis
2636 2549 2751 2592 non
2782 2541 2883 2603 est,
2932 2533 3064 2606 quia
3089 2531 3249 2588 Pater
3277 2529 3486 2589 Christi
3515 2537 3751 2603 negatur

2139 2644 2255 2686 esse
2283 2627 2351 2684 ab
2379 2627 2514 2684 illis.

2215 2717 2397 2792 (Vers.
2432 2716 2511 2790 7.)
2566 2738 2585 2762 ι
2616 2711 2925 2786 Unicuique
2977 2719 3160 2768 autem
3208 2717 3459 2766 nostrum
3507 2707 3641 2764 data
3667 2717 3750 2765 est

2142 2807 2317 2882 gratia
2343 2806 2648 2864 secundum
2677 2818 2990 2861 mensuram
3019 2800 3336 2860 donationis
3373 2798 3608 2856 Domini
3640 2815 3751 2856 no-

2141 2897 2243 2955 stri
2270 2898 2400 2954 Jesu
2429 2894 2660 2954 Christi.
2694 2919 2713 2945 ›
2755 2895 2914 2952 Nunc
2941 2911 3029 2963 ne,
3063 2895 3194 2967 quia
3216 2893 3435 2950 diversa
3464 2892 3525 2947 in
3554 2889 3751 2946 homi-

2142 2986 2306 3044 nibus
2349 2985 2493 3042 doua
2537 2993 2692 3054 sunt,
2737 2991 3062 3058 putarentur
3112 2983 3330 3040 oﬁicere
3374 2979 3607 3049 unitati,
3647 2979 3752 3036 hoc

2063 3096 2107 3157 ο
2143 3087 2338 3153 purgat
2366 3094 2479 3135 non
2508 3094 2623 3135 esse
2652 3075 3020 3144 contrarium;
3080 3076 3209 3150 quia
3237 3075 3297 3130 in
3326 3072 3496 3130 donis
3527 3071 3751 3130 oﬁicio-

2142 3187 2265 3226 rum
2294 3168 2586 3225 diversitas
2624 3173 2726 3235 est,
2759 3181 2872 3222 non
2920 3173 3150 3222 naturae.
3199 3162 3516 3235 Unicuique
3562 3168 3747 3218 autem

2136 3265 2353 3316 tantum
2400 3256 2538 3313 dicit
2566 3256 2690 3313 dari
2722 3256 2912 3329 gratiae
2951 3263 3216 3328 quantum
3247 3253 3455 3310 donare
3485 3251 3748 3324 dignatus

2136 3347 2305 3404 fuerit
2330 3345 2629 3414 Dominus;
2662 3361 2774 3402 non
2803 3352 2988 3401 tamen
3009 3344 3127 3400 sine
3149 3343 3426 3418 aequitatis
3457 3358 3736 3410 mensura,

2135 3437 2266 3510 quia
2292 3435 2593 3508 unicuique
2617 3451 2716 3508 pro
2751 3433 2965 3492 viribus
3003 3432 3243 3502 tribuit;
3274 3441 3336 3491 ut
3363 3439 3584 3489 tantum
3615 3430 3746 3488 bau-

2137 3531 2263 3600 riat,
2294 3539 2563 3605 quantum
2597 3528 2734 3585 sitit.

2210 3621 2392 3692 (Vers.
2424 3619 2506 3693 8.)
2559 3645 2578 3669 ‹
2611 3621 2840 3691 Propter
2889 3617 3039 3691 quod
3088 3616 3272 3675 dicit:
3322 3613 3646 3673 Ascendens
3693 3613 3748 3668 in

2135 3712 2332 3780 altum,
2385 3710 2660 3784 captivam
2712 3708 2878 3766 duxit
2933 3707 3333 3780 captivitatem,
3390 3705 3548 3762 dedit
3602 3705 3742 3763 dona

2140 3800 2465 3858 hominibus
2491 3801 2670 3872 (Psal.
2707 3816 2777 3856 ιιι
2790 3817 2892 3868 v11,
2929 3797 3040 3871 19).
3073 3822 3092 3847 ι
3136 3798 3248 3855 Hoc
3280 3803 3361 3853 est
3385 3796 3656 3869 scriptum
3685 3795 3741 3850 in

2143 3891 2357 3965 psalmo
2388 3889 2728 3962 sexagesimo
2768 3888 3022 3961 septimo.
3067 3889 3224 3944 Dona
3251 3895 3437 3942 tamen
3467 3884 3587 3944 haec
3624 3893 3743 3958 post

2137 3978 2453 4051 triumphos
2506 3978 2673 4050 coepit
2725 3977 2954 4052 largiri;
2997 3976 3228 4033 vincens
3283 3975 3433 4032 enim
3489 3982 3742 4040 mortem,

2136 4070 2409 4127 exaltatus
2438 4075 2519 4123 est
2549 4067 2608 4123 in
2637 4083 2818 4136 cruce,
2851 4066 2995 4124 sicut
3024 4064 3139 4138 ipse
3169 4064 3404 4121 dixerat.
3433 4064 3531 4120 Ait
3559 4063 3738 4120 enim:

2152 4185 2170 4207 ι
2199 4158 2338 4217 Cum
2385 4158 2658 4214 exaltatus
2705 4157 2862 4214 fuero
2903 4174 2935 4213 a
2985 4163 3151 4222 terra,
3201 4155 3386 4211 omnia
3431 4152 3650 4210 traham
3676 4151 3740 4209 ad

2139 4263 2226 4303 me
2284 4246 2465 4318 (Joan.
2521 4263 2627 4317 χιι,
2684 4246 2800 4319 32).
2835 4272 2853 4296 ι
2921 4245 3274 4319 Exspoliavit
3328 4242 3560 4312 inferos,
3617 4259 3738 4299 cum

2139 4337 2385 4409 captivos
2414 4353 2551 4410 quos
2580 4353 2650 4392 ex
2676 4334 3131 4409 praevaricatione
3160 4333 3315 4402 Adae,
3361 4339 3457 4388 aut
3505 4331 3741 4404 propriis

2139 4433 2324 4498 captos
2378 4425 2617 4498 peccatis
2669 4425 2727 4481 in
2782 4423 3100 4482 conditione
3164 4423 3461 4491 tenebant,
3515 4422 3738 4478 abstulit

2139 4517 2546 4573 consentientes
2572 4515 2700 4584 sibi,
2750 4523 2805 4571 et
2849 4515 3150 4572 ascendens
3187 4514 3316 4570 inde
3363 4513 3421 4568 in
3465 4514 3633 4570 ccelos
3662 4512 3737 4568 in-

2137 4606 2317 4665 duxit.
2368 4609 2456 4664 Ex
2486 4606 2689 4682 quibus
2736 4607 3005 4681 aliquanti
3063 4612 3405 4678 resurgentes
3453 4604 3512 4660 in
3556 4620 3734 4677 corpo-

2137 4695 2293 4752 ribus
2350 4696 2565 4768 (Matth.
2592 4711 2776 4764 xxvn,
2826 4695 2943 4768 53),
3002 4693 3196 4750 multis
3249 4700 3621 4766 apparuerunt
3674 4691 3738 4748 ad

2139 4784 2520 4843 testimonium
2576 4785 2769 4843 evictae
2827 4784 3056 4853 mortis;
3095 4793 3158 4840 ut
3206 4784 3302 4856 qui
3344 4783 3486 4839 forte
3535 4775 3736 4840 Christi

2140 4875 2599 4933 resurrectionem
2639 4873 2906 4932 credituri
2938 4889 3051 4930 non
3080 4880 3285 4941 essent,
3333 4889 3403 4928 ex
3431 4871 3632 4927 horum
3663 4886 3733 4924 re-

2135 4965 2503 5035 surrectione,
2535 4979 2672 5038 quos
2701 4969 2951 5021 mortuos
2977 4961 3220 5031 scirent,"
3253 4961 3335 5018 rei
3374 4961 3601 5025 ﬁerent;
3643 4959 3736 5016 hos

2137 5055 2284 5111 enim
2329 5053 2613 5123 viderunt,
2669 5069 2807 5128 quos
2857 5058 3214 5126 agnoscerent
3257 5049 3470 5106 dudum
3511 5050 3731 5107 vixisse.

2137 5143 2403 5213 Quamvis
2432 5143 2660 5217 captivi,
2683 5142 2850 5200 inviti
2873 5150 2925 5199 et
2948 5141 3118 5199 alieni
3147 5141 3422 5198 ducantur
3446 5158 3461 5208 ;
3494 5139 3736 5198 Salvator

2138 5240 2320 5291 tamen
2361 5241 2416 5290 et
2459 5251 2586 5292 suos
2628 5233 2810 5303 duxit,
2870 5241 2924 5289 et
2975 5230 3344 5292 voluntarios.
3405 5231 3736 5304 Apparentia

2137 5323 2288 5381 enim
2319 5339 2417 5381 sua
2445 5324 2579 5380 dum
2612 5323 2829 5381 lacessit
2857 5322 3233 5379 desiderantes
3263 5319 3510 5388 liberari,
3535 5320 3735 5394 cepisse

2136 5413 2263 5468 illos
2291 5412 2514 5468 dicitur.

2211 5541 2327 5611 (15)
2363 5542 2518 5595 Rom.
2544 5540 2702 5607 edit.,
2741 5541 2870 5596 Cum
2891 5537 3031 5594 omni
3054 5537 3326 5611 lenitate...
3350 5551 3469 5590 cum
3481 5536 3737 5606 patientia

2136 5608 2501 5684 sufferentes...
2532 5617 2798 5667 servantes
2827 5611 3077 5667 unitatem
3108 5608 3352 5681 spiritus.
