3908 6192
213 253 320 317 409

1282 258 1647 319 COMMENT.
1688 260 1761 318 IN
1796 259 2013 320 EPIST.
2054 262 2151 319 AD
2188 262 2439 322 EPHES.

3410 269 3521 330 410

286 382 470 473 (Vere.
496 383 604 456 9.)
627 408 648 433 ο
683 384 842 453 Quod
875 392 1063 442 autem
1093 384 1359 454 ascendit,
1387 384 1524 460 quid
1556 394 1658 455 est,
1692 387 1802 445 nisi
1834 391 1886 452 A
1913 397 2079 446 sunt:
2133 390 2263 462 quia
2305 390 2515 463 primus
2560 394 2812 452 sacerdos
2839 403 2941 464 est,
2968 395 3089 455 hoc
3116 402 3217 465 est,
3258 395 3516 473 princeps

215 471 344 543 quia
377 472 544 531 etiam
585 474 870 533 descendit
908 475 1067 548 prius
1117 476 1177 533 in
1224 474 1489 532 inferiora
1539 484 1696 534 terra
1725 478 1754 535 ‘i
1777 502 1796 527 ο

214 560 424 622 Verum
455 571 538 623 est
565 564 699 639 quia
734 563 861 623 ideo
878 563 1187 632 descendit,
1205 569 1344 628 241
1376 573 1441 623 ut
1472 566 1812 635 ascenderet;

213 664 400 716 etnon
427 659 574 718 sicut
603 661 879 731 homines,
902 663 1122 736 quiaad
1152 663 1258 721 hoc
1293 663 1718 734 descenderunt,
1753 674 1818 722 ut

212 746 334 806 illic
357 750 726 809 remanerent.
749 753 1121 810 Exsententia
1147 754 1293 810 enim
1322 754 1653 811 tenebantur
1671 754 1817 828 apud

213 835 445 909 inferos,
505 856 628 913 qua
676 843 950 899 sententia
974 843 1312 900 Salvatorem
1342 852 1529 899 tenere
1566 859 1678 900 non
1722 860 1814 916 po-

211 933 375 995 terat;
393 929 526 1002 quia
544 930 681 987 vicit
695 940 999 1003 peccatum.
1023 931 1389 1005 'Prinmpbato
1416 949 1544 1005 ergo
1564 932 1810 1001 diabolo,

210 1015 500 1075 descendit
537 1018 595 1075 in
632 1035 728 1076 cor
754 1028 945 1088 terra;
977 1028 1040 1076 ut
1073 1020 1314 1078 ostensio
1345 1020 1464 1093 ejus
1491 1020 1812 1094 pradicatio

211 1112 355 1163 esset
410 1116 778 1177 mortuorum,
828 1116 882 1165 et
920 1117 1190 1183 quotquot
1231 1110 1423 1183 cupidi
1461 1109 1580 1183 ejus
1607 1119 1808 1181 essent,

214 1193 596 1253 liberarentur.
655 1198 766 1255 Nec
804 1206 1017 1272 poterat
1074 1216 1187 1256 non
1235 1200 1551 1269 ascendere,
1581 1202 1713 1274 quia
1741 1202 1810 1259 ad

212 1280 318 1340 hoc
343 1282 718 1355 descenderat,
743 1295 808 1343 ut
837 1288 894 1343 vi
911 1288 1199 1361 potestatis
1230 1305 1363 1356 sua,
1384 1290 1592 1347 calcata
1612 1299 1808 1360 morte,

214 1392 341 1435 cum
371 1379 628 1454 captivis,
651 1397 889 1455 quorum
919 1397 1082 1440 causa
1110 1382 1225 1456 pati
1251 1399 1308 1439 se
1332 1382 1602 1456 permisit,
1635 1400 1810 1441 resur-

214 1476 383 1540 geret.

286 1583 468 1654 (Vers.
500 1584 614 1659 10.)
662 1610 680 1633 ι
700 1586 807 1655 Qui
839 1586 1145 1658 descendit,
1182 1588 1298 1662 ipse
1319 1598 1402 1646 est
1430 1589 1524 1664 qui
1555 1599 1608 1647 et
1627 1606 1809 1647 ascen-

208 1669 296 1728 dit
334 1689 497 1747 super
544 1691 736 1732 omnes
780 1678 968 1746 calas,
1014 1685 1075 1734 ut
1112 1678 1369 1751 impleret
1398 1679 1601 1735 omnia.
1634 1704 1652 1728 ι
1696 1680 1812 1738 Hoc

1923 489 2007 539 est
2060 481 2425 549 sacerdotum,
2492 490 2545 538 et
2590 483 2875 556 propheta,
2931 494 2987 542 et
3044 485 3399 559 evangelista,
3426 527 3431 531 ς
3457 495 3516 544 et

1922 580 2121 629 catera
2162 570 2512 644 adimplenda
2562 572 2746 630 ofﬁcia
2792 574 3053 632 Ecclesia
3111 574 3169 632 in
3200 576 3513 633 ministerio

1923 661 2194 719 ﬁdelium.
2218 660 2421 716 Tamen
2447 668 2732 733 postquam
2767 660 2827 717 in
2858 662 3118 720 omnibus
3146 664 3282 723 locis
3307 666 3515 725 Eccleé-

1923 751 2019 809 sia
2048 759 2175 807 sunt
2202 750 2539 818 constituta,
2572 757 2628 806 et
2649 750 2832 807 ofﬁcia
2858 752 3132 823 ordinata,
3155 756 3315 813 aliter
3348 764 3512 815 com-'-

1923 843 2101 914 posita
2130 857 2215 898 res
2249 850 2348 909 est,
2380 856 2546 913 quam
2575 849 2832 913 cmperat.
2861 842 3109 899 Primum
3140 844 3288 901 enim
3322 857 3530 903 omnes

1921 931 2212 1000 docebant,
2272 939 2327 988 et
2383 947 2574 987 omnes
2627 929 3023 1003 baptizabant,
3099 931 3518 1009 quibuscunque

1921 1026 2117 1083 diebus
2169 1026 2257 1081 vel
2304 1023 2647 1095 temporibus
2693 1023 2887 1080 fuisset
2932 1024 3193 1093 occasio;
3240 1041 3342 1083 nec
3364 1026 3512 1082 enim

1920 1116 2211 1190 Philippus
2238 1123 2456 1187 tempus
2481 1110 2757 1186 quasivit,
2774 1122 2870 1170 aut
2897 1113 3046 1170 diem
3069 1130 3179 1189 quo
3199 1115 3513 1173 eunuchum

1917 1210 2220 1284 baptizaret
2251 1211 2391 1283 (Act.
2433 1226 2558 1278 vm,
2589 1209 2705 1281 38),
2736 1224 2916 1283 neque
2963 1209 3240 1283 jejunium
3275 1211 3515 1287 interpo-

1918 1306 2066 1364 suit:
2127 1319 2304 1378 neque
2354 1303 2557 1360 Paulus
2586 1310 2640 1359 et
2685 1303 2826 1359 Silas
2881 1310 3100 1376 tempus
3150 1303 3514 1374 distulerunt,

1920 1414 2029 1471 quo
2038 1396 2334 1470 Optionem
2344 1395 2579 1453 carceris
2596 1396 2935 1468 baptizarent
2958 1412 3086 1454 cum
3106 1395 3365 1455 omnibus
3395 1397 3514 1472 ejus

1923 1488 2064 1559 (Act.
2093 1504 2214 1555 XVI,
2248 1487 2362 1560 33);
2413 1502 2589 1560 neque
2632 1487 2825 1543 Petrus
2859 1486 3120 1545 diaconos
3154 1487 3349 1545 habuit
3377 1487 3518 1562 (18),

1920 1585 2016 1633 aut
2060 1576 2207 1633 diem
2254 1575 2531 1651 quasivit,
2575 1574 2801 1649 quando
2839 1575 3158 1634 Cornelium
3200 1594 3330 1635 cum
3360 1577 3513 1636 omni

1920 1667 2087 1723 domo
2133 1665 2261 1739 .ejus
2298 1665 2599 1739 baptizavit
2648 1668 2791 1739 (Act.
2843 1687 2899 1737 v,
2936 1669 3029 1742 48)
3059 1683 3070 1721 :
3122 1685 3225 1726 nec
3254 1668 3393 1741 ipse,
3423 1664 3519 1726 sed

208 1769 317 1830 est,
366 1763 516 1837 quod
559 1763 695 1822 dicit
735 1766 1035 1824 Dominus:
1082 1794 1101 1815 ι
1129 1770 1301 1825 Nemo
1332 1768 1577 1825 ascendit
1624 1769 1684 1825 in
1709 1786 1813 1827 (ιω-
1843 1763 1890 1824 Β
1917 1757 2194 1830 baptizare
2226 1756 2395 1829 ,ίαδείῑ
2446 1760 2731 1828 fratribus:
2786 1762 2881 1835 qui
2938 1779 3065 1819 cum
3098 1762 3197 1817 ίῙῙο
3244 1760 3421 1818 ieram
3450 1762 3519 1820 3d

205 1850 349 1919 lum,
409 1851 516 1909 nisi
562 1854 658 1926 qui
719 1854 1004 1912 descendit
1046 1855 1113 1913 de
1152 1857 1311 1928 calo,
1343 1858 1517 1914 Filius
1542 1859 1806 1926 hominis,

208 1932 309 2013 qui
348 1948 430 1997 est
470 1940 527 1997 in
576 1943 715 1999 calo
750 1944 932 2016 (Joan.
970 1963 1056 2015 ιιι,
1095 1947 1207 2019 13).
1249 1971 1268 1996 ι
1317 1947 1475 2016 Quod
1505 1947 1725 2023 quidem
1756 1957 1810 2004 et

208 2028 267 2085 in
300 2029 509 2103 psalmo
537 2032 889 2102 continetur;
939 2034 1016 2091 ait
1045 2036 1194 2093 enim
1230 2054 1241 2093 :
1296 2063 1316 2086 ι
1343 2037 1392 2094 Α
1421 2053 1637 2094 summo
1668 2038 1810 2095 coelo

204 2122 446 2194 egressio
498 2122 637 2195 ejus,
686 2132 740 2181 et
765 2142 1042 2197 regressus
1075 2128 1195 2200 ejus
1218 2145 1394 2203 usque
1422 2130 1491 2186 ad
1530 2146 1810 2186 summum

204 2210 330 2284 ejus
365 2212 541 2284 (Psal.
572 2230 736 2283 xvm,
771 2214 851 2286 7).
884 2238 904 2263 ι
944 2216 1047 2273 Hic
1089 2234 1218 2289 ergo
1246 2216 1579 2274 descendens
1603 2236 1632 2275 e
1659 2219 1812 2276 calis

201 2299 267 2356 in
303 2306 530 2369 terram,
562 2301 730 2359 homo
768 2310 933 2360 natus
951 2310 1064 2361 est:
1098 2313 1221 2377 post
1244 2314 1497 2363 mortuus
1526 2307 1812 2366 descendit

202 2389 276 2447 ad
325 2388 557 2459 inferos,
606 2407 677 2449 ex
728 2392 934 2466 quibus
981 2393 1151 2452 tertio
1200 2393 1290 2452 die
1329 2412 1637 2470 resurgens,
1687 2390 1815 2454 ante

205 2499 403 2540 omnes
453 2486 718 2541 mortales
767 2484 1015 2544 ascendit
1062 2503 1228 2560 super
1256 2497 1488 2546 cunctos
1515 2489 1719 2557 cales;
1752 2496 1813 2546 ut

207 2572 432 2630 illusam
464 2580 697 2631 mortem
724 2575 1035 2632 ostenderet
1074 2583 1358 2633 creatura.

282 2689 463 2761 (Vers.
509 2692 597 2761 11,
621 2692 749 2773 12.)
792 2716 811 2740 ι
838 2693 911 2749 Et
932 2692 1050 2767 ipse
1087 2692 1241 2751 dedit
1287 2692 1553 2767 quosdam
1587 2692 1813 2767 quidem

207 2780 509 2852 apostolos,
564 2781 830 2855 quosdam
888 2789 1072 2838 autem
1120 2782 1437 2856 prophetas,
1489 2781 1629 2840 alios
1681 2798 1815 2839 vero

210 2868 598 2944 evangelistas,
649 2870 913 2944 quosdam
961 2887 1093 2928 vero
1137 2880 1383 2944 pastores
1421 2880 1476 2929 et
1523 2871 1814 2946 magistros

207 2957 281 3016 ad
308 2960 839 3019 consummationem
870 2970 1186 3019 sanctorum
1207 2963 1266 3020 in
1285 2980 1424 3037 opus
1452 2962 1798 3020 ministerii.-

207 3047 465 3123 Apostoli
490 3050 733 3125 episcopi
761 3059 891 3108 sunt
915 3051 1057 3124 (Act.
1091 3070 1191 3122 xx,
1218 3054 1348 3127 28);
1382 3053 1664 3127 propheta
1680 3068 1812 3109 vero

209 3139 598 3214 explanatores
651 3148 781 3197 sunt
828 3140 1242 3214 Scripturarum
1279 3162 1293 3212 ;
1353 3143 1608 3217 quamvis
1669 3141 1815 3198 inter

209 3226 332 3302 ipsa
354 3227 659 3301 primordia
684 3228 893 3287 fuerint
936 3231 1241 3305 propheta,
1291 3231 1436 3289 sicut
1479 3232 1723 3305 Agabus,
1761 3238 1815 3287 et

207 3324 449 3390 quatuor
495 3318 737 3392 virgines
782 3319 1196 3394 prophetantes,
1237 3320 1390 3379 sicut
1411 3323 1729 3380 continetur
1755 3322 1815 3382 in

207 3404 451 3471 Actibus
475 3408 871 3480 apostolorum,
905 3418 1129 3482 propter
1155 3409 1474 3468 rudimenta
1511 3411 1640 3468 ﬁdei
1669 3430 1815 3470 com-

217 3496 534 3553 mendanda
563 3497 708 3569 (Act.
738 3515 859 3568 χιιι,
887 3500 944 3568 9,
977 3500 1255 3572 i0),nunc
1282 3509 1465 3557 autem
1494 3501 1817 3576 interpretes

214 3584 502 3659 propheta
529 3586 811 3644 dicuntur.
830 3590 1198 3661 Evangelista
1227 3590 1453 3648 diaconi
1482 3600 1639 3660 sunt,
1669 3592 1815 3650 sicut

210 3673 326 3732 fuit
354 3674 642 3750 Philippus
666 3677 806 3750 (Act.
839 3696 959 3747 Vill,
983 3680 1065 3753 5);
1098 3680 1353 3753 quamvis
1403 3697 1516 3736 non
1562 3681 1675 3738 sint
1721 3700 1817 3738 sa-

208 3763 485 3832 cerdotes,
514 3767 885 3839 evangelizare
923 3775 1109 3825 tamen
1131 3780 1360 3842 possunt
1379 3771 1499 3828 sine
1534 3770 1814 3841 cathedra,

210 3852 359 3910 sicut
381 3862 437 3910 et
466 3854 664 3913 beatus
690 3856 1001 3932 Stephanus
1044 3867 1100 3916 et
1127 3859 1421 3933 Philippus
1460 3869 1815 3917 memoratus.

208 3941 463 4001 Pastores
514 3953 741 4018 possunt
783 3962 899 4004 esse
949 3949 1200 4020 lectores,
1249 3949 1344 4024 qui
1395 3949 1631 4008 lectione
1680 3950 1815 4024 sagi-

212 4039 347 4088 nent
404 4034 669 4106 populum
724 4035 1078 4105 audientem;
1137 4037 1267 4111 quia
1329 4062 1349 4086 ι
1406 4055 1519 4096 non
1572 4039 1633 4096 in
1678 4057 1816 4113 pane

207 4128 433 4179 tantum
450 4123 593 4179 vivit
621 4123 809 4192 homo,
840 4125 938 4182 sed
964 4126 1025 4182 in
1050 4128 1205 4184 omni
1228 4128 1419 4197 verbo,
1451 4130 1599 4203 quod
1630 4147 1816 4203 proce-

204 4211 292 4269 dit
323 4228 401 4268 ex
428 4226 523 4265 ore
549 4210 648 4266 Dei
679 4213 892 4285 (Matth.
925 4231 1003 4282 ιγ,
1035 4214 1106 4284 4).
1149 4240 1168 4263 ι
1220 4216 1469 4288 Magistri
1499 4234 1631 4275 vero
1660 4236 1817 4275 exor-

204 4301 368 4358 cista
423 4304 575 4365 sunt,
628 4300 758 4371 quia
817 4300 876 4356 in
930 4302 1181 4359 Ecclesia
1226 4304 1332 4375 ipsi
1379 4315 1732 4378 compescunt
1763 4316 1817 4364 et

207 4390 511 4447 verberant
559 4386 840 4459 inquietos
870 4405 881 4442 :
923 4389 1043 4445 sive
1082 4390 1123 4445 ii
1156 4392 1251 4464 qui
1304 4392 1505 4450 litteris
1541 4403 1596 4450 et
1632 4396 1813 4453 lectio-

1919 1847 2237 1905 Cornelium
2275 1848 2344 1904 ab
2389 1847 2559 1921 Joppe
2592 1866 2605 1915 ;
2661 1847 2843 1906 adhuc
2895 1850 3044 1906 enim
3074 1858 3273 1923 prater
3300 1858 3513 1923 septem

1918 1936 2178 1994 diaconos
2216 1939 2405 1994 nullus
2433 1937 2610 1995 fuerat
2640 1938 2945 1995 ordinatus.
2971 1938 3041 1996 Ut
3092 1956 3219 2015 ergo
3249 1948 3520 1998 cresceret

1920 2027 2070 2100 plebs
2099 2036 2151 2084 et
2182 2027 2665 2102 multiplicaretur,
2698 2027 2960 2085 omnibus
2998 2027 3144 2085 inter
3188 2028 3351 2085 initia
3374 2045 3520 2086 con-

1920 2135 2132 2175 cessum
2160 2126 2241 2175 est
2270 2126 2324 2174 et
2352 2118 2746 2192 evangelizare,
2786 2127 2840 2176 et
2867 2118 3164 2192 baptizare,
3187 2127 3241 2176 et
3271 2118 3515 2192 Scriptu-

1921 2223 2006 2263 ras
2052 2208 2111 2263 in
2146 2208 2392 2265 Ecclesia
2442 2210 2765 2282 eXplanare;
2817 2217 2873 2265 at
2921 2209 3019 2265 ubi
3050 2212 3237 2267 omnia
3266 2212 3385 2267 loca
3413 2210 3518 2267 cir-

1922 2300 2218 2369 cumplexa
2255 2308 2336 2355 est
2352 2299 3012 2368 Ecclesia,conventicula
3040 2302 3345 2360 constituta
3365 2308 3517 2369 sunt,

1922 2396 1976 2444 et
2013 2397 2269 2460 rectores,
2292 2397 2345 2445 et
2380 2398 2575 2447 catera
2601 2390 2783 2448 ofﬁcia
2808 2392 2867 2447 in
2893 2392 3158 2450 Ecclesiis
3195 2380 3324 2449 sunt
3355 2391 3519 2448 ordi-

1922 2486 2085 2545 nata;
2134 2485 2198 2533 ut
2251 2480 2439 2535 nullus
2466 2479 2534 2535 de
2572 2481 2789 2539 clericis
2819 2481 3065 2548 auderet,
3099 2482 3196 2556 qui
3225 2482 3517 2540 ordinatus

1922 2587 2034 2626 non
2061 2577 2555 2642 esset,prasumere
2590 2568 2861 2639 ofﬁcium,
2894 2569 3042 2644 quod
3071 2571 3236 2627 sciret
3266 2587 3379 2628 non
3410 2570 3519 2626 sibi

1921 2665 2195 2723 creditum
2236 2666 2324 2721 vel
2383 2680 2723 2723 concessum.
2774 2666 2846 2723 Et
2895 2667 3061 2740 coepit
3093 2665 3202 2722 alio
3241 2664 3436 2721 ordine
3464 2671 3518 2720 et

1921 2755 2273 2829 providentia
2329 2754 2622 2829 gubernari
2682 2755 2973 2825 Ecclesia;
3035 2755 3165 2832 quia
3217 2756 3264 2814 si
3321 2771 3514 2812 omnes

1922 2847 2111 2903 eadem
2167 2854 2408 2919 possent,
2462 2846 2842 2905 irrationabile
2871 2857 3031 2918 esset,
3064 2856 3118 2906 et
3150 2847 3395 2922 vulgaris
3429 2864 3513 2904 res

1922 2947 1977 2996 et
2021 2939 2291 2998 vilissima
2345 2939 2644 2997 videretur.
2686 2942 2828 3000 Hinc
2884 2960 3011 3017 ergo
3049 2952 3151 3013 est,
3187 2940 3335 2998 unde
3365 2957 3517 2997 nunc

1920 3046 2098 3104 neque
2133 3029 2351 3088 diaconi
2392 3030 2451 3086 in
2507 3032 2710 3105 populo
2756 3031 3079 3105 pradicant,
3119 3048 3294 3107 neque
3322 3028 3514 3088 clerici

1844 3121 1888 3182 C
1921 3130 2008 3185 vel
2043 3129 2170 3186 laici
2197 3128 2498 3203 baptizant,
2529 3146 2705 3204 neque
2734 3148 3066 3205 quocunque
3108 3131 3197 3188 die
3226 3129 3516 3188 credentes

1920 3219 2231 3292 tinguntur,
2252 3220 2359 3276 nisi
2382 3221 2532 3292 agri.
2560 3220 2689 3277 Ideo
2710 3237 2821 3277 non
2839 3239 2936 3295 per
2963 3221 3150 3278 omnia
3176 3216 3521 3279 conveniunt

1922 3309 2127 3382 scripta
2162 3309 2417 3382 Apostoli
2448 3309 2810 3381 ordinationi,
2842 3330 2963 3388 qua
2994 3328 3143 3372 nunc
3180 3312 3240 3370 in
3266 3309 3518 3370 Ecclesia

1924 3408 2034 3469 est;
2080 3400 2211 3474 quia
2264 3400 2382 3458 hac
2434 3401 2582 3460 inter
2633 3404 2751 3477 ipsa
2793 3406 3097 3480 primordia
3124 3414 3254 3465 sunt
3281 3406 3509 3479 scripta.

1924 3490 2060 3546 Nam
2123 3498 2177 3547 et
2226 3488 2580 3550 Timotheum
2632 3494 3015 3568 presbyterum
3076 3513 3109 3553 a
3160 3512 3218 3554 se
3274 3502 3518 3553 creatum

1925 3579 2240 3654 episcopum
2285 3590 2444 3639 vocat
2474 3600 2489 3651 ;
2536 3583 2665 3657 quia
2700 3584 2869 3659 primi
2909 3586 3027 3660 (19)
3072 3584 3381 3662 presbyteri
3410 3584 3520 3661 epi-

1924 3668 2077 3743 sc0pi
2133 3670 2592 3742 appellabantur;
2644 3683 2708 3731 ut
2758 3677 3045 3734 recedente
3081 3693 3170 3747 eo,
3209 3691 3443 3749 sequens
3470 3673 3523 3732 ei

1924 3755 2255 3816 succederet.
2280 3759 2530 3833 Denique
2547 3763 2693 3836 apud
2704 3764 3008 3837 {Egyptum
3043 3762 3365 3838 prasbyteri
3393 3777 3521 3820 con-

1924 3850 2166 3921 signant,
2204 3847 2251 3903 si
2282 3865 2518 3920 prasens
2549 3868 2660 3908 non
2680 3853 2752 3908 sit
2778 3855 3093 3927 episcopus.
3134 3853 3240 3911 Sed
3270 3850 3400 3924 quia
3417 3865 3520 3908 coa-

1926 3947 2126 4012 pernnt
2177 3939 2322 3997 242
2376 3949 2667 4017 sequentes
2721 3942 3030 4015 presbyteri
3088 3940 3305 4016 indigni
3361 3940 3523 3998 inve-

1924 4031 2035 4088 niri
2063 4034 2131 4091 ad
2153 4035 2422 4108 primatus
2440 4034 2729 4104 tenendos,
2763 4033 3059 4091 immutata
3081 4041 3165 4091 est
3207 4034 3369 4102 ratio,
3400 4049 3524 4108 pro-

1925 4122 2191 4194 spiciente
2251 4124 2491 4183 concilio
2521 4168 2539 4194 ,
2596 4133 2659 4182 ut
2712 4140 2824 4181 non
2872 4124 3007 4184 ordo
3039 4166 3058 4194 ,
3115 4124 3211 4185 sed
3260 4124 3522 4183 meritum

1926 4221 2134 4269 crearet
2172 4213 2511 4288 episcopum,
2558 4215 2861 4272 multorum
2916 4217 3259 4275 sacerdotum
3310 4215 3525 4290 judicio

1925 4305 2314 4374 constitutum,
2340 4321 2410 4362 ne
2441 4304 2702 4379 indignus
2730 4314 2935 4365 temere
2963 4316 3273 4383 usurparet,
3303 4316 3358 4366 et
3386 4316 3527 4366 esset

1923 4394 2119 4450 multis
2156 4395 2499 4455 scandalum.
2556 4399 2620 4456 In
2678 4399 2793 4471 lege
2821 4399 3189 4458 nascebantur
3216 4398 3525 4457 sacerdotes

209 4478 377 4534 nibus
439 4475 770 4533 inibuendos
806 4476 923 4549 (16)
968 4477 1212 4536 infantes
1256 4482 1507 4538 solebant
1552 4483 1818 4556 imbuere,
1851 4480 1899 4539 D
1932 4497 2001 4537 ex
2043 4499 2236 4556 genere
2264 4488 2450 4544 Aaron
2478 4488 2686 4546 Levita
2718 4489 2922 4561 (Exod.
2960 4507 3166 4558 xxvm,
3196 4487 3290 4560 43)
3326 4505 3339 4543 ;
3373 4502 3525 4544 nunc

211 4567 357 4624 sicut
405 4582 527 4621 mos
578 4566 897 4624 Iudaeorum
955 4576 1058 4637 est,
1086 4585 1318 4642 quorum
1368 4572 1595 4630 traditio
1622 4574 1692 4631 ad
1720 4592 1821 4634 nos

212 4654 514 4713 transitum
559 4654 715 4721 fecit,
764 4672 885 4730 qua
932 4672 1031 4729 per
1089 4658 1478 4732 negligentiam
1524 4663 1814 4721 obsolevit.

215 4744 366 4801 Inter
416 4743 552 4802 istos
597 4752 719 4818 post
752 4744 1070 4818 episcopum
1116 4747 1241 4821 plus
1283 4764 1401 4807 esse
1446 4750 1815 4826 intelligitur,

217 4833 313 4907 qui
397 4841 621 4907 propter
703 4842 1001 4891 reseratum
1080 4838 1362 4894 occultum
1409 4838 1816 4914 Scripturarum

213 4938 437 4979 sensum
463 4922 789 4996 prophetare
821 4922 1065 4991 dicitur;
1103 4927 1409 4999 praesertim
1457 4928 1586 5002 quia
1614 4930 1818 4988 futura

214 5015 331 5088 spei
392 5015 562 5072 verba
607 5014 882 5089 depromit
914 5060 931 5085 ,
972 5017 1069 5090 qui
1117 5019 1254 5076 ordo
1326 5037 1440 5078 non
1496 5028 1675 5094 potest
1704 5038 1820 5078 esse

210 5104 567 5179 presbyterii.
604 5105 740 5163 Nam
790 5105 849 5161 in
895 5106 1154 5181 episcopo
1201 5127 1394 5167 omnes
1434 5109 1661 5168 ordines
1698 5115 1815 5184 (17)

234 5202 405 5329 mitti)
466 5202 593 5284 Yet.
649 5201 784 5258 edit.
825 5218 887 5258 ac
941 5205 1187 5287 plerique
1227 5222 1389 5276 mss.,
1414 5213 1474 5288 et
1517 5207 1819 5264 lectionibus

324 5275 481 5329 uendt
512 5272 742 5329 tnfantes
766 5290 783 5328 .'
824 5274 985 5329 Rom.
1018 5279 1153 5329 edit.
1182 5286 1455 5329 resecavu
1489 5295 1678 5329 vocem
1708 5298 1819 5329 nu-

211 5272 481 5330 imbueudi
512 5272 783 5343 infantes:
824 5272 985 5331 Boni.
1018 5272 1153 5334 edit.
1182 5272 1455 5334 resecavit
1489 5295 1679 5336 vocem
1708 5298 1820 5333 tm-

212 5345 444 5411 buendi,
492 5351 547 5400 at
590 5344 751 5401 nobis
784 5344 1008 5404 videtur
1060 5348 1232 5405 satius
1259 5366 1387 5406 cum
1433 5349 1559 5407 Vat.
1586 5349 1711 5407 cod.
1748 5351 1823 5406 le-

209 5431 339 5488 gere
360 5416 693 5471 imbuendus.

291 5487 415 5555 (17)
448 5486 716 5543 Nonnulli
757 5504 911 5557 mss.,
940 5489 1080 5545 Nam
1115 5490 1173 5544 in
1214 5490 1424 5546 Christo
1453 5508 1629 5547 omnes
1660 5490 1823 5545 ordi-

211 5575 305 5613 ne:

290 5601 411 5702 (18)
442 5629 575 5688 Mss.
610 5628 846 5705 aliquot,
884 5646 1046 5705 neque
1073 5631 1266 5690 Petrus
1299 5632 1512 5691 clericos
1542 5631 1747 5690 habuit.

1933 4582 2117 4629 autem
2149 4592 2340 4633 omnes
2389 4593 2459 4634 ex
2515 4594 2711 4652 genere
2752 4586 2883 4635 sunt
2919 4577 3272 4645 sacerdotali,
3302 4576 3523 4633 dicente

1926 4661 2087 4720 Petro
2125 4666 2403 4738 apostolo:
2466 4666 2607 4733 Quia
2643 4665 2777 4722 estis
2825 4683 2995 4739 genus
3051 4667 3229 4738 regale
3270 4672 3325 4719 et
3351 4679 3523 4720 sacer-

1927 4750 2111 4806 dotale
2142 4754 2199 4824 (Ι
2222 4755 2369 4810 Petr.
2395 4770 2459 4822 ιι,
2486 4755 2544 4823 9)
2572 4772 2584 4809 :
2622 4754 2855 4826 ideoque
2879 4770 2949 4809 ex
2976 4756 3182 4826 populo
3211 4759 3389 4823 potest
3406 4751 3526 4809 ﬁeri

1927 4839 2197 4896 sacerdos.
2245 4841 2345 4895 «In
2374 4839 2800 4897 aediﬁcationem
2821 4841 3070 4913 corporis
3102 4838 3331 4898 Christi.
3364 4865 3383 4889 ι
3422 4841 3524 4901 Ec-

1929 4927 2111 4985 clesia
2163 4928 2570 4985 ordinationem
2603 4929 2672 4984 ad
2716 4928 3251 5001 compaginationem
3292 4929 3525 4990 humani

1927 5015 2176 5089 corporis
2209 5015 2330 5089 (20)
2368 5016 2427 5071 in
2470 5013 2828 5089 professionis
2847 5018 3061 5074 unitate
3090 5017 3228 5075 dicit
3258 5020 3524 5095 composi-

1929 5112 2083 5174 tam;
2130 5114 2193 5165 ut
2239 5106 2447 5164 diversi
2497 5106 2768 5181 dignitate
2812 5108 2873 5167 in
2912 5108 3135 5168 Christo
3172 5126 3364 5170 omnes
3413 5112 3526 5171 sint

2002 5204 2118 5280 (19)
2157 5205 2310 5280 Edit.
2338 5208 2513 5280 ,Bom.
2528 5221 2666 5280 cum
2689 5221 2801 5262 uno
2823 5206 2948 5266 cod.
2968 5205 3121 5280 V_at.,
3141 5207 3269 5280 quia
3289 5208 3527 5280 primum

1921 5276 2256 5353 presbyteri;
2298 5278 2421 5337 alia
2452 5276 2588 5335 edit.
2630 5293 2694 5337 ac
2738 5295 2870 5337 mss.
2920 5276 3307 5348 melius,un
3336 5278 3525 5350 primi,

2146 5423 2273 5499 Yet.
2305 5420 2439 5499 edit.
2464 5437 2528 5477 ac
2549 5436 2686 5499 _mss.
2728 5437 2839 5499 non
2873 5419 3057 5499 pauci,
3191 5422 3525 5499 compagina-

1930 5490 2583 5619 tiouemthuznanigeneris
2606 5508 2627 5555 ;
2657 5492 2856 5550 melius
2873 5490 3049 5551 Rom.
3083 5496 3139 5546 et
3173 5490 3272 5548 alii
3303 5490 3435 5550 inse.
3467 5502 3530 5550 ut

1931 5574 1991 5612 in
2019 5578 2123 5617 con
2151 5578 2219 5618 ex
2249 5579 2304 5619 ιι.
