3908 6192
425 275 524 335 411

1457 277 1553 333 ΑΙ)
1591 276 1824 333 OPEBA
1861 279 1918 333 S.
1961 277 2291 336 AMBROSII
2330 278 2712 338 APPENDIX.

3632 287 3742 346 M2

423 424 619 477 unum,
651 422 827 465 unum
856 413 1024 482 caput
1050 404 1312 464 habentes
1339 402 1646 474 Christum,
1690 403 1796 462 hoc
1824 413 1906 463 est
1930 423 2023 464 au-
2050 411 2100 471 A
2138 424 2396 465 numeros
2424 408 2673 482 proprios
2710 407 2968 477 habeant,
3013 418 3071 467 et
3087 410 3200 468 sint
3227 411 3493 486 legiones,
3527 419 3592 470 ut
3625 413 3743 489 ipse

421 505 631 556 ctorem
661 496 813 554 vita).

498 586 680 658 (Vers.
719 586 832 658 13.)
891 609 910 633 ι
936 587 1124 642 Donec
1146 597 1500 640 occurramus
1528 595 1718 638 omnes
1742 579 1801 637 in
1832 581 2027 638 unita-

422 685 533 735 tem
591 675 720 734 ﬁdei
776 682 830 731 et
877 673 1214 746 agnitionem
1260 671 1387 727 Filii
1416 669 1535 727 Dei.
1577 696 1596 719 ι
1647 670 1862 727 Tandiu
1889 671 2026 729 dicit

423 782 642 824 manere
698 762 1128 826 ordinationem,
1171 757 1419 833 quandiu
1445 761 1627 817 cuncti
1670 761 1927 818 destinati
1955 761 2025 820 ad

421 856 594 914 vitam
626 855 792 911 unius
836 852 950 907 sint
979 851 1110 906 ﬁdei
1147 849 1204 905 in
1234 850 1600 923 cognitionem
1632 851 1857 910 Christi.
1915 877 1932 900 ι
1961 854 2023 910 In

420 947 605 1003 virum
635 944 961 1017 perfectum,
1017 941 1076 998 in
1109 957 1422 998 mensuram
1449 943 1626 1000 aetatis
1655 942 2022 1016 plenitudinis

419 1036 648 1096 Christi.
682 1059 701 1082 ι
762 1034 841 1090 Ita
883 1032 1281 1090 elaborandum
1333 1033 1606 1104 hortatur,
1657 1043 1719 1090 ut
1759 1034 2023 1109 perfectio

418 1125 548 1183 ﬁdei
592 1121 1063 1198 apprehendatur:
1106 1123 1266 1196 cujus
1308 1123 1568 1181 haecratio
1617 1132 1717 1193 est,
1756 1133 1818 1181 ut
1851 1124 2022 1182 Chri-

417 1225 564 1273 stum
616 1213 922 1287 perfectum
972 1221 1026 1269 et
1054 1215 1277 1287 plenum
1308 1216 1481 1271 Deum
1515 1223 1697 1272 teneat
1728 1215 1883 1284 ﬁdes,
1917 1233 2019 1274 nec

421 1321 679 1362 mensura
707 1304 949 1360 humana
982 1304 1262 1373 metiatur,
1299 1305 1393 1362 sed
1421 1306 1476 1360 in
1509 1306 1851 1379 plenitudine
1879 1307 2020 1362 divi-

419 1393 610 1452 uitatis
667 1391 823 1467 quasi
879 1393 1156 1466 perfectus
1201 1395 1348 1450 Deus
1406 1393 1690 1451 habeatur.
1723 1396 1832 1453 Nec
1870 1397 2018 1454 enim

419 1488 723 1562 perfectum
782 1485 992 1554 dicens,
1043 1485 1224 1541 virum
1274 1487 1564 1560 temporali
1593 1495 1748 1544 aetate
1778 1496 1832 1544 et
1861 1505 2020 1544 men-

417 1594 545 1634 sura
590 1575 896 1650 signiﬁcat;
943 1574 1038 1631 sed
1089 1591 1184 1648 per
1229 1575 1332 1632 hoc
1383 1576 1593 1634 dictum
1624 1577 1892 1650 perfectos
1921 1595 2020 1634 nos

423 1667 546 1723 vult
577 1665 698 1722 ﬁeri
726 1664 782 1720 in
811 1663 1157 1738 plenitudine
1188 1664 1501 1724 intellectus
1531 1666 1844 1724 divinitatis
1885 1668 2018 1725 Filii

421 1753 541 1812 Dei.

496 1842 680 1915 (Vers.
715 1841 828 1914 14.)
885 1865 904 1889 ι
949 1841 1021 1898 Ut
1059 1843 1204 1900 ultra
1233 1859 1344 1900 non
1375 1842 1548 1900 simus
1575 1845 1813 1916 parvuli,
1847 1860 2023 1918 neque

419 1932 769 2003 fluctuantes,
805 1940 860 1989 et
886 1931 1342 1990 circumferamur
1376 1933 1527 1990 omni
1560 1941 1726 1990 vento
1757 1935 2023 1992 doctrinae

418 2022 477 2079 in
506 2023 753 2098 nequitia
786 2021 1100 2092 hominum,
1133 2022 1189 2078 in
1219 2023 1439 2092 astutia,
1464 2021 1531 2079 ad
1553 2022 1858 2079 remedium
1877 2039 2022 2079 erro-

416 2112 511 2170 ris.
560 2138 580 2164 ι
633 2112 916 2170 Fundatos
961 2120 1014 2169 et
1045 2112 1275 2170 stabiles
1303 2129 1418 2169 esse
1450 2129 1550 2168 nos
1598 2113 1720 2168 vult
1758 2112 1814 2168 in
1845 2113 2024 2170 disci-

416 2201 581 2274 plina)
609 2200 737 2258 ﬁdei
765 2201 1072 2271 catholicas,
1104 2218 1268 2275 quam
1307 2203 1498 2257 Petrus
1528 2203 1833 2274 apostolus,
1872 2217 2024 2258 reve-

417 2291 564 2346 lante
591 2291 725 2358 Deo,
757 2290 1036 2363 professus
1065 2297 1148 2347 est
1187 2291 1400 2362 (Matth.
1435 2307 1554 2360 xvr,
1586 2290 1675 2361 16)
1702 2308 1716 2357 ;
1749 2306 1850 2347 nec
1877 2307 2022 2346 ven-

416 2384 565 2440 tilari
589 2400 688 2440 nos
714 2384 1030 2442 oberrantes
1061 2402 1158 2458 per
1185 2385 1528 2441 diversarum
1561 2384 1828 2441 haeresum
1860 2382 2023 2456 pesti-

416 2473 676 2530 lentiosas
709 2475 1144 2531 asseverationes
1175 2473 1419 2547 nequitia
1457 2473 1699 2530 humana
1727 2475 2016 2539 inventas;

415 2572 479 2620 ut
515 2579 610 2636 per
646 2562 746 2620 has
792 2563 1036 2620 fallentis
1085 2563 1298 2620 inimici
1329 2563 1432 2620 sub
1461 2563 1573 2620 veri
1608 2563 1831 2620 nomine
1869 2579 2022 2620 error

416 2651 588 2726 possit
631 2652 834 2710 aﬂ'erri.
867 2654 983 2710 Hoc
1011 2653 1160 2710 enim
1193 2653 1496 2710 remedium
1541 2660 1625 2708 est
1653 2651 1926 2720 falsitatis,
1959 2659 2022 2707 ut

416 2743 519 2799 sub
547 2749 819 2815 praetextu
847 2742 1098 2798 veritatis
1130 2741 1356 2800 inducat
1384 2758 1625 2798 errorem
1655 2760 1668 2810 ;
1697 2749 1752 2797 et
1781 2758 1892 2797 non
1921 2758 2021 2797 so-

418 2833 528 2888 lum
583 2831 684 2888 sub
721 2830 838 2886 veri
887 2832 1134 2898 nomine,
1166 2831 1258 2885 sed
1290 2839 1342 2885 et
1373 2847 1460 2900 ne,
1493 2831 1636 2886 sicut
1661 2838 1787 2886 ante
1816 2846 2020 2902 accep-

416 2933 528 2980 tam
581 2924 748 2980 ﬁdem
787 2938 951 2978 sensn
988 2920 1229 2976 humiles
1275 2922 1610 2994 vagabamur
1648 2939 1743 2995 per
1772 2921 2019 2980 diversos

415 3026 651 3079 errores,
683 3008 872 3065 ﬁdeles
904 3008 1032 3065 facti
1050 3008 1481 3066 discurreremus
1511 3010 1750 3082 fragiles,
1779 3018 1832 3066 et
1860 3010 2018 3067 dubii

2137 499 2406 557 Dominus
2454 498 2600 556 dixit
2646 498 2857 571 (Matth.
2908 515 3068 568 xxvi,
3115 499 3208 572 53)
3247 500 3426 574 ;quia
3453 507 3642 559 tamen
3669 502 3741 560 ab

2136 605 2248 644 uno
2276 596 2331 644 et
2359 604 2454 660 per
2481 604 2655 666 unum
2689 595 2838 655 sunt,
2869 588 3034 644 simul
3071 587 3258 645 omnia
3306 605 3480 648 unum
3531 608 3736 666 corpus

2136 677 2391 751 appellat.
2429 677 2582 734 Sicut
2610 676 2756 734 enim
2790 677 3037 734 membra
3075 694 3201 734 cum
3241 677 3354 744 sint
3398 679 3569 737 unius
3605 698 3739 740 cor-

2137 767 2304 838 poris,
2348 766 2567 824 diversa
2598 775 2779 823 tamen
2829 776 2959 824 sunt
3000 774 3126 824 actu
3153 774 3210 825 et
3237 767 3545 841 dignitate:
3579 778 3636 828 et
3661 770 3737 829 ita

2135 862 2382 912 creatura
2408 855 2632 914 condita
2659 863 2742 912 est
2770 872 2799 910 a
2828 857 2942 912 Deo
2969 873 3065 929 per
3093 855 3398 926 Christum,
3431 865 3496 914 ut
3535 875 3570 915 a
3595 859 3731 918 Che-

2136 945 2316 1002 rubim
2368 954 2422 1003 et
2479 946 2761 1019 Seraphim
2817 945 3099 1018 potentiis,
3149 961 3272 1018 quae
3320 945 3423 1002 sub
3467 946 3599 1004 sede
3632 948 3730 1006 Dei

2135 1043 2285 1102 sunt,
2314 1044 2368 1092 et
2398 1036 2623 1108 Angelis
2655 1052 2793 1108 quos
2834 1035 2949 1108 ipse
2969 1033 3241 1090 Dominus
3260 1044 3479 1092 sanctos
3497 1037 3738 1109 appellat

2138 1125 2332 1196 (Marc.
2385 1142 2510 1192 vni,
2566 1123 2681 1193 38),
2714 1123 2869 1196 quasi
2902 1121 3151 1197 quadam
3199 1125 3584 1181 concatenatio
3642 1124 3733 1193 sit,

2133 1231 2306 1288 usque
2330 1213 2395 1269 ad
2430 1214 2836 1269 ﬁrmamentum
2865 1211 3122 1268 ordinata
3154 1211 3494 1270 descendens
3519 1232 3532 1280 ;
3565 1221 3628 1270 ut
3656 1222 3734 1271 to-

2134 1311 2250 1358 tum
2297 1311 2352 1360 et
2391 1302 2646 1376 junctum
2678 1303 2770 1372 sit,
2801 1311 2855 1358 et
2884 1302 3098 1358 meritis
3125 1310 3308 1357 tamen
3339 1301 3728 1371 discernatur;

2138 1393 2352 1450 meritis
2382 1393 2506 1449 dico
2527 1409 2636 1449 non
2670 1393 2846 1449 solum
2877 1390 3312 1460 ofﬁciorum,sed
3325 1399 3732 1449 etuaturarum-

2131 1485 2241 1540 Nec
2296 1483 2441 1541 enim
2500 1484 2632 1558 quia
2683 1485 2878 1558 juncta
2923 1482 3060 1540 dicit
3103 1483 3311 1551 omnia,
3361 1483 3530 1539 unius
3575 1492 3737 1540 erunt

2133 1582 2343 1629 natura:
2371 1590 2380 1627 :
2432 1573 2525 1630 sed
2555 1571 2701 1646 quod
2734 1573 2788 1628 in
2821 1587 3047 1644 corpore
3077 1571 3325 1628 membra
3370 1572 3584 1629 faciunt
3611 1573 3736 1629 dis-

2131 1672 2282 1720 creta
2322 1662 2529 1719 ofﬁciis
2561 1663 2702 1734 (21),
2734 1679 2843 1717 non
2876 1669 3071 1717 natura
3099 1679 3111 1728 ;
3154 1661 3230 1716 ita
3261 1670 3316 1718 et
3346 1661 3404 1717 in
3438 1660 3524 1718 his
3541 1662 3735 1718 omni-

2045 1775 2092 1836 Β
2133 1751 2236 1808 bus
2289 1769 2400 1810 non
2445 1752 2710 1820 membra,
2764 1751 2858 1807 sed
2889 1759 3097 1808 natura»
3128 1752 3259 1823 ipsa:
3288 1751 3501 1809 faciunt
3525 1752 3737 1809 distin-

2133 1842 2367 1899 ctiones.
2421 1843 2538 1899 Hoc
2579 1851 2660 1898 est
2689 1857 2816 1913 ergo
2865 1840 3011 1914 quod
3044 1840 3343 1909 laboratur,
3377 1849 3438 1897 ut
3465 1840 3535 1897 ad
3563 1858 3732 1898 unum

2133 1949 2353 1990 sensum
2425 1931 2706 2004 redigatur
2761 1939 3010 1988 creatura
3041 1974 3054 1999 ,
3123 1938 3178 1987 et
3231 1931 3284 1988 in
3337 1947 3498 1988 sensu
3559 1948 3733 1988 unum

2132 2022 2204 2078 sit
2231 2038 2454 2096 corpus,
2481 2020 2614 2077 dum
2645 2020 2894 2077 omnium
2929 2037 3040 2076 una
3071 2020 3328 2093 professio
3375 2027 3476 2089 est,
3511 2013 3575 2077 ut
3603 2037 3736 2077 con-

2130 2110 2319 2169 cordet
2396 2110 2450 2166 in
2533 2109 2800 2166 charitate
2861 2109 3138 2167 Creatoris
3210 2110 3277 2167 ad
3340 2127 3502 2167 suum
3555 2111 3733 2184 profe-

2130 2209 2303 2269 ctum;
2359 2204 2507 2262 243
2563 2200 2859 2256 reazdiﬁcat
2915 2199 3063 2256 enim
3119 2217 3177 2256 se
3225 2199 3280 2256 in
3325 2202 3598 2273 templum
3629 2202 3730 2258 Do-

2135 2297 2292 2366 mini,
2335 2297 2614 2354 destructa
2632 2295 2779 2352 enim
2811 2296 2992 2354 fuerat
3019 2295 3299 2353 dementia
3328 2303 3382 2352 et
3412 2297 3600 2352 furore
3621 2296 3729 2353 dia-
3752 2346 3775 2365 ,

2130 2386 2388 2548 ho:lt’ers.
2448 2475 2534 2543 17,
2592 2474 2705 2547 18.)
2751 2497 2769 2520 ε
2801 2474 2916 2531 Hoc
2942 2490 3070 2547 ergo
3101 2472 3227 2532 dico
3255 2482 3309 2531 et
3341 2481 3507 2531 testor
3543 2474 3600 2531 in
3631 2476 3731 2532 Do-

2130 2564 2304 2634 mino,
2352 2572 2417 2620 ut
2470 2579 2582 2620 non
2627 2562 2944 2632 ambuletis,
2983 2565 3128 2621 sicut
3155 2571 3207 2620 et
3235 2571 3422 2636 gentes
3451 2562 3735 2620 ambulant

2130 2653 2186 2709 in
2210 2653 2455 2710 vanitate
2474 2653 2676 2709 mentis
2704 2669 2835 2721 suae,
2869 2653 3146 2710 obscurati
3169 2652 3476 2723 intellectu,
3509 2653 3735 2710 alienati

2129 2759 2158 2799 a
2197 2742 2304 2798 ﬁde
2346 2743 2444 2800 Dei
2477 2750 2699 2816 prepter
2729 2741 3116 2816 ignorantiam,
3151 2759 3272 2817 quae
3303 2750 3384 2798 est
3414 2743 3472 2798 in
3507 2743 3660 2815 ipsis.
3691 2768 3708 2789 -

2128 2833 2475 2890 Manifestato
2528 2841 2792 2904 creatore,
2859 2842 2913 2890 et
2975 2833 3186 2891 ratione
3251 2843 3488 2902 ostensa,
3561 2853 3725 2910 quam

2127 2923 2281 2995 sequi
2323 2921 2516 2979 debeat
2561 2931 2832 2991 creatura,
2887 2922 2942 2978 in
3002 2921 3110 2979 ﬁde
3148 2923 3247 2980 Dei
3295 2923 3379 2979 sui
3436 2923 3735 2994 duntaxat,

2127 3017 2464 3067 contestatur
2502 3011 2630 3068 illos
2687 3012 2746 3067 in
2792 3013 2990 3080 Deum,
3034 3019 3097 3067 ut
3135 3027 3243 3068 non
3284 3011 3446 3068 aliter
3474 3012 3735 3069 incedant

415 3101 483 3157 de
530 3115 624 3172 spe
668 3095 959 3172 promissa,
1013 3105 1362 3166 commonet;
1413 3099 1543 3172 quia
1566 3097 1680 3171 jam
1711 3098 2012 3157 Christiani
2042 3140 2084 3200 Ο
2128 3100 2212 3155 vel
2247 3099 2508 3169 sentiant,
2539 3117 2700 3175 quam
2732 3100 3037 3168 docentur;
3089 3117 3159 3158 ne
3189 3100 3399 3158 similes
3427 3101 3730 3174 gentilibus

415 3188 566 3257 facti,
612 3185 827 3245 fundati
874 3203 988 3243 esse
1019 3185 1242 3258 debent,
1284 3187 1414 3262 quia
1460 3188 1795 3262 ambiguitas
1817 3189 1870 3244 in
1905 3188 2011 3244 ﬁde

415 3289 601 3338 nostra
641 3297 751 3338 non
775 3287 894 3348 est;
941 3282 1365 3340 commendatur
1396 3282 1545 3340 enim
1579 3282 1783 3340 virtute
1814 3281 2012 3356 prodi-

451 3388 649 3429 lorum.

451 3389 649 3429 lorum.

413 3389 446 3444 g
488 3460 672 3530 (Vers.
709 3461 826 3532 l5.)
873 3485 891 3506 ε
922 3456 1224 3518 Veritatem
1253 3469 1434 3518 autem
1466 3461 1726 3519 facientes
1755 3461 1811 3517 in
1834 3461 2010 3518 chari-

414 3555 545 3617 tate,
604 3564 903 3620 augeamur
955 3549 1012 3604 in
1066 3550 1184 3622 ipso
1231 3566 1327 3622 per
1372 3551 1576 3619 omnia,
1618 3551 1713 3625 qui
1741 3559 1822 3607 est
1848 3558 2012 3622 caput

414 3635 688 3693 Christus.
740 3661 758 3681 ι
817 3637 969 3692 Hanc
1015 3637 1154 3694 dicit
1193 3654 1309 3694 esse
1340 3639 1646 3708 veritatem,
1680 3649 1741 3695 ut
1767 3655 2008 3695 amorem

415 3723 622 3780 Christi
670 3722 1043 3797 respicientes,
1091 3741 1200 3799 quo
1241 3725 1440 3785 dilexit
1465 3743 1585 3796 nos,
1617 3735 1670 3784 et
1697 3727 1926 3786 tradidit
1953 3745 2010 3785 se
2062 3780 2068 3788 .

412 3830 512 3886 pro
543 3813 726 3883 nobis,
754 3813 940 3870 omnia
967 3815 1330 3889 subjiciamns
1358 3817 1428 3886 ei,
1457 3817 1690 3873 scientes
1720 3818 1852 3890 quia
1879 3836 2008 3875 om-

412 3903 573 3980 nium
613 3913 806 3962 auctor
849 3913 931 3960 est
963 3905 1114 3975 vitae,
1143 3915 1203 3962 ut
1235 3905 1392 3980 quasi
1417 3905 1582 3980 capiti
1614 3905 1856 3964 membra
1885 3907 2009 3964 sub-

410 3978 646 4062 dantur;
710 4003 774 4051 ut
820 3995 866 4051 si
896 3995 991 4053 alii
1021 4014 1203 4054 errore
1233 3998 1318 4052 vel
1363 3997 1747 4054 malevolentia
1776 4013 1887 4054 non
1917 3999 2009 4054 fa—

409 4091 597 4140 tentur
621 4084 807 4141 omnia
853 4093 1016 4159 caput
1067 4086 1264 4143 habere
1296 4086 1600 4155 Christum,
1633 4087 1761 4160 quia
1792 4088 1860 4143 ab
1892 4088 2008 4161 ipso

413 4173 553 4230 facta
591 4184 718 4230 sunt
759 4175 1043 4232 voluntate
1071 4178 1286 4246 Patris;
1337 4195 1438 4234 nos
1474 4186 1654 4234 tamen
1687 4178 1777 4251 qui
1808 4178 2010 4234 catho-

411 4261 532 4319 licae
575 4261 705 4317 ﬁdei
747 4262 1105 4334 adhaeremus,
1148 4266 1254 4322 hoc
1294 4267 1445 4323 omni
1477 4267 1769 4323 devotione
1795 4275 1849 4323 et
1875 4284 2010 4324 cura

409 4365 567 4423 agere
608 4349 892 4419 debemus,
924 4359 987 4408 ut
1016 4352 1148 4409 huic
1172 4353 1302 4410 ﬁdei
1334 4371 1443 4410 non
1473 4352 1758 4424 damnum,
1789 4355 1880 4411 sed
1912 4355 2006 4412 lu-

408 4455 564 4496 crum
595 4439 908 4506 aiferamus,
938 4449 1348 4512 perseverantes
1377 4441 1433 4497 in
1452 4441 1554 4498 hac
1582 4443 2001 4514 asseveratione;

409 4537 471 4584 ut
506 4527 943 4601 comprimantur
974 4544 1154 4600 pravae
1206 4529 1405 4585 mentis
1443 4529 1719 4604 colloquia
1743 4531 2004 4587 adversus
2031 4507 2081 4566 D

411 4618 699 4675 veritatem
739 4626 967 4674 armata.

483 4717 665 4788 (Vers.
728 4715 841 4789 16.)
908 4741 926 4765 ι
975 4718 1059 4774 Ex
1091 4733 1199 4792 quo
1228 4725 1404 4775 totum
1434 4735 1632 4792 corpus
1657 4727 2001 4794 compactum

405 4815 459 4862 et
501 4824 814 4865 connexum
866 4824 964 4881 per
1015 4824 1233 4865 omnem
1257 4806 1573 4881 juncturam
1607 4811 2004 4867 subministra-

406 4898 574 4955 tionis
602 4898 902 4955 secundum
945 4899 1319 4972 operationem
1351 4898 1408 4954 in
1458 4916 1768 4956 mensuram
1813 4902 2001 4956 unius-

403 4987 669 5061 cujusque
698 4989 890 5061 partis,
925 4989 1326 5046 incrementum
1359 4991 1606 5062 corporis
1627 4991 1758 5048 facit
1785 4992 1850 5048 ad
1873 4991 1998 5047 aedi-

406 5077 715 5136 ﬁcationem
766 5080 853 5137 sui
904 5080 961 5136 iu
1011 5080 1300 5138 charitate.
1331 5106 1348 5128 ι
1407 5083 1525 5150 Qua
1563 5082 1772 5138 ratione
1829 5081 2000 5139 Chri—

403 5174 550 5225 Stum
602 5175 765 5241 caput
807 5185 922 5226 esse
970 5169 1219 5226 omnium
1269 5170 1496 5240 dixerit,
1536 5171 1726 5239 docet;
1782 5187 1852 5227 ex
1880 5171 2000 5244 ipso

403 5257 572 5326 enim,
621 5257 824 5331 inquit,
874 5265 1053 5314 totum
1106 5276 1326 5332 corpus,
1374 5259 1429 5315 id
1459 5267 1559 5328 est,
1587 5260 1769 5316 omnis
1797 5259 2000 5316 chorus

404 5347 876 5419 Archangelorum
923 5359 977 5405 et
1033 5349 1430 5416 Potentiarum,
1489 5349 1898 5421 Principatuum
1944 5356 1998 5403 et

403 5435 738 5493 Potestatum
798 5436 1070 5494 subsistit.
1128 5437 1392 5505 Quamvis
1434 5437 1580 5493 enim
1613 5439 1829 5510 singula
1880 5438 1998 5494 haec

2124 3189 2499 3258 inveniantur,
2531 3190 2628 3264 qui
2670 3207 2772 3247 nec
2812 3190 2976 3248 ﬁdem
3017 3191 3312 3264 recipiunt,
3346 3207 3448 3248 nec
3484 3207 3728 3249 conver—

2120 3279 2408 3348 sationem,
2459 3296 2621 3354 quam
2677 3280 2896 3337 mandat
2953 3281 3065 3349 lex,
3119 3280 3412 3337 obscurum
3462 3279 3727 3338 habentes

2120 3387 2360 3439 sensum,
2382 3388 2449 3428 ne
2477 3373 2919 3445 contemplentur
2939 3371 3118 3427 divini
3140 3371 3384 3428 nominis
3401 3372 3723 3431 veritatem.

2120 3461 2276 3517 Vana
2287 3461 2434 3516 enim
2458 3467 2745 3528 sectantes,
2769 3475 2890 3533 qua;
2911 3469 3040 3518 sunt
3069 3461 3402 3530 idololatria,
3435 3460 3718 3520 infrenan-

2119 3557 2212 3606 tur
2240 3567 2272 3605 a
2296 3549 2550 3617 diabolo;
2585 3566 2653 3606 ne
2683 3549 2848 3606 unius
2877 3549 2976 3607 Dei
3005 3550 3110 3607 iter
3137 3549 3414 3620 incedant,
3448 3557 3510 3606 ut
3541 3551 3721 3609 socios

2122 3640 2244 3696 illos
2271 3656 2382 3697 suas
2412 3639 2739 3712 perditionis
2771 3639 2989 3696 efﬁciat.

2192 3730 2373 3801 (Vers.
2423 3730 2538 3802 19.)
2585 3755 2602 3777 ι
2631 3731 2702 3786 Et
2747 3728 3049 3788 caecitatem
3097 3729 3279 3787 cordis
3326 3729 3578 3799 illorum,
3629 3733 3721 3804 qui

2117 3817 2484 3892 desperantes,
2516 3818 2836 3892 semetipsos
2872 3817 3218 3875 tradiderunt
3267 3817 3636 3891 impudicitiis
3664 3818 3718 3874 in

2117 3907 2488 3980 operationem
2565 3907 2937 3964 immunditiat
3005 3909 3187 3965 omnis
3250 3917 3305 3966 et
3371 3908 3645 3968 avaritiae.
3691 3933 3708 3955 ι

2117 3997 2362 4055 Gentiles
2406 3997 2606 4054 futurae
2637 3997 3055 4054 resurrectionis
3079 3997 3457 4071 desperatione
3495 3997 3726 4056 caecita-

2116 4093 2227 4144 tem
2257 4085 2440 4142 cordis
2469 4085 2669 4142 habere
2717 4085 3008 4159 signiﬁcat.
3042 4085 3208 4153 Quasi
3255 4085 3402 4143 enim
3433 4086 3582 4142 ultra
3611 4102 3724 4143 non

2119 4175 2291 4232 futuri
2345 4173 2516 4231 vitam
2565 4191 2720 4232 suam
2749 4176 3130 4233 contaminant
3169 4175 3491 4248 turpissima
3518 4192 3726 4248 opera-

2118 4266 2289 4332 tione,
2335 4266 2584 4322 nolentes
2610 4282 2668 4322 se
2697 4265 2968 4338 subjicere
3015 4266 3120 4339 legi
3160 4265 3324 4335 ﬁdei;
3359 4265 3489 4339 quia
3518 4265 3724 4339 prohi—

2116 4354 2208 4412 bet
2237 4357 2576 4428 voluptatem
2609 4362 2830 4428 propter
2857 4372 3007 4428 spem
3037 4356 3167 4412 vitae
3197 4355 3416 4425 futura,
3451 4372 3620 4430 quam
3663 4355 3722 4411 hi

2119 4446 2326 4503 idcirco
2355 4445 2640 4502 ridendam
2674 4454 2918 4514 censent,
2946 4451 3010 4501 ut
3029 4445 3154 4518 jure
3174 4444 3540 4503 dehonestare
3570 4463 3649 4514 se,
3669 4452 3724 4501 et

2111 4537 2287 4594 aliena
2302 4545 2553 4608 appetere
2573 4535 2734 4592 avida
2753 4535 3055 4609 cupiditate
3076 4535 3391 4606 videantur,
3408 4537 3569 4612 quasi
3600 4526 3723 4609 pos‘

2112 4624 2254 4681 hanc
2281 4623 2794 4697 transpunctionem
2825 4624 2980 4680 nulla
3009 4625 3083 4681 sit
3111 4625 3246 4682 vita.

2184 4723 2366 4796 (Vers.
2399 4722 2490 4791 20,
2520 4723 2636 4796 2i.)
2679 4747 2696 4770 ι
2736 4721 2848 4778 Vos
2902 4731 3086 4780 autem
3142 4740 3254 4780 non
3314 4723 3392 4780 ita
3437 4722 3724 4781 didicistis

2111 4812 2415 4881 Christum,
2443 4814 2490 4868 si
2534 4819 2716 4869 tamen
2751 4811 2909 4869 illum
2941 4813 3197 4883 audistis,
3231 4821 3286 4870 et
3313 4813 3374 4869 in
3406 4811 3506 4869 illo
3536 4812 3723 4870 edocti

2109 4902 2261 4971 estis,
2319 4901 2464 4958 sicut
2516 4910 2599 4958 est
2643 4901 2846 4959 veritas
2892 4903 2950 4959 in
2993 4904 3139 4960 Iesu.
3174 4928 3194 4952 ι
3237 4901 3598 4960 Manifestum
3641 4911 3726 4960 est

2109 4991 2451 5050 Christianos
2483 5007 2593 5047 non
2639 4990 3075 5065 desperationem
3123 5001 3246 5066 post
3279 5001 3515 5048 mortem
3574 4991 3726 5048 hanc

2108 5081 2388 5150 didicisse,
2443 5079 2538 5136 sed
2581 5096 2731 5154 spem
2782 5080 2850 5137 ad
2896 5088 3228 5154 utrumque;
3278 5079 3542 5138 fidelibus
3570 5080 3724 5136 enim

2108 5170 2244 5238 vita,
2269 5169 2494 5243 perfidis
2525 5185 2656 5226 vero
2703 5169 3048 5243 promittitur
3086 5187 3255 5238 mors,
3287 5185 3409 5244 quae
3441 5177 3526 5226 est
3559 5186 3726 5244 poma

2107 5267 2303 5316 aeterna
2331 5277 2344 5325 ;
2379 5266 2441 5314 ut
2471 5259 2588 5316 sive
2619 5277 2785 5328 mors,
2817 5258 2935 5316 sive
2965 5259 3159 5315 vitain
3191 5258 3414 5316 Christo
3445 5258 3721 5322 discatur;

2107 5347 2234 5421 quia
2260 5347 2353 5421 qui
2383 5365 2508 5406 eum
2537 5349 2806 5423 sequitur,
2838 5364 2933 5422 per
2960 5364 3088 5406 eum
3116 5356 3361 5421 resurget
3391 5346 3464 5403 ad
3495 5347 3676 5404 vitam
3708 5367 3721 5404 :

2105 5436 2198 5510 qui
2234 5451 2378 5495 vero.
2405 5434 2670 5493 discernit
2694 5453 2751 5494 se
2791 5437 2859 5492 ab
2887 5453 2972 5506 eo,
3014 5453 3110 5510 per
3143 5452 3269 5494 eum
3300 5437 3728 5511 mancipabitur

475 5614 592 5686 (21)
641 5616 798 5674 Rom.
857 5617 990 5674 edit.
1039 5619 1176 5690 sola,
1227 5618 1325 5674 Sed
1369 5617 1627 5690 quomodo
1675 5617 1732 5675 in
1776 5633 1996 5692 corpore
2027 5615 2258 5675 membra
2281 5616 2488 5690 faciunt
2513 5616 2740 5676 discreta
2772 5617 2959 5694 amota.
