3908 6192
184 267 285 326 M3

1262 267 1621 326 COMMENT.
1663 267 1734 325 IN
1772 266 1989 326 EPIST.
2029 268 2126 326 AD
2163 268 2411 325 EPHES.

3376 267 3482 328 414⁷

182 392 478 467 gehennae;
511 391 632 466 ipso
655 392 803 450 enim
823 390 1128 465 judicante,
1149 391 1516 450 damnabitur.
1536 392 1608 450 Et
1627 409 1758 467 quo-
1793 395 1845 456 Α
1872 392 2078 466 egredi,
2108 393 2240 450 dum
2271 391 2581 463 irascimur,
2612 401 2666 450 et
2711 392 3032 453 invenimur
3093 393 3200 468 ipsi
3227 409 3474 469 peccare,

183 483 325 540 niam
347 490 480 540 sunt
493 481 716 556 quidam
735 481 793 536 in
813 481 1078 550 Ecclesia,
1097 481 1192 556 qui
1211 480 1313 538 sub
1329 483 1553 539 nomine
1565 481 1772 540 Christi

180 589 286 630 non
303 582 612 647 sequuntur
633 571 840 631 Christi
854 572 1168 640 veritatem,
1186 572 1446 646 ideoque:
1467 596 1485 620 ι
1507 573 1662 630 Sicut
1671 581 1771 642 est,

179 662 597 737 inquit,veritas
617 661 676 717 in
691 661 837 729 Jesu;
858 686 875 708 ι
895 669 956 716 ut
973 660 1020 717 si
1043 662 1116 718 ita
1137 661 1284 720 docti
1296 670 1512 732 sunt,ut
1533 670 1616 718 est
1637 663 1774 719 veri-

178 761 258 810 tas
277 754 336 809 in
359 754 510 822 Jesu,
530 761 665 809 tunc
687 751 966 809 Christum
986 751 1262 822 didicisse,
1280 761 1335 810 et
1354 753 1509 810 illum
1533 754 1772 824 audisse,

175 850 227 899 et
256 841 316 898 in
346 843 448 898 illo
477 841 658 898 edocti
687 857 802 898 esse
845 841 1170 898 videantur:
1232 841 1484 899 Christus
1515 845 1665 900 enim
1705 844 1772 900 de

173 947 229 986 se
267 931 436 989 docet
462 931 596 1005 quid
625 932 715 1001 sit,
747 939 800 987 et
829 939 1065 1004 quantus
1112 931 1416 988 credendus
1443 933 1536 1000 sit,
1565 943 1620 990 et
1649 951 1771 1006 quae

171 1037 297 1094 spes
323 1020 384 1076 in
409 1037 473 1077 eo
501 1022 593 1089 sit,
625 1028 679 1076 et
707 1021 893 1093 quales
922 1020 1156 1077 debeant
1186 1037 1301 1078 esse
1327 1021 1631 1078 credentes.
1662 1023 1768 1090 Qui

172 1110 321 1166 enim
354 1110 553 1166 didicit
583 1109 880 1176 Christum,
910 1110 1014 1166 scit
1054 1110 1212 1166 illum
1253 1127 1284 1165 a
1331 1111 1564 1167 mortuis
1594 1128 1768 1168 resur-

174 1199 404 1268 rexisse,
461 1206 523 1255 ut
576 1198 752 1255 forma
808 1206 948 1255 esset
997 1199 1281 1269 ﬁdelibus,
1311 1199 1546 1274 ideoque
1572 1219 1770 1276 magna

172 1307 292 1364 spes
319 1297 406 1346 est
433 1306 531 1362 pro
556 1289 662 1346 ista
691 1299 866 1345 morte
895 1290 1211 1347 amantibus
1235 1293 1431 1348 Deum.

241 1379 427 1449 (Vers.
468 1378 584 1450 22.)
649 1379 767 1435 «Ut
818 1377 1106 1451 deponatis
1162 1381 1464 1438 secundum
1522 1383 1764 1455 priorem

170 1468 647 1526 conversationem
673 1475 917 1525 veterem
965 1468 1270 1539 hominem,
1324 1471 1418 1544 qui
1465 1476 1766 1547 corrumpi-

171 1567 259 1615 tur
313 1558 622 1616 secundum
673 1556 946 1614 desideria
996 1559 1217 1615 erroris.
1250 1584 1269 1607 ›
1330 1561 1434 1628 Qui
1485 1562 1764 1619 Christum

167 1649 409 1718 audivit,
443 1648 549 1705 hoc
572 1648 802 1716 didicit;
848 1655 908 1703 ut
955 1648 1229 1706 recederet
1271 1667 1304 1706 a
1349 1653 1765 1710 conversatione
1817 1693 1819 1695 ι

1881 483 1977 556 qui
2027 491 2308 555 peccantes
2354 484 2656 554 arguimus,
2699 483 2829 541 dum
2877 485 3002 559 plus
3060 484 3372 553 irascimur,
3422 492 3477 540 et

1883 573 2119 645 amplius
2163 589 2456 630 oneramus
2483 582 2816 646 peccantem,
2847 592 3009 648 quam
3058 583 3317 632 meretur.
3361 575 3477 632 Hoc

1883 679 2010 735 ergo
2039 661 2219 730 docet,
2253 671 2314 719 ut
2354 662 2472 734 ipsa
2501 663 2583 718 ira
2610 680 2732 719 cum
2764 665 3135 722 moderatione
3166 665 3259 735 sit,
3296 682 3474 740 neque

1882 753 2118 808 nimium
2151 751 2275 826 quis
2317 752 2532 825 justum
2566 770 2621 810 se
2653 754 2887 825 praebeat
2931 754 3310 828 delinquenti:
3345 756 3476 831 quia

1882 845 2062 900 solent
2091 843 2315 916 quidam
2341 842 2421 900 sic
2449 859 2693 915 peccare,
2725 851 2788 898 ut
2814 844 2980 900 tantis
3012 844 3180 916 plagis
3201 846 3472 903 aﬂiciendi

1881 933 2196 1002 videantur,
2230 941 2463 1006 quantas
2494 949 2601 988 non
2633 940 2862 1004 possunt
2891 932 3031 989 ferre
3061 951 3072 988 :
3107 941 3160 988 et
3191 933 3284 1006 qui
3313 941 3478 1004 pote-

1881 1027 1964 1075 rat
2006 1021 2146 1076 forte
2177 1021 2400 1094 corrigi,
2435 1021 2654 1078 tollitur
2698 1021 2765 1077 de
2794 1020 2928 1088 vita,
2959 1037 3070 1076 non
3113 1020 3231 1076 sine
3259 1027 3478 1092 peccato

1881 1109 2184 1167 irascentis.
2235 1110 2377 1167 Hinc
2415 1119 2497 1168 est
2529 1111 2676 1167 unde
2705 1110 3000 1166 Salomon:
3050 1133 3066 1157 ε
3094 1109 3241 1179 Noli,
3275 1108 3476 1182 inquit,

1873 1199 2054 1273 justus
2082 1217 2196 1256 esse
2224 1201 2460 1256 multum
2487 1219 2500 1267 ;
2537 1201 2667 1273 quia
2698 1199 2780 1256 ést
2809 1199 2904 1273 qui
2937 1199 3080 1272 perit
3110 1199 3164 1255 in
3189 1216 3288 1256 suo
3327 1198 3478 1270 justo

1880 1292 2075 1364 (Eccle.
2115 1308 2217 1358 vn,
2249 1291 2363 1363 17).
2396 1314 2412 1335 ι
2459 1289 2563 1346 Sed
2594 1290 2902 1346 imitatores
2940 1289 3040 1344 Dei
3067 1304 3184 1345 esse
3217 1287 3478 1345 debemus

1877 1380 1970 1453 qui
1999 1387 2351 1450 temperatam
2383 1378 2549 1435 habet
2576 1377 2849 1449 justitiam
2875 1395 2888 1445 ;
2912 1394 3039 1434 cum
3084 1375 3232 1434 enim
3262 1377 3477 1451 justum

1877 1476 2016 1523 esset
2056 1467 2221 1540 plecti
2271 1467 2509 1540 iniquos,
2560 1467 2826 1539 patientia
2873 1482 2972 1521 sua
3028 1465 3220 1539 suffert
3249 1480 3364 1533 eos,
3417 1473 3481 1522 ut

1875 1553 2046 1627 aliqui
2096 1572 2165 1611 ex
2217 1555 2298 1612 eis
2336 1555 2703 1627 corrigantur.
2755 1555 2867 1610 Nos
2926 1554 3072 1626 ipsos
3125 1569 3314 1609 servos
3352 1569 3480 1608 suos

1876 1653 2162 1716 peccantes
2194 1643 2422 1716 patitur,
2453 1661 2554 1701 nec
2581 1645 2692 1700 cito
2731 1644 2969 1716 aliquem
3001 1643 3261 1716 percutit.

169 1737 426 1810 pristina,
451 1754 612 1810 quam
636 1745 871 1794 veterem
918 1737 1199 1796 hominem
1231 1750 1514 1814 nuncupat
1542 1752 1766 1817 propter
1807 1758 1846 1817 Β
1950 1734 2131 1805 (Vers-
2165 1733 2279 1804 27-)
2328 1759 2345 1781 ι
2372 1733 2476 1790 Sed
2528 1750 2637 1788 non
2688 1732 2904 1788 οοοίάειῐ
2941 1748 3104 1804 super
3130 1731 3475 1787 iracundiam

167 1827 512 1900 praeteritum
545 1827 865 1898 ignorantiae
895 1835 1130 1900 tempus.
1165 1830 1344 1886 Homo
1390 1832 1572 1904 itaque
1620 1851 1769 1892 unus

169 1928 330 1992 atque
385 1917 529 1976 idem
580 1925 682 1986 est,
730 1919 847 1992 qui,
904 1919 950 1974 si
1006 1920 1239 1992 pristina
1296 1922 1437 1978 vitia
1493 1923 1767 1995 sequitur,

172 2020 327 2067 vetus
351 2010 559 2067 dicitur
593 2028 604 2066 :
653 2009 906 2066 siautem
956 2009 1014 2065 in
1057 2011 1300 2068 novitate
1331 2012 1461 2067 vitae
1498 2013 1766 2079 ambulat,

172 2100 384 2157 alienus
419 2116 450 2154 a
476 2098 727 2156 saeculari
748 2115 954 2166 errore,
987 2100 1083 2172 qui
1112 2109 1194 2156 est
1232 2103 1350 2157 sive
1376 2102 1436 2156 in
1474 2110 1618 2171 actu,
1651 2104 1767 2160 sive

171 2190 224 2245 in
257 2205 426 2246 sensu
456 2187 593 2260 (22),
621 2187 774 2243 rudis
802 2187 1006 2243 dicitur
1032 2206 1046 2254 ;
1095 2205 1204 2244 non
1242 2190 1435 2262 utique
1463 2191 1766 2247 substantia

170 2278 354 2335 carnis
384 2283 481 2332 aut
508 2276 727 2344 animat,
785 2275 881 2332 sed
927 2277 1211 2332 intellectu
1248 2285 1303 2332 et
1351 2279 1768 2334 conversatione

174 2366 317 2423 vitae.
375 2364 680 2436 Corruptus
735 2373 920 2420 tamen
967 2373 1125 2420 vetus
1176 2365 1347 2421 homo
1380 2365 1604 2434 dicitur,
1633 2382 1769 2437 pro—

176 2462 288 2528 pter
314 2453 628 2510 adulterum
659 2467 899 2518 sensum,
929 2459 983 2507 et
1007 2459 1221 2522 turpem
1253 2451 1452 2508 vitam.

243 2544 422 2614 (Vers.
456 2543 550 2611 23,
583 2542 704 2609 24.)
739 2566 757 2588 ι
788 2541 1150 2597 Renovamini
1180 2548 1364 2597 autem
1386 2555 1549 2597 sensu
1570 2543 1770 2600 mentis

180 2643 362 2690 vestrae
393 2633 538 2707 (23),
575 2641 629 2689 et
659 2631 960 2688 iuduimini
993 2647 1202 2687 novum
1228 2631 1534 2701 hominem,
1567 2631 1663 2704 qui
1690 2649 1767 2688 se-

178 2725 410 2782 cundum
441 2725 618 2780 Deum
648 2730 863 2779 creatus
891 2729 972 2778 est
1020 2720 1078 2776 in
1123 2722 1352 2778 veritate
1381 2730 1435 2776 et
1460 2720 1700 2793 justitia.
1735 2748 1752 2770 ι

177 2811 382 2869 iustum
435 2821 492 2869 et
535 2828 726 2868 verum
783 2819 864 2868 est
910 2818 1114 2868 rectam
1149 2811 1293 2866 viam
1324 2810 1479 2883 sequi
1511 2829 1521 2866 :
1556 2810 1645 2868 hic
1673 2828 1765 2866 au-

179 2909 282 2960 te’m
335 2911 542 2960 rectam
597 2902 741 2958 viam
787 2901 1055 2976 sequitur,
1109 2905 1204 2975 qui
1257 2902 1491 2958 devotus
1521 2901 1764 2960 Creatori

178 3008 269 3048 suo
329 2993 385 3049 in
441 2995 734 3050 voluntate
785 2992 904 3064 ejus
944 2991 1208 3060 ambulat,
1249 3008 1411 3064 quam
1488 2992 1764 3066 gentilitas

1880 1834 2144 1880 vestram:
2197 1823 2369 1880 nolite
2417 1824 2597 1879 locum
2650 1823 2778 1877 dare
2834 1822 3056 1878 diabolo
3094 1821 3235 1891 (24).
3269 1846 3286 1865 ι
3333 1823 3474 1876 Iram

1877 1916 2110 1971 transire
2139 1914 2280 1981 vult,
2331 1930 2432 1970 nec
2478 1913 2703 1970 retineri
2742 1913 2800 1968 in
2852 1919 3092 1984 pectore,
3122 1919 3186 1968 ut
3214 1909 3302 1965 die
3333 1918 3474 1978 orta,

1876 2021 2000 2060 cum
2054 2003 2144 2059 die
2193 2003 2429 2070 decidat,
2475 2003 2604 2076 quia
2646 2003 2690 2059 si
2743 2003 2803 2058 in
2834 2002 3018 2058 animo
3049 2001 3330 2068 manserit,
3381 1998 3476 2055 dat

1877 2091 2213 2146 occasionem
2272 2089 2496 2146 diabolo
2551 2089 2844 2164 gloriandi.
2904 2091 3132 2145 Necesse
3198 2095 3279 2143 est
3324 2085 3473 2142 enim

1878 2179 2048 2233 iratus
2095 2179 2311 2235 animus
2349 2181 2494 2235 mala
2536 2179 2758 2250 cogitet,
2809 2176 2958 2250 quod
2995 2175 3148 2248 cupit
3185 2174 3470 2239 diabolus;

1880 2267 2092 2324 invenit
2130 2268 2276 2323 enim
2336 2276 2576 2324 mentem
2619 2276 2859 2339 paratam
2910 2266 2978 2322 ad
3019 2266 3249 2332 malum,
3280 2264 3370 2321 cui
3417 2278 3474 2319 se

1880 2356 2143 2424 inserens,
2192 2358 2389 2414 affectu
2443 2373 2542 2412 suo
2572 2355 2776 2426 decipit
2821 2354 3101 2411 hominem
3151 2355 3356 2411 factum
3406 2352 3474 2408 ad

1880 2444 2084 2510 vitam;
2143 2445 2270 2518 quia
2324 2443 2567 2499 hominis
2623 2443 2863 2514 cogitare
2926 2450 3028 2512 est,
3093 2443 3298 2498 diaboli
3358 2442 3474 2498 im-

1880 2533 2047 2605 plere.

1952 2622 2135 2693 (Vers.
2186 2621 2302 2693 28.)
2350 2646 2367 2669 ‹
2396 2621 2500 2688 Qui
2555 2620 2862 2687 furabatur,
2912 2620 3027 2691 jam
3061 2636 3173 2675 non
3223 2621 3470 2676 furetur:

1878 2711 2050 2783 magis
2079 2719 2261 2767 autem
2294 2711 2523 2779 laboret,
2556 2709 2834 2782 operando
2878 2709 3135 2764 manibus
3170 2708 3318 2781 quod
3367 2708 3476 2764 bo-

1877 2817 2009 2857 num
2040 2810 2154 2867 est;
2187 2807 2249 2856 ut
2279 2799 2494 2865 habeat,
2554 2798 2700 2855 unde
2738 2799 2947 2854 tribuat
2976 2799 3354 2860 necessitatem
3384 2813 3474 2870 pa-

1875 2891 2143 2947 tientibus
2175 2890 2312 2963 (25).
2345 2914 2363 2937 ι
2413 2889 2480 2945 Ut
2528 2890 2658 2945 novi
2691 2888 2935 2945 hominis
2972 2888 3319 2946 conversatio
3348 2904 3474 2944 ma—

1874 2988 2019 3048 neat,
2081 2979 2333 3037 hortatur
2389 2995 2456 3035 ne
2512 2995 2731 3035 rursum
2787 2978 2855 3034 ad
2911 2978 3186 3050 praeterita
3237 2978 3374 3035 vitia
3419 2987 3473 3035 et

179 3082 357 3138 nescit.
389 3083 696 3139 Innovatus
729 3081 875 3137 enim
897 3079 1097 3154 spiritu
1127 3080 1325 3136 mentis
1356 3096 1562 3136 novum
1586 3080 1761 3136 homi-
1793 3111 1836 3170 C
1882 3077 2101 3141 Peccam
2129 3069 2381 3126 redeatur
2408 3087 2421 3136 ;
2456 3085 2583 3124 nam
2616 3067 2758 3124 nihil
2810 3067 3057 3139 Ρτοάθτίῐ
3087 3085 3295 3124 novum
3335 3066 3468 3170 d‘iCi,

177 3184 289 3226 nem
320 3171 532 3228 dicitur
558 3169 806 3237 indutus,
859 3169 956 3242 qui
1008 3177 1092 3224 est
1137 3167 1425 3235 Christus;
1476 3167 1757 3225 Christum

175 3258 311 3314 enim
349 3260 626 3328 induitur,
659 3259 754 3332 qui
803 3275 899 3331 per
953 3257 1118 3314 ﬁdem
1167 3266 1389 3313 renatus
1426 3257 1482 3312 in
1515 3257 1760 3323 Christo,

174 3349 391 3404 aemulus
413 3357 503 3406 est
532 3349 681 3416 vitae,
716 3365 882 3422 quam
916 3346 1147 3403 tradidit
1174 3346 1467 3414 Christus;
1514 3354 1575 3402 ut
1599 3345 1761 3419 juxta

174 3435 334 3492 Deum
360 3445 584 3494 creatus
612 3436 867 3493 videatur
913 3454 925 3492 :
961 3436 1019 3492 in
1067 3451 1131 3492 eo
1179 3434 1327 3491 enim
1380 3434 1506 3508 quis
1546 3444 1758 3492 creatus

173 3532 263 3592 est,
292 3527 347 3583 in
377 3545 486 3600 quo
523 3529 701 3600 sapit;
748 3535 802 3584 et
830 3526 956 3583 ideo
1003 3526 1209 3583 veritas
1239 3533 1292 3582 et
1315 3524 1535 3598 justitia
1584 3524 1681 3581 Dei
1728 3541 1756 3579 a

173 3616 452 3682 gentilibus
517 3617 818 3690 ignoratur.
869 3616 1005 3674 Cum
1062 3617 1209 3671 enim
1256 3615 1536 3671 credentes
1580 3615 1756 3670 Deum

171 3715 458 3774 agnosth
490 3704 832 3774 Creatorem,
880 3713 1161 3762 servantes
1209 3703 1466 3760 mandata
1505 3701 1643 3774 ejus,
1697 3701 1755 3757 in

165 3787 369 3858 justitia
395 3805 450 3852 et
471 3795 711 3851 veritate
734 3801 1007 3852 creantur.

239 3881 410 3950 (Vers.
467 3885 629 3955 25.)c
659 3885 888 3956 Propter
943 3883 1092 3956 quod
1143 3881 1395 3955 deposito
1445 3881 1756 3948 mendacio,

176 3962 454 4038 loquimini
481 3971 768 4028 veritatem
802 3972 1178 4044 unusquisque
1217 3987 1342 4027 cum
1373 3970 1627 4043 proximo
1656 3985 1757 4025 suo

177 4052 353 4118 (Zach.
382 4076 509 4128 VIII,
530 4060 644 4130 16);
671 4061 930 4132 quoniam
961 4077 1151 4116 sumus
1171 4059 1410 4116 invicem
1436 4058 1700 4114 membra.
1725 4083 1744 4104 ι

175 4139 300 4207 Quia
329 4147 387 4201 in
412 4148 645 4202 veritate
673 4157 725 4203 et
769 4147 989 4218 justitia
1033 4148 1203 4205 creati
1247 4164 1458 4214 sumus,
1492 4145 1667 4201 renati
1698 4143 1756 4198 in

173 4223 531 4303 baptismate;
588 4235 794 4292 idcirco
825 4245 888 4290 ut
941 4237 1001 4292 in
1039 4253 1104 4292 eo
1147 4252 1488 4302 maneamus,
1522 4233 1758 4289 menda-

173 4316 310 4376 cium
366 4323 641 4396 deponere
683 4323 965 4395 jubemur,
1025 4331 1304 4396 assumpta
1359 4322 1610 4388 veritate,
1658 4336 1757 4376 nec

174 4400 288 4460 dolo
318 4409 533 4481 aliquid
557 4427 683 4470 cum
733 4410 899 4464 fratre
946 4424 1102 4482 agere
1135 4427 1146 4464 :
1181 4417 1242 4465 ut
1272 4409 1400 4482 quia
1429 4408 1594 4464 unius
1623 4423 1754 4463 cor-

176 4494 308 4559 poris
362 4501 610 4556 membra
671 4516 882 4568 sumus,
933 4499 1110 4556 causis
1152 4500 1357 4557 nostris
1411 4500 1470 4556 in
1525 4499 1754 4554 veritate

176 4577 398 4643 invicem
424 4589 726 4647 faveamus.

240 4672 407 4740 (Vers.
434 4678 550 4751 26.)
599 4704 615 4726 ι
645 4679 952 4736 Irascimini
982 4689 1035 4737 et
1066 4680 1235 4738 nolite
1263 4695 1506 4753 peccare.
1538 4705 1554 4727 ι
1610 4679 1752 4746 Quo-

178 4755 310 4849 niam
336 4762 496 4822 irasci
527 4768 650 4842 quis
678 4785 789 4824 non
816 4777 994 4841 potest
1038 4769 1318 4842 prohiberi
1371 4771 1597 4843 (quippe
1624 4784 1750 4824 cum

177 4857 249 4900 πει
275 4862 450 4910 motus
483 4858 555 4915 sit
600 4859 888 4927 naturalis,
941 4869 1239 4930 conceptus
1291 4875 1359 4915 ex
1407 4859 1608 4926 causis,
1656 4857 1751 4930 qui

179 4935 303 5028 solet
329 4942 395 4998 ad
441 4949 744 5018 profectum
798 4947 1070 5020 pertinere
1131 4946 1551 5028 delinquentis),
1609 4951 1754 5007 244

180 5027 366 5094 idcirco
430 5042 773 5103 irascendum
803 5045 940 5103 dicit
972 5027 1163 5118 (Psal.
1177 5061 1254 5111 1v,
1278 5045 1361 5113 5),
1388 5043 1483 5100 sed
1507 5059 1751 5100 commo-

180 5129 261 5175 net
288 5141 350 5181 ne
392 5146 485 5202 per
518 5134 655 5192 iram
713 5143 984 5208 peccetur.
1039 5133 1289 5190 Solemus
1330 5133 1480 5189 enim
1526 5134 1750 5189 modum

381 5308 535 5382 Bom.
568 5314 724 5380 edit.,
753 5313 860 5368 sive
886 5313 943 5368 in
977 5314 1188 5382 affectu,
1223 5310 1332 5366 sive
1363 5311 1418 5364 in
1443 5325 1616 5363 sensu.

381 5379 580 5455 Eadem
604 5371 760 5452 edit.,
792 5385 988 5455 spiritu
1009 5371 1194 5438 utentis
1225 5388 1424 5455 vestrm.

245 5441 351 5514 (24)
377 5449 582 5522 Omnes
609 5441 766 5521 edit.,
798 5441 920 5511 cum
956 5473 1056 5512 ms.
1099 5471 1211 5510 uno
1239 5454 1326 5508 vel
1369 5453 1566 5519 altero,
1595 5469 1754 5522 neque

182 5503 485 5645 guttatim,
513 5527 720 5583 άίαδοιο
753 5503 778 5582 ἶ-
822 5544 950 5584 mss.
1004 5542 1134 5583 vero
1162 5540 1330 5598 prope
1365 5524 1428 5580 ad
1460 5503 1755 5591 unamﬁut

1871 3159 2092 3231 quando
2140 3167 2296 3215 vetus
2327 3175 2443 3214 esse
2473 3158 2641 3214 homo
2692 3158 2851 3212 malis
2896 3158 3155 3228 operibus
3192 3156 3469 3228 approba-

1873 3259 1982 3306 tur.
2015 3249 2136 3304 Non
2167 3250 2347 3304 solum
2379 3264 2507 3319 ergo
2538 3245 2887 3305 Christianus
2917 3246 3097 3301 aliena
3137 3260 3250 3299 non
3284 3243 3473 3298 tollere

1862 3336 2111 3408 jubetur,
2144 3339 2237 3394 sed
2262 3347 2316 3393 et
2345 3337 2412 3394 de
2459 3338 2646 3393 labore
2677 3352 2777 3392 suo
2824 3333 3109 3408 penuriam
3139 3331 3474 3405 patientibus

1869 3427 2327 3493 subministrare;
2361 3436 2423 3484 ut
2453 3427 2615 3483 bonis
2645 3425 2904 3498 operibus
2941 3423 3180 3491 deditus,
3213 3421 3475 3498 rependat

1867 3533 1988 3590 quae
2041 3519 2193 3590 prius
2221 3518 2541 3585 abstulerat,
2573 3525 2626 3574 et
2664 3497 2730 3573 de
2775 3524 2972 3572 caetero
3003 3512 3335 3570 thesaurizet
3365 3497 3472 3568 sibi

1867 3607 1927 3663 in
1959 3609 2210 3665 futurum
2235 3627 2248 3675 ;
2280 3608 2375 3682 qui
2406 3608 2554 3664 enim
2584 3613 2758 3665 cessat
2787 3621 2819 3662 a
2847 3605 3014 3672 furto,
3045 3602 3263 3661 veniam
3294 3610 3474 3677 potest

1868 3695 2087 3765 habere,
2149 3715 2260 3755 non
2319 3698 2568 3771 gloriam.
2629 3697 2773 3764 Quid
2830 3696 2977 3752 enim
3044 3709 3325 3766 magnum,
3377 3699 3472 3748 aut

1867 3785 2025 3857 cujus
2081 3787 2266 3844 meriti
2325 3794 2406 3843 est
2441 3786 2509 3842 ab
2555 3784 2751 3841 alienis
2803 3793 3108 3854 temperare
3138 3783 3165 3836 ?
3209 3781 3295 3836 Ad
3344 3797 3468 3836 me-

1867 3875 2036 3932 ritum
2091 3876 2236 3932 enim
2292 3875 2530 3948 proﬁcit,
2584 3889 2710 3930 cum
2759 3872 2882 3942 quis
2924 3869 2992 3924 de
3020 3868 3242 3940 proprio
3274 3866 3470 3922 tribuit

1869 3963 2076 4034 egenis.

1943 4062 2125 4132 (Vers.
2165 4061 2283 4130 29.)
2330 4082 2347 4104 ι
2378 4058 2574 4116 Omnis
2616 4072 2795 4112 sermo
2842 4055 3022 4111 malus
3050 4055 3118 4110 de
3146 4069 3240 4109 ore
3288 4059 3470 4109 vestro

1869 4167 1981 4206 non
2022 4148 2314 4220 procedat;
2349 4147 2444 4203 sed
2487 4147 2533 4203 si
2563 4146 2687 4220 quis
2718 4146 2896 4202 bonus
2922 4145 2992 4202 ad
3040 4143 3467 4201 aedificationem

1866 4237 2016 4305 ﬁdei,
2062 4245 2123 4292 ut
2169 4237 2261 4294 det
2291 4235 2523 4309 gratiam
2571 4234 2944 4292 audientibus.
2987 4258 3004 4282 ι
3048 4236 3110 4291 In
3154 4232 3254 4290 Dei
3308 4249 3470 4290 servo

1865 4326 2052 4382 omnia
2103 4325 2305 4382 debent
2359 4324 2501 4382 bona
2554 4325 2752 4394 videri,
2816 4341 2917 4382 nec
2971 4340 3039 4380 ex
3088 4324 3273 4397 aliqua
3317 4329 3470 4396 parte

1786 4467 1835 4524 Β
1865 4416 2073 4488 puritas
2121 4415 2240 4487 ejus
2291 4415 2452 4471 debet
2507 4416 2792 4473 maculari.
2851 4415 2994 4483 Quid
3049 4413 3197 4471 enim
3247 4407 3470 4486 prodest

1868 4505 2130 4562 mundam
2165 4504 2338 4560 vitam
2371 4503 2589 4574 habere,
2620 4512 2674 4561 et
2712 4522 2772 4561 os
2801 4505 3086 4561 sordidum
3121 4521 3135 4570 ;
3168 4519 3294 4560 cum
3320 4501 3468 4558 dicat

1863 4595 2135 4651 Dominus
2183 4594 2331 4667 quod
2361 4595 2737 4668 unusquisque
2767 4594 2951 4649 verbis
2985 4592 3100 4648 suis
3129 4597 3224 4646 aut
3251 4587 3468 4660 justifi-

1862 4685 2102 4751 cabitur,
2150 4693 2247 4740 aut
2292 4683 2750 4740 condemnabitur
2802 4683 3016 4752 (Matth.
3049 4697 3152 4746 xu,
3185 4678 3326 4747 37)?
3354 4677 3466 4732 Nec

1861 4773 2127 4829 credibile
2179 4780 2358 4844 potest
2404 4772 2582 4828 videri
2614 4772 2752 4826 bene
2800 4769 2987 4824 vivere
3017 4783 3164 4834 eum,
3197 4765 3293 4838 qui
3326 4765 3468 4820 male

1863 4861 2158 4932 loquatur;
2209 4860 2350 4914 male
2396 4860 2544 4914 enim
2593 4857 2744 4928 loqui
2793 4857 2862 4912 ad
2893 4857 3066 4910 multa
3096 4852 3268 4909 trahit
3301 4851 3459 4910 vitia.

1863 4949 2045 5004 Potest
2090 4948 2237 5004 enim
2283 4949 2423 5004 male
2454 4948 2626 5021 loqui,
2681 4948 2776 5020 qui
2808 4947 3046 5021 turpiter
3077 4946 3248 5016 fatur,
3274 4956 3329 5005 et
3367 4939 3464 5022 qui

1861 5037 2023 5093 bonis
2069 5035 2329 5104 detrahit,
2362 5047 2415 5093 et
2461 5037 2556 5110 qui
2598 5053 2724 5093 cum
2752 5035 2882 5092 dolo
2935 5035 3232 5106 fabulatur,
3267 5044 3321 5092 et
3367 5036 3462 5111 qui

1862 5126 2147 5184 mentitur.
2175 5127 2301 5183 Haec
2329 5126 2611 5183 horrorem
2643 5134 2904 5200 praestant
2938 5126 3056 5200 (26)
3083 5144 3096 5195 ;
3124 5126 3284 5184 bona:
3312 5125 3459 5184 enim

1935 5308 2233 5391 (25)_.Edit.
2280 5309 2464 5378 Rom.,
2518 5309 2654 5364 unde
2700 5308 3058 5364 subministrat
3109 5307 3455 5364 necessitatem

1861 5387 2162 5525 Ρίῗξξὲἷιίιδ
2210 5470 2338 5509 mss.
2393 5451 2636 5510 melioris
2688 5458 2867 5525 notas:
2909 5450 3016 5525 alii
3051 5458 3233 5506 autem
3293 5455 3457 5521 atque

1864 5521 2171 5591 edit.,ch
2196 5541 2430 5580 errorem
2452 5529 2730 5596 prcestant.
2768 5524 2886 5579 Non
2919 5521 3050 5577 satis
3079 5527 3244 5576 recte.
