3908 6192
440 296 548 354 415

1466 301 1561 355 ΑΙ)
1601 299 1833 357 OPERA
1871 301 1926 357 S.
1967 300 2295 358 AMBROSII
2334 300 2712 361 APPENDIX.

3672 307 3780 368 416

445 439 499 521 et
536 431 733 490 sobria
781 429 982 492 fabulae
1034 433 1168 493 dant
1197 434 1425 508 gratiam
1480 441 1534 491 et
1573 437 1890 508 exemplum
1940 451 2051 493 au-
2079 437 2130 497 A
2156 437 2260 494 ﬁlii
2315 438 2644 496 eharissimi.
2678 465 2698 490 ι
2742 441 2858 498 Hoc
2902 448 2985 499 est
3030 444 3180 516 quod
3235 458 3402 517 supra
3439 444 3614 516 dixit,
3645 449 3776 521 quia

446 520 752 591 dientibus,
798 530 860 579 ut
908 523 1280 582 honoriﬁcent
1333 526 1508 582 Deum
1562 522 1619 579 in
1675 523 1857 581 verbis
1912 525 2047 598 ejus,

444 611 701 671 aediﬁcati
732 610 790 667 in
820 612 928 668 ﬁde
958 613 1189 672 Christi.

521 701 703 774 (Vere.
735 700 853 772 30.)
901 726 920 748 ι
947 702 1019 757 Et
1066 701 1237 757 nolite
1263 699 1593 758 contristare
1619 701 1886 775 Spiritum
1914 721 2050 761 san—

442 799 595 848 ctum
611 790 734 855 Dei,
757 788 816 845 in
839 806 951 862 quo
971 789 1171 862 signati
1192 788 1322 845 estis
1339 789 1398 845 in
1421 790 1565 846 diem
1588 792 2000 866 redemptionis.
2016 820 2035 844 ι

443 878 581 937 Cum
611 879 748 934 bene
764 878 993 949 agimus,
1019 878 1225 950 gaudet
1257 878 1314 934 in
1345 880 1504 937 nobis
1533 881 1771 955 Spiritus
1801 893 2044 963 sanctus,

441 973 601 1029 datus
657 968 838 1038 nobis,
898 969 1093 1028 videns
1154 970 1367 1029 monita
1420 990 1518 1030 sua
1571 975 1835 1048 proﬁcere
1882 978 2049 1034 utili-

440 1059 646 1117 tatibus
688 1061 917 1130 nostris,
967 1062 1112 1118 sicut
1159 1062 1370 1120 dictum
1418 1073 1501 1121 est
1539 1067 1872 1123 aDomino:
1920 1091 1940 1114 ι
1968 1069 2049 1125 Ita

441 1149 701 1225 gaudium
731 1150 838 1208 erit
866 1151 926 1208 in
955 1153 1095 1210 coelo
1121 1155 1180 1209 in
1209 1169 1321 1210 uno
1351 1162 1635 1226 peccatore
1664 1157 2045 1228 paenitentiam

439 1249 632 1316 agente
652 1241 805 1313 (Luc.
840 1259 940 1307 xv,
977 1241 1089 1313 10).
1115 1268 1133 1290 ι
1167 1242 1382 1300 Gaudet
1401 1260 1528 1316 ergo
1560 1244 1800 1317 Spiritus
1822 1255 2048 1304 sanctus

436 1331 600 1390 saluti
630 1339 854 1398 nostrae,
885 1348 998 1388 non
1026 1332 1152 1401 sibi,
1189 1333 1285 1406 qui
1316 1349 1426 1389 non
1457 1334 1667 1406 indiget
1699 1336 1915 1404 lastitia;
1941 1337 2039 1417 ita,

435 1439 465 1478 e
494 1421 792 1490 contrario,
844 1422 892 1478 si
950 1421 1268 1479 obedientes
1315 1423 1365 1479 ei
1414 1440 1526 1480 non
1562 1425 1852 1494 fuerimus,
1899 1442 2045 1483 con—

435 1512 705 1580 tristatur,
749 1511 879 1585 quia
907 1527 1020 1568 non
1059 1511 1224 1568 habet
1253 1513 1562 1584 profectum
1603 1514 1661 1570 in
1693 1515 1887 1572 nobis:
1921 1517 2045 1572 vult

433 1601 580 1658 enim
625 1618 727 1658 nos
757 1601 1031 1674 pertinere
1079 1600 1148 1658 ad
1180 1600 1372 1658 vitam.
1403 1603 1526 1659 Non
1564 1611 1746 1660 tamen
1792 1606 1874 1662 sic
1900 1621 2044 1662 con-

435 1692 704 1760 tristatur,
758 1697 820 1746 ut
847 1690 1110 1763 patiatur,
1143 1692 1345 1764 quippe
1384 1709 1506 1748 cum
1540 1692 1898 1766 impassibilis
1929 1694 2035 1761 sit;

2158 527 2257 582 Dei
2312 527 2490 585 Patris
2545 528 2848 587 imitatores
2883 545 2999 588 esse
3046 530 3308 603 jubemur
3354 533 3462 592 hac
3509 536 3770 595 exhorta-

2160 616 2344 686 tione;
2401 626 2463 674 ut
2519 618 2566 676 si
2613 618 3084 689 obaudiverimus,
3134 621 3240 679 ﬁlii
3295 624 3396 681 Dei
3446 625 3765 685 charissimi

2160 709 2477 770 habeamur.
2536 715 2638 772 Hic
2688 715 2837 772 enim
2885 715 3244 774 charissimus
3277 718 3449 791 patris
3481 727 3566 776 est
3593 719 3765 792 ﬁlius,

2160 801 2253 874 qui
2285 801 2558 861 bonorum
2597 803 2716 876 ejus
2744 805 2991 862 imitator
3017 812 3119 863 est.

2234 898 2414 968 (Vers.
2465 900 2546 969 2.)
2611 901 2730 956 «Et
2783 901 3059 958 ambulate
3112 902 3169 958 in
3240 902 3562 974 dilectione,
3625 907 3766 964 sicut

2157 989 2411 1046 Christus
2467 990 2667 1046 dilexit
2709 1008 2830 1060 nos,
2877 1001 2930 1048 et
2985 993 3216 1052 tradidit
3264 996 3626 1069 semetipsum
3667 1015 3763 1072 pro

2157 1078 2316 1133 nobis
2359 1077 2595 1135 hostiam
2627 1087 2680 1136 et
2721 1080 3115 1154 obligationem
3155 1083 3268 1140 Deo
3298 1084 3358 1140 in
3386 1086 3617 1142 odorem
3646 1104 3762 1144 sua-

2157 1167 2363 1224 vitatis.
2397 1194 2414 1215 -
2459 1168 2611 1225 Sicut
2640 1170 2738 1226 Dei
2785 1171 2961 1227 Patris
3008 1171 3314 1230 imitatores
3351 1191 3453 1232 nos
3477 1191 3594 1232 esse
3642 1180 3761 1235 vult

2158 1258 2212 1313 in
2254 1258 2592 1331 benignitate
2634 1268 2686 1317 et
2729 1259 3130 1330 misericordia,
3190 1261 3266 1317 ita
3312 1269 3366 1318 et
3415 1263 3628 1322 Christi
3656 1266 3756 1324 ﬁlii

2155 1346 2272 1419 ejus
2298 1347 2356 1403 in
2396 1348 2736 1415 dilectione;
2768 1357 2829 1405 ut
2858 1350 3003 1406 sicut
3032 1350 3127 1407 ille
3158 1350 3359 1408 dilexit
3388 1369 3509 1422 nos,
3540 1355 3758 1413 tradens

2154 1453 2210 1492 se
2258 1453 2356 1508 pro
2402 1437 2582 1506 nobis,
2637 1438 2713 1493 ita
2759 1446 2813 1494 et
2843 1455 2942 1496 nos
2974 1439 3212 1496 invicem
3242 1457 3340 1514 pro
3385 1443 3548 1500 nobis
3595 1446 3754 1504 etiam

2153 1527 2364 1583 animas
2420 1543 2621 1601 ponere
2685 1528 3001 1587 debeamus.
3060 1531 3218 1598 Quod
3287 1532 3453 1589 etiam
3521 1534 3758 1593 Joannes

2153 1619 2430 1688 apostolus
2490 1617 2655 1685 dixit,
2714 1621 2970 1692 exemplo
3026 1620 3249 1677 Domini
3320 1639 3420 1694 pro
3495 1624 3756 1682 fratribus

2149 1707 2359 1764 animas
2379 1709 2657 1780 ponendas
2681 1709 2738 1779 (Ι
2769 1710 2926 1766 Joan.
2961 1727 3043 1779 Ill,
3071 1711 3182 1781 16).
3219 1709 3276 1768 Si
3307 1713 3492 1786 itaque
3545 1714 3754 1773 Christi

433 1780 527 1880 8ςά
561 1798 691 1880 £11m
736 1780 1299 1880 811111.001‘ll1'i5tflt‘1m
1329 1781 1486 1852 dic”,
1517 1793 1673 1880 110$":
1675 1784 1691 1839 ί
1727 1801 1910 1880 (fans?
1934 1783 2041 1841 hoc
2068 1802 2116 1864 B
2149 1820 2297 1860 mors
2335 1805 2393 1860 in
2425 1805 2648 1861 odorem
2680 1804 2968 1861 suavitatis
3005 1814 3087 1862 est
3115 1780 3251 1874 Deo,
3279 1780 3511 1864 mortem
3545 1808 3666 1880 ejus
3694 1808 3752 1865 li-

433 1869 727 1942 signiﬁcat,
795 1867 925 1941 quia
980 1869 1184 1925 deserit
1245 1887 1347 1926 nos
1400 1887 1462 1927 eo
1532 1872 1679 1944 quod
1739 1873 2042 1930 lmserimus

431 1977 578 2030 eum,
611 1960 1015 2018 contemnendo
1059 1962 1274 2032 monita
1303 1962 1442 2035 ejus.
1476 1962 1834 2021 Contristatio
1856 1965 2040 2037 itaque

430 2049 548 2122 ejus
596 2049 896 2122 indignitas
943 2060 1131 2107 nostra
1177 2060 1279 2118 est,
1309 2069 1430 2126 quae
1464 2052 1610 2109 ﬁlios
1659 2069 1761 2109 nos
1788 2053 1888 2109 Dei
1917 2069 2039 2125 pro-

431 2141 584 2199 hibet
611 2141 876 2215 appellari
901 2159 914 2209 ;
956 2141 1069 2214 ipse
1100 2142 1252 2198 enim
1284 2152 1367 2199 est
1396 2143 1634 2215 Spiritus
1663 2151 1905 2212 sanctus,
1943 2143 2038 2216 qui

429 2230 734 2286 sanctiﬁcat
757 2229 968 2302 (27-28)
1001 2229 1149 2286 ﬁlios
1172 2230 1294 2298 Dei,
1329 2247 1558 2288 manens
1589 2233 1646 2288 in
1674 2232 1856 2288 nobis.

502 2319 685 2388 (Vers.
737 2319 851 2390 3i.)
897 2319 1133 2377 uOmnis
1179 2319 1509 2390 amaritudo,
1543 2330 1596 2378 et
1653 2322 1753 2391 ira,
1794 2331 1848 2378 et
1893 2324 2035 2381 indi-

427 2409 634 2481 gnatio,
684 2417 737 2465 et
766 2412 996 2479 clamor,
1037 2420 1090 2466 et
1136 2411 1478 2485 blasphemia
1506 2414 1786 2472 auferatur
1813 2435 1844 2473 a
1873 2417 2030 2475 vobis

425 2516 551 2556 cum
607 2499 760 2556 omni
817 2500 1048 2556 malitia.
1081 2527 1098 2548 ι
1153 2501 1351 2558 Omnia
1407 2502 1525 2560 haec
1563 2522 1685 2578 quae
1733 2508 2032 2578 perniciem

423 2598 652 2663 possunt
725 2598 982 2664 praestare
1056 2592 1278 2663 animis,
1352 2596 1660 2653 amovenda
1716 2606 2028 2667 memorat;

422 2695 518 2752 per
561 2679 700 2738 iram
758 2681 906 2738 enim
947 2681 1010 2740 ﬁt
1067 2683 1396 2759 indignatio,
1443 2704 1539 2760 per
1590 2688 2028 2762 indignationem

419 2772 648 2839 clamor,
681 2773 840 2845 quasi
870 2789 983 2828 vox
1020 2772 1370 2842 insanientis,
1403 2793 1524 2848 quae
1555 2776 1734 2834 aliena
1761 2787 1842 2835 est
1869 2796 1901 2834 a
1928 2779 2027 2835 Dei

420 2875 613 2916 servo:
671 2875 767 2931 per
823 2861 1120 2916 clamorem
1178 2863 1429 2933 superbit
1485 2863 1849 2936 blasphemia,
1903 2881 2025 2938 quae

419 2965 532 3004 non
587 2955 764 3019 potest
811 2965 923 3004 non
980 2949 1125 3003 mala
1170 2965 1304 3005 esse.
1358 2952 1484 3008 Haec
1535 2970 1775 3010 amaram
1806 2962 2026 3027 praestat

421 3035 614 3103 vitam,
643 3035 868 3092 trahens
895 3035 966 3091 ad
991 3043 1224 3093 mortem
1252 3055 1263 3092 :
1297 3037 1530 3112 ideoque
1551 3041 1617 3096 ab
1647 3041 1735 3098 his
1765 3044 2025 3101 omnibus

2149 1893 2342 1950 benter
2383 1878 2534 1950 Deus
2587 1895 2818 1968 accepit.
2852 1893 3010 1962 Quod
3041 1893 3089 1949 si
3121 1910 3310 1951 verum
3341 1904 3439 1964 est,
3471 1878 3588 1954 non
3637 1915 3752 1972 pec-

2148 1991 2412 2041 caverunt
2462 1984 2557 2057 qui
2601 1983 2762 2039 illum
2793 1982 3095 2040 secundum
3132 1985 3230 2040 Dei
3259 1986 3599 2043 voluntatem
3629 2005 3753 2046 cru-

2148 2070 2462 2128 ciﬁxerunt.
2515 2070 2620 2127 Sed
2659 2088 2771 2128 non
2820 2071 2897 2128 ita
2935 2082 3035 2140 est,
3074 2072 3204 2144 quia
3241 2072 3486 2130 Christus
3515 2075 3639 2132 Deo
3697 2092 3755 2132 se

2148 2160 2353 2217 dicitur
2405 2160 2692 2230 obtulisse,
2741 2160 2875 2216 dum
2908 2159 3085 2218 occidi
3124 2177 3180 2218 se
3218 2179 3402 2235 passus
3431 2170 3534 2231 est,
3565 2163 3629 2221 in
3654 2165 3752 2221 Dei

2147 2249 2322 2306 Patris
2351 2250 2437 2306 sui
2468 2252 2751 2307 voluntate
2779 2251 3118 2323 perdurans;
3151 2252 3279 2325 quia
3311 2252 3405 2326 qui
3431 2251 3582 2325 juste
3613 2255 3752 2312 occi-

2145 2341 2298 2397 ditur
2325 2340 2546 2397 diabolo
2580 2359 2638 2398 se
2669 2341 2925 2410 offerens,
2969 2344 3313 2399 voluntatem
3345 2341 3465 2414 ejus
3494 2343 3652 2413 facit,
3692 2352 3751 2400 ut

2144 2430 2322 2486 occidi
2361 2440 2654 2486 mereatur.
2694 2432 2776 2487 Ita
2814 2440 2867 2487 et
2897 2431 3151 2490 Christus
3179 2433 3314 2488 dum
3345 2431 3444 2489 Dei
3475 2434 3748 2490 voluntati

2142 2521 2400 2590 adhmret,
2451 2520 2672 2578 diabolo
2714 2521 3021 2595 displicuit,
3063 2529 3117 2579 et
3165 2522 3288 2579 ideo
3329 2523 3492 2579 illum
3522 2523 3746 2592 occidit,

2141 2612 2270 2687 quia
2300 2613 2413 2667 Deo
2441 2629 2498 2668 se
2524 2611 2747 2679 obtulit,
2774 2611 3048 2685 justitiam
3100 2611 3474 2686 exsequendo.
3509 2613 3574 2668 In
3603 2612 3748 2669 obla-

2139 2703 2290 2758 tione
2319 2701 2467 2756 enim
2507 2699 2730 2773 justitia
2758 2701 3006 2774 signatur
3039 2708 3094 2757 et
3138 2701 3379 2768 veritas;
3411 2701 3556 2759 hanc
3599 2702 3746 2758 enim

2138 2791 2361 2864 respicit
2390 2792 2556 2860 Deus,
2591 2800 2644 2848 et
2673 2790 2780 2848 hoc
2822 2800 2903 2848 est
2923 2791 3042 2863 ejus
3069 2790 3402 2848 sacriﬁcium
3433 2800 3741 2864 acceptum.

2136 2882 2324 2953 Itaque
2371 2879 2702 2949 immeritus,
2749 2881 2843 2954 qui
2892 2879 3186 2949 occiditur,
3224 2883 3403 2953 placet
3431 2883 3579 2948 Deo;
3632 2899 3744 2938 non

2135 2969 2265 3042 quia
2294 2969 2586 3037 occiditur,
2623 2969 2718 3026 sed
2747 2970 2878 3044 quia
2903 2986 3075 3044 usque
3106 2971 3174 3028 ad
3203 2979 3437 3028 mortem
3462 2971 3737 3043 justitiam

2132 3061 2501 3119 conservavit.
2525 3063 2776 3134 Suscepit
2795 3061 2944 3120 enim
2973 3062 3116 3120 hanc
3141 3070 3371 3119 mortem
3396 3062 3651 3120 Christus
3669 3063 3740 3120 ad

417 3122 754 3226 c‘aV'elldum;
798 3123 965 3179 ῑὶωοι·
983 3124 1271 3226 ,θῖηίῐξὶηῧθί
1304 3135 1612 3226 tempe???
1636 3130 1797 3226 (191th
1824 3141 1879 3189 θῐ
1907 3149 2025 3189 ωο-
2055 3165 2098 3226 ρ
2132 3151 2303 3207 vitam
2329 3169 2342 3218 ;
2387 3150 2535 3208 unde
2563 3157 2616 3207 et
2662 3122 2798 3208 odor
2824 3151 3114 3209 suavitatis
3138 3153 3449 3224 appellatur
3479 3153 3596 3208 Deo
3621 3171 3633 3206 :
3667 3151 3736 3207 ad

419 3213 552 3270 dum
578 3212 861 3287 imponere
880 3212 1260 3272 accidentibus
1281 3217 1478 3274 causis.
1512 3219 1617 3276 Sed
1649 3219 1779 3294 quia
1793 3231 2023 3295 possunt

417 3303 610 3377 aliqui,
642 3320 826 3376 pressa
858 3305 915 3360 in
945 3304 1132 3362 animo
1163 3305 1246 3363 ira
1275 3313 1328 3363 et
1357 3309 1615 3379 clamore,
1639 3309 1875 3369 retinere
1906 3329 2022 3370 ma-

419 3393 595 3450 litiam
611 3392 681 3449 ad
702 3393 1122 3452 retributionem
1146 3404 1304 3454 nacta
1317 3399 1619 3467 occasione;
1640 3399 1847 3459 idcirco
1876 3407 2022 3466 245

417 3492 652 3564 subjecit
697 3493 816 3548 hzec
858 3495 1062 3550 auferri
1107 3511 1234 3552 cum
1273 3497 1426 3553 omni
1459 3499 1706 3568 malitia;
1749 3501 1879 3575 quia
1908 3519 2020 3560 non

414 3582 595 3636 solum
641 3581 1023 3652 blasphemare
1065 3584 1276 3640 malitia
1324 3595 1424 3653 est,
1470 3604 1662 3644 verum
1705 3589 1870 3646 etiam
1901 3591 2020 3647 ﬁn—

415 3684 539 3740 gere
585 3683 773 3740 pacem
814 3669 871 3725 in
901 3670 1064 3740 facie,
1106 3679 1159 3728 et
1191 3672 1248 3728 in
1277 3673 1465 3730 animo
1511 3679 1767 3736 meditari
1797 3681 2020 3739 discor—

410 3757 678 3818 cordiam.

484 3849 668 3920 (Vers.
703 3848 820 3922 32.)
868 3873 886 3897 ι
914 3849 1102 3908 Estote
1141 3861 1324 3911 autem
1355 3854 1594 3915 invicem
1622 3857 1869 3934 benigni,
1917 3862 2016 3918 mi-

411 3939 732 4009 sericordes,
783 3939 1052 3998 donantes
1088 3942 1247 4000 vobis
1290 3944 1553 4016 invicem,
1603 3949 1747 4006 sicut
1789 3959 1843 4008 et
1870 3953 2016 4009 Deus

409 4027 467 4085 in
498 4028 718 4089 Christo
748 4030 980 4089 donavit
1006 4032 1184 4090 vobis.
1218 4060 1236 4082 ι
1274 4036 1546 4110 Exemplo
1583 4038 1684 4096 Dei
1717 4040 1893 4098 Patris
1918 4041 2007 4099 be-

406 4117 604 4190 nignos
650 4127 705 4176 et
755 4120 1138 4180 misericordes
1198 4124 1436 4184 invicem
1493 4128 1612 4185 ﬁeri
1665 4130 2010 4202 exhortatur,

407 4205 551 4262 sicut
601 4214 655 4262 et
702 4209 1008 4267 Dominus:
1060 4236 1078 4258 «
1107 4213 1316 4281 Estote,
1366 4216 1570 4290 inquit,
1608 4220 2011 4292 misericordes,

408 4302 470 4351 ut
497 4295 706 4352 similes
736 4297 857 4353 sitis
886 4299 1064 4372 Patris
1103 4303 1290 4372 vestri,
1330 4306 1423 4377 qui
1455 4306 1513 4361 in
1557 4309 1712 4366 caelis
1738 4320 1820 4368 est
1853 4313 2005 4384 (Luc.

406 4402 483 4453 v1,
518 4384 633 4454 36).
667 4409 683 4431 -
727 4385 783 4440 Si
827 4388 974 4442 enim
1021 4389 1290 4446 Dominus
1319 4409 1416 4464 per
1461 4394 1666 4453 Filium
1695 4416 1854 4456 suum
1885 4419 2010 4457 ser-

405 4490 601 4530 vorum
642 4473 898 4531 misertus
933 4484 1044 4544 est;
1078 4487 1283 4550 quanto
1336 4482 1508 4554 magis
1563 4487 1706 4542 servi
1763 4489 1869 4561 ipsi
1911 4490 2008 4546 in-

401 4563 579 4622 vicem
628 4563 715 4620 sui
765 4563 966 4622 debent
1014 4566 1281 4637 misereri,
1329 4578 1381 4625 et
1428 4571 1650 4642 donare,
1692 4575 1739 4632 si
1768 4580 1905 4635 alter
1947 4580 2007 4638 in

400 4654 632 4710 alterum
662 4655 895 4727 peccet?
916 4655 1042 4713 Haec
1073 4666 1340 4732 praecepta.
1386 4660 1503 4733 ejus
1533 4673 1683 4734 sunt,
1713 4666 1809 4739 qui
1840 4668 2001 4724 mise-

398 4753 550 4804 ratus
605 4754 721 4804 est:
788 4747 883 4821 qui
940 4749 985 4804 si
1028 4749 1087 4805 in
1132 4749 1221 4808 his
1262 4763 1608 4828 contemptus
1648 4757 1832 4829 fuerit,
1883 4760 2001 4818 sine

398 4837 569 4895 dubio
616 4839 896 4898 revocabit
946 4842 1296 4913 sententiam,
1350 4862 1447 4919 per
1489 4863 1652 4921 quam
1693 4851 1997 4909 misericor.

396 4925 544 4982 diam
592 4929 827 4986 fecerat:
875 4939 929 4988 et
959 4933 1035 4989 ita
1081 4935 1318 5005 eveniet,
1364 4937 1508 4994 sicut
1536 4938 1613 4995 ait
1641 4942 1910 5001 Dominus
1939 4943 1998 5000 in

398 5013 699 5088 Evangelio
741 5019 809 5076 de
857 5037 921 5078 eo
973 5023 1089 5096 qui,
1137 5025 1410 5098 accipiens
1438 5045 1469 5083 a
1505 5029 1741 5088 Domino
1791 5032 1997 5089 miseri-

396 5105 664 5176 cordiam,
713 5108 772 5166 in
822 5128 1155 5170 conservum
1202 5133 1360 5175 suum
1393 5119 1599 5193 impius
1627 5121 2000 5196 deprehensus

394 5204 477 5253 est
511 5199 725 5270 (Matth.
758 5219 920 5272 xvm,
947 5203 1158 5276 28-36.).
1409 5216 1412 5217 ⁷

1015 5295 1243 5353 CAPUT
1289 5299 1356 5353 V.

464 5378 645 5446 (Vers.
709 5380 786 5452 1.)
843 5404 860 5425 ι
890 5381 1078 5439 Estote
1138 5397 1264 5452 ergo
1320 5384 1625 5445 imitatores
1679 5392 1800 5459 Dei,
1853 5391 1997 5449 sicut

465 5504 482 5566 (
492 5502 677 5586 37-218)
710 5505 833 5559 Vet.
866 5505 1001 5586 edit.
1049 5523 1173 5562 cum
1209 5525 1337 5565 mss.
1373 5513 1677 5586 nonnullis,
1711 5516 1803 5586 qui
1836 5518 1995 5586 signi-

394 5569 760 5658 mﬁco‘titiﬂom.
820 5575 950 5630 edit.
1000 5594 1316 5658 cumdmss.
1369 5583 1600 5655 aliquot,
1632 5569 1734 5656 qia“
1771 5569 1997 5658 signat;

393 5640 589 5700 melius
614 5643 711 5700 alii
739 5661 893 5716 mss,
915 5647 1336 5724 quisanctiﬁcat,
1371 5640 1478 5713 etc:

2131 3242 2404 3299 Romanos
2450 3248 2634 3298 tamen
2660 3242 2800 3299 dicit
2828 3241 2957 3316 quia
2985 3243 3131 3299 Deus
3182 3242 3340 3298 illum
3372 3241 3607 3299 tradidit
3633 3258 3731 3315 pro

2131 3330 2291 3388 nobis
2334 3332 2593 3389 omnibus
2639 3332 2815 3405 (Rom.
2859 3347 2982 3400 vm,
3017 3331 3140 3403 32).
3174 3331 3332 3388 Nunc
3374 3329 3730 3404 quaerendum

2129 3429 2209 3478 est
2238 3422 2514 3496 quomodo
2563 3422 2724 3478 illum
2757 3423 2902 3478 Deus
2930 3419 3181 3488 tradidit,
3227 3428 3325 3477 aut
3352 3421 3633 3495 quomodo
3681 3437 3738 3477 se

2129 3510 2246 3584 ipse
2289 3511 2496 3568 obtulit
2523 3513 2671 3578 Deo;
2707 3527 2835 3567 nam
2883 3509 2990 3568 hoc
3019 3519 3287 3583 quantum
3315 3510 3384 3566 ab
3424 3509 3596 3566 verba
3623 3526 3736 3582 per-

2127 3601 2287 3669 tinet,
2345 3602 2566 3658 videtur
2619 3600 2979 3658 contrarium.
3032 3600 3178 3657 Deus
3233 3600 3394 3656 illum
3443 3598 3737 3657 tradidisse

2127 3689 2350 3760 dicitur,
2383 3691 2515 3747 dum
2547 3691 2707 3747 illum
2735 3689 2913 3747 occidi
2944 3687 3215 3762 permisit.
3256 3688 3400 3745 sicut
3429 3687 3569 3745 dicit
3613 3689 3735 3746 Do-

2128 3783 2311 3838 minus
2363 3782 2431 3838 ad
2482 3781 2753 3836 Pilatum:
2801 3781 2969 3838 «Non
3025 3778 3255 3835 haberes
3308 3778 3603 3834 adversum
3647 3795 3735 3834 me

2125 3878 2472 3944 potestatem,
2506 3870 2616 3927 nisi
2648 3870 2774 3927 data
2807 3869 2912 3927 tibi
2961 3877 3102 3927 esset
3131 3868 3366 3941 desuper
3394 3866 3579 3940 (Joan.
3611 3884 3728 3936 xxx,

2127 3961 2239 4034 11).
2265 3987 2283 4009 ι
2317 3963 2455 4018 Data
2479 3968 2560 4017 est
2589 3961 2735 4016 enim
2762 3961 2834 4030 ei,
2851 3961 2946 4017 sed
2967 3960 3198 4026 volenti,
3215 3965 3478 4032 potestas,
3498 3959 3606 4016 hoc
3627 3966 3728 4027 est,

2123 4050 2451 4124 permissum
2491 4058 2574 4107 est
2619 4049 2705 4107 illi
2754 4050 2933 4106 facere
2975 4049 3123 4122 quod
3177 4046 3378 4116 voluit,
3428 4053 3481 4103 et
3511 4047 3620 4104 hoc
3652 4055 3732 4104 est

2123 4141 2335 4197 tradere
2367 4159 2378 4196 :
2426 4140 2558 4197 dum
2590 4139 2739 4196 enim
2769 4137 3104 4206 dissimulat,
3139 4135 3345 4202 tradit;
3379 4137 3426 4192 si
3455 4136 3606 4192 enim
3636 4153 3730 4192 no-

2122 4231 2313 4288 luisset
2359 4230 2694 4305 permittere,
2756 4246 2869 4288 non
2925 4229 3119 4286 fuisset
3174 4227 3412 4285 occiSus.
3470 4227 3728 4284 Permisit

2121 4339 2248 4394 ergo
2291 4321 2469 4379 occidi
2491 4337 2638 4389 eum,
2671 4319 2766 4376 sed
2793 4319 2860 4376 ab
2890 4319 2968 4375 eis
2999 4318 3094 4392 qui
3128 4333 3254 4374 eum
3299 4315 3564 4374 volebant
3617 4331 3725 4372 non

2118 4421 2322 4480 coacte,
2382 4411 2476 4468 sed
2529 4418 2722 4484 sponte
2768 4409 3035 4466 occidere.
3098 4409 3218 4465 Non
3275 4423 3403 4489 ergo
3449 4406 3725 4463 immunes

2117 4517 2148 4556 a
2201 4516 2361 4572 paena
2418 4507 2567 4567 sunt,
2625 4498 2755 4572 quia
2799 4497 2904 4555 hoc
2933 4497 3012 4554 eis
3053 4495 3378 4570 permissum
3423 4503 3526 4563 est,
3579 4495 3723 4568 quod

2117 4589 2409 4658 volebant;
2461 4588 2743 4646 damnatio
2803 4588 2954 4644 enim
3013 4587 3072 4643 in
3127 4603 3191 4642 eo
3248 4585 3536 4658 competit,
3597 4584 3723 4659 quia

2112 4681 2427 4736 voluerunt.
2487 4677 2648 4745 Quod
2705 4676 2831 4733 ideo
2861 4685 3047 4734 tamen
3099 4674 3350 4749 permisit
3393 4676 3563 4743 Deus,
3595 4673 3721 4747 quia

2110 4769 2273 4826 scivit
2350 4767 2518 4824 istum
2596 4767 2890 4824 adversum
2965 4765 3250 4824 diabolum
3310 4763 3566 4820 futurum
3625 4780 3722 4837 pro

2110 4856 2301 4913 multis
2336 4856 2476 4930 (29).
2527 4855 2767 4928 Dignum
2821 4855 2970 4912 enim
3023 4853 3129 4911 fuit
3178 4860 3242 4910 ut
3271 4853 3418 4926 quod
3458 4853 3725 4910 inimicus

2109 4948 2450 5022 imprmscius
2491 4946 2806 5003 futurorum
2855 4955 3048 5003 contra
3093 4961 3169 5014 se,
3205 4943 3362 5018 quasi
3401 4961 3502 5018 pro
3532 4961 3592 5002 se
3628 4945 3724 5002 fa-

2107 5053 2228 5094 cere
2260 5036 2506 5109 putabat,
2558 5033 2968 5110 permitteretur
2997 5032 3079 5101 ei;
3127 5040 3190 5089 ut
3232 5033 3722 5106 impraascientiam

2106 5143 2261 5182 suam
2303 5125 2420 5183 sibi
2468 5126 2767 5200 impntans,
2814 5121 2946 5180 facti
2986 5121 3073 5178 sui
3113 5120 3440 5195 poenitentia
3495 5130 3720 5196 torque-

2107 5223 2277 5271 retur.
2325 5215 2483 5283 Quod
2525 5222 2706 5272 autem
2758 5211 3013 5272 Christus
3064 5211 3181 5284 ipse
3236 5227 3293 5268 se
3339 5209 3570 5280 obtulit,
3621 5220 3719 5269 aut

2107 5305 2250 5359 Deus
2283 5302 2442 5358 illum
2465 5301 2716 5369 tradidit,
2755 5315 2927 5356 unum
2961 5306 3074 5366 est;
3105 5298 3237 5372 quia
3263 5297 3564 5354 amborum
3601 5313 3718 5355 una

2105 5392 2361 5446 voluntas
2388 5399 2489 5447 est.

2179 5516 2294 5642 (39)
2342 5518 2498 5574 Rom.
2529 5516 2688 5586 edit.,
2722 5516 3004 5572 adversum
3029 5513 3301 5570 diabolum
3347 5513 3716 5586 profuturum

2179 5603 2193 5640 t
2238 5604 2302 5642 τε.

2104 5603 2284 5643 mutus
2292 5629 2302 5643 .
