3908 6192
157 310 258 368 417

1227 306 1588 365 COMMENT.
1631 305 1700 363 IN
1739 305 1955 362 EPIST.
1998 307 2094 362 AD
2137 304 2380 362 EPHES.

3345 306 3452 365 418

221 434 402 507 (Vera.
426 433 508 506 3.)
540 431 892 491 «Fornicatio
911 439 1115 500 autem,
1139 438 1192 487 et
1211 431 1392 487 omnis
1409 429 1764 486 immunditia
1783 432 1834 490 Α
1862 445 2052 485 mones
2096 429 2227 484 vani
2272 437 2432 498 sunt;
2463 429 2677 488 vanitas
2705 438 2886 488 autem
2925 431 3203 488 idolorum
3233 432 3452 490 cultura

151 531 243 581 aut
285 524 539 592 avaritia,
569 539 671 580 nec
715 521 1036 580 nominetur
1071 521 1217 579 inter
1262 539 1380 591 vos,
1409 521 1551 578 sicut
1595 521 1752 578 decet

151 626 384 676 sanctos.
413 641 432 666 ›
477 617 770 674 Manifesta
819 625 950 673 sunt
996 633 1116 690 quae
1162 615 1319 673 dicit.
1363 614 1538 682 Quam
1565 622 1750 670 tamen

153 708 332 781 gravis
377 723 466 764 res
513 707 586 764 sit
630 707 882 776 avaritia,
913 723 946 762 a
987 722 1095 780 qua
1145 705 1559 762 dissimulamus
1609 703 1750 774 (30),

151 797 373 870 quando
416 797 777 854 fornicationi
821 806 876 853 et
905 796 1275 852 immunditiae
1303 801 1673 866 comparatur,
1699 801 1752 849 et

150 886 228 943 sic
253 903 289 942 a
316 885 482 943 nobis
509 886 749 954 videtur,
771 886 926 957 quasi
953 884 1203 958 quaedam
1224 885 1388 956 culpa
1408 882 1616 939 nullius
1638 899 1750 938 mo-

149 974 349 1043 menti,
393 991 520 1032 cum
567 975 640 1031 sit
687 991 847 1047 grave
885 981 1188 1046 peccatum.
1233 972 1418 1030 Sancti
1461 987 1588 1044 ergo
1634 986 1750 1027 esse

147 1079 260 1119 non
286 1071 536 1135 possunt,
559 1064 616 1119 in
638 1062 838 1136 quibus
866 1062 1081 1136 aliquid
1101 1061 1300 1118 horum
1325 1077 1445 1135 quae
1467 1059 1745 1133 prohibet,

149 1151 316 1210 fuerit
348 1161 644 1225 repertum.

220 1242 402 1314 (Vers.
433 1243 514 1315 4.)
551 1267 571 1292 ε
597 1245 708 1299 Aut
734 1242 1046 1316 turpitudo,
1076 1252 1170 1300 aut
1197 1241 1632 1315 stultiloquium,
1653 1249 1749 1298 aut

149 1332 477 1402 scurrilitas,
519 1349 640 1407 quae
680 1333 750 1390 ad
792 1349 909 1389 rem
938 1349 1053 1389 non
1097 1332 1407 1405 pertinent;
1442 1331 1535 1389 sed
1577 1332 1750 1404 magis

149 1422 443 1494 gratiarum
483 1423 647 1480 actio.
680 1448 700 1472 ι
746 1423 1021 1491 Quoniam
1063 1421 1288 1495 quidam
1328 1424 1509 1478 solent
1536 1421 1748 1494 aliquid

147 1520 306 1586 turpe
352 1529 528 1586 agere,
559 1523 656 1571 aut
702 1512 1068 1586 stultiloquiis
1092 1511 1281 1584 jocum
1317 1526 1563 1576 movere,
1593 1510 1748 1584 quasi

145 1618 257 1658 non
285 1603 361 1660 sit
387 1613 696 1676 peccatum,
726 1602 835 1659 hoc
864 1601 1138 1674 prohibet,
1163 1605 1307 1663 246
1329 1601 1462 1673 quia
1480 1599 1578 1658 Dei
1601 1599 1748 1657 servi

143 1716 364 1773 semper
389 1701 563 1758 sobrii
592 1709 646 1757 et
670 1701 902 1757 modesti
923 1701 1124 1757 debent
1144 1700 1322 1756 videri
1345 1718 1359 1768 ;
1391 1715 1487 1773 per
1510 1699 1747 1756 stultilo-

1857 527 1962 588 est,
1992 534 2111 592 quae
2154 518 2345 591 utique
2388 535 2500 576 non
2542 535 2612 577 ex
2642 522 2754 578 Deo
2782 521 3006 579 initium
3044 521 3228 592 habet,
3257 522 3353 580 sed
3382 522 3450 580 de

1859 623 2060 664 errore.
2094 609 2264 664 Docet
2291 623 2418 680 ergo
2461 625 2529 664 ne
2561 609 2760 666 horum
2802 610 2988 668 verbis
3014 626 3266 668 assensus
3297 627 3448 684 pra;-

1859 697 2088 765 beatur;
2149 705 2496 769 perstrepunt
2545 698 2692 754 enim
2745 715 2976 770 semper,
3035 709 3088 757 et
3125 700 3446 758 seductione

1861 786 2096 859 quadam
2142 787 2373 844 fallacias
2401 795 2593 843 contra
2617 787 2779 843 ﬁdem
2809 789 3262 846 consuetudinem
3293 789 3447 846 anti-
3480 808 3484 812 ‘

1859 873 2086 946 quitatis
2113 874 2442 941 obtendunt,
2465 875 2732 931 rationem
2763 876 3131 947 praesentium,
3162 893 3275 932 non
3293 895 3444 950 spem

1858 963 2173 1020 futurorum
2208 965 2552 1022 asserendam
2578 965 2910 1037 judicantes.
2937 965 3064 1021 Ideo
3107 966 3262 1024 venit
3287 981 3448 1038 super

1859 1052 1960 1108 hos
1995 1052 2246 1110 vindicta
2284 1053 2352 1110 de
2390 1054 2564 1124 cmlis,
2595 1063 2657 1111 ut
2684 1054 2861 1111 sciant
2888 1070 3082 1111 verum
3123 1071 3260 1122 esse,
3303 1055 3449 1127 quod

1781 1192 1785 1196 ,
1856 1141 2079 1200 credere
2108 1144 2428 1200 noluerunt.
2460 1145 2510 1201 A
2539 1161 2647 1218 qua
2672 1144 2924 1201 vanitate.
2943 1145 3045 1202 Dei
3073 1160 3261 1201 servos
3291 1143 3451 1216 longe

1857 1232 2018 1288 docet
2043 1232 2240 1291 debere
2265 1233 2530 1292 discretos
2549 1250 2683 1304 esse,
2709 1250 2782 1290 ne
2811 1233 3105 1308 participes
3123 1234 3262 1291 ﬁant
3280 1248 3454 1306 pmuaa

1857 1320 2103 1380 illorum.

1930 1412 2111 1485 (Vers.
2169 1414 2251 1488 8.)
2315 1439 2334 1463 ‹
2372 1414 2576 1471 Fuistis
2630 1413 2780 1470 enim
2833 1413 3130 1488 aliquando
3185 1411 3448 1481 tenebrae,

1856 1517 2008 1558 nunc
2059 1510 2243 1559 autem
2299 1503 2397 1559 lux
2467 1503 2526 1559 in
2581 1503 2839 1559 Domino.
2895 1527 2915 1551 ι
2981 1501 3239 1558 Tenebrae
3287 1501 3453 1572 igno-

1858 1591 2036 1646 rantia
2083 1599 2248 1659 sunt;
2297 1592 2428 1664 quia
2463 1607 2626 1649 nemo
2671 1592 2824 1650 videt
2868 1591 2927 1647 in
2976 1590 3261 1649 tenebris:
3301 1590 3454 1662 igno-

1859 1681 2038 1736 rantia
2084 1698 2215 1738 vero
2262 1682 2537 1754 gentilitas
2583 1689 2684 1750 est,
2715 1683 2833 1738 sive
2882 1681 3112 1754 perﬁdia
3141 1697 3172 1735 a
3202 1696 3308 1752 qua
3356 1677 3454 1734 Dei

143 1768 282 1865 quia
313 1794 464 1849 enim
495 1801 767 1866 peccatur.
802 1792 955 1849 Unde
981 1792 1241 1848 Salomon
1277 1809 1288 1847 :
1334 1815 1353 1839 ‹
1384 1768 1613 1861 Stultus,
1649 1792 1746 1847 in-
1773 1799 1821 1860 Β
1855 1770 2030 1866 {tam
2076 1770 2360 1866 λψίίίξθω-
2397 1771 2558 1827 tracti
2606 1779 2774 1866 εξιξηὶ
2815 1771 2948 1866 fw“
2979 1771 3097 1837 lux»
3129 1768 3187 1824 id
3216 1775 3454 1866 es_‘:"f°‘

143 1883 284 1954 quit,
305 1899 403 1955 per
418 1884 588 1940 risum
611 1883 723 1956 agit
743 1883 884 1938 mala
908 1882 1092 1954 (Prov.
1113 1898 1173 1950 χ,
1197 1880 1312 1953 23).
1333 1906 1353 1930 ι
1387 1882 1457 1937 Et
1475 1881 1747 1937 Dominus

145 1971 200 2026 in
241 1971 546 2045 Evangelia
581 1972 720 2028 dicit
755 1991 766 2029 :
797 1973 925 2044 quia
965 1995 985 2022 ‹
1021 1972 1198 2028 Omne
1239 1971 1468 2029 verbum
1504 1971 1745 2028 otiosum

145 2062 289 2135 quod
316 2063 488 2119 locuti
513 2063 723 2119 fuerint
745 2062 1019 2132 homines,
1040 2062 1271 2120 reddent
1297 2062 1364 2119 de
1392 2079 1456 2120 eo
1476 2063 1746 2119 rationem

147 2151 202 2206 in
230 2150 323 2207 die
348 2150 549 2222 judicii
582 2152 796 2222 (Matth.
837 2169 941 2220 xu,
969 2153 1082 2222 36).
1109 2176 1128 2199 ι
1167 2153 1278 2209 Nec
1312 2153 1491 2208 inulta
1517 2158 1749 2224 possunt

145 2240 413 2308 discerni,
446 2257 566 2312 quae
594 2240 802 2297 idcirco
831 2241 1113 2310 dicuntur,
1133 2249 1196 2297 ut
1221 2241 1289 2297 ad
1318 2240 1555 2312 alicujus
1583 2240 1750 2313 perti-

145 2336 314 2385 neant
361 2330 792 2398 contumeliam;
843 2331 968 2388 ideo
1016 2330 1082 2386 ad
1132 2347 1246 2386 rem
1295 2331 1590 2387 salutarem
1636 2345 1751 2386 non

148 2417 430 2490 pertinent
458 2417 596 2475 haec.
629 2419 808 2486 Quare
850 2419 966 2476 hzec
996 2418 1204 2492 agenda
1231 2427 1286 2475 et
1315 2417 1588 2492 loquenda
1620 2434 1753 2474 mo-

149 2514 258 2575 net,
304 2522 427 2579 qua:
472 2506 542 2562 ad
589 2509 889 2565 utilitatem
932 2508 1226 2580 proficiant
1260 2515 1527 2576 nostram,
1567 2515 1622 2564 et
1652 2507 1752 2564 Dei

152 2594 383 2664 laudem,
419 2595 480 2652 in
505 2595 666 2669 cujus
686 2598 802 2671 lege
819 2597 1202 2655 meditandum
1233 2606 1315 2655 est
1347 2598 1437 2654 die
1466 2613 1531 2655 ac
1556 2604 1748 2666 nocte;

150 2685 286 2742 sicut
305 2685 577 2759 scriptum
603 2696 684 2745 est
715 2688 773 2743 in
802 2689 1017 2760 psalmo
1050 2688 1223 2760 (Psal.
1249 2705 1287 2755 ι,
1312 2687 1392 2758 2).
1416 2687 1502 2743 Ex
1522 2703 1751 2744 conver-

151 2776 351 2832 satione
395 2775 547 2832 enim
596 2785 651 2834 et
703 2777 949 2834 moribus
991 2777 1091 2834 Dei
1121 2777 1266 2834 servi
1298 2777 1466 2834 etiam
1509 2784 1752 2835 tacentes

154 2865 494 2939 intelligendi
524 2874 684 2936 sunt;
717 2875 780 2923 ut
807 2875 1073 2941 quantum
1104 2866 1272 2925 distat
1299 2883 1494 2924 verum
1527 2883 1559 2924 a
1587 2867 1746 2938 falso,

155 2961 356 3010 tantum
386 2955 600 3011 distent
628 2955 729 3010 Dei
759 2956 904 3012 servi
933 2972 964 3010 a
989 2955 1164 3013 servis
1194 2955 1422 3013 diaboli.

223 3044 399 3116 (Vers.
429 3044 519 3116 5.)
565 3069 584 3092 ι
610 3045 727 3101 Ηοο
772 3046 922 3102 enim
965 3045 1180 3116 scitote,
1211 3045 1360 3120 quod
1407 3044 1588 3102 omnis
1625 3044 1750 3101 for-

159 3133 381 3204 nicator,
411 3142 513 3191 aut
540 3135 884 3205 immundus,
915 3144 1012 3192 aut
1031 3152 1249 3205 avarus,
1283 3135 1430 3209 quod
1459 3142 1541 3192 est
1573 3134 1748 3190 idolo~

158 3221 325 3292 latria,
386 3240 504 3280 non
551 3223 718 3281 habet
762 3224 1139 3282 baereditatem
1206 3226 1266 3281 in
1326 3240 1494 3298 regno
1553 3223 1655 3279 Dei
1700 3229 1756 3278 et

156 3311 372 3370 Christi.
406 3341 424 3362 ι
466 3312 591 3381 Qua
623 3331 788 3372 causa
815 3315 1123 3372 amovenda
1166 3314 1278 3371 sint
1305 3313 1445 3381 haec,
1472 3311 1751 3378 ostendit;

157 3401 278 3475 quia
303 3405 398 3478 qui
425 3404 563 3462 talis
588 3405 774 3473 fuerit,
807 3411 1018 3478 partem
1051 3404 1110 3460 in
1140 3421 1308 3478 regno
1337 3403 1602 3460 caelorum
1643 3418 1754 3457 non

157 3493 390 3562 habebit,
412 3494 568 3570 quod
595 3504 676 3552 est
701 3496 879 3551 Patris
907 3503 962 3552 et
989 3494 1142 3551 Filii.
1168 3495 1239 3551 Ut
1257 3493 1546 3550 avaritiam
1568 3499 1756 3548 tamen

160 3598 266 3639 rem
310 3585 680 3657 periculosam
730 3600 849 3641 esse
894 3584 1134 3652 doceret,
1188 3582 1562 3640 idololatriam
1613 3580 1757 3637 hanc

163 3681 450 3746 nuncupat,
471 3689 584 3746 qua
594 3675 811 3730 nullum
837 3681 1122 3746 peccatum
1140 3671 1319 3744 majus
1335 3679 1435 3728 est.
1456 3670 1757 3729 Videamus

163 3775 282 3834 ergo
310 3779 409 3819 cur
434 3763 672 3820 avaritia
699 3763 1016 3820 idololatria
1042 3763 1279 3820 dicatur.
1312 3759 1635 3818 Idololatria
1655 3757 1755 3815 Dei

163 3851 634 3910 honorificentiam
669 3862 917 3926 usurpat,
956 3860 1010 3909 et
1038 3851 1287 3909 vindicat
1314 3859 1599 3919 creaturae,
1628 3865 1755 3906 cum

163 3940 216 3996 in
255 3943 478 3999 nomine
531 3943 770 4011 deitatis,
803 3943 950 4016 quod
995 3942 1101 3999 soli
1143 3942 1422 3998 conditori
1469 3941 1756 4013 competit,

172 4034 487 4106 participem
512 4034 598 4089 illi
622 4035 815 4091 asserit
843 4033 962 4105 ejus
990 4033 1280 4092 facturam.
1303 4031 1554 4089 Avaritia
1573 4039 1759 4088 autem

168 4121 366 4181 idcirco
416 4125 554 4181 huic
599 4131 882 4196 exaequata
925 4131 1028 4192 est,
1067 4123 1199 4196 quia
1251 4121 1511 4178 similiter
1539 4139 1604 4179 ea
1638 4137 1761 4194 quas

165 4210 252 4269 Dei
299 4220 455 4280 sunt,
505 4211 613 4267 sibi
653 4220 884 4283 usurpat
913 4220 967 4268 et
993 4211 1246 4269 recondit
1274 4227 1503 4278 avarus;
1537 4220 1601 4267 ut
1639 4227 1760 4284 quae

164 4301 349 4358 usibus
411 4301 666 4356 omnium
731 4303 1001 4359 concessit
1071 4301 1462 4369 communiter,
1530 4301 1764 4358 avaritia

165 4389 426 4464 deneget;
465 4388 693 4464 quando
735 4389 945 4447 idcirco
989 4390 1108 4448 haec
1154 4399 1446 4463 congregat
1493 4389 1637 4463 apud
1681 4407 1760 4460 se,

168 4494 228 4535 ne
271 4480 366 4536 alii
415 4486 684 4548 utantur;
728 4495 849 4553 quas
893 4495 979 4536 res
1026 4479 1179 4546 facit,
1229 4487 1291 4536 ut
1340 4495 1466 4536 caro
1516 4495 1761 4536 venum-

1856 1857 2026 1924 ritas;
2077 1857 2207 1931 quia
2248 1857 2308 1913 in
2347 1858 2467 1914 luce
2506 1859 2948 1925 manifestantur,
2983 1872 3105 1930 quae
3150 1863 3298 1912 sunt.
3336 1855 3454 1910 De-

1855 1946 2022 2019 nique
2051 1947 2245 2019 pagani
2277 1947 2337 2003 in
2365 1947 2607 2005 tenebris
2634 1947 2869 2020 mystica
2895 1962 2994 2003 sua
3024 1944 3366 2002 celebrantes
3393 1942 3452 1998 in

1855 2037 2052 2108 spelan
2109 2037 2306 2094 velatis
2369 2038 2544 2094 oculis
2597 2037 2931 2094 illuduntur.
2987 2036 3076 2090 Ex
3139 2033 3228 2089 his
3283 2031 3455 2090 Chri-

1855 2127 2020 2184 stiani
2049 2128 2180 2185 facti
2209 2128 2430 2201 cognita
2457 2128 2689 2184 veritate
2718 2127 2822 2183 ﬁlii
2848 2126 2990 2184 lucis
3015 2125 3298 2193 dicuntur,
3327 2123 3456 2197 quia

1857 2218 2001 2272 Deus
2032 2217 2132 2272 lux
2159 2227 2261 2286 est,
2295 2216 2456 2288 cujus
2485 2216 2650 2274 ﬁdem
2672 2216 2732 2271 in
2760 2217 2995 2272 veritate
3021 2213 3354 2286 suscipiunt.

1931 2306 2114 2376 (Vers.
2144 2307 2226 2377 9.)
2277 2330 2297 2353 ι
2334 2306 2406 2362 Ut
2451 2304 2554 2362 ﬁlii
2585 2305 2723 2361 lucis
2751 2305 3050 2369 ambulate,
3080 2319 3208 2360 nam
3240 2301 3456 2358 fructus

1860 2395 2001 2452 lucis
2030 2396 2088 2452 in
2118 2397 2272 2453 omni
2301 2395 2568 2464 bonitate,
2598 2404 2653 2451 et
2681 2393 2919 2466 justitia,
2947 2402 3001 2450 et
3029 2395 3261 2450 veritate
3289 2398 3391 2448 est.
3422 2417 3441 2440 ι

1861 2485 1977 2541 Hoc
2017 2484 2154 2541 dicit
2200 2494 2263 2541 ut
2309 2485 2389 2540 sic
2432 2492 2848 2552 conversentur,
2897 2491 2958 2538 ut
3005 2498 3116 2540 non
3171 2482 3454 2537 immerito

1861 2572 1966 2629 filii
2013 2573 2154 2630 lucis
2205 2572 2480 2629 dicantur.
2524 2572 2701 2643 Opera
2746 2571 2895 2628 enim
2942 2570 3084 2626 lucis
3121 2570 3300 2642 palam
3337 2569 3454 2624 sine

1859 2662 2059 2718 timore
2097 2661 2272 2726 ﬁunt;
2321 2660 2672 2716 tenebrarum
2721 2666 2904 2715 autem
2931 2675 3094 2731 opera
3122 2658 3182 2713 in
3212 2657 3450 2724 occulto,

1860 2752 1990 2825 quia
2019 2752 2215 2809 illicita
2244 2759 2412 2820 sunt;
2447 2767 2608 2808 omne
2640 2750 2787 2807 enim
2817 2756 3103 2823 peccatum
3133 2747 3314 2822 palam
3334 2744 3453 2802 ﬁeri

1859 2840 2037 2898 timet.

1932 2931 2114 3004 (Vers.
2143 2930 2256 3000 10.)
2277 2954 2294 2978 ι
2316 2930 2547 2988 Prdbate
2563 2928 2695 3004 quid
2716 2929 2807 2999 sit,
2833 2927 2968 3003 quid
2988 2928 3166 3000 placet
3179 2927 3339 2983 Deo.»
3366 2924 3455 2982 Ex

1857 3018 2267 3092 magnificentia
2291 3019 2599 3078 sanctitatis
2619 3027 2673 3075 et
2688 3018 2952 3075 bonitatis
2972 3017 3232 3091 perpendi
3253 3025 3451 3090 potest,

1858 3108 2059 3182 quibus
2087 3111 2233 3166 Deus
2262 3109 2521 3183 operibus
2557 3109 2896 3175 delectetur;
2939 3107 3054 3178 ipse
3082 3106 3230 3163 enim
3261 3105 3406 3162 dixit
3437 3123 3449 3162 :

1875 3222 1893 3246 ι
1923 3199 2108 3256 Sancti
2153 3207 2347 3268 estote,
2381 3200 2524 3255 sicut
2550 3206 2604 3254 et
2629 3213 2727 3268 ego
2755 3203 2978 3252 sanctus
3005 3212 3150 3264 sum,
3181 3195 3455 3252 Dominus

1864 3291 2009 3346 Deus
2039 3295 2218 3344 vester
2250 3287 2439 3360 (Lee-it.
2469 3303 2594 3355 xxx,
2615 3285 2694 3356 2).
2717 3311 2734 3333 ι
2763 3286 2833 3340 Et
2859 3283 3159 3340 Dominus:
3201 3309 3218 3331 ι
3239 3285 3448 3352 Estote,

1865 3379 1962 3447 ait,
1994 3377 2377 3434 misericordes
2391 3375 2534 3433 sicut
2551 3383 2604 3431 et
2625 3375 2782 3430 Pater
2796 3381 2976 3430 vester
2999 3372 3150 3444 (Luc.
3172 3389 3251 3441 Vl,
3282 3371 3396 3444 36).
3422 3397 3440 3419 ι

1868 3469 1995 3524 Haec
2023 3466 2238 3538 placent
2267 3467 2380 3521 Deo
2404 3484 2417 3532 ;
2461 3465 2518 3519 in
2545 3462 2833 3520 sanctitate
2862 3462 3010 3518 enim
3042 3462 3375 3534 puriﬁcatio,
3400 3461 3456 3517 in

1869 3554 2247 3613 misericordia
2274 3570 2404 3610 vero
2429 3553 2589 3626 plena
2617 3560 2670 3608 et
2698 3551 2939 3624 perfecta
2961 3549 3180 3623 justitia
3209 3559 3311 3607 est.

1940 3647 2122 3718 (Vers.
2179 3646 2291 3718 11.)
2355 3671 2373 3695 ι
2420 3646 2490 3700 Ει
2534 3644 2706 3700 nolite
2746 3642 3156 3700 communicare
3199 3641 3458 3717 operibus

1867 3735 2227 3793 infructuosis
2254 3733 2622 3792 tenebrarum.
2654 3759 2672 3782 ι
2716 3733 2900 3791 Monet
2930 3749 2997 3789 ne
3028 3733 3299 3788 malorum
3323 3731 3456 3787 acti-

1867 3827 1970 3883 bus
2014 3843 2110 3899 per
2149 3842 2476 3884 consensum
2514 3825 2859 3898 polluamur;
2909 3822 3041 3895 quia
3089 3829 3218 3878 sunt
3268 3821 3459 3876 infru—

1866 3924 2044 3981 ctuosi
2071 3939 2199 3996 erga
2224 3923 2454 3991 bonum,
2483 3928 2538 3977 et
2563 3918 2859 3993 quaestuosi
2889 3917 2958 3972 ad
2985 3916 3214 3972 malum.

1911 4013 2125 4087 ’(Vers.
2171 4013 2284 4085 i2.)
2340 4037 2360 4060 ι
2396 4011 2566 4084 Magis
2612 4018 2796 4066 autem
2851 4014 2906 4063 et
2961 4004 3272 4077 objurgate;
3331 4020 3458 4060 nam

1871 4118 1991 4176 quae
2020 4102 2079 4158 in
2109 4102 2326 4160 occulto
2354 4099 2422 4156 ab
2446 4101 2524 4156 eis
2554 4098 2716 4167 ﬁunt,
2747 4106 2906 4169 turpe
2933 4102 3016 4152 est
3034 4095 3198 4151 etiam
3219 4093 3446 4151 dicere.-

1869 4193 1991 4250 Non
2037 4193 2218 4250 solum
2257 4192 2466 4249 alienos
2510 4189 2634 4246 vult
2679 4205 2771 4245 eos
2813 4203 2928 4244 esse
2967 4202 3000 4242 a
3033 4185 3194 4242 malis
3222 4185 3458 4254 actibus,

1870 4283 1965 4340 sed
1999 4290 2053 4339 et
2083 4298 2306 4356 arguere
2336 4281 2482 4338 mala
2508 4280 2652 4339 facta
2677 4295 2890 4348 eorum,
2910 4275 3005 4352 qui
3036 4277 3094 4332 in
3110 4277 3328 4333 occulto
3347 4284 3464 4333 tur-

1870 4375 2014 4447 piter
2055 4381 2370 4447 operantur.
2420 4372 2574 4429 Tunc
2614 4371 2762 4428 enim
2807 4368 3109 4442 probantur
3142 4374 3381 4439 peccata,
3413 4363 3459 4420 si

1871 4469 2014 4528 247
2043 4471 2372 4537 arguantur;
2410 4469 2472 4518 ut
2500 4461 2842 4518 admirentur
2862 4458 3005 4516 ﬁlios
3030 4456 3188 4522 lucis,
3209 4472 3242 4512 a
3260 4453 3462 4528 quibus

272 4531 366 4536 —-——
424 4531 684 4548 —m——-——,
733 4531 846 4553 ππ
894 4531 975 4536 --τ
1027 4531 1179 4546 --ν--ι
1237 4531 1288 4536 --
1347 4531 1460 4536 πη
2108 4531 2131 4537 ν

169 4565 375 4638 dentur,
408 4584 480 4627 ne
509 4584 774 4643 pauperes
799 4568 1032 4637 vivant;
1061 4569 1108 4626 si
1137 4568 1282 4626 enim
1316 4569 1542 4625 minime
1572 4585 1760 4626 recon-
1790 4531 1841 4592 Β
1868 4581 1994 4621 cum
2034 4564 2181 4636 juste
2222 4569 2544 4635 arguuntur,
2591 4557 2964 4618 contradicere
3016 4570 3129 4611 non
3181 4558 3460 4624 poterunt,

172 4654 438 4727 darentur,
468 4657 812 4714 abundantia
854 4658 1104 4716 omnium
1152 4673 1334 4713 rerum
1362 4656 1564 4714 faceret
1593 4657 1761 4712 utili-

171 4751 326 4804 tatem
379 4767 390 4805 :
450 4748 690 4824 denique
740 4746 887 4822 apud
936 4755 1148 4806 veteres
1193 4747 1325 4821 quia
1372 4745 1606 4802 avaritia
1647 4761 1760 4801 non

175 4841 298 4907 erat,
344 4855 448 4897 nec
491 4839 752 4896 charitas.
804 4839 967 4896 Recte
1017 4854 1146 4910 ergo
1204 4837 1532 4894 idololatriae
1597 4851 1761 4892 com-

177 4935 351 4996 parata
395 4937 496 4998 est,
555 4945 664 5003 qua
716 4930 922 4986 multos
975 4929 1147 4987 laedit.
1203 4929 1447 4987 Creatori
1503 4925 1762 4983 similiter

179 5013 417 5087 inimica;
450 5022 576 5074 vult
603 5018 752 5075 enim
783 5021 927 5076 Deus
948 5035 1010 5076 ac
1027 5019 1186 5090 jubet
1205 5018 1272 5074 de
1296 5019 1366 5073 iis
1387 5032 1510 5089 quaa
1529 5013 1760 5083 creavit,

177 5103 447 5162 subveniri
483 5108 836 5181 pauperibus,
869 5108 1103 5164 avaritia
1140 5104 1491 5163 contradicit.
1524 5101 1667 5160 Vide
1693 5118 1762 5158 an

179 5191 287 5249 sine
311 5195 531 5252 diabolo
560 5197 732 5270 possit
767 5213 904 5254 esse.

246 5281 421 5353 (Vers.
454 5285 508 5354 6,
535 5287 612 5359 7.)
652 5311 670 5334 ι
688 5287 861 5344 Nemo
887 5303 989 5342 vos
1007 5284 1231 5342 seducat
1260 5281 1520 5338 inanibus
1545 5278 1760 5346 verbis;

182 5379 452 5444 propterea
495 5375 642 5431 enim
692 5377 849 5433 venit
895 5376 979 5432 ira
1020 5373 1120 5430 Dei
1151 5373 1211 5428 in
1240 5371 1385 5428 ﬁlios
1421 5369 1765 5427 diffidentiae.

1868 4654 1963 4711 sed
2006 4653 2179 4726 magis
2215 4669 2308 4710 eos
2353 4650 2770 4708 reverebuntur.
2827 4671 2846 4694 ι
2873 4644 3074 4702 Omnia
3111 4650 3294 4697 autem
3336 4655 3462 4696 cum

1869 4744 2246 4816 objurgantur,
2279 4759 2311 4797 a
2338 4742 2547 4796 lumine
2575 4737 3015 4794 manifestantur.
3053 4758 3072 4782 ι
3125 4731 3330 4787 Verum
3361 4737 3463 4798 est,

1870 4833 2000 4905 quia
2061 4841 2196 4888 tunc
2251 4831 2513 4885 videntur
2567 4833 2807 4897 peccata,
2876 4839 3001 4878 cum
3071 4818 3462 4891 objurgantur;

1873 4921 2004 4993 quia
2050 4919 2146 4993 qui
2190 4923 2398 4990 peccat,
2443 4912 2690 4986 quandiu
2733 4927 2846 4966 non
2883 4907 3204 4979 corripitur,
3237 4906 3466 4964 minime

1871 5009 1978 5066 sibi
2035 5007 2257 5064 videtur
2306 5017 2554 5078 peccare.
2597 5023 2615 5047 ι
2660 5000 2836 5057 Omne
2886 4997 3034 5054 enim
3086 4996 3233 5070 quod
3276 4995 3472 5052 mani-

1875 5099 2125 5164 festatur,
2171 5096 2271 5152 lux
2325 5101 2424 5150 est.
2458 5115 2476 5139 ι
2537 5091 2600 5146 In
2648 5087 2944 5145 manifesto
2989 5084 3317 5158 ambiguitas
3354 5099 3468 5142 non

1873 5197 1973 5259 est,
2018 5202 2196 5261 neque
2243 5181 2494 5243 excusari
2540 5187 2738 5253 potest,
2788 5175 2936 5251 quod
2982 5177 3162 5247 palam
3203 5175 3469 5231 delictum

1874 5286 1975 5335 est.
2016 5278 2172 5334 Sicut
2210 5274 2356 5332 enim
2387 5279 2679 5345 apparente
2708 5269 2842 5337 sole,
2885 5264 3033 5322 diem
3063 5279 3177 5322 esse
3202 5263 3318 5337 jam
3365 5277 3472 5317 ne-

1878 5367 1991 5438 gari
2037 5373 2243 5437 potest;
2294 5364 2372 5421 ita
2417 5369 2472 5418 et
2509 5359 2856 5418 manifestato
2893 5363 3136 5428 peccato,
3164 5349 3476 5425 objurgatio

183 5457 350 5518 Nolite
393 5480 520 5537 ergo
563 5465 703 5523 eﬂici
754 5465 1048 5540 participes
1085 5478 1297 5520 eorum.
1328 5485 1348 5510 ι
1392 5462 1620 5516 Insanes
1647 5473 1771 5513 ser-
1878 5456 2015 5510 falsa
2041 5452 2246 5509 videri.

229 5593 362 5668 ’(30)
390 5596 599 5655 Eadem
627 5600 788 5656 Rom.
815 5599 975 5666 edit.,
1005 5595 1265 5661 αυανίιία,
1294 5594 1414 5651 hinc
1434 5588 1956 5668 unimadpertendum
1985 5589 2078 5651 est,
2108 5583 2318 5652 quando
2347 5579 2693 5668 fonticutioni
2737 5584 2785 5634 et
2811 5576 3166 5634 immundum
3189 5587 3484 5644 compara—

190 5653 286 5734 ινδ,
313 5653 356 5724 α’
374 5653 1302 5740 ιιιιᾶὴίῆίῶἆήἰῆαἷᾶἰεᾉπωιατηπὶε,
1334 5674 1382 5723 et
1411 5667 1486 5722 sic
1512 5681 1549 5719 α
1577 5660 1746 5726 nobis,
1777 5668 1880 5716 etc.
2519 5653 2537 5671 ‘
