3908 6192
458 315 563 374 419

1473 311 1566 365 ΑΙ)
1606 308 1841 365 OPERA
1879 304 1932 361 S.
1977 302 2309 363 AMBROSII
2349 300 2732 358 APPENDIX.

3660 297 3765 356 420

523 445 707 516 (Vers.
759 441 873 512 14.)
937 465 953 487 ι
1001 440 1230 513 Propter
1272 439 1419 512 quod
1457 439 1594 494 dicit
1645 457 1656 494 :
1703 438 1890 508 Surge,
1943 435 2038 508 qui
2071 435 2120 492 A
2153 433 2393 488 luxuria.
2422 456 2439 477 ι
2479 429 2666 487 Sobrii
2698 436 2928 503 possunt
2949 426 3147 484 habere
3166 425 3426 516 ﬁduciam
3453 426 3758 498 arguendi;

449 533 683 607 dormis,
721 540 774 589 et
822 546 1053 602 exsurge
1085 549 1115 588 a
1151 529 1402 595 mortuis,
1448 537 1501 584 et
1547 527 1831 598 contingas
1873 525 2047 584 Chri—

445 631 594 680 stum
644 619 784 692 (31).
820 643 838 667 ι
880 618 1281 674 Dormitionem
1333 616 1474 671 hanc
1520 622 1798 686 stuporem
1849 614 2047 670 mentis

447 710 744 783 signiﬁcat,
778 725 898 781 quae
927 707 1200 761 alienatur
1228 722 1258 760 a
1299 721 1428 760 vera
1458 705 1567 759 via.
1602 703 1878 759 Alienatio
1919 720 2046 758 vero

446 801 566 858 haec
611 799 818 871 species
863 796 1054 851 mortis
1093 803 1190 862 est,
1221 811 1290 850 ex
1333 811 1438 866 qua
1484 799 1763 866 resurgere
1793 810 2048 850 commo-

446 897 610 946 netur
639 905 651 942 :
681 895 743 942 ut
790 884 1118 955 resipiscens
1165 890 1422 955 agnoscat
1467 882 1776 950 veritatem,
1808 899 1928 954 quae
1966 889 2047 937 est

446 977 721 1035 Christus.
758 974 956 1031 Perﬁdi
1009 989 1135 1047 ergo
1171 981 1225 1028 et
1255 974 1440 1030 vitiosi
1475 973 1710 1030 demersi
1742 974 1797 1028 in
1827 989 2044 1030 caenum

447 1066 549 1122 sub
578 1064 958 1136 desperatione
1002 1064 1153 1131 vitae,
1182 1073 1245 1119 ut
1288 1071 1576 1135 resurgant
1605 1064 1720 1118 sive
1769 1069 2048 1134 emergant

445 1156 835 1223 admonentur,
881 1159 934 1207 et
978 1151 1216 1207 habeant
1263 1161 1470 1224 partem
1518 1168 1642 1208 cum
1685 1150 1940 1218 Christo;
1986 1159 2047 1206 ut

445 1245 514 1300 de
543 1243 787 1299 tenebris
813 1250 1094 1298 transeant
1123 1241 1190 1297 ad
1217 1243 1394 1299 lucem
1418 1249 1472 1297 et
1491 1258 1521 1296 a
1551 1249 1726 1298 morte
1755 1241 1822 1297 ad
1847 1241 2042 1298 vitam.

519 1332 701 1400 (Vers.
739 1331 825 1400 15,
853 1331 965 1402 16.)
1010 1356 1027 1377 ι
1058 1330 1254 1387 Videte
1298 1346 1426 1402 ergo
1454 1331 1730 1403 quomodo
1759 1339 1915 1386 caute
1935 1345 2045 1384 am-

448 1421 666 1488 buletis,
692 1436 801 1476 non
821 1428 881 1476 ut
905 1419 1246 1491 insipientes,
1265 1419 1355 1475 sed
1379 1428 1441 1475 ut
1459 1419 1751 1491 sapientes,
1775 1418 2044 1475 redimen-

447 1521 526 1567 tes
557 1519 792 1582 tempus,
825 1508 1086 1582 quoniam
1109 1508 1226 1564 dies
1245 1509 1375 1564 mali
1407 1517 1556 1564 sunt.
1589 1534 1606 1555 »
1651 1507 1921 1576 Quoniam
1944 1525 2047 1563 su-

445 1601 630 1672 perius
659 1597 945 1670 perﬁdiam
979 1605 1032 1653 et
1060 1597 1202 1652 vitia
1233 1597 1361 1653 vitae
1387 1612 1418 1652 a
1446 1597 1543 1652 Dei
1575 1596 1748 1653 servis
1773 1595 2046 1670 arguenda

447 1687 756 1754 mandavit,
800 1702 950 1743 nunc
1001 1694 1063 1742 ut
1104 1686 1400 1758 prudenter
1458 1703 1520 1742 ea
1576 1687 1692 1759 ipsa
1748 1695 2046 1758 arguantur

2153 523 2297 579 bona
2321 523 2468 578 enim
2502 516 2854 578 conversatio
2871 527 3134 575 terrorem
3159 516 3361 573 incutit
3374 515 3758 590 delinquenti:

2155 627 2255 668 nec
2301 611 2502 683 poterit
2558 609 2653 682 qui
2697 608 2966 681 arguitur,
2994 622 3182 679 aspere
3227 605 3368 662 ferre
3408 607 3544 678 quia
3574 624 3764 680 repre-

2155 700 2439 768 henditur,
2467 699 2686 772 quando
2713 699 2819 754 scit
2849 696 3114 769 optimam
3142 696 3626 752 conversationem
3657 715 3761 754 mo-

2155 790 2338 846 uentis
2367 806 2442 845 se.
2477 790 2612 844 Nam
2653 787 2750 842 ubi
2781 785 3042 853 ebrietas,
3071 784 3148 839 ibi
3178 792 3230 840 et
3258 784 3486 839 luxuria
3512 793 3598 840 est
3633 804 3645 841 :
3679 787 3759 843 lu-

2154 879 2314 934 xuria
2345 895 2475 933 vero
2505 883 2768 949 provocat
2793 873 3223 946 turpitudinem.
3267 872 3642 940 Quamobrem
3669 893 3761 931 so-

2153 965 2304 1023 brios
2334 984 2425 1024 eos
2455 983 2570 1024 esse
2598 964 2880 1034 convenit,
2907 971 2969 1020 ut
2991 963 3152 1019 bonae
3180 963 3629 1020 conversationis
3642 964 3760 1038 jura

2155 1064 2463 1113 serventur.

2228 1146 2410 1217 (Vers.
2444 1146 2556 1218 19.)
2605 1171 2622 1194 ι
2653 1146 2758 1202 Sed
2801 1144 3144 1217 impleamini
3177 1145 3389 1216 Spiritu
3416 1155 3635 1213 sancto,
3675 1145 3758 1201 lo-

2154 1243 2380 1307 quentes
2427 1235 2855 1308 vobismetipsis,
2909 1235 2966 1288 in
3012 1233 3258 1307 psalmis,
3311 1243 3364 1290 et
3417 1234 3673 1308 hymnis,
3709 1244 3754 1290 et

2153 1324 2386 1380 canticis
2417 1324 2820 1395 spiritualibus,
2850 1331 3137 1380 cantantes
3160 1330 3213 1379 et
3235 1324 3535 1395 psallentes
3560 1324 3621 1378 in
3649 1340 3755 1380 cor-

2153 1411 2317 1468 dibus
2346 1413 2544 1468 vestris
2575 1415 2708 1469 Deo.
2736 1439 2753 1462 -
2787 1411 3193 1471 Rationabilem
3223 1412 3398 1469 vitam
3427 1413 3618 1486 diligit
3643 1414 3754 1486 Spi-

2155 1501 2296 1558 ritus
2325 1512 2584 1569 sanctus;
2629 1501 2758 1576 quia
2798 1502 2844 1558 si
2871 1503 3012 1558 bene
3043 1501 3372 1572 vixerimus,
3405 1502 3756 1576 implebimur

2154 1605 2238 1657 eo,
2271 1598 2332 1645 ut
2361 1599 2652 1657 memorat,
2679 1592 2746 1648 ad
2777 1591 3152 1648 conﬁtendum
3174 1599 3230 1647 et
3254 1591 3634 1648 extollendum
3655 1591 3753 1646 Dei

2153 1683 2362 1739 donum
2391 1684 2614 1740 diverso
2638 1685 2791 1741 vocis
2814 1700 3010 1741 canore
3034 1703 3048 1752 ;
3080 1691 3142 1740 ut
3169 1685 3290 1742 laus
3321 1686 3378 1741 in
3407 1685 3582 1741 Deum
3601 1684 3752 1740 omni

447 1785 672 1850 propter
703 1776 1046 1843 scandalum,
1079 1775 1352 1847 subjecit;
1386 1783 1448 1831 ut
1481 1777 1628 1834 inter
1654 1776 1890 1848 perﬁdos
1917 1791 2043 1832 cum
2074 1791 2120 1851 Β
2156 1771 2344 1844 lingua
2389 1781 2637 1830 canatur.
2692 1776 2753 1830 In
2801 1791 2910 1847 quo
2951 1773 3099 1830 enim
3135 1783 3216 1830 est
3245 1773 3507 1846 Spiritus,
3547 1791 3755 1847 semper

448 1866 741 1940 prudentia
781 1866 1221 1922 conversandum
1267 1867 1358 1934 sit,
1390 1866 1633 1923 maxime
1666 1875 1908 1938 tempore
1936 1881 2046 1938 quo

446 1957 642 2031 perﬁdi
674 1964 923 2029 regnant,
956 1964 1349 2029 praesumentes
1375 1957 1442 2014 de
1472 1973 1596 2029 rege
1618 1958 1886 2028 profano;
1910 1966 1972 2012 ut
1999 1958 2047 2012 si

445 2046 652 2103 viderit
679 2046 1030 2103 Christianus
1052 2047 1362 2119 inquietum
1393 2056 1448 2103 et
1471 2047 1799 2103 iracundum
1831 2054 2045 2102 contra-

445 2137 736 2205 dictorem,
765 2135 1079 2192 dissimulet
1104 2136 1172 2192 ab
1192 2153 1276 2204 eo,
1301 2143 1355 2192 et
1371 2151 1440 2192 ne
1459 2151 1586 2191 eum
1606 2135 1828 2208 quidem
1851 2134 2047 2190 incitet

444 2227 513 2283 ad
565 2225 966 2297 blasphemiam
1014 2233 1067 2282 et
1113 2233 1492 2297 tempestatem
1525 2224 1893 2291 movendam;
1931 2225 2048 2282 illic

445 2324 629 2372 autem
682 2315 849 2372 verba
894 2314 1080 2383 faciat,
1113 2315 1208 2372 ubi
1245 2316 1406 2372 datur
1450 2315 1702 2371 facultas.
1759 2313 2047 2382 Quomodo

445 2403 594 2461 enim
649 2405 794 2460 inter
832 2413 1083 2476 potentes
1130 2403 1366 2477 perﬁdos
1396 2403 1761 2476 interrogatus
1789 2405 1921 2478 quid
1950 2407 2043 2475 sit,

443 2502 624 2551 tacere
675 2511 785 2551 non
822 2495 1003 2563 debet,
1039 2511 1140 2551 nec
1186 2510 1382 2567 negare
1426 2495 1574 2568 quod
1621 2504 1736 2563 est;
1784 2497 1860 2551 ita
1906 2503 1960 2551 et
1999 2496 2045 2551 si

447 2593 625 2641 metus
654 2593 736 2640 est
772 2584 919 2640 inter
964 2601 1056 2642 eos
1100 2583 1398 2657 disputare,
1433 2585 1893 2642 dissimulandum
1924 2594 2040 2654 est;

446 2675 654 2747 quippe
678 2692 805 2732 cum
837 2675 1229 2732 detrimentum
1262 2675 1334 2731 sit
1355 2675 1625 2732 seminare
1648 2692 1810 2750 supra
1838 2678 2041 2750 spinas.

446 2763 560 2820 Hoc
602 2772 682 2820 est
711 2765 860 2821 enim
900 2765 1205 2837 prudentis,
1245 2766 1384 2821 scire
1414 2767 1877 2838 quemadmodum
1908 2769 2043 2824 uni-

445 2853 644 2924 cuique
674 2854 1033 2925 respondeat;
1067 2864 1148 2909 est
1193 2854 1339 2908 enim
1390 2855 1484 2925 qui
1517 2858 1768 2927 quamvis
1805 2857 2044 2929 perﬁdus

447 2941 660 3008 sit,non
691 2947 871 2995 tamen
895 2943 1115 3011 penitus
1137 2941 1504 2999 intractabilis
1527 2953 1627 3013 est,
1653 2954 1713 3001 ut
1734 2963 1834 3004 nec
1853 2948 2042 3004 audire

445 3043 502 3083 se
534 3028 776 3099 patiatur
804 3028 972 3084 verba
1001 3028 1150 3085 ﬁdei.
1183 3031 1281 3085 Est
1304 3030 1500 3086 iterum
1530 3034 1605 3089 ita
1632 3051 1742 3106 quo
1770 3036 1848 3092 sic
1868 3037 2045 3094 fervet

2155 1861 2466 1931 spiritualia
2507 1862 2804 1918 meditatur
2830 1881 2843 1928 ;
2885 1871 2946 1918 ut
2986 1878 3098 1918 non
3129 1862 3188 1918 in
3218 1863 3376 1919 labiis
3405 1871 3633 1919 tantum
3663 1863 3752 1931 sit,

2155 1948 2249 2004 sed
2277 1949 2346 2005 de
2365 1950 2528 2006 corde
2559 1960 2878 2024 prorumpat
2900 1959 3131 2024 pr0pter-
3150 1959 3301 2007 vetus
3325 1950 3541 2008 dictum
3566 1953 3753 2008 Domi-

2157 2038 2216 2093 ni
2249 2054 2345 2110 per
2371 2039 2717 2112 prophetam.
2746 2040 2843 2097 Ait
2863 2040 3010 2096 enim
3045 2059 3056 2097 :
3105 2068 3121 2087 ι
3151 2040 3304 2097 Plebs
3329 2039 3448 2097 hac
3470 2040 3645 2098 labiis
3675 2057 3756 2097 me

2155 2126 2413 2197 honorat,
2461 2146 2556 2187 cor
2596 2138 2780 2187 autem
2829 2146 3020 2187 eorum
3069 2131 3227 2204 longe
3274 2137 3354 2187 est
3401 2147 3433 2186 a
3482 2148 3577 2188 me
3622 2133 3750 2204 (Isa.

2153 2238 2314 2291 xxix,
2359 2224 2467 2295 13).

2228 2311 2411 2384 (Vers.
2445 2313 2534 2382 20,
2567 2314 2682 2386 21.)
2732 2338 2750 2360 α
2781 2313 2995 2371 Gratias
3021 2324 3243 2386 agentes
3269 2327 3486 2388 semper
3514 2331 3616 2388 pro
3644 2330 3752 2370 om-

2153 2401 2322 2458 nibus
2349 2402 2408 2458 in
2441 2402 2669 2460 nomine
2698 2403 2920 2459 Domini
2951 2403 3128 2460 nostri
3152 2404 3278 2461 Jesu
3311 2403 3520 2464 Christi
3551 2405 3667 2460 Deo
3702 2411 3753 2459 et

2154 2492 2322 2563 Patri,
2372 2493 2607 2566 subjecti
2657 2494 2896 2551 invicem
2947 2495 3004 2551 in
3057 2494 3258 2552 timore
3284 2494 3513 2552 Christi.
3553 2521 3570 2541 ι
3613 2499 3752 2558 248

2152 2590 2266 2646 Deo
2315 2591 2514 2663 gratias
2565 2593 2625 2648 in
2676 2591 2936 2648 omnibus
2981 2592 3144 2650 donis
3200 2593 3319 2665 ejus
3372 2609 3530 2665 agere
3585 2592 3754 2664 jube-

2151 2695 2298 2747 mur,
2349 2680 2446 2752 qui
2502 2681 2668 2738 etiam
2723 2682 2983 2755 adoptare
3039 2699 3153 2738 non
3206 2683 3462 2755 dignatus
3528 2690 3611 2738 est
3664 2699 3755 2756 per

2152 2768 2437 2825 Christum
2469 2771 2675 2828 Filium
2715 2773 3018 2844 proprium,
3067 2788 3164 2844 per
3206 2787 3367 2844 quem
3395 2772 3756 2844 cognovimus

2153 2873 2301 2926 eum,
2332 2858 2630 2916 didicimus
2656 2861 2713 2916 in
2735 2861 2946 2934 Spiritu
2965 2863 3139 2918 Deum
3167 2862 3321 2936 (quia
3349 2864 3497 2918 Deus
3519 2861 3758 2934 Spiritus

2151 2947 2256 3017 est)
2294 2947 2634 3004 adorandum
2683 2949 2864 3021 (Joan.
2899 2967 2975 3020 1v,
3013 2949 3132 3020 24),
3167 2952 3308 3007 alter
3342 2951 3502 3007 alteri
3533 2967 3591 3006 se
3620 2949 3757 3006 sub-

2145 3035 2346 3107 jiciens
2386 3046 2608 3110 propter
2653 3039 2907 3096 timorem
2965 3039 3196 3110 Christi,
3241 3041 3336 3114 qui
3383 3039 3754 3096 humilitatem

444 3118 595 3173 zelus
629 3117 894 3190 perﬁdiaa,
919 3126 980 3174 ut
1003 3135 1117 3174 non
1147 3129 1358 3177 tantum
1391 3137 1503 3178 non
1529 3138 1655 3178 cum
1689 3125 1805 3194 illo,
1829 3126 1923 3182 sed
1943 3143 2044 3185 nec
2075 3157 2118 3218 ο
2150 3126 2553 3197 exsequendam
2576 3128 2885 3187 mandavit.

445 3214 711 3279 prasente
759 3207 857 3263 illo
897 3215 1162 3264 tractetur
1208 3209 1276 3266 de
1306 3209 1441 3278 ﬁde;
1484 3218 1854 3284 perstrepente
1892 3214 2038 3269 enim

445 3297 544 3354 illo
592 3305 646 3354 et
694 3296 1131 3371 blasphemante,
1164 3300 1355 3357 multis
1399 3300 1462 3356 ﬁt
1502 3300 1840 3358 scandalum.
1886 3302 2040 3359 Unde

445 3388 646 3444 Paulus
677 3396 730 3444 et
749 3388 1026 3446 Barnabas
1046 3407 1172 3445 cum
1200 3389 1488 3448 adversum
1522 3409 1577 3448 se
1600 3391 2041 3465 blasphemantes

443 3475 718 3544 audirent,
768 3479 1113 3533 excutientes
1160 3481 1489 3538 vestimenta
1529 3497 1646 3550 sua,
1695 3490 2040 3539 recesserunt

445 3564 512 3618 ab
539 3565 618 3618 eis
651 3564 795 3635 (Act.
826 3582 990 3632 xvm,
1024 3566 1093 3632 6;
1131 3580 1255 3634 xm,
1287 3567 1401 3639 46).

519 3650 700 3723 (Vers.
735 3653 850 3724 17.)
899 3677 916 3700 ι
941 3653 1071 3710 Ideo
1119 3655 1291 3711 nolite
1330 3655 1470 3712 efﬁci
1517 3658 1909 3732 imprudentes,
1941 3662 2037 3720 sed

442 3740 813 3812 intelligentes
856 3758 976 3815 quae
1015 3747 1087 3799 sit
1124 3745 1380 3801 voluntas
1424 3747 1669 3804 Domini.
1702 3775 1720 3798 ι
1765 3751 2038 3809 Dominus

443 3829 598 3887 Jesus
626 3832 744 3903 paci
779 3832 1111 3889 studendum
1141 3849 1257 3890 esse
1280 3845 1483 3893 monet.
1506 3836 1577 3892 Et
1596 3853 1692 3893 vas
1713 3838 1996 3896 electionis
2020 3859 2031 3897 :

451 3943 468 3966 ι
500 3920 555 3976 Si
585 3929 782 3992 potest,
816 3923 1018 3997 inquit,
1040 3924 1158 3980 ﬁeri
1188 3925 1336 3998 quod
1365 3940 1433 3982 ex
1459 3927 1619 3983 vobis
1638 3935 1740 3997 est,
1767 3945 1893 3985 cum
1922 3947 2035 3985 om.

439 4009 603 4066 nibus
655 4027 842 4084 pacem
895 4011 1158 4070 habentes
1190 4015 1364 4086 (Rom.
1396 4032 1497 4084 xn,
1533 4016 1645 4084 18).
1688 4043 1706 4065 ι
1753 4018 1825 4074 Et
1851 4018 1918 4074 ad
1949 4019 2035 4074 Ti-

441 4098 727 4155 motheum
763 4119 775 4156 :
823 4125 839 4147 -
871 4101 1124 4168 Servum,
1155 4103 1252 4172 ait,
1283 4105 1509 4161 Domini
1549 4122 1658 4161 non
1688 4115 1904 4178 oportet
1926 4108 2034 4164 liti-

441 4202 586 4257 gare,
635 4188 730 4242 sed
784 4201 1128 4246 mansuetum
1177 4209 1296 4248 esse
1340 4194 1409 4249 ad
1455 4211 1644 4250 omnes
1679 4196 1768 4267 (II
1802 4197 1935 4253 Tim.
1971 4215 2030 4265 ir,

441 4273 559 4345 24).
592 4298 612 4322 ι
646 4275 775 4331 Haec
797 4285 878 4332 est
900 4280 1158 4336 voluntas
1185 4282 1428 4351 Domini,
1450 4293 1511 4340 ut
1531 4299 1651 4355 qua:
1679 4287 1887 4358 agenda
1903 4297 2032 4345 sunt

434 4377 466 4417 a
510 4361 684 4417 servis
733 4362 872 4434 ejus,
914 4381 1041 4422 cum
1090 4368 1356 4425 modestia
1401 4379 1657 4443 agantur;
1691 4374 2031 4444 perturbatio

435 4451 582 4507 enim
631 4459 686 4506 et
731 4453 1011 4524 strepitus,
1044 4455 1162 4511 sive
1191 4460 1471 4515 contentio
1499 4475 1624 4515 cum
1658 4462 2024 4532 animositate,

433 4541 786 4599 inimicitiam
804 4552 1043 4615 generat.
1067 4546 1195 4602 Haec
1218 4563 1343 4619 ergo
1363 4558 1584 4621 propter
1604 4550 1883 4621 superiora
1903 4556 2028 4612 sub-

432 4629 595 4700 didit,
646 4632 706 4686 in
757 4632 959 4706 quibus
988 4636 1112 4692 vult
1143 4636 1242 4692 Dei
1280 4653 1467 4694 servos
1513 4639 1786 4712 corripere
1825 4642 2027 4701 delicta

431 4719 721 4778 hominum
740 4730 1117 4794 peccatorum;
1146 4734 1206 4782 ut
1224 4727 1353 4798 quia
1367 4743 1463 4800 per
1482 4727 1588 4786 hoc
1606 4731 1745 4786 solet
1764 4731 1898 4789 oriri
1918 4734 2024 4790 dis-

428 4810 611 4867 sensio
654 4819 709 4867 et
757 4813 900 4884 rixa,
931 4830 1056 4870 cum
1107 4819 1470 4889 temperantia
1511 4827 1564 4876 et
1603 4822 2026 4879 mansuetudine

428 4910 657 4972 arguant
704 4913 1050 4974 peccatores;
1095 4921 1163 4962 ne
1211 4907 1280 4963 ad
1325 4908 1668 4967 iracundiam
1718 4914 2021 4984 provocati,

429 4988 680 5046 insiliant
723 4992 793 5047 ad
837 4991 1012 5049 litem.
1044 4994 1280 5067 Ideoque
1311 4997 1609 5068 prudenter
1637 4999 1786 5057 istud
1816 5017 2024 5058 curan-

427 5075 558 5132 dum
599 5087 805 5147 monet,
837 5088 899 5137 ut
935 5082 1008 5138 sit
1032 5083 1326 5154 profectus.

501 5174 681 5245 (Vers.
718 5175 831 5248 18.)
879 5202 897 5226 ι
925 5178 998 5234 Et
1025 5181 1197 5236 nolite
1226 5181 1488 5240 inebriari
1532 5185 1688 5254 vino,
1717 5185 1777 5241 in
1804 5202 1912 5258 quo
1941 5196 2022 5244 est

503 5352 620 5433 (31)
651 5353 810 5412 Rom.
833 5357 1062 5433 edit.,e_t
1079 5359 1339 5432 continget
1365 5366 1410 5417 te
1430 5362 1690 5420 Christus.
1720 5366 1867 5422 Infra
1889 5383 2020 5423 vero

431 5421 528 5508 ubi
554 5421 714 5508 Eras1
725 5434 798 5508 .et
819 5444 934 5508 seq.
956 5421 1243 5508 edit.,__qua
1259 5421 1536 5489 alienatur
1559 5454 1595 5491 a
1621 5453 1764 5493 vero.
1791 5421 2015 5494 Amerb.

427 5501 638 5580 θερείης.
665 5497 1042 5580 aliquot;un
1065 5497 1400 5580 alienatura
1418 5523 1580 5580 vera;
1601 5507 1808 5580 optime
1826 5517 2017 5580 autem

426 5563 523 5618 alii
541 5563 994 5643 mss_._restituunt
1013 5573 1288 5643 voculam,
1309 5576 1416 5632 via.
1439 5563 1722 5634 Postremo
1740 5578 1838 5635 ubi
1855 5563 2014 5637 Eras.

425 5648 552 5691 cum
600 5635 734 5692 edit.
787 5653 900 5710 seq.
927 5650 982 5698 et
1011 5658 1141 5700 mss.
1171 5635 1444 5717 pluribus,
1471 5649 1578 5707 lucc
1616 5650 1805 5722 species
1830 5635 2020 5709 mortis

2225 3213 2406 3285 (Vers.
2448 3215 2537 3283 22,
2569 3215 2657 3284 23,
2690 3215 2806 3288 24.)
2852 3241 2870 3264 ι
2903 3217 3164 3274 Mulieres
3191 3217 3329 3274 viris
3375 3218 3492 3274 suis
3523 3217 3757 3274 subditae

2150 3303 2282 3372 sint,
2313 3304 2456 3360 sicut
2485 3305 2744 3374 domino;
2775 3307 3034 3378 quoniam
3057 3307 3146 3363 vir
3176 3315 3342 3380 caput
3369 3315 3451 3363 est
3481 3305 3754 3374 mulieris,

2149 3390 2292 3448 sicut
2339 3401 2390 3448 et
2438 3392 2690 3450 Christus
2733 3404 2898 3467 caput
2944 3404 3027 3452 est
3054 3396 3339 3466 Ecclesiae,
3369 3397 3484 3468 ipse
3516 3397 3755 3452 salvator

2148 3482 2394 3554 corporis
2421 3480 2560 3552 ejus.
2593 3481 2698 3540 Sed
2733 3493 2795 3540 ut
2831 3485 3076 3542 Ecclesia
3123 3484 3371 3558 subjecta
3398 3494 3483 3542 est
3508 3486 3750 3554 Christo,

2147 3571 2226 3626 ita
2252 3579 2306 3627 et
2333 3572 2591 3630 mulieres
2620 3573 2756 3630 viris
2784 3574 2900 3631 suis
2927 3575 3168 3632 subditas
3191 3576 3301 3632 sint
3333 3577 3392 3632 in
3412 3577 3699 3634 omnibus.
3723 3603 3739 3624 -

2146 3659 2403 3717 Mulieres
2445 3661 2679 3719 subdita
2722 3679 2838 3720 esse
2887 3665 3026 3720 viris
3052 3665 3289 3722 naturali
3319 3666 3434 3738 lege
3458 3665 3746 3738 jubentur,

2146 3749 2276 3822 quia
2316 3750 2568 3807 mulieris
2618 3761 2811 3809 auctor
2852 3753 2941 3809 vir
2999 3763 3111 3821 est;
3144 3755 3291 3812 unde
3320 3755 3464 3812 sicut
3499 3756 3745 3823 domino,

2145 3838 2349 3911 inquit,
2383 3839 2460 3896 ita
2486 3840 2623 3897 viris
2651 3841 2884 3898 subdita
2913 3859 3028 3899 esse
3055 3843 3278 3900 debent.
3311 3843 3456 3901 Hinc
3485 3844 3620 3902 Sara
3643 3845 3749 3902 do-

2146 3929 2360 3986 minum
2398 3931 2630 3988 vocabat
2683 3933 2962 3990 Abraham
3014 3935 3169 4006 (Gen.
3223 3952 3388 4003 xvm,
3425 3937 3558 4007 i2);
3607 3937 3744 3993 sicut

2144 4020 2294 4076 enim
2324 4030 2489 4094 caput
2511 4023 2771 4080 Ecclesiae
2797 4024 3048 4082 Christus
3068 4033 3168 4094 est,
3193 4026 3270 4083 ita
3287 4034 3343 4082 et
3364 4027 3453 4083 vir
3468 4028 3743 4084 mulieris.

2144 4111 2193 4166 A
2242 4109 2462 4168 Christo
2521 4113 2669 4169 enim
2722 4115 2973 4172 Ecclesia
3022 4117 3258 4189 sumpsit
3308 4116 3560 4187 initium,
3602 4119 3745 4175 unde

2143 4200 2391 4272 subjecta
2433 4211 2516 4260 est
2546 4203 2631 4260 illi
2659 4224 2673 4274 ;
2709 4207 2784 4262 ita
2812 4215 2867 4262 et
2896 4206 3018 4263 viro
3047 4207 3268 4276 mulier,
3301 4217 3365 4264 ut
3400 4206 3472 4262 sit
3497 4207 3740 4265 subdita.

2141 4290 2204 4346 In
2235 4307 2298 4348 eo
2328 4300 2512 4350 tamen
2529 4293 2720 4361 distat,
2743 4295 2873 4369 quia
2892 4295 3092 4353 mulier
3111 4296 3607 4354 consubstantialis
3629 4298 3741 4370 (32)
3780 4339 3783 4341 -

2141 4381 2263 4437 viro
2293 4391 2374 4440 est
2408 4402 2419 4439 :
2453 4385 2702 4441 Ecclesia
2737 4395 2920 4443 autem
2954 4387 3013 4444 in
3053 4387 3278 4446 nomine
3309 4395 3512 4461 potest,
3544 4404 3657 4445 non
3687 4388 3743 4443 in

2142 4477 2338 4527 natura
2365 4472 2688 4545 participari
2718 4473 2959 4533 Christo.

2211 4559 2391 4631 (Vers.
2415 4561 2626 4633 25-28.)
2666 4586 2686 4610 ι
2711 4563 2855 4634 Viri,
2886 4564 3101 4638 diligite
3125 4579 3328 4622 uxores
3347 4574 3580 4635 vestras,
3601 4566 3742 4623 sicut

2135 4656 2189 4705 et
2212 4648 2464 4706 Christus
2482 4649 2684 4708 dilexit
2707 4651 3031 4725 Ecclesiam,
3057 4661 3110 4711 et
3129 4655 3489 4728 semetipsum
3513 4653 3744 4711 tradidit

2136 4755 2234 4810 pro
2262 4754 2351 4806 ea;
2385 4747 2446 4794 ut
2474 4739 2626 4796 illam
2657 4742 3049 4814 sanctiﬁcaret,
3077 4744 3354 4802 mundans
3379 4761 3498 4800 eam
3522 4744 3740 4800 lavacro

2135 4846 2288 4902 aquae
2338 4829 2397 4884 in
2437 4829 2605 4886 verbo
2639 4850 2650 4888 :
2683 4839 2744 4888 ut
2786 4833 3074 4891 exhiberet
3117 4833 3234 4908 ipse
3287 4833 3392 4891 sibi
3445 4835 3736 4907 gloriosam

2133 4920 2459 4989 Ecclesiam,
2490 4937 2602 4978 non
2631 4922 2925 4981 habentem
2956 4925 3250 4993 maculam,
3276 4932 3373 4979 aut
3399 4939 3619 4995 rugam,
3645 4931 3737 4979 aut

2133 5008 2343 5082 aliquid
2370 5009 2690 5081 hujusmodi
2711 5030 2722 5068 :
2743 5013 2838 5069 sed
2866 5020 2929 5068 ut
2957 5013 3028 5069 sit
3055 5020 3243 5069 sancta
3270 5019 3324 5068 et
3353 5011 3733 5068 immaculata.

2135 5101 2217 5157 Ita
2245 5110 2298 5158 et
2326 5103 2435 5159 viri
2469 5103 2673 5161 debent
2711 5105 2943 5177 diligere
2973 5120 3174 5161 uxores
3217 5120 3365 5161 suas.
3408 5131 3427 5153 ι
3478 5105 3740 5162 Mulieres

2135 5206 2250 5248 esse
2273 5189 2541 5263 jubentur
2563 5194 2819 5263 subditae,
2851 5202 2904 5250 et
2933 5193 3302 5251 reverentiam
3333 5191 3538 5249 habere
3571 5193 3738 5249 viro-

2128 5377 2220 5428 est.
2252 5373 2478 5431 Amerb.
2513 5382 2566 5431 et
2603 5375 2697 5430 alii
2739 5389 2868 5430 mss.
2903 5373 3226 5446 praeferunt,
3257 5373 3365 5429 haec
3401 5391 3517 5446 spes
3546 5374 3741 5430 mortis

2127 5449 2318 5590 es‘j32)
2350 5516 2472 5590 Yet.
2510 5517 2644 5590 edit.
2676 5534 2740 5574 ac
2765 5533 2912 5590 _mss.
2949 5517 3182 5590 aliquot,
3207 5515 3336 5590 quia
3366 5517 3568 5590 mulier
3601 5535 3740 5572 con-

2128 5585 2456 5652 substantia;
2509 5588 2666 5646 Rom.
2718 5588 2900 5647 edit...
2955 5585 3380 5646 οοηῖςιιὸεεᾰηεὶυα
3402 5606 3417 5656 ;
3452 5588 3553 5645 alii
3599 5605 3735 5646 mss.

2127 5658 2606 5717 comubstantialis.
