3908 6192
182 339 276 400 421
1242 335 1604 399 COMMENT.
1761 339 1765 395 ἶ

1882 337 1979 396 ST.
2027 340 2123 397 ΑΙ)
2161 335 2406 396 EPHES.

3377 335 3480 393 422

183 483 330 524 rum:
362 467 472 556 viri
510 482 641 523 vero
671 465 747 523 ita
773 464 1003 540 diligere
1031 465 1290 556 mulieres
1315 480 1440 520 suas
1468 463 1764 520 admonen-
1801 467 1848 524 A
1881 497 1981 551 xx,
2006 481 2121 553 12)⁹
2150 489 2212 536 ιιι
2240 481 2538 539 honoriﬁci
2563 482 2676 540 sim
2713 488 2986 556 parentes;
3019 487 3083 538 αι
3108 479 3248 539 bene
3277 491 3476 552 essent,

181 565 283 623 tur,
313 555 568 611 utetiam
600 556 814 612 animas
859 571 986 612 suas
1031 569 1131 628 pro
1172 553 1286 610 illis
1329 561 1558 626 ponant,
1603 569 1771 611 causa

179 642 490 700 dilectionis
518 645 699 700 zelum
736 643 1000 701 habentes
1038 643 1188 701 circa
1215 643 1467 700 effectum
1501 659 1688 699 earum
1718 649 1772 699 et

178 731 546 806 disciplinam,
603 740 665 790 ut
701 733 971 806 religiosae
1015 741 1069 790 et
1111 741 1309 790 sanctae
1353 732 1485 790 sint.
1541 759 1558 781 α
1599 733 1769 789 Suum

177 839 370 897 corpus
396 824 583 898 diligit
615 824 754 898 (33),
789 824 884 899 qui
913 841 1144 881 uxorem
1175 841 1328 880 suam
1358 823 1558 896 diligit.
1593 849 1611 871 ι
1655 823 1771 878 Na-

176 911 340 967 turali
393 912 605 968 ratione
657 912 858 969 mulier
899 913 1080 985 portio
1135 911 1382 984 corporis
1423 911 1528 966 viri
1574 919 1675 978 est,
1707 927 1770 970 ac

174 1016 271 1072 per
317 1000 423 1056 hoc
477 999 568 1057 vir
627 1001 683 1056 in
736 1002 969 1056 muliere
1023 1017 1081 1057 se
1136 1000 1314 1072 ipsum
1365 1000 1586 1072 diligit;
1621 1016 1770 1073 quo-

174 1090 339 1146 modo
395 1090 443 1145 si
489 1090 830 1158 fornicetur,
890 1090 946 1146 in
1003 1106 1060 1146 se
1134 1089 1313 1163 ipsum
1372 1094 1581 1162 peccat,
1640 1088 1770 1160 quia

176 1177 284 1235 duo
313 1179 372 1234 in
412 1195 574 1236 carne
601 1195 710 1235 una
739 1188 888 1236 sunt.
920 1179 1043 1236 Non
1070 1195 1198 1252 ergo
1227 1195 1473 1253 personae
1503 1177 1772 1234 substan-

175 1267 304 1322 tiam
335 1267 615 1335 dividunt,
638 1275 699 1323 ut
719 1284 816 1340 per
841 1271 1101 1340 personas
1125 1283 1394 1324 numerus
1416 1267 1512 1324 ﬁat
1533 1275 1762 1323 naturae:

175 1355 264 1411 sed
293 1362 422 1412 sunt
454 1355 508 1411 in
531 1356 744 1412 unitate
764 1363 997 1412 naturae.
1675 1369 1682 1377 '

244 1443 423 1517 (Vers.
456 1444 572 1518 29.)
618 1470 636 1492 «
666 1446 840 1502 Nemo
887 1446 1036 1502 enim
1066 1461 1308 1518 unquam
1359 1461 1578 1502 carnem
1612 1459 1765 1500 suam

175 1531 310 1602 odit,
329 1532 422 1590 sed
437 1533 615 1590 nutrit
635 1540 690 1589 et
706 1534 859 1590 fovet
874 1550 1016 1602 eam,
1039 1533 1183 1590 sicut
1202 1541 1258 1590 et
1295 1532 1550 1591 Christus
1565 1531 1769 1588 Eccle-

171 1622 329 1680 siam.
361 1647 380 1671 ι
424 1623 696 1696 Exemplo
727 1623 1030 1680 Salvatoris
1060 1623 1211 1680 viros
1238 1639 1442 1680 uxores
1472 1638 1596 1679 suas
1626 1620 1767 1677 dili-

173 1727 294 1784 gere
331 1711 615 1768 hortatur:
669 1712 812 1770 sicut
850 1712 1104 1770 Christus
1146 1728 1346 1785 corpus
1387 1728 1552 1769 suum
1588 1709 1768 1766 nutrit

1883 579 1938 628 et
1967 569 2328 644 provectioris
2357 570 2549 626 ﬁerent
2594 572 2779 629 etatis.
2819 570 3117 640 Quomodo
3148 579 3332 628 tamen
3372 571 3480 631 hoc

1879 661 2123 734 primum
2163 665 2304 723 249
2355 659 2677 717 mandatum
2720 661 2884 730 dixit,
2934 677 3062 718 cum
3119 667 3332 718 constet
3369 661 3478 733 pri-

1883 776 2037 816 mum
2069 758 2388 815 mandatum
2418 758 2495 814 ita
2520 758 2812 815 contineri:
2853 781 2871 804 ι
2891 758 3137 815 Nonsint
3163 757 3268 814 tibi
3287 755 3384 812 alii
3405 755 3480 814 cii

1878 856 2078 920 praeter
2103 864 2190 904 me
2225 847 2388 920 (Ibid.
2421 846 2502 918 3).
2536 871 2554 896 ι
2599 846 2827 902 Deinde:
2873 870 2891 895 ι
2919 846 3041 902 Non
3071 844 3236 902 facies
3263 844 3369 902 tibi
3392 844 3478 902 si-

1879 936 2258 993 militudinem
2289 937 2458 992 ullam
2486 951 2702 1003 eorum,
2717 951 2836 1008 quae
2853 941 2986 990 sunt
3003 934 3062 988 in
3085 933 3222 991 ccelo
3239 949 3479 1001 sursum,

1878 1037 1932 1083 et
1951 1029 2010 1085 in
2028 1035 2173 1082 terra
2192 1026 2450 1084 deorsum
2464 1025 2636 1095 (Ibid.
2660 1024 2740 1096 4).
2766 1048 2785 1072 ι
2821 1022 3089 1080 Tertium:
3131 1021 3283 1078 «Non
3300 1036 3482 1078 sumes

1877 1133 2082 1174 nomen
2098 1117 2324 1174 Domini
2338 1116 2437 1174 Dei
2459 1115 2540 1172 tui
2560 1116 2618 1172 in
2639 1131 2843 1172 vanum
2861 1113 3033 1184 (Ibid.
3055 1113 3130 1184 7).
3145 1138 3175 1178 ⁵ι
3191 1111 3480 1180 Quartum:

1894 1230 1913 1252 ι
1942 1207 2298 1273 Observabis,
2321 1206 2526 1280 inquit,
2557 1205 2794 1264 Sabbata
2821 1221 2943 1261 mea
2964 1203 3128 1275 (Ibid.
3159 1201 3278 1274 8).»
3315 1201 3486 1269 Quin-

1875 1302 1996 1351 tum
2021 1304 2224 1354 autem:
2273 1321 2291 1345 ι
2319 1296 2539 1351 Honora
2558 1303 2767 1367 patrem
2801 1301 2854 1349 et
2880 1301 3160 1359 matrem,»
3188 1298 3294 1346 etc.
3315 1289 3479 1362 (Ibid.

1880 1385 1995 1457 12).
2045 1384 2150 1442 Sed
2207 1385 2337 1458 quia
2386 1384 2564 1456 prima
2618 1390 2856 1457 quatuor
2902 1379 3162 1438 mandata
3207 1377 3274 1435 ad
3307 1378 3481 1434 Deum

1877 1475 2178 1548 pertinent,
2226 1474 2345 1533 haec
2377 1476 2436 1532 in
2465 1475 2647 1547 prima
2671 1472 2863 1528 tabula
2891 1470 3165 1528 contineri
3203 1468 3482 1525 subintel-

1876 1563 2149 1636 liguntur,
2189 1574 2388 1622 caetera
2413 1562 2484 1620 ad
2532 1561 2817 1619 hominem
2842 1569 2905 1616 ut
2936 1559 3171 1616 honoret
3205 1568 3478 1630 parentes,

1877 1670 1989 1710 non
2031 1653 2265 1721 occidat,
2299 1669 2408 1709 non
2439 1650 2766 1719 fornicetur,
2802 1665 2914 1705 non
2952 1648 3188 1715 furetur,
3230 1662 3343 1703 non
3369 1645 3483 1702 fal-

1875 1759 1997 1798 sum
2031 1742 2413 1798 testimonium
2473 1740 2639 1808 dicat,
2687 1753 2864 1810 neque
2889 1736 3192 1809 quidquam
3236 1734 3482 1807 proximi

173 1799 292 1903 (33‘)
325 1810 381 1858 et
422 1800 590 1871 fovet’
625 1802 703 1858 ita
743 1809 796 1858 et
845 1802 935 1858 Vir
985 1802 1301 1872 mulierem’
1350 1802 1445 1876 qui
1484 1816 1611 1858 caro
1648 1799 1767 1873 eius
1802 1817 1850 1880 Β
1879 1833 1966 1888 sui
1995 1831 2370 1903 concupiscat.
2399 1829 2529 1884 Haec
2549 1799 2648 1883 sex
2678 1799 2934 1882 maﬁdata
2957 1824 3018 1879 in
3036 1799 3277 1880 secunda
3295 1821 3484 1878 tabula

173 1899 273 1947 est.

243 1979 408 2053 (Vers
437 1979 552 2053 30.)
605 2004 624 2028 ι
667 1979 940 2048 Quoniam
977 1981 1223 2038 membra
1265 1995 1456 2037 sumus
1521 1977 1768 2050 corporis

175 2067 307 2140 ejus,
349 2079 402 2126 et
430 2067 497 2125 de
523 2085 686 2126 carne
714 2069 908 2141 ipsius,
943 2078 996 2125 et
1025 2069 1093 2125 de
1135 2067 1354 2125 ossibus
1401 2067 1539 2139 ejus.
1574 2089 1593 2113 ι
1649 2066 1766 2122 Hoc

173 2159 498 2230 spiritaliter
527 2159 949 2229 intelligendum
981 2167 1093 2226 est;
1137 2159 1261 2214 ideo
1305 2157 1454 2214 enim
1487 2156 1636 2212 dixit
1666 2171 1767 2211 nos

170 2265 286 2305 esse
316 2247 562 2304 membra
591 2247 729 2319 ejus.
762 2249 892 2320 quia
919 2255 1084 2318 caput
1103 2255 1186 2302 est
1219 2248 1334 2318 ipse
1362 2247 1536 2302 totius
1565 2245 1768 2302 Eccle-

171 2338 295 2404 siae;
321 2344 383 2392 ut
404 2337 534 2410 quia
561 2352 654 2407 per
678 2337 862 2408 ipsum
894 2352 1010 2392 esse
1029 2335 1318 2407 coepimus,
1334 2341 1498 2404 caput
1513 2342 1768 2389 nostrum

174 2427 407 2494 dicatur,
440 2426 597 2499 quasi
643 2441 714 2482 ex
761 2442 872 2498 quo
917 2441 1080 2481 omne
1109 2438 1307 2495 corpus
1362 2420 1656 2488 subsistat;
1709 2427 1771 2477 ut

178 2517 418 2574 membra
447 2516 567 2589 ejus
594 2517 777 2574 omnis
799 2516 1067 2589 spiritalis
1104 2522 1355 2572 creatura
1382 2512 1487 2569 sit:
1514 2513 1559 2569 si
1585 2519 1770 2569 tamen

177 2605 231 2661 in
258 2606 481 2664 nomine
499 2605 617 2678 ejus
647 2622 787 2678 genu
817 2605 1018 2662 ﬂectat.

248 2694 423 2766 (Vers.
458 2693 548 2761 3i,
583 2693 701 2765 32.)
749 2718 767 2741 ι
795 2694 1024 2765 Propter
1048 2693 1153 2751 hoc
1179 2693 1456 2765 relinquet
1485 2690 1652 2746 homo
1681 2705 1771 2761 pa-

181 2792 308 2841 trem
339 2791 392 2840 et
421 2791 679 2853 matrem,
709 2791 763 2840 et
791 2783 1094 2840 adhaerebit
1142 2782 1306 2848 uxori
1349 2798 1482 2850 suae,
1529 2787 1583 2837 et
1607 2786 1770 2836 erunt

181 2872 284 2929 duo
310 2874 366 2929 in
394 2890 561 2930 carne
590 2891 701 2930 una
733 2875 888 2946 (Gen.
921 2873 1113 2946 11,24).
1143 2898 1162 2923 ι
1208 2873 1293 2929 Ad
1314 2873 1586 2929 unitatem
1616 2885 1764 2928 com-

179 2963 533 3020 mendandam
567 2965 799 3021 unitatis
829 2964 982 3022 dedit
1024 2965 1371 3036 exemplum;
1405 2968 1469 3017 ut
1492 2961 1639 3018 sicut
1673 2958 1770 3014 vir

173 3063 221 3111 et
247 3056 441 3112 mulier
474 3073 654 3113 unum
685 3064 816 3112 sunt
844 3072 941 3128 per
978 3063 1254 3124 naturam,
1283 3055 1361 3110 ita
1402 3061 1456 3109 et
1509 3051 1766 3109 Christus

1881 1921 2145 1977 videntur
2204 1919 2435 1992 scripta,
2484 1931 2721 1990 quorum
2757 1915 2996 1987 primum
3032 1919 3140 1969 est:
3187 1933 3207 1960 α
3261 1911 3484 1968 Honora

1879 2018 2090 2082 patrem
2118 2017 2172 2066 et
2202 2018 2455 2065 matrem.
2487 2030 2506 2055 ι
2560 2005 2673 2062 Hac
2702 2019 2867 2060 causa
2896 2017 3024 2072 ergo
3053 1999 3218 2056 dixit:
3274 2023 3294 2047 ι
3324 2000 3483 2068 Quod

1878 2107 1959 2155 est
1988 2097 2306 2155 mandatum
2338 2096 2581 2169 primum
2612 2093 2672 2149 in
2700 2089 3100 2166 promissione;
3123 2114 3142 2138 ι
3171 2097 3235 2146 ut
3261 2088 3484 2147 discer-

1887 2196 2042 2244 neret
2071 2188 2214 2244 inter
2243 2185 2501 2243 mandata
2529 2199 2650 2256 quae
2679 2181 2749 2238 ad
2783 2182 2982 2249 Deum,
3014 2186 3069 2236 et
3092 2177 3241 2236 inter
3258 2195 3322 2236 ea
3352 2194 3473 2252 quae

1881 2277 1951 2333 ad
1980 2277 2260 2333 hominem
2288 2275 2584 2348 pertinent.

1958 2366 2143 2438 (Vers.
2177 2365 2258 2436 4.)
2295 2389 2313 2411 ι
2340 2365 2412 2420 Et
2442 2380 2560 2429 vos,
2591 2369 2792 2436 patres,
2824 2359 2996 2415 nolite
3035 2356 3104 2414 ad
3137 2356 3478 2415 iracundiam

1887 2471 2185 2528 provocare
2226 2454 2371 2510 ﬁlios
2415 2459 2647 2518 vestros,
2693 2447 2786 2505 sed
2826 2449 3052 2504 educato
3089 2445 3217 2502 illos
3262 2445 3322 2502 in
3383 2445 3482 2502 di-

1884 2543 2133 2615 sciplina
2162 2549 2216 2597 et
2245 2539 2588 2612 correptione
2615 2536 2862 2594 Domini.
2895 2561 2911 2583 »
2946 2535 3016 2591 Ut
3045 2534 3136 2590 lex
3172 2534 3343 2606 possit
3371 2550 3481 2590 ser-

1895 2635 2037 2703 vari,
2065 2650 2173 2707 qua
2201 2639 2425 2689 cautum
2455 2637 2558 2697 est,
2583 2637 2646 2684 ut
2677 2625 2781 2681 ﬁlii
2810 2623 3179 2682 honoriﬁcent
3207 2631 3478 2697 parentes:

1886 2723 2210 2796 parentibus
2241 2734 2458 2795 quoque
2501 2717 2609 2774 alia
2654 2717 2745 2771 lex
2791 2713 2860 2770 ab
2913 2713 3180 2785 Apostolo
3207 2711 3390 2781 datur,
3420 2721 3482 2768 ut

1881 2819 1965 2874 sic
1995 2816 2251 2873 imbuant
2291 2813 2460 2881 ﬁlios,
2508 2827 2577 2866 ne
2607 2807 2866 2865 mandata
2914 2805 3048 2878 legis
3086 2813 3479 2873 contemnant;

1886 2907 2018 2980 quia
2037 2907 2082 2962 si
2119 2905 2178 2961 in
2206 2904 2408 2961 timore
2435 2899 2658 2958 Domini
2685 2897 2892 2955 fuerint
2937 2893 3190 2964 enutriti,
3221 2900 3480 2968 poterunt

1884 2997 2177 3054 observare
2223 3011 2345 3068 quae
2397 2997 2667 3066 prmcepta
2725 2996 2875 3045 sunt.
2930 2987 3067 3044 Nam
3111 2984 3158 3042 si
3217 2984 3286 3040 ad
3339 2983 3476 3040 iram

1884 3093 2189 3162 provocant
2219 3084 2388 3151 ﬁlios,
2424 3098 2525 3139 nec
2557 3081 2660 3153 ipsi
2690 3077 2917 3134 modum
2947 3076 3081 3147 legis
3117 3072 3475 3136 custodiunt;

172 3146 518 3251 ρεπΕθΫιθῨω
571 3161 743 3251 “fnum
799 3145 1184 3251 lmemgam,“
1247 3158 1512 3251 $85,???
1539 3139 1754 3251 fieri]:
1785 3177 1830 3240 C
1863 3139 2056 3251 cbgere
2087 3177 2236 3231 enim
2268 3189 2362 3229 eos
2387 3139 2670 3237 videntur,
2712 3175 2773 3222 ut
2819 3164 3280 3238 praevaricatores
3311 3162 3481 3217 inve-

184 3258 201 3279 ι
226 3234 546 3308 Mysterium
587 3233 694 3291 hoc
728 3250 989 3307 magnum
1037 3242 1140 3303 est,
1181 3250 1282 3306 ego
1318 3240 1504 3290 autem
1533 3229 1656 3287 dico
1697 3229 1755 3286 in

174 3323 380 3383 Christo
434 3335 494 3384 et
527 3327 584 3382 in
642 3325 908 3383 Ecclesia.
965 3349 983 3372 ι
1051 3324 1302 3396 Mysterii
1359 3329 1761 3379 sacramentum

173 3416 362 3487 grande
392 3418 446 3475 in
480 3416 698 3473 unitate
727 3416 837 3472 viri
867 3431 931 3472 ac
957 3415 1178 3472 feminae
1195 3430 1310 3471 esse
1331 3411 1626 3485 signiﬁcat.
1655 3409 1764 3466 Nec

174 3505 268 3564 hoc
286 3509 491 3580 prodit,
529 3507 624 3565 sed
655 3507 820 3564 aliam
861 3521 1079 3563 causam
1117 3522 1238 3578 quae
1282 3520 1396 3560 non
1425 3500 1702 3558 discordet
1730 3516 1762 3556 a

173 3607 454 3656 memorato
477 3599 747 3672 mysterio
774 3597 1002 3671 ﬂagitat,
1035 3612 1200 3670 quam
1221 3595 1328 3652 scit
1355 3593 1424 3650 ad
1453 3592 1762 3666 profectum

173 3685 392 3745 humani
423 3688 645 3763 generis
676 3688 969 3761 pertinere,
1011 3685 1118 3744 hoc
1145 3693 1227 3742 est
1254 3682 1517 3741 Ecclesia
1548 3689 1601 3737 et
1630 3680 1762 3736 Sal-

175 3779 397 3846 vatoris;
449 3786 517 3835 ut
564 3777 710 3835 sicut
754 3777 962 3833 relictis
1004 3774 1346 3848 parentibus,
1397 3772 1566 3828 homo
1596 3769 1766 3825 uxori

174 3881 273 3922 suae
301 3867 565 3936 adhaeret,
618 3867 694 3922 ita
749 3873 802 3922 et
849 3865 1047 3922 relicto
1087 3863 1241 3920 omni
1270 3877 1478 3930 errore,
1516 3856 1769 3916 Ecclesia

176 3956 434 4016 adhaereat
453 3969 509 4016 et
529 3957 858 4030 subjiciatur
885 3955 1054 4028 capiti
1083 3971 1204 4024 suo,
1225 3953 1372 4027 quod
1385 3959 1466 4008 est
1487 3949 1764 4008 Christus.

255 4071 273 4096 ι
300 4049 701 4107 Verumtamen
732 4055 786 4104 et
827 4063 926 4103 vos
964 4045 1190 4116 singuli,
1215 4041 1593 4116 unusquisque
1612 4053 1768 4096 suam

178 4152 400 4194 uxorem
416 4147 479 4194 ut
494 4155 551 4194 se
562 4137 775 4209 diligat:
797 4137 996 4192 mulier
1016 4143 1199 4191 autem
1221 4141 1284 4189 ut
1303 4134 1497 4189 timeat
1511 4131 1692 4186 virum
1704 4171 1716 4184 .
1735 4151 1755 4176 ι

176 4224 447 4293 Quoniam
479 4241 592 4281 una
617 4233 814 4282 natura
842 4225 902 4280 in
927 4225 1052 4280 viro
1089 4231 1145 4279 et
1183 4221 1390 4277 femina
1417 4228 1520 4288 est,
1562 4217 1771 4275 idcirco

177 4315 258 4370 vir
288 4314 446 4388 quasi
467 4329 524 4368 se
546 4315 748 4385 ipsum,
783 4315 860 4370 ita
880 4312 1165 4368 mulierem
1197 4309 1430 4381 diligere
1457 4322 1770 4365 commone-

179 4408 295 4471 tur;
331 4402 537 4458 mulier
569 4409 775 4471 autem,
808 4400 937 4473 quia
965 4413 1199 4472 persona
1215 4396 1448 4452 inferior
1479 4402 1561 4452 est
1584 4393 1771 4451 condi-

181 4491 338 4548 tionis
363 4507 551 4552 causa.
584 4506 698 4547 non
725 4497 958 4560 naturae,
991 4487 1114 4544 viro
1146 4483 1392 4559 subjecta
1420 4483 1614 4541 timere
1645 4499 1771 4540 eum

178 4576 412 4650 iubetur.

786 4705 1012 4764 CAPUT
1052 4703 1148 4762 VI.

250 4815 428 4886 (Vers.
465 4815 516 4883 1,
537 4814 617 4887 2.)
653 4839 672 4864 ι
689 4813 844 4883 Filii,
862 4812 1122 4869 obaudite
1142 4809 1461 4884 parentibus
1479 4807 1679 4865 vestris
1708 4805 1766 4862 in

185 4901 429 4975 Domino,
462 4906 572 4964 hoc
591 4905 739 4962 enim
756 4904 968 4976 justum
987 4911 1067 4959 est
1093 4920 1104 4958 :
1135 4903 1355 4958 Honora
1376 4909 1585 4973 patrem
1607 4907 1766 4954 tuum

187 4997 234 5045 et
268 5001 516 5051 matrem.
551 5021 568 5042 -
631 4995 746 5050 Lex
792 4993 954 5050 datur
999 4991 1154 5057 ﬁliis,
1183 5000 1244 5047 ut
1272 4990 1401 5062 quia
1445 4984 1768 5060 parentibus

189 5082 491 5139 auctoribus
521 5091 798 5152 constant,
830 5082 1092 5138 obediant
1111 5079 1228 5148 eis;
1257 5078 1469 5150 justum
1499 5073 1647 5130 enim
1686 5078 1769 5128 est

190 5175 244 5224 ut
270 5173 630 5228 reverentiam
664 5171 964 5228 exhibeant
993 5171 1093 5238 eis,
1127 5184 1223 5241 per
1253 5181 1390 5240 quos
1419 5169 1569 5219 sunt.

254 5258 523 5332 (Vers.3.)
565 5285 584 5310 ‹
613 5259 773 5328 Quod
802 5269 886 5317 est
917 5259 1238 5316 mandatum
1259 5254 1501 5328 primum
1531 5248 1767 5324 promis-

191 5345 373 5416 sionis,
420 5357 568 5406 utet
607 5349 748 5406 bene
793 5351 868 5406 sit
913 5347 1038 5416 tibi,
1083 5356 1138 5404 et
1165 5346 1242 5402 sis
1297 5345 1580 5414 longaevus
1606 5354 1770 5411 super

193 5439 397 5493 terram.
423 5465 440 5488 ι
472 5439 774 5496 Promissio
798 5437 918 5495 hac
932 5437 990 5493 in
1011 5434 1208 5493 Exodo
1227 5432 1543 5493 continetur
1559 5427 1765 5502 (Exod.

259 5629 372 5704 (33)
419 5633 580 5692 Rom.
624 5633 758 5691 edit.
807 5633 946 5701 sola,
990 5632 1055 5689 Se
1093 5631 1269 5702 ipsum
1327 5623 1520 5704 diligit.
1565 5619 1770 5704 Eadem

195 5691 317 5757 vero
351 5691 484 5764 'ant.
536 5704 670 5766 edit.
719 5721 782 5766 ac
809 5691 1000 5780 paucis
1045 5691 1202 5769 mss,
1248 5691 1500 5771 quonidm
1551 5694 1599 5749 si
1644 5691 1773 5762 for-

1871 3249 2120 3326 niantur.
2154 3263 2215 3318 In
2246 3262 2328 3316 ira
2356 3260 2504 3315 enim
2549 3271 2721 3312 nemo
2759 3252 3006 3326 agnoscit
3045 3251 3179 3322 quid
3205 3249 3279 3306 sit
3306 3249 3476 3314 utile;

1873 3361 2082 3418 idcirco
2111 3352 2537 3428 temperantiam
2573 3357 2865 3422 parentum
2889 3345 3142 3418 exemplo
3170 3341 3370 3400 debent
3389 3341 3478 3398 ad-

1871 3452 2102 3517 discere,
2134 3455 2196 3502 ut
2227 3460 2349 3518 quae
2398 3441 2561 3498 utilia
2615 3446 2774 3507 sunt,
2825 3443 3121 3493 sectentur.
3165 3431 3478 3490 Meminisse

1871 3539 2021 3598 enim
2051 3536 2254 3593 debent
2295 3533 2503 3600 Patres,
2548 3531 2684 3604 quia
2737 3536 2791 3584 et
2836 3526 2942 3600 ipsi
2996 3524 3222 3580 fuerunt
3266 3521 3392 3592 ﬁlii,
3423 3530 3476 3577 et

1872 3629 2176 3686 noluerunt
2203 3623 2397 3696 utique
2429 3613 3077 3688 exacerbariapatribus.
3109 3611 3240 3668 Filii
3261 3626 3478 3685 quoque

1871 3702 2198 3790 cognoscere
2217 3713 2420 3770 debent
2435 3707 2584 3785 quod
2614 3707 2787 3765 futuri
2809 3711 2939 3762 sunt
2963 3711 3162 3777 patres,
3181 3708 3234 3756 et
3263 3700 3474 3790 nollent

1874 3805 2201 3865 inhonorari
2234 3804 2301 3861 ab
2342 3802 2442 3860 eis.
2480 3801 2692 3858 Idcirco
2727 3797 2950 3870 utrique
2987 3791 3287 3850 exhibeant
3319 3789 3478 3846 iuvi-

1875 3913 2018 3966 cem,
2039 3893 2188 3969 quod
2215 3892 2520 3966 exquirunt
2543 3889 2610 3945 ab
2640 3887 2902 3944 invicem.

1952 3968 2137 4059 (Vers.
2163 3983 2246 4055 5.)
2279 3981 2489 4048 «Servi,
2518 3977 2737 4033 obedite
2760 3972 3003 4030 dominis
3017 3968 3331 4059 carnalibus
3349 3983 3474 4059 cum

1876 4056 2077 4131 tirnore
2096 4080 2152 4128 et
2180 4078 2420 4126 tremore
2458 4067 2518 4122 in
2548 4063 2904 4136 simplicitate
2933 4058 3116 4118 cordis
3142 4056 3311 4114 vestri
3333 4056 3480 4112 sicut

1879 4163 2122 4222 Christo.
2147 4185 2166 4210 ι
2210 4157 2482 4227 Quoniam
2504 4153 2755 4211 omnium
2771 4149 3066 4209 sublimior
3083 4147 3264 4204 etsola
3283 4153 3477 4219 potens

1879 4263 1962 4312 est
1990 4253 2184 4325 religio
2204 4256 2413 4318 nostra,
2430 4255 2484 4304 et
2506 4262 2628 4320 quae
2645 4241 2996 4301 credentibus
3022 4239 3288 4297 calorum
3310 4252 3478 4316 regna

1879 4344 2209 4418 pollicetur:
2245 4355 2314 4396 ne
2341 4337 2446 4394 hac
2474 4336 2645 4409 igitur
2674 4349 2835 4392 causa
2866 4328 3126 4403 superbia
3161 4332 3479 4384 nasceretur

1880 4417 2224 4498 hominibus,
2241 4443 2432 4485 omnes
2451 4424 2639 4482 debita
2657 4421 3042 4481 conditionum
3058 4417 3148 4473 vel
3167 4417 3476 4473 oﬂiciorum

1794 4549 1846 4611 Β
1881 4521 2233 4597 praesentium
2258 4519 2524 4592 jubentur
2557 4515 2890 4611 exsolvere;
2925 4519 2988 4567 ut
3026 4517 3080 4565 et
3122 4507 3296 4611 magis
3326 4504 3478 4562 inci-

1877 4594 1996 4672 tent
2024 4610 2359 4685 perﬁdorum
2401 4607 2618 4665 animos
2673 4603 2741 4660 ad
2802 4601 3080 4658 culturam
3134 4594 3255 4685 Dei,
3277 4607 3474 4685 quam

1879 4679 2073 4761 vident
2100 4711 2154 4759 et
2176 4701 2382 4773 justam
2399 4708 2453 4756 et
2472 4694 2765 4753 humilem.
2789 4689 3058 4748 Videntes
3083 4684 3232 4773 enim
3251 4679 3475 4773 domini

1881 4768 2200 4849 meliorasse
2227 4805 2435 4854 servos,
2464 4793 2519 4841 et
2544 4785 2605 4838 in
2615 4778 2910 4837 reddendis
2947 4771 3224 4844 obsequiis
3241 4768 3478 4825 ﬁdeliter

1879 4880 2194 4956 profecisse,
2225 4876 2372 4949 quod
2438 4877 2724 4927 merentur
2751 4884 2881 4922 cum
2922 4862 3077 4919 omni
3108 4858 3356 4956 libertate
3384 4873 3477 4912 ex-

1878 4943 2124 5028 solvunt.
2157 4943 2315 5020 Servi
2346 4975 2564 5034 quoque
2591 4957 2725 5012 dum
2739 4959 2974 5010 cernunt
2997 4943 3475 5005 mansuetudinem

1879 5057 2260 5122 dominorum,
2286 5051 2439 5107 omni
2471 5045 2737 5103 aviditate
2758 5041 3158 5113 concupiscunt
3177 5036 3365 5104 ﬁdem,
3384 5051 3476 5092 cu-

1873 5149 1967 5223 jus
2022 5155 2134 5202 tam
2173 5139 2408 5217 placidis
2453 5134 2778 5195 retinaculis
2817 5131 3193 5206 gubernantur
3237 5127 3480 5223 humana

1880 5213 2079 5297 ofﬁcia.
2111 5213 2248 5294 Nam
2277 5239 2331 5288 et
2359 5230 2456 5303 qui
2505 5227 2562 5283 in
2619 5223 2944 5282 conditione
2973 5227 3077 5290 est,
3135 5218 3183 5275 si
3220 5213 3479 5274 habuerit

1879 5331 2172 5396 famulum,
2202 5341 2315 5382 non
2344 5322 2465 5380 vult
2495 5317 2776 5378 contemni
2815 5315 2884 5372 ab
2936 5329 3037 5382 eo;
3097 5309 3332 5383 ideoque
3378 5322 3479 5396 nec

1882 5419 1997 5492 ipse
2020 5393 2185 5475 debet
2210 5418 2562 5472 contemnere
2581 5404 2872 5463 dominum
2889 5417 3086 5463 suum:
3120 5407 3174 5458 et
3198 5397 3343 5458 sicut
3359 5393 3480 5450 vult

1881 5619 2367 5757 nugs-Nonnulli
2398 5687 2554 5741 mss”
2579 5681 2713 5740 opu;
2742 5681 2896 5726 suum
2922 5669 3116 5738 nutrit,
3145 5679 3251 5729 etc.
