3908 6192
444 292 549 354 423

1490 304 1582 357 ΑΙ)
1623 303 1855 360 creua
1981 303 2310 361 AMBROSII
2349 302 2726 380 APPENDIX.

3651 311 3770 370 424

446 441 602 497 agere
631 443 812 482 secum
846 425 1134 482 dominum
1160 445 1342 497 suum,
1377 429 1454 483 ita
1485 436 1537 482 et
1571 428 1684 500 ipse
1711 446 1866 500 agere
1881 429 2040 484 debet
2074 437 2124 494 A
2157 430 2503 485 tenebrarum
2535 430 2591 485 in
2617 447 2936 501 perversum
2982 431 3328 504 intelligendi
3369 443 3503 490 sunt
3545 436 3769 507 guber-

446 532 574 572 cum
605 533 784 585 servo,
818 523 871 572 et
892 516 971 572 sic
1001 516 1205 589 poterit
1234 517 1445 589 placere
1471 518 1601 573 Deo.

519 634 701 703 (Vers.
735 634 787 700 6,
826 633 877 698 7,
907 633 988 702 8.)
1019 656 1036 678 ε
1059 634 1179 688 Νοιι
1209 631 1275 687 ad
1295 634 1516 688 oculum
1540 633 1862 703 servientes,
1883 639 2039 708 quasi

445 721 765 780 hominibus
794 724 1102 794 placentes;
1136 722 1230 776 sed
1261 731 1321 777 ut
1340 722 1484 777 servi
1517 722 1744 791 Christi,
1776 725 2042 782 facientes

351 820 353 823 ‘
444 813 784 869 voluntatem
807 812 902 866 Dei
922 828 985 866 ex
1004 812 1209 878 animo,
1237 829 1361 867 cum
1381 812 1720 884 benignitate
1740 816 2041 873 servientes

442 903 586 957 sicut
608 902 862 968 Domino,
896 909 950 956 et
978 918 1090 957 non
1121 910 1183 957 ut
1224 902 1579 972 hominibus;
1629 906 1863 962 scientes
1893 909 2038 979 quod

439 995 821 1068 unusquisque
848 993 1214 1068 quodcunque
1241 996 1429 1052 fecerit
1458 995 1664 1052 bonum
1697 1041 1712 1065 ,
1759 998 1865 1054 hoc
1897 1015 2039 1054 con-

424 1091 703 1157 :sequetur
731 1101 760 1140 a
787 1084 1048 1153 Domino,
1077 1085 1194 1140 sive
1211 1102 1423 1153 servus,
1445 1085 1560 1141 sive
1579 1086 1737 1142 liber.
1760 1113 1777 1134 ι
1808 1087 2039 1158 Propter

420 1174 696 1230 timorem
728 1173 826 1228 Dei
852 1173 1002 1245 justa
1021 1183 1076 1230 et
1091 1174 1276 1230 ﬁdelia
1298 1175 1420 1231 vult
1441 1174 1761 1232 hominibus
1782 1175 2035 1232 exhiberi

439 1264 684 1329 servitia;
721 1264 834 1319 Deo
864 1264 1010 1319 enim
1042 1265 1232 1333 servit,
1251 1263 1409 1336 cujus
1422 1264 1548 1336 jura
1569 1265 1625 1320 in
1643 1266 1921 1338 obsequiis
1941 1266 2035 1322 do-

441 1353 579 1409 mini
607 1353 1120 1421 carnaliscustodit,
1139 1371 1303 1426 quem
1331 1354 1436 1411 sibi
1460 1372 1556 1427 pro
1568 1356 1732 1427 justis
1749 1355 2033 1412 actibusin

437 1441 754 1512 (lie'judicii
781 1443 959 1498 vicem
991 1443 1238 1510 reddere,
1269 1452 1324 1499 et
1352 1445 1564 1500 caeteris
1592 1445 1850 1501 omnibus
1880 1445 2035 1501 audit

438 1534 646 1589 testari.
670 1533 803 1601 Quze
843 1549 929 1589 res
974 1541 1152 1605 potest
1200 1534 1464 1605 proﬁcere
1508 1535 1670 1591 etiam
1703 1535 1770 1590 ad
1801 1537 2032 1592 salutem

437 1623 824 1689 dominorum;
862 1621 1117 1678 videntes
1147 1623 1322 1693 enim,
1375 1623 1523 1696 quod
1553 1624 1781 1682 difﬁcile
1815 1635 1898 1683 est
1925 1643 2032 1683 ser-

438 1728 536 1766 vos
565 1728 660 1783 per
689 1712 788 1767 Dei
823 1711 1051 1783 gratiam
1080 1710 1254 1768 factos
1285 1711 1474 1769 ﬁdeles
1503 1713 1807 1784 ministros,
1839 1723 2031 1788 potue-

437 1810 570 1857 runt
597 1801 696 1856 Dei
723 1801 954 1872 gloriam
979 1801 1313 1860 collaudare.
1923 1798 1928 1806 ’

513 1916 694 1989 (Vers.
727 1916 808 1987 9.)
844 1942 862 1964 ‹
893 1917 964 1974 Et
987 1934 1106 1986 vos,
1133 1917 1368 1986 domini,
1395 1919 1582 1975 eadem
1610 1919 1773 1977 facite
1793 1920 1860 1976 ad
1884 1921 2033 1989 illos,

436 2007 777 2062 remittentes
802 2005 1011 2062 minas:
1047 2006 1283 2062 scientes
1325 2007 1472 2080 quod
1506 2015 1559 2063 et
1605 2017 1787 2065 vester
1829 2018 1883 2065 et
1915 2010 2035 2066 illo-

420 2092 555 2152 rum
597 2096 867 2152 Dominus
895 2104 976 2151 est
1007 2095 1063 2150 in
1093 2096 1267 2164 caelis,
1299 2103 1353 2151 et
1402 2113 1758 2168 personarum
1789 2115 1901 2154 non
1955 2107 2035 2155 est

435 2186 678 2258 acceptio
707 2185 851 2257 apud
879 2201 1025 2241 eum.
1048 2211 1065 2233 ι
1099 2186 1219 2242 Non
1242 2185 1555 2258 ignorantes
1574 2187 1768 2262 utique
1792 2189 2035 2245 carnales

436 2275 650 2332 domini
682 2277 856 2331 Deum
887 2277 1136 2332 omnium
1179 2277 1467 2334 dominum
1515 2296 1628 2338 esse
1659 2297 2030 2351 communem,

435 2363 569 2420 talia
600 2365 825 2437 exigant
854 2360 1102 2434 servitia,
1135 2368 1319 2440 qualia
1363 2385 1394 2424 a
1437 2385 1494 2424 se
1525 2369 1671 2441 exigi
1711 2386 1823 2426 non
1855 2371 2036 2427 ferant

437 2470 597 2526 regre.
631 2455 693 2510 In
728 2471 836 2527 qua
856 2455 1004 2511 enim
1033 2456 1156 2529 quis
1186 2474 1442 2514 mensura
1485 2461 1909 2529 mensuraverit,
1953 2476 2033 2515 re-

437 2543 697 2600 metietur
723 2543 807 2601 illi
842 2546 1052 2617 (Matth.
1085 2563 1187 2616 vn,
1225 2547 1302 2619 l);
1349 2549 1623 2606 Dominus
1670 2549 1817 2606 enim
1847 2549 2031 2623 justus

428 2631 602 2707 judex
635 2651 823 2692 causas
852 2635 1135 2706 discernit,
1178 2654 1288 2694 non
1309 2655 1585 2711 personas.

510 2752 696 2826 (Vers.
738 2752 850 2824 10.)
899 2778 917 2802 ι
954 2753 1032 2809 De
1052 2761 1270 2823 caetero,
1301 2754 1517 2824 fratres,
1552 2756 1939 2812 confortamini
1971 2756 2029 2813 in

444 2840 708 2911 Domino,
735 2851 789 2899 et
819 2843 879 2899 in
916 2845 1161 2916 potentia
1187 2845 1412 2899 virtutis
1441 2844 1578 2915 ejus.
1612 2871 1629 2893 ι
1688 2846 1817 2902 Post
1844 2846 2031 2901 omnia

443 2933 655 2988 monita
683 2931 799 3003 (35)
841 2940 894 2988 et
945 2932 1314 2999 hortamenta,
1354 2939 1407 2987 et
1437 2933 1742 3005 disciplinae
1777 2935 2027 2992 ordinem

437 3019 705 3076 traditum
735 3021 1008 3092 religiose,
1032 3027 1086 3075 et
1113 3019 1528 3092 dispositionem
1559 3023 1810 3094 mysterii
1841 3025 2029 3081 mani-

436 3107 654 3179 festam,
685 3109 939 3166 robustos
985 3109 1112 3166 illos
1159 3110 1281 3167 vult
1313 3127 1428 3167 esse
1465 3111 1524 3166 in
1553 3110 1660 3168 ﬁde
1689 3111 1890 3170 ﬁducia
1917 3131 2028 3188 po—

433 3198 650 3254 testatis
677 3199 803 3266 Dei;
833 3205 896 3254 ut
940 3199 1176 3256 scientes
1205 3199 1420 3257 ﬁrmam
1453 3218 1568 3258 esse
1596 3219 1746 3275 spem
1785 3205 2030 3276 promis-
2061 3183 2103 3242 Ο

431 3289 622 3357 sionis,
664 3291 905 3363 prompti
956 3291 1068 3348 sint
1117 3292 1263 3349 circa
1323 3292 1585 3366 obsequia
1613 3296 1734 3362 Dei,
1761 3294 2030 3366 erigentes

430 3371 803 3449 gubernacula
830 3390 1023 3436 contra
1060 3381 1263 3437 ﬂuctus
1294 3381 1503 3438 excitos
1521 3383 1894 3455 imprudentia
1927 3383 2028 3438 ini-

432 3467 582 3521 mici.
617 3466 1014 3536 Tempestatem
1071 3469 1219 3524 enim
1281 3471 1380 3526 Dei
1453 3475 1631 3529 servis
1687 3480 2022 3541 commovet,

431 3555 525 3608 sed
565 3555 678 3624 ipse
709 3555 1057 3625 naufragium
1090 3557 1240 3613 facit.

513 3671 658 3730 250
691 3666 874 3739 (Vera.
909 3669 996 3737 ll,
1031 3669 1144 3742 i2.)
1191 3694 1209 3718 ι
1239 3670 1544 3728 Induimini
1569 3692 1670 3733 vos
1721 3693 1874 3734 arma
1893 3679 2024 3750 Dei,

430 3771 492 3822 ut
520 3765 742 3840 possitis
795 3774 938 3824 stare
989 3769 1255 3826 adversus
1314 3773 1584 3830 nationes.
1643 3801 1661 3825 ι
1707 3778 1877 3833 Arma
1926 3780 2023 3836 Dei

430 3855 564 3912 ﬁdes
608 3864 691 3913 est
737 3857 971 3925 stabilis,
1005 3875 1102 3932 per
1156 3877 1322 3935 quam
1379 3863 1550 3919 solam
1601 3881 1813 3939 semper
1845 3868 2027 3926 victus

427 3953 509 4001 est
536 3947 782 4004 Satanas.
825 3973 844 3998 ε
896 3949 1168 4017 Quoniam
1201 3968 1314 4008 non
1344 3959 1426 4010 est
1458 3953 1616 4010 vobis
1646 3955 1792 4014 lucta
1819 3957 2021 4013 adver-

428 4051 520 4090 sus
556 4051 777 4093 carnem
803 4047 858 4094 et
902 4040 1251 4112 sanguinem,
1299 4044 1393 4100 sed
1443 4044 1707 4102 adversus
1735 4046 2024 4120 principa—

427 4129 518 4180 tus
546 4133 602 4179 et
630 4132 925 4196 potestates
953 4127 1122 4199 hujus
1150 4132 1344 4188 mundi
1395 4132 1534 4203 (36),
1567 4135 1830 4192 adversus
1860 4146 2023 4193 tene—

429 4211 650 4290 brarum
680 4212 875 4268 harum
915 4223 1174 4286 rectores,
1233 4221 1494 4279 adversus
1525 4225 1797 4295 spiritalia
1832 4227 2021 4300 nequi~

427 4301 539 4367 tiae,
571 4316 691 4372 quae
738 4309 868 4355 sunt
911 4303 970 4358 in
1021 4306 1356 4365 ccelestibus.
1391 4335 1410 4358 »
1482 4312 1674 4369 Certus
1728 4317 2021 4387 Apostolus

427 4388 557 4460 quia
583 4387 776 4457 exitia,
809 4407 929 4462 quas
960 4408 992 4447 a
1037 4394 1264 4464 perﬁdis
1300 4399 1400 4454 Dei
1431 4400 1654 4458 famulis
1688 4404 2016 4476 irrogantur,

426 4484 648 4534 auctore
676 4478 921 4546 diabolo,
953 4482 1364 4556 ministrantur,
1396 4489 1553 4560 cujus
1581 4493 1817 4549 altitudo
1847 4513 2018 4567 gran-

425 4569 520 4624 dis
545 4577 610 4626 et
628 4567 956 4627 hominibus
985 4572 1350 4646 impossibilis
1380 4587 1488 4646 est;
1538 4591 1726 4638 monet
1763 4584 2024 4643 adversus

426 4656 544 4715 haec
571 4674 724 4714 arma
749 4660 849 4716 Dei
884 4662 1169 4732 sumenda,
1225 4665 1390 4739 cujus,
1429 4669 1601 4726 solius
1627 4671 1832 4729 virtute
1860 4693 2014 4747 supe-

355 4803 364 4814 ,
426 4756 618 4805 rantur
635 4757 689 4805 et
716 4750 1083 4808 destruuntur
1107 4755 1295 4812 omnia
1321 4758 1764 4819 machinamenta
1785 4763 2010 4824 diaboli.

424 4838 543 4908 Ipse
565 4845 647 4894 est
695 4839 845 4895 enim
895 4841 1056 4914 cujus
1096 4845 1365 4904 satellites
1405 4857 1557 4920 sunt,
1594 4868 1731 4925 quos
1766 4854 2013 4911 tenebra-

424 4945 547 4986 rum
579 4928 774 4986 harum
820 4932 959 4989 dicit
989 4943 1247 5006 rectores,
1281 4939 1509 5010 spiritus
1541 4944 1884 5016 nequissimi,
1917 4946 2013 5018 qui

424 5019 629 5093 degunt
679 5022 737 5078 in
775 5025 1114 5096 coelestibus,
1172 5029 1231 5084 in
1287 5031 1632 5091 ﬁrmamento
1676 5037 1890 5094 mundi.
1945 5038 2011 5095 Hi

423 5119 552 5168 sunt
579 5116 782 5171 erroris
814 5116 1002 5185 duces,
1051 5120 1407 5179 tenebrarum
1454 5133 1710 5195 rectores,
1757 5127 1863 5185 hoc
1907 5137 2008 5198 est,

423 5201 748 5273 ignorantia;
801 5214 854 5263 et
900 5206 1146 5279 perﬁdiae
1195 5216 1492 5284 prmpositi.
1551 5217 1807 5274 Rectores
1862 5219 2009 5274 enim

499 5383 774 5512 (θεὶὶνθι.
810 5383 945 5467 edit.
981 5404 1047 5444 ac
1073 5387 1296 5514 quidam
1331 5407 1486 5462 mss.,
1524 5394 1652 5451 Post
1696 5398 1873 5454 omnia
1909 5416 2009 5454 nte-

499 5473 572 5514 a;
649 5473 760 5513 om.
787 5457 922 5513 edit.
957 5468 1011 5514 et
1058 5477 1088 5514 a
1115 5461 1156 5514 i1
1196 5478 1326 5514 mss.
1371 5505 1384 5514 .
1431 5507 1443 5514 .
1484 5509 1496 5514 -
1546 5509 1556 5514 -
1596 5470 1834 5514 monita:
1867 5470 2005 5514 infra

420 5454 572 5520 rita;
596 5454 760 5513 Rom.
787 5457 922 5513 edit.
957 5468 1011 5514 et
1058 5454 1326 5535 alii_mss.
1371 5505 1384 5520 .
1431 5507 1443 5520 .
1470 5454 1496 5522 ’.
1545 5509 1557 5522 .
1596 5470 1834 5535 monita;
1867 5470 2011 5526 infra

422 5539 664 5606 veroex
693 5543 822 5611 mss.
865 5545 977 5584 non
1024 5531 1212 5611 paucis
1250 5535 1612 5611 reposuimus,
1652 5531 2010 5611 imprudentia

423 5595 646 5681 inimici,
677 5599 790 5681 ubi.
833 5595 1043 5681 omnes"
1081 5601 1214 5658 edit.
1262 5595 1327 5661 et‘
1366 5622 1492 5664 mss.
1542 5595 1754 5681 aliquo‘t
1781 5595 2008 5680 habent,

420 5665 745 5738 impudentia
768 5667 991 5728 inimici.

2153 535 2305 585 nare,
2339 520 2494 592 quasi
2526 519 2935 578 incredulitatis
2966 522 3232 594 magistri.

2227 609 2407 678 (Vers.
2446 610 2652 681 43-17.)
2698 634 2716 655 ‹
2763 609 2890 666 Ideo
2919 611 3154 683 accipite
3185 612 3620 673 universitatem
3658 633 3766 673 ar-

2151 714 2388 765 morum,
2432 707 2493 754 ut
2555 699 2776 770 possitis
2826 702 3077 757 resistere
3123 701 3181 756 in
3237 703 3326 760 die
3367 706 3537 773 malo,
3598 715 3654 762 et
3701 707 3764 762 in

2151 788 2409 843 omnibus
2467 789 2693 859 perfecti
2743 799 2905 858 stare,
2957 791 3229 848 succincti
3274 794 3496 850 lumbos
3541 803 3761 854 vestros

2149 880 2206 934 in
2237 881 2522 950 charitate,
2563 891 2617 938 et
2645 883 2830 940 induti
2871 884 3099 940 loricam
3120 883 3376 956 justitize,
3429 896 3488 944 et
3516 890 3756 945 calceati

2148 969 2311 1041 pedes
2355 972 2413 1026 in
2447 974 2843 1044 praeparatione
2872 974 3162 1046 Evangelii
3221 976 3389 1047 pacis.
3431 976 3614 1050 Super
3659 978 3751 1035 his

2146 1062 2405 1118 omnibus
2436 1075 2777 1121 assumentes
2824 1074 3042 1122 scutum
3075 1065 3226 1134 ﬁdei,
3265 1067 3321 1122 in
3352 1085 3463 1141 quo
3495 1074 3758 1142 poteritis

2145 1151 2334 1206 omnia
2365 1152 2476 1207 tela
2515 1155 2743 1226 maligni
2784 1155 2959 1226 ignita
2997 1154 3380 1227 exstinguere:
3437 1167 3494 1215 et
3543 1162 3751 1232 galeam

2144 1240 2339 1295 salutis
2367 1241 2619 1313 accipite,
2651 1252 2705 1299 et
2745 1244 2992 1314 gladium
3032 1244 3280 1316 spiritus,
3321 1247 3470 1320 quod
3501 1258 3586 1304 est
3616 1267 3752 1306 ver-

2145 1330 2275 1385 bum
2299 1331 2419 1387 Dei.
2454 1359 2472 1380 ι
2517 1333 2787 1400 Quoniam
2829 1341 3025 1390 contra
3070 1336 3446 1394 atrocissimos
3477 1338 3662 1397 hostes
3698 1351 3748 1399 et

2145 1422 2299 1476 omni
2327 1423 2783 1494 tergiversatione
2813 1425 3045 1480 callidos
3072 1423 3281 1481 bellum
3295 1427 3560 1499 gerimus,
3583 1431 3745 1488 idcir-

2143 1527 2209 1566 co
2239 1513 2393 1567 omni
2432 1513 2645 1568 cautela
2677 1520 2731 1568 et
2758 1513 3138 1570 sollicitudine
3181 1515 3418 1586 vigilare
3447 1517 3744 1586 debemus;

2142 1609 2206 1657 ut
2232 1618 2572 1675 quaecunque
2600 1604 2957 1674 tentaverint,
2992 1605 3240 1661 munitos
3290 1622 3392 1664 nos
3448 1619 3504 1666 et
3537 1628 3746 1684 praepa-

2141 1699 2290 1746 ratos
2330 1691 2638 1749 inveniant.
2673 1693 2902 1750 Necesse
2935 1701 3016 1749 est
3046 1694 3195 1751 enim
3231 1703 3293 1751 ut
3323 1706 3377 1753 et
3405 1699 3553 1756 Deus
3579 1699 3744 1774 adju—

2070 1810 2115 1869 Β
2147 1787 2258 1848 vet,
2295 1796 2433 1852 quos
2462 1781 2668 1837 viderit
2714 1781 2772 1836 in
2829 1782 3084 1854 precibus
3114 1785 3364 1857 vigilare,
3397 1795 3451 1843 et
3481 1788 3550 1845 de
3580 1791 3746 1846 armis

2145 1868 2263 1939 ejus
2317 1878 2633 1941 exspectare
2689 1871 3002 1928 victoriam.
3068 1874 3130 1928 In
3185 1873 3503 1947 hujusmodi
3562 1889 3742 1936 autem

2144 1956 2291 2015 bello
2321 1959 2505 2015 sobria
2534 1969 2718 2016 mente
2773 1978 2912 2034 opus
2952 1970 3054 2033 est,
3100 1971 3156 2019 et
3201 1981 3331 2036 pura
3370 1968 3745 2037 conscientia,

2145 2048 2274 2120 quia
2315 2065 2426 2104 non
2475 2058 2667 2107 contra
2722 2052 2964 2108 carnalia
3007 2053 3284 2127 nequitia,
3341 2055 3434 2111 sed
3473 2057 3745 2114 adversus

2144 2140 2452 2212 spiritualia
2485 2141 2800 2198 dimicatur.
2832 2142 3038 2200 Contra
3062 2145 3364 2217 terrigenos
3389 2146 3543 2202 enim
3557 2146 3742 2205 hostes

2144 2248 2342 2304 corpus
2370 2231 2560 2306 sagina
2589 2233 2897 2302 roboratur,
2948 2243 3002 2290 et
3055 2235 3268 2308 poculis
3296 2252 3452 2293 mens
3495 2237 3741 2294 incendi-

2142 2331 2253 2391 tur,
2285 2332 2346 2378 ut
2393 2324 2737 2396 repugnandi
2785 2333 2968 2380 sumat
2997 2325 3320 2395 audaciam;
3360 2327 3626 2385 adversus
3652 2345 3740 2386 au-

2141 2425 2253 2472 tem
2308 2417 2579 2490 spiritalia
2639 2418 2900 2491 nequitia
2957 2420 3280 2493 spiritaliter
3319 2421 3738 2497 repugnandum

2140 2513 2243 2572 est,
2279 2514 2332 2560 et
2388 2506 2702 2564 sobrietatis
2756 2515 2810 2564 et
2865 2507 3212 2566 abstinentia
3265 2526 3422 2567 arma
3474 2513 3741 2569 sumenda

2141 2605 2290 2666 sunt,
2322 2606 2384 2653 ut
2429 2598 2601 2654 infusi
2662 2607 2851 2656 sancto
2898 2599 3108 2673 Spiritu
3150 2601 3470 2659 immundos
3516 2611 3573 2660 et
3602 2619 3740 2660 erra-

2139 2691 2280 2746 ticos
2309 2691 2536 2763 spiritus
2562 2692 2943 2753 devincamus.
2995 2695 3085 2754 Sic
3124 2697 3309 2771 itaque
3353 2699 3739 2773 succingemus

2139 2779 2362 2836 lumbos
2391 2789 2612 2839 nostros
2651 2783 2710 2838 in
2765 2783 3020 2854 veritate,
3063 2785 3110 2842 si
3162 2787 3337 2859 parati
3392 2805 3586 2845 sumus
3620 2787 3736 2861 (37)

2138 2870 2312 2925 errori
2341 2870 2612 2929 resistere.
2648 2873 2842 2930 Omnis
2879 2874 3024 2930 enim
3056 2876 3152 2948 qui
3181 2877 3394 2949 operari
3433 2879 3580 2947 vult,
3615 2878 3739 2935 sub

2137 2958 2309 3030 cingit
2363 2976 2451 3028 se;
2516 2968 2576 3017 ut
2625 2961 2807 3019 ablato
2904 2964 3341 3039 impedimento,
3412 2967 3740 3043 diligentius

2137 3058 2409 3124 operetur.

2212 3143 2391 3212 (Vers.
2429 3143 2514 3211 18,
2551 3144 2637 3213 19,
2675 3144 2792 3217 20.)
2865 3172 2884 3195 ι
2927 3146 3029 3204 Per
3076 3164 3294 3206 omnem
3341 3153 3654 3212 orationem
3685 3163 3735 3213 et

2139 3247 2355 3302 precem
2388 3239 2604 3290 orantes
2635 3234 2693 3290 in
2733 3233 2886 3292 omni
2941 3245 3207 3311 tempore,
3241 3239 3300 3296 in
3334 3243 3557 3314 spiritu,
3590 3253 3649 3302 et
3680 3245 3732 3301 in

2139 3318 2318 3393 ipsum
2370 3323 2662 3394 vigilantes
2692 3325 2750 3380 in
2781 3327 2931 3383 omni
2965 3331 3372 3400 perseverantia
3400 3339 3455 3388 et
3481 3332 3731 3392 obsecra.

2139 3412 2288 3468 tione
2318 3429 2416 3485 pro
2445 3414 2703 3471 omnibus
2756 3416 2981 3485 sanctis,
3031 3426 3084 3475 et
3134 3435 3233 3491 pro
3287 3437 3411 3490 me;
3455 3425 3739 3481 ut'detur

2137 3500 2276 3557 mihi
2327 3519 2507 3560 sermo
2560 3503 2618 3560 in
2665 3506 2946 3577 apertione
2994 3507 3106 3563 oris
3134 3509 3242 3564 mei
3270 3509 3386 3582 (38)
3419 3521 3612 3569 exerte
3643 3532 3732 3570 no-

2135 3595 2255 3645 tum
2284 3589 2463 3648 facere
2485 3593 2815 3665 mysterium
2841 3595 3150 3669 Evangelii,
3179 3613 3279 3670 pro
3312 3615 3421 3672 quo
3462 3602 3735 3674 legatione

2135 3679 2338 3752 fungor
2367 3681 2422 3736 in
2451 3691 2642 3738 catena
2661 3701 2674 3751 ;
2711 3691 2773 3739 ut
2822 3684 2879 3740 in
2912 3685 3032 3758 ipso
3081 3696 3268 3744 exerta
3300 3688 3732 3763 libertateutar,

2135 3777 2299 3842 prout
2340 3778 2556 3844 oportet
2586 3788 2673 3828 me
2727 3773 2900 3846 loqui.
2937 3800 2954 3824 ι
3003 3776 3059 3832 Si
3117 3785 3264 3835 recte
3319 3795 3730 3852 conversamur,

2133 3858 2370 3932 Spiritus
2429 3871 2650 3919 sanctus
2691 3871 2880 3920 manet
2919 3864 2976 3921 in
3009 3866 3193 3937 nobis,
3224 3875 3278 3924 et
3310 3870 3459 3942 quod
3489 3874 3730 3944 postula-

2135 3964 2279 4018 mus,
2315 3965 2608 4021 possumus
2665 3953 2977 4026 impetrare.
3022 3956 3140 4014 Hoc
3169 3964 3251 4014 est
3279 3975 3407 4031 ergo
3435 3960 3492 4016 in
3533 3961 3729 4034 spiritu

2134 4039 2286 4093 omni
2318 4048 2566 4113 tempore
2595 4057 2770 4112 orare,
2800 4044 3006 4101 munda
3055 4045 3396 4103 conscientia
3423 4057 3476 4105 et
3505 4049 3616 4105 ﬁde
3650 4051 3724 4105 in-

2137 4134 2281 4200 tegra
2310 4146 2525 4203 precem
2585 4131 2653 4188 ad
2702 4134 2877 4191 Deum
2934 4134 3190 4208 dirigere.
3250 4137 3313 4192 In
3361 4153 3526 4195 carne
3582 4140 3725 4196 enim

2131 4227 2269 4286 orat,
2305 4220 2399 4292 qui
2430 4221 2642 4293 polluta
2692 4233 2874 4280 mente
2921 4233 3199 4296 precatur,
3231 4227 3432 4284 iterum
3464 4238 3730 4301 peccatu-

2129 4323 2244 4376 rus,
2281 4324 2395 4364 non
2424 4310 2491 4366 de
2538 4319 2740 4368 eventu
2771 4321 2867 4369 aut
2894 4314 3267 4387 subreptione,
3310 4317 3404 4372 sed
3438 4316 3507 4374 de
3536 4333 3727 4392 propo-

2130 4396 2259 4451 sito.
2295 4398 2400 4455 Sed
2433 4408 2611 4472 potest
2663 4418 2776 4457 non
2825 4404 3042 4475 peccari
3100 4404 3170 4460 ad
3228 4414 3482 4476 mortem,
3539 4407 3586 4464 si
3615 4425 3727 4481 per-

2131 4497 2444 4544 severanter
2498 4497 2704 4557 oretur,
2761 4498 2823 4548 ut
2876 4493 3094 4549 animus
3153 4494 3355 4552 sedula
3395 4506 3586 4553 mente
3651 4499 3724 4554 iu-

2131 4581 2317 4630 tentus
2344 4576 2416 4633 sit
2445 4593 2658 4650 semper
2714 4579 2770 4635 in
2818 4582 2920 4637 Dei
2969 4583 3164 4655 legem,
3223 4600 3286 4640 ea
3333 4585 3611 4642 meditans
3643 4587 3726 4643 die

2131 4673 2400 4740 nocteque
2457 4685 2577 4742 quae
2632 4679 2779 4729 amat
2821 4673 2986 4731 Deus.
3045 4674 3200 4732 Tunc
3261 4683 3315 4732 et
3369 4691 3470 4748 pro
3524 4675 3726 4734 sanctis

2129 4767 2361 4829 possunt
2389 4775 2571 4826 orare;
2614 4777 2725 4818 non
2757 4771 2838 4820 est
2891 4765 3039 4821 enim
3074 4763 3365 4838 indignum
3405 4774 3468 4823 ut
3497 4783 3599 4840 pro
3642 4767 3717 4823 in-

2129 4849 2308 4906 vicem
2339 4851 2579 4908 sollicita
2625 4853 2737 4910 sint
2786 4855 3061 4913 membra:
3097 4872 3198 4914 nec
3240 4860 3601 4916 temerarium
3633 4878 3722 4934 po-

2129 4943 2260 5000 terit
2281 4943 2478 5014 videri,
2511 4945 2556 5001 si
2585 4963 2683 5019 pro
2715 4948 2976 5022 magistro
3019 4951 3281 5025 discipuli
3340 4953 3530 5012 idonei
3563 4955 3725 5012 inter.

2127 5036 2354 5106 pellent,
2374 5036 2698 5110 adjuvantes
2713 5056 2864 5108 eum,
2887 5051 2950 5099 ut
2969 5045 3291 5116 postpositis
3310 5044 3724 5120 impedimentis

2129 5124 2384 5183 libertate
2430 5136 2617 5185 utatur
2671 5130 2741 5187 ad
2796 5131 3232 5204 praedicandum,
3271 5135 3420 5193 sicut
3457 5137 3718 5194 traditum

2125 5223 2206 5272 est
2232 5217 2301 5272 ab
2328 5225 2582 5288 auctore,
2621 5235 2691 5276 ne
2728 5235 2947 5292 pressus
2999 5220 3060 5278 vi
3115 5222 3574 5298 tribulationum,
3612 5228 3720 5301 ipsa

2197 5403 2314 5542 E36)
2347 5403 2504 5462 Rom.
2542 5403 2674 5460 edit.
2707 5403 2844 5484 sola,
2874 5405 3129 5462 adversus
3153 5408 3419 5488 versutia:
3447 5407 3675 5468 diaboli.

2223 5475 2313 5542 37)
2346 5476 2473 5530 Mss.
2506 5475 2735 5542 aliquot,
2787 5476 2872 5531 Stc
2906 5478 3081 5542 itaque
3119 5496 3508 5542 succmgamus.
3549 5527 3562 5539 .
3603 5528 3615 5540 .
3654 5501 3675 5537 ε

2223 5475 2313 5551 37)
2346 5476 2473 5551 Mss.
2506 5475 2735 5547 aliquot,
2787 5476 2872 5531 Sic
2906 5478 3081 5547 itaque
3119 5478 3508 5551 succingamus.
3549 5527 3562 5539 .
3603 5528 3615 5540 .
3654 5482 3723 5537 sic

2118 5547 2302 5614 parati
2329 5546 2512 5615 simus,
2550 5546 2653 5602 etc.

2197 5615 2312 5688 (38)
2345 5618 2501 5674 Rom.
2535 5617 2666 5674 edit.
2690 5618 2824 5687 sola,
2856 5620 2969 5674 oris
2994 5620 3094 5674 mei
3119 5637 3237 5676 cum
3277 5619 3546 5696 libertate,
3577 5633 3684 5683 etc.
