3908 6192
171 401 268 466 425

1202 404 1563 468 COMMENT.
1607 409 1677 465 IN
1713 403 1930 465 EPIST.
1971 405 2067 465 AD
2105 407 2397 466 PHILIPP.

3344 415 3448 472 426

170 530 460 590 formidine
500 549 735 590 acumen
781 533 1047 591 doctrina
1093 533 1384 602 obtundat,
1433 533 1631 592 amissa
1658 552 1715 593 se
1737 567 1753 578 -
1781 534 1832 594 A
1859 532 2106 606 Ephesii.
2135 533 2216 590 De
2242 533 2524 606 Apostolo,
2558 536 2687 610 quia
2731 535 2924 593 divina
2958 535 3116 594 erant
3161 553 3282 612 qua
3311 556 3446 613 age—

168 623 407 682 veritate.
454 624 676 699 Duplici
719 626 890 698 igitur
952 643 1148 699 genere
1214 645 1314 702 pro
1372 646 1428 686 se
1481 631 1746 688 orandum

168 711 443 782 hortatur;
485 724 548 771 ut
593 723 649 772 et
688 731 884 772 sensus
925 716 1046 790 ejus
1086 719 1381 791 impleatur
1427 719 1626 792 spiritu
1683 722 1752 779 ad

164 804 525 876 eloquendum
567 807 726 878 plene
753 809 1104 880 mysterium,
1136 817 1189 865 et
1219 809 1450 866 facultas
1480 810 1563 866 illi
1591 811 1752 868 detur

162 893 399 950 audaciae
430 893 488 950 in
517 896 831 965 asserenda,
861 913 1023 970 quam
1053 897 1242 971 utique
1272 915 1487 971 precem
1515 899 1752 956 libenter

160 981 315 1038 audit
342 983 527 1051 Deus;
581 983 732 1040 videt
769 985 916 1040 enim
945 987 1271 1059 legationem
1319 1005 1472 1044 suam
1504 989 1560 1044 in
1597 991 1746 1062 Apo-

159 1072 303 1128 stolo
330 1087 430 1127 suo
460 1070 692 1144 despici,
721 1073 866 1129 unde
901 1075 1091 1148 utique
1132 1075 1448 1148 indignatus
1494 1077 1551 1133 in
1585 1095 1749 1136 causa

157 1175 253 1214 sua
292 1175 404 1214 non
451 1160 672 1234 negabit
715 1163 992 1219 effectum.
1046 1163 1103 1220 Si
1134 1164 1281 1220 enim
1313 1167 1654 1224 consuetudo
1693 1175 1747 1224 et

158 1247 243 1303 lex
283 1255 366 1304 est
412 1249 601 1322 legatis
642 1249 932 1307 hominum
983 1269 1096 1309 non
1140 1253 1343 1311 inferre
1385 1255 1588 1313 exitia:
1640 1272 1748 1330 qua

157 1337 575 1409 praesumptione
603 1348 658 1396 et
685 1339 916 1396 audacia
935 1341 1128 1414 legatis
1151 1343 1248 1400 Dei
1279 1359 1390 1400 non
1411 1345 1589 1401 solum
1616 1347 1746 1401 exi-

157 1424 247 1494 tia,
291 1425 389 1482 sed
433 1435 487 1484 et
535 1445 684 1485 mors
735 1429 1046 1503 irrogaturl
1100 1431 1276 1500 Quare
1300 1443 1354 1490 et
1381 1434 1554 1491 dicit:
1603 1436 1745 1492 «Pro

156 1530 260 1588 quo
307 1517 575 1590 legatione
617 1519 816 1593 fungor
857 1521 915 1576 in
961 1528 1178 1579 catena.
1216 1548 1234 1570 ι
1277 1523 1398 1580 Non
1435 1524 1582 1580 enim
1614 1541 1746 1598 per-

155 1603 471 1662 mittebatur
510 1607 683 1664 libere
728 1609 902 1684 loqui,
947 1611 1043 1667 sed
1091 1612 1150 1667 in
1194 1611 1536 1684 subjectione
1563 1623 1617 1671 et
1655 1631 1745 1670 ne-

153 1694 398 1754 cessitate
439 1697 608 1754 verba
651 1699 752 1755 Dei
801 1701 1060 1771 referens,
1093 1704 1354 1774 vinculis,
1387 1706 1560 1779 plagis
1601 1707 1744 1764 sub—

145 1782 458 1856 jiciebatur,
510 1797 564 1845 et
615 1789 922 1847 mortibus:
973 1801 1028 1848 et
1078 1791 1352 1864 lapidatus
1391 1803 1473 1851 est
1517 1795 1664 1852 enim
1689 1803 1744 1852 et

150 1871 216 1928 ad
242 1873 444 1932 bestias
473 1879 736 1950 pugnavit
763 1878 966 1953 Ephesi
997 1882 1058 1954 (I
1085 1883 1210 1939 Cor.
1243 1899 1338 1952 xv,
1371 1884 1486 1957 32).

218 1961 398 2035 (Vers.
422 1965 510 2034 2i,
543 1965 660 2038 22.)
715 1992 734 2014 ι
765 1968 834 2025 Ut
860 1977 1044 2026 autem
1074 1971 1260 2028 sciatis
1290 1981 1344 2029 et
1390 1989 1488 2028 vos
1521 1988 1584 2029 ea
1613 1990 1736 2048 quae

150 2049 290 2106 circa
319 2067 406 2108 me
442 2063 608 2122 sunt;
641 2055 777 2128 quid
813 2074 967 2130 agam
997 2059 1154 2131 plene
1183 2069 1377 2117 notum
1426 2061 1589 2118 faciet
1626 2078 1737 2118 vo-

149 2137 229 2195 bis
273 2140 552 2214 Tychicus
597 2144 832 2203 dilectus
872 2146 1059 2216 frater,
1101 2158 1156 2206 et
1184 2149 1365 2206 ﬁdelis
1393 2150 1647 2208 minister
1676 2153 1734 2208 in

147 2229 414 2286 Domino:
449 2247 611 2305 quem
641 2234 768 2290 misi
796 2233 865 2290 ad
892 2252 992 2292 vos
1037 2237 1096 2292 in
1145 2236 1252 2294 hoc
1293 2238 1495 2311 ipsum,
1534 2249 1595 2297 ut
1631 2257 1735 2298 co-

145 2337 367 2402 gnoscat
414 2326 551 2386 251
604 2347 725 2405 quae
788 2333 935 2392 circa
979 2351 1077 2390 vos
1118 2344 1268 2405 sunt,
1315 2345 1370 2393 et
1420 2339 1737 2396 consoletur

147 2417 302 2475 corda
333 2428 533 2477 vestra.
567 2446 586 2471 ι
627 2421 732 2478 Per
765 2423 1069 2495 Tychicum
1091 2426 1317 2498 Ephesii
1351 2428 1572 2486 discunt
1601 2431 1736 2503 quid

149 2515 263 2580 agat
322 2510 643 2582 Apostolus,
693 2520 747 2568 et
793 2511 941 2570 idem
989 2516 1274 2588 cognoscit
1331 2516 1466 2590 quid
1512 2528 1736 2592 agerent

1766 1897 1814 1958 B

1858 623 1972 693 bat,
2011 623 2243 680 dubium
2277 640 2385 680 non
2415 631 2567 692 erat;
2616 625 2710 682 sed
2754 625 2860 683 hoc
2899 628 3184 685 sciendum
3222 637 3338 686 erat
3377 631 3445 687 de

1858 730 1944 780 eo,
1979 713 2112 787 quid
2159 721 2342 785 ageret
2377 713 2521 770 inter
2557 714 2814 786 perﬁdos,
2858 724 2911 772 et
2956 716 3183 775 insidias
3230 734 3440 775 eorum.

1857 805 1937 860 De
1983 801 2238 876 Ephesiis
2280 819 2411 858 vero
2459 801 2564 858 hoc
2607 803 3064 874 cognoscendum,
3105 806 3150 862 si
3203 807 3444 878 proﬁce-

1858 900 2002 960 rent,
2046 907 2238 948 necne.
2291 891 2360 947 Ut
2386 907 2514 963 ergo
2551 890 2860 959 obedirent,
2909 900 2962 948 et
2999 893 3233 949 libenter
3278 896 3442 952 audi-

1859 990 1980 1038 rent
2008 981 2177 1038 verha
2217 979 2471 1053 Tychici,
2516 979 2668 1038 hunc
2709 981 3075 1050 commendat,
3121 990 3176 1037 et
3221 983 3445 1040 fratrem

1857 1071 2025 1128 istum
2085 1069 2510 1127 dilectissimum
2587 1087 2812 1140 vocans,
2879 1078 2933 1126 et
2983 1071 3299 1128 ministrum
3347 1074 3446 1129 Dei

1856 1159 2114 1216 idoneum
2125 1203 2137 1216 .

1942 1276 1960 1298 ι
1989 1251 2101 1306 Pax
2131 1251 2414 1320 fratribus,
2446 1259 2500 1307 et
2528 1250 2766 1308 charitas
2797 1267 2921 1309 cum
2961 1251 3068 1309 ﬁde
3097 1269 3128 1309 a
3156 1253 3270 1309 Deo
3288 1253 3448 1310 Patre

1854 1349 2064 1410 nostro,
2118 1349 2172 1398 et
2223 1341 2462 1398 Domino
2519 1341 2648 1398 Jesu
2699 1341 2938 1400 Christo.
2994 1367 3011 1390 ι
3074 1342 3268 1398 Pacem
3328 1359 3449 1416 quae

1853 1439 1936 1486 est
1985 1429 2157 1502 janua
2205 1429 2543 1500 dilectionis,
2582 1439 2735 1504 optat
2797 1448 2913 1488 esse
2967 1449 3093 1490 cum
3162 1432 3444 1503 fratribus,

1854 1529 1908 1577 et
1958 1520 2284 1578 charitatem
2335 1538 2462 1578 cum
2510 1521 2656 1590 ﬁde;
2708 1529 2770 1578 ut
2813 1521 3043 1595 ingressi
3088 1538 3184 1594 per
3232 1539 3444 1595 pacem,

1832 1606 2067 1681 possint
2103 1626 2322 1667 manere
2357 1611 2415 1666 in
2458 1610 2745 1679 charitate,
2777 1627 2897 1684 quae
2927 1620 3010 1668 est
3051 1627 3120 1667 ex
3151 1611 3280 1668 ﬁde.
3321 1613 3450 1671 Haec

1853 1713 1936 1763 est
1982 1707 2132 1762 enim
2170 1707 2270 1764 Dei
2321 1707 2498 1764 Patris
2543 1715 2597 1766 et
2643 1707 2774 1765 Filii
2831 1707 2950 1780 ejus
2998 1709 3224 1765 Domini
3271 1709 3446 1766 nostri

1851 1794 1978 1851 Jesu
2016 1794 2244 1853 Christi.

1933 1919 1952 1944 ι
1993 1894 2182 1952 Gratia
2225 1911 2351 1952 cum
2399 1894 2659 1952 omnibus
2705 1896 2799 1969 qui
2850 1897 3094 1970 diligunt
3145 1898 3442 1955 Dominum

1844 1992 2093 2042 nostrum
2125 1985 2307 2042 Iesum
2335 1984 2620 2044 Christum
2652 1988 2712 2043 in
2738 1989 3173 2059 incorruptione.
3206 1991 3430 2045 Amen.-

1843 2076 2109 2134 Praescius
2180 2078 2478 2151 Apostolus
2569 2081 2772 2137 multos
2847 2081 3065 2139 futuros
3145 2081 3442 2155 desperatae

1843 2166 1971 2223 ﬁdei
2045 2185 2264 2226 sensum
2320 2170 2583 2228 habentes
2649 2170 2716 2227 de
2771 2173 3009 2230 Domino
3061 2181 3252 2230 nostro
3313 2174 3442 2232 Jesu

1843 2254 2084 2327 Christo,
2142 2275 2269 2316 cum
2326 2259 2395 2316 iis
2451 2268 2711 2316 aeternam
2764 2262 2992 2334 gratiam
3065 2261 3202 2320 dicit
3274 2279 3444 2320 man-

1840 2359 2024 2400 suram
2054 2346 2150 2418 qui
2174 2346 2414 2419 diligunt
2441 2348 2746 2417 Christum,
2784 2359 2927 2407 recte
2955 2349 3022 2407 de
3053 2351 3173 2419 illo,
3205 2360 3259 2409 et
3313 2370 3438 2410 cum

1842 2432 1942 2487 Dei
1989 2433 2164 2490 Patris
2224 2437 2510 2493 voluntate
2556 2439 2886 2508 sentientes;
2937 2439 3035 2513 qui
3083 2441 3230 2496 enim
3271 2442 3444 2515 dege—

1843 2537 2034 2578 nerem
2063 2523 2214 2580 hunc
2243 2524 2458 2595 dicunt,
2489 2526 2615 2584 data
2644 2527 2760 2583 illis
2798 2529 2971 2600 gratia
2999 2530 3298 2588 auferetur.

152 2658 3430 2698 ——_._________.____.___________________

293 2815 422 2903 1N
499 2815 1271 2908 EPISTOLAM
1340 2820 1446 2907 B.
1525 2821 1926 2909 PAULI
1989 2825 2152 2913 AD
2224 2828 3277 2922 PHILIPPENSES.

738 3140 1016 3201 PROLOG
1029 3142 1128 3200 US.

210 3245 655 3324 Philippensibus
696 3249 929 3307 verbum
976 3249 1105 3306 ﬁdei
1135 3251 1434 3322 Apostolus
1461 3251 1727 3323 tradidit;

150 3341 348 3398 somnio
375 3342 532 3398 enim
566 3341 810 3398 monitus
837 3349 939 3409 est,
973 3340 1117 3398 sicut
1142 3340 1460 3398 continetur
1490 3341 1547 3398 in
1577 3342 1732 3398 Actis

147 3431 508 3501 apostolorum
545 3433 690 3503 (Act.
723 3447 844 3499 xvr,
874 3431 956 3501 9),
1005 3438 1070 3486 ut
1117 3430 1400 3488 accederet
1424 3430 1494 3487 ad
1535 3447 1648 3496 eos,
1679 3439 1733 3486 et

146 3519 363 3589 aperiret
407 3536 575 3578 aures
621 3536 811 3577 eorum
869 3519 938 3576 ad
984 3520 1366 3594 recipiendum
1423 3536 1730 3578 sermonem

146 3607 371 3668 Domini.
403 3610 601 3669 Multis
628 3627 756 3684 ergo
779 3610 976 3668 diebus
1003 3619 1376 3668 commoratus
1422 3609 1566 3683 apud
1617 3627 1728 3680 eos,

146 3694 396 3757 instruxit
417 3699 644 3758 eosdem
675 3701 734 3756 in
774 3699 1030 3758 doctrina
1060 3699 1306 3756 Domini.
1350 3700 1424 3756 Et
1451 3701 1581 3773 quia
1610 3709 1732 3773 post

146 3798 341 3843 cessum
403 3789 530 3862 ejus
581 3805 692 3864 nop
747 3797 879 3846 sunt
931 3789 1183 3847 translati
1227 3788 1296 3844 ad
1366 3789 1540 3858 aliud,
1586 3790 1730 3847 sicut

147 3871 370 3935 Galatae:
417 3878 520 3936 sed
567 3888 988 3952 permanserunt
1017 3879 1077 3936 in
1104 3878 1233 3948 ﬁde,
1265 3895 1376 3935 non
1403 3879 1732 3952 recipientes

148 3965 651 4041 pseudoapostolos;
684 3986 780 4043 per
809 3969 1096 4041 epistolam
1125 3969 1404 4026 collaudat
1447 3984 1561 4038 eos,
1604 3987 1728 4043 gau-

149 4047 270 4108 dens
311 4055 368 4111 in
409 4057 693 4131 proposito
743 4057 926 4115 cordis
981 4073 1193 4115 eorum.
1240 4059 1303 4114 In
1340 4057 1538 4116 horum
1569 4057 1729 4116 laude

147 4139 368 4200 aliorum
433 4146 768 4219 vituperatio
829 4147 1181 4204 continetur:
1256 4147 1534 4206 Corinthii
1579 4149 1728 4206 enim

149 4231 314 4288 multo
342 4241 595 4304 tempore
625 4233 910 4292 audientes
939 4237 1288 4309 Apostolum,
1332 4236 1618 4295 recedente
1641 4255 1728 4309 eo,

147 4333 173 4373 a
210 4321 450 4378 diversis
497 4323 968 4398 pseudoapostolis
1031 4327 1252 4384 fuerant
1303 4327 1516 4385 eversi:
1583 4329 1729 4387 unde

149 4405 228 4464 isti
249 4408 379 4482 jure
405 4410 722 4469 laudantur.

673 4542 905 4604 CAPUT
927 4543 1220 4605 PRIMUM.

211 4647 388 4721 (Vers.
420 4651 501 4726 1.)
548 4679 566 4704 ι
594 4652 797 4712 Paulus
825 4663 880 4712 et
908 4655 1230 4714 Timotheus
1256 4656 1402 4714 servi
1424 4657 1550 4714 Jesu
1571 4656 1726 4716 Chri-

151 4737 229 4794 sti.
257 4765 276 4789 ι
337 4745 669 4817 Apostolum
714 4763 772 4804 se
818 4754 980 4818 tacet,
1025 4748 1156 4822 quia
1199 4749 1268 4806 iis
1311 4748 1506 4807 scribit
1534 4749 1629 4823 qui
1659 4747 1727 4804 de

151 4823 237 4882 illo
263 4841 406 4890 recta
436 4837 739 4908 sentirent;
775 4837 900 4895 ideo
940 4837 1262 4912 dignitatem
1305 4856 1460 4896 suam
1499 4838 1729 4912 suppri-

151 4919 260 4992 mit,
303 4935 418 4982 erat
465 4928 614 4985 enim
664 4929 753 4986 bis
805 4929 1134 4989 manifesta:
1180 4931 1556 4990 conditionem
1597 4948 1727 4988 vero

151 5005 368 5084 fatetur;
419 5017 551 5090 quia
597 5019 691 5094 qui
738 5019 1023 5078 Christum
1070 5021 1367 5079 conﬁtetur
1412 5021 1725 5090 dominum,

151 5093 228 5154 his
263 5107 432 5178 magis
473 5093 619 5166 liberi
659 5119 760 5181 est,
809 5119 865 5169 et
903 5112 1069 5170 habet
1094 5115 1350 5170 salutem.
1395 5139 1413 5164 ι
1457 5113 1728 5171 Omnibus

151 5195 335 5252 sanctis
363 5197 419 5253 in
463 5198 686 5258 Christo
714 5202 861 5262 Jesu.
895 5229 915 5253 ι
959 5205 1173 5263 Sanctis
1201 5204 1395 5262 scribit
1423 5220 1576 5261 more
1604 5221 1724 5273 suo,

151 5278 232 5335 sed
267 5283 356 5355 qui
387 5285 444 5342 in
463 5287 685 5346 Christo
703 5291 830 5348 Iesu
849 5294 1024 5348 sancti
1044 5301 1194 5361 sunt,
1217 5292 1275 5348 id
1304 5300 1405 5361 est,
1429 5293 1522 5366 qui
1548 5294 1724 5348 Deum

151 5372 197 5450 ει
246 5367 523 5432 hominem
583 5378 864 5437 Christum
916 5380 1194 5450 fatentur;
1258 5381 1530 5437 Photinus
1575 5380 1723 5437 enim

151 5449 411 5541 Christum
461 5465 635 5522 Deum
682 5475 862 5541 negat,
911 5476 966 5526 et
1011 5449 1348 5527 Manichacus
1399 5468 1720 5527 hominem:

154 5537 364 5620 ideoque
407 5551 686 5613 immundi
737 5537 887 5614 sunt.
931 5557 1056 5614 Non
1101 5574 1232 5631 ergo
1281 5558 1351 5614 iis
1378 5558 1597 5624 scribit.
1629 5557 1724 5630 qui

154 5635 429 5696 mendaciis
475 5646 715 5717 propriis
760 5646 1114 5719 supprimunt
1166 5647 1476 5704 veritatem.
1550 5672 1568 5694 ι
1619 5647 1724 5714 Qui

153 5727 263 5778 sunt
309 5726 598 5804 Philippis.
635 5761 650 5782 -
693 5735 905 5803 Quibus
941 5736 1165 5804 scribat,
1196 5735 1490 5810 signiﬁcat.
1537 5759 1556 5785 ‹
1585 5734 1721 5793 Cum

378 5829 619 5891 Paraon.
659 5834 815 5893 XVII

1760 3129 1805 3191 C
1835 3127 2106 3202 episcopis
2161 3139 2214 3188 et
2246 3130 2600 3203 diaconibus;
2635 3161 2654 3186 ο
2711 3136 2817 3194 hoc
2843 3146 2945 3207 est,
2995 3155 3121 3198 cum
3172 3141 3346 3198 Paulo
3377 3150 3432 3200 et

1840 3217 2153 3290 Timotheo,
2179 3222 2274 3294 qui
2308 3225 2497 3296 utique
2533 3225 2772 3298 episcopi
2822 3237 3014 3296 erant;
3046 3232 3212 3286 simul
3245 3233 3430 3304 signi-

1839 3307 2028 3368 ﬁcavit
2053 3319 2107 3366 et
2134 3309 2416 3378 diaconos,
2448 3313 2540 3385 qui
2578 3314 2968 3372 ministrabant
2997 3318 3066 3373 ei.
3101 3318 3185 3373 Ad
3216 3319 3427 3390 plebem

1840 3399 1988 3454 enim
2033 3399 2264 3468 scribit;
2298 3418 2424 3458 nam
2455 3402 2501 3459 si
2530 3404 2801 3477 episcopis
2830 3405 3114 3474 scriberet,
3147 3415 3202 3462 et
3231 3407 3436 3465 diaco-

1841 3487 2026 3556 nibus,
2063 3488 2132 3544 ad
2179 3505 2437 3562 personas
2478 3507 2668 3547 eorum
2699 3493 2979 3563 scriberet,
3030 3503 3084 3552 et
3128 3496 3232 3553 loci
3264 3495 3438 3568 ipsius

1839 3577 2096 3649 episcopo
2133 3577 2484 3635 scribendum
2533 3590 2668 3650 erat,
2712 3598 2822 3638 non
2852 3583 3086 3652 duobus,
3120 3584 3206 3640 vel
3234 3585 3432 3654 tribus,

1837 3663 1981 3721 sicut
2009 3673 2062 3722 et
2089 3665 2159 3722 ad
2191 3667 2376 3724 Titum
2409 3677 2463 3725 et
2494 3669 2867 3729 Timotheum.

1911 3754 2094 3828 (Vers.
2126 3754 2208 3827 2.)
2255 3782 2273 3806 ι
2307 3756 2494 3814 Gratia
2540 3759 2699 3816 vobis
2753 3768 2807 3817 et
2860 3777 2967 3834 pax
3022 3779 3053 3818 a
3104 3764 3218 3819 Deo
3275 3765 3433 3820 Patre

1838 3851 2050 3913 nostro,
2095 3853 2150 3901 et
2188 3847 2426 3903 Domino
2454 3847 2581 3904 Jesu
2629 3847 2872 3906 Christo.
2914 3874 2931 3897 ι
2971 3850 3322 3906 Manifestum
3351 3859 3434 3907 est

1836 3934 2010 3990 Deum
2041 3942 2250 4008 patrem
2280 3953 2417 4005 esse,
2449 3936 2730 3995 Christum
2761 3953 2892 3993 vero
2918 3939 3102 3993 Jesum
3132 3938 3432 3995 Dominum

1837 4031 2108 4079 nostrum.
2157 4023 2438 4097 Numquid
2467 4041 2578 4080 non
2608 4024 2829 4082 videtur
2871 4027 2994 4098 plus
3030 4025 3289 4083 dominus
3317 4042 3433 4083 esse

1837 4125 2002 4183 quam
2050 4112 2249 4184 pater?
2293 4112 2398 4169 Sed
2445 4113 2590 4169 inter
2631 4113 2882 4171 homines
2911 4115 2970 4170 in
3010 4113 3251 4172 mundo:
3285 4117 3431 4190 apud

1837 4202 2014 4259 Deum
2056 4219 2186 4260 vero
2232 4204 2472 4274 Patrem,
2510 4213 2566 4262 et
2610 4205 2756 4280 apud
2805 4206 3090 4264 Christum
3137 4206 3426 4266 dominum

1836 4291 2134 4356 concordia
2166 4300 2266 4350 est.
2313 4294 2416 4353 Hic
2453 4294 2623 4366 enim,
2674 4295 2782 4354 hoc
2809 4305 2908 4366 est,
2956 4297 3015 4353 in
3044 4297 3274 4368 mundo,
3302 4298 3428 4356 ideo

1837 4391 1962 4465 plus
1990 4399 2072 4448 est
2115 4391 2376 4471 dominus
2426 4411 2590 4469 quam
2636 4406 2828 4470 pater;
2861 4398 2991 4472 quia
3034 4405 3129 4454 aut
3163 4405 3219 4454 et
3253 4398 3427 4470 ipsius

1759 4491 1809 4552 ι)
1838 4480 2008 4552 patris
2036 4480 2297 4541 dominus
2337 4493 2440 4551 est,
2487 4494 2582 4543 aut
2611 4494 2764 4560 pater
2790 4485 2967 4544 ﬁlium
2996 4504 3108 4544 non
3147 4503 3258 4544 sua)
3282 4503 3431 4544 con-

1835 4569 2064 4628 ditionis
2114 4584 2354 4645 generat,
2403 4575 2499 4632 sed
2542 4577 2768 4635 alienas:
2811 4579 2958 4634 Deus
3005 4585 3188 4633 autem
3217 4577 3298 4632 sic
3326 4593 3430 4646 ge-

1835 4661 1978 4729 nuit,
2010 4669 2072 4718 ut
2118 4661 2177 4719 in
2206 4672 2474 4737 potestate
2501 4664 2619 4738 ejus
2647 4667 2761 4723 sint
2787 4683 2924 4738 quos
2955 4664 3168 4737 genuit;
3221 4671 3284 4718 ut
3311 4663 3427 4719 nati

1833 4746 2081 4822 ingenui,
2133 4753 2278 4809 servi
2326 4761 2510 4809 tamen
2567 4753 2686 4823 ejus
2727 4755 2871 4810 sint:
2921 4771 3047 4811 cum
3095 4753 3197 4807 hos
3255 4751 3429 4806 tradit

1835 4837 2056 4908 proprio
2110 4840 2274 4908 Filio,
2321 4839 2455 4896 facit
2508 4840 2636 4895 illos
2693 4841 2858 4897 etiam
2914 4857 3100 4896 servos
3155 4837 3284 4893 Filii
3318 4840 3424 4908 sui,

1834 4931 1898 4980 ut
1941 4925 2015 4980 sit
2053 4924 2310 4981 dominus
2362 4943 2574 4994 eorum,
2626 4930 2770 4983 sicut
2823 4928 2995 4984 dicit:
3053 4926 3232 4995 Pater,
3292 4944 3429 5002 quos

1835 5011 2036 5070 dedisti
2065 5013 2224 5082 mihi,
2256 5013 2338 5068 tui
2369 5023 2525 5070 erant
2555 5013 2736 5085 (Joan.
2768 5031 2909 5085 xvn,
2937 5016 3021 5087 9),
3052 5024 3105 5072 et
3138 5015 3274 5072 mihi
3335 5035 3429 5074 eos

1834 5102 2035 5160 dedisti
2059 5120 2074 5170 ;
2107 5111 2170 5159 ut
2198 5103 2256 5159 in
2281 5103 2440 5160 Patre
2464 5111 2517 5159 et
2543 5104 2685 5160 Filio
2713 5106 2858 5162 servi
2892 5107 3005 5163 sint
3034 5107 3134 5164 Dei
3164 5108 3351 5166 unius.

1910 5196 2086 5269 (Vers.
2137 5196 2190 5266 3,
2238 5195 2291 5266 4,
2321 5196 2403 5268 5.)
2459 5223 2477 5244 ι
2507 5198 2621 5271 Ego
2650 5198 2873 5272 quidem
2891 5201 3093 5273 gratias
3117 5219 3216 5276 ago
3241 5205 3426 5260 Domi-

1833 5302 1906 5342 no
1935 5302 2099 5359 super
2145 5285 2298 5343 omni
2346 5287 2611 5344 memoria
2652 5291 2842 5358 vestri,
2893 5307 3108 5364 semper
3161 5291 3219 5348 in
3273 5293 3424 5348 omni

1833 5375 2082 5433 oratione
2118 5393 2236 5433 mea
2284 5392 2382 5450 pro
2427 5377 2686 5436 omnibus
2720 5379 2878 5436 vobis
2903 5396 3030 5436 cum
3063 5382 3264 5455 gaudio
3294 5399 3427 5439 ora—

1831 5462 2038 5522 tionem
2084 5465 2313 5535 faciens,
2364 5482 2528 5538 super
2579 5468 3079 5528 communicatione
3139 5480 3321 5528 vestra
3368 5472 3426 5527 in

1831 5555 2154 5628 Evangelio.
2185 5581 2206 5606 ι
2248 5555 2498 5612 Primum
2527 5557 2751 5630 quidem
2788 5557 3028 5614 Domino
3059 5560 3262 5633 gratias
3289 5561 3426 5632 agit,

1831 5643 1989 5715 cujus
2045 5652 2187 5700 nutu
2232 5660 2492 5716 prospera
2536 5647 2725 5705 omnia
2771 5645 2978 5706 cedunt
3035 5649 3314 5708 ﬁdelibus.
3367 5647 3426 5702 In

1831 5734 1984 5792 omni
2038 5735 2286 5790 oratione
2340 5750 2440 5790 sua
2501 5753 2708 5794 memor
2783 5754 2973 5796 eorum
3047 5758 3174 5800 cum
3233 5734 3429 5792 exsul-

3034 5842 3103 5897 ﬂ.
