3908 6192
424 370 532 440 427

1443 372 1537 431 ΑΙ)
1577 370 1809 431 OPERA
1853 375 1908 430 S.
1953 373 2284 432 AMBROSlI
2325 365 2699 428 APPENDIX.

3627 365 3736 431 428

426 506 658 574 tatione,
702 503 849 579 quod
896 504 1190 577 participes
1235 503 1365 559 facti
1395 503 1506 557 sint
1531 499 1840 572 Evangelii,
1873 501 2018 558 sicut
2045 503 2095 562 Α
2130 501 2328 556 timore
2375 497 2604 553 verbum
2644 497 2743 554 Dei
2792 496 2966 570 loqui.
3013 496 3127 552 Alii
3158 494 3387 569 quidem
3422 504 3480 553 et
3509 507 3742 572 propter

423 595 618 654 Petrus
660 595 958 668 apostolus,
1009 594 1155 649 inter
1200 601 1396 648 caetera
1442 591 1630 646 dicens
1664 607 1676 644 :
1722 615 1738 636 ι
1773 590 1842 646 Ut
1879 591 2020 658 sitis,

429 686 634 760 inquit,
661 693 939 742 consortes
969 683 1174 738 divinae
1205 690 1414 737 naturas
1465 682 1554 753 (II
1597 682 1740 738 Petr.
1795 698 1832 750 ι,
1878 681 1958 753 4).
1991 707 2010 730 ι

512 799 531 824 ι
569 777 618 832 Α
663 775 841 846 prima
893 771 982 827 die
1039 787 1206 843 usque
1255 788 1421 827 nunc.
1473 795 1491 817 ι
1557 771 1819 826 Praavidit
1873 772 2021 826 enim

425 864 722 936 Apostolus
759 860 1108 916 devotionem
1141 859 1386 928 illorum,
1414 868 1467 916 et
1495 859 1658 915 ﬁdem
1697 869 1866 916 ratam
1903 859 2020 932 (39)

425 969 496 1010 ex
548 950 685 1023 ipsis
732 948 1049 1023 principiis,
1093 956 1148 1005 et
1204 950 1423 1022 gavisus
1466 957 1547 1006 est
1592 950 1650 1006 in
1679 951 1778 1019 eis,
1810 967 2022 1024 semper

426 1040 606 1100 sciens
633 1056 726 1096 eos
752 1040 944 1096 multis
972 1039 1227 1112 exemplo
1256 1056 1371 1096 esse
1401 1039 1633 1095 futuros.

508 1134 654 1194 252
706 1138 890 1211 (Vers.
924 1137 977 1207 6,
1037 1136 1118 1209 7.)
1162 1161 1180 1185 ι
1213 1137 1506 1194 Conﬁdens
1550 1138 1607 1193 in
1656 1137 1762 1194 hoc
1813 1138 2017 1209 ipsum,

425 1228 575 1304 quod
617 1227 712 1300 qui
744 1226 1028 1284 inchoavit
1056 1224 1113 1280 in
1159 1225 1319 1282 vobis
1347 1243 1486 1299 opus
1513 1225 1742 1292 bonum,
1776 1227 2020 1299 perﬁciet

423 1334 597 1392 usque
645 1317 704 1372 in
751 1315 897 1372 diem
945 1314 1153 1372 Christi
1182 1316 1328 1384 Jesu,
1360 1316 1502 1372 sicut
1534 1323 1615 1371 est
1633 1315 1845 1386 justum
1879 1315 2016 1371 mihi

421 1408 544 1466 haec
572 1408 775 1465 sentire
808 1422 907 1478 pro
937 1405 1196 1462 omnibus
1236 1405 1428 1473 vobis;
1482 1421 1546 1461 eo
1592 1406 1739 1478 quod
1787 1405 2015 1462 habeam

423 1517 525 1558 vos
552 1501 609 1556 in
637 1498 802 1556 corde
839 1506 891 1554 et
921 1497 978 1553 in
1009 1497 1249 1554 vinculis
1273 1498 1430 1566 meis,
1451 1497 1579 1554 etin
1607 1498 1673 1554 de
1699 1499 1944 1556 fensione
1965 1509 2018 1558 et

425 1590 846 1651 conﬁrmatione
901 1588 1230 1661 Evangelii;
1302 1590 1561 1662 quoniam
1630 1607 1820 1664 omnes
1877 1591 2014 1646 mihi

423 1682 722 1757 participes
778 1679 962 1754 gaudii
1011 1679 1160 1736 estis.
1194 1703 1212 1726 ι
1258 1679 1493 1737 Securus
1545 1680 1613 1735 de
1661 1681 1905 1738 bonitate
1962 1690 2016 1737 et

419 1770 640 1845 justitia
665 1770 787 1838 Dei,
819 1776 874 1825 et
906 1767 973 1824 de
1003 1768 1201 1824 horum
1230 1769 1338 1824 ﬁde
1368 1786 1479 1824 non
1510 1769 1813 1841 ambigens,
1847 1771 2014 1828 conﬁ-

2133 588 2400 644 invidiam
2432 598 2487 645 et
2527 587 2967 644 contentionem:
3004 585 3226 659 quidam
3257 603 3392 642 vero
3421 596 3478 643 et
3507 598 3740 661 propter

2131 678 2328 733 bonam
2349 678 2687 733 voluntatem
2711 676 2994 734 Christum
3015 675 3334 748 praedicant.
3359 676 3475 732 Alii
3509 677 3736 750 quidem

2131 785 2199 825 ex
2219 769 2504 838 charitate,
2535 769 2770 826 scientes
2790 767 3010 842 quodin
3038 767 3413 823 defensionem
3442 768 3736 841 Evangelii

2130 859 2342 930 positus
2379 875 2536 914 sum:
2572 858 2745 930 aliqui
2784 873 2917 912 vero
2960 872 3030 913 ex
3059 857 3412 912 contentione
3446 857 3734 915 Christum

2129 948 2484 1017 annuntiant,
2508 965 2616 1003 non
2646 947 2976 1019 simpliciter
3004 946 3386 1003 existimantes
3417 947 3571 1020 quod
3592 965 3733 1020 pres-

2128 1055 2310 1094 suram
2339 1039 2606 1095 suscitent
2636 1038 2877 1094 vinculis
2916 1037 3071 1093 meis.
3106 1061 3124 1084 ι
3170 1036 3295 1094 Haec
3344 1039 3735 1111 explanatione

2128 1143 2238 1182 non
2279 1128 2569 1200 indigent;
2621 1135 2824 1196 tamen,
2872 1134 3093 1200 propter
3130 1126 3573 1184 sollicitudinem
3630 1145 3737 1185 no-

2127 1226 2319 1284 stram,
2352 1233 2421 1272 ne
2460 1232 2568 1289 qua
2598 1218 2655 1272 in
2687 1217 2918 1272 dubium
2950 1217 3196 1285 veniant,
3228 1233 3324 1288 per
3361 1216 3623 1274 ordinem
3679 1233 3736 1274 ea

2125 1307 2368 1379 apertius
2400 1322 2812 1379 prosequamur.
2844 1306 3122 1374 Quoniam
3165 1305 3418 1378 superius
3440 1307 3736 1380 participes

2125 1396 2226 1452 hos
2257 1396 2438 1468 gaudii
2471 1397 2556 1453 sui
2606 1395 3014 1469 pronuntiavit,
3076 1396 3200 1452 ideo
3250 1396 3386 1469 quid
3442 1397 3734 1469 profecerit

2124 1486 2440 1559 praedicatio
2469 1487 2588 1559 ejus
2616 1487 2882 1557 insinuat,
2917 1490 3079 1560 quasi
3108 1486 3316 1554 charis;
3345 1488 3424 1544 ita
3451 1497 3517 1545 ut
3545 1488 3735 1544 omni-

2123 1576 2226 1633 bus
2248 1576 2591 1634 innotuerint
2621 1577 2898 1649 passiones
2924 1576 3052 1648 ejus
3071 1593 3170 1650 pro
3192 1576 3434 1636 Christo.
3469 1578 3574 1634 Per
3591 1578 3731 1634 hanc

2125 1665 2496 1723 humilitatem
2523 1668 2822 1740 gloriosum
2851 1684 2908 1724 se
2931 1667 3172 1738 indicat,
3206 1676 3274 1724 ut
3300 1669 3539 1726 habeant
3568 1685 3736 1726 occa-

2124 1756 2336 1812 sionem
2365 1756 2639 1828 gaudendi
2678 1765 2948 1814 amatores
2991 1757 3146 1831 ejus;
3183 1760 3313 1832 quia
3331 1758 3489 1831 cujus
3514 1759 3738 1816 vincula

425 1859 511 1917 dit
539 1859 688 1932 quod
716 1858 817 1916 Dei
858 1857 1085 1916 auxiliis
1120 1858 1317 1930 adjuti,
1367 1859 1768 1930 perseveraturi
1805 1859 1917 1916 sint
1965 1861 2021 1918 in
2049 1872 2096 1934 Β
2129 1849 2186 1904 in
2230 1847 2454 1906 Christo
2496 1849 2940 1919 manifestantur,
2983 1850 3228 1923 dignitas
3254 1849 3369 1922 ejus
3415 1851 3734 1910 crebrescit.

426 1948 536 2006 ﬁde
589 1963 763 2021 usque
819 1947 889 2004 ad
937 1947 1084 2004 diem
1133 1947 1380 2016 Domini,
1413 1949 1469 2003 in
1500 1964 1608 2021 quo
1638 1949 2025 2005 remunerandi

426 2047 560 2097 sunt
596 2039 945 2112 persistentes
992 2038 1050 2094 in
1089 2037 1216 2094 ﬁde.
1271 2039 1379 2094 Nec
1420 2037 1570 2093 aliud
1619 2037 1811 2094 debuit
1843 2039 1911 2096 de
1939 2039 2027 2096 his

425 2128 654 2198 sentire,
686 2145 824 2202 quos
866 2143 1080 2200 semper
1129 2125 1463 2183 inﬂexibiles
1509 2126 1566 2182 in
1594 2126 1888 2185 devotione
1925 2129 2025 2186 Dei

427 2225 687 2290 expertus
713 2224 814 2286 est,
848 2224 959 2272 tam
989 2215 1260 2272 directum
1286 2221 1340 2271 et
1371 2214 1770 2287 infatigabilem
1802 2233 2024 2274 cursum

428 2325 618 2367 eorum
640 2308 854 2375 videns,
889 2315 951 2364 ut
978 2307 1242 2380 cogitaret
1268 2306 1464 2379 dignos
1509 2305 1610 2364 hos
1639 2307 1743 2364 sibi
1790 2307 2027 2381 partici-

427 2414 524 2474 pes
557 2397 741 2472 gaudii
770 2413 905 2454 esse.
937 2397 1113 2454 Unius
1145 2397 1292 2452 enim
1324 2397 1451 2453 ﬁdei
1482 2397 1736 2454 homines
1774 2414 2024 2470 congau-

428 2487 558 2546 dere
600 2496 816 2561 oportet
861 2487 929 2544 de
977 2502 1072 2559 spe
1111 2486 1310 2544 futurae
1341 2487 1775 2546 immortalitatis
1813 2496 1866 2544 et
1900 2489 2027 2560 glo-

428 2593 546 2636 riae.

505 2666 688 2740 (Vers.
722 2667 804 2739 8.)
853 2691 870 2715 ι
900 2666 1076 2723 Testis
1105 2667 1252 2723 enim
1286 2667 1425 2723 mihi
1466 2674 1548 2723 est
1576 2667 1739 2734 Deus,
1773 2666 2027 2739 quemad-

431 2757 658 2813 modum
705 2755 1010 2812 desiderem
1050 2773 1240 2813 omnes
1300 2773 1399 2813 vos
1450 2757 1509 2811 in
1561 2755 1868 2812 visceribus
1903 2755 2029 2811 Jesu

431 2844 662 2904 Christi.
713 2869 731 2892 ι
787 2845 961 2898 Deum
1010 2851 1262 2911 testatur,
1296 2853 1358 2899 ut
1389 2845 1644 2900 aﬁ‘ectum
1684 2843 2031 2900 commendet

428 2931 567 3003 justi
604 2930 762 3001 (1&0);
816 2930 910 3002 qui
959 2931 1105 2985 enim
1158 2931 1395 2987 multum
1435 2932 1502 2988 de
1534 2933 1721 3004 aliquo
1750 2931 1940 3002 sentit,
1969 2941 2031 2990 ut

431 3017 700 3079 credibile
735 3016 841 3074 hoc
869 3017 1052 3086 faciat,
1087 3018 1442 3075 testiﬁcatur:
1493 3037 1588 3092 per
1629 3021 1776 3094 quod
1805 3031 1858 3078 et
1895 3039 2032 3094 pro-

433 3116 597 3167 vocat
643 3105 978 3164 desiderium
1037 3105 1263 3162 illorum
1319 3122 1446 3179 erga
1493 3125 1584 3177 se,
1630 3115 1692 3164 ut
1739 3109 2031 3167 desiderati

435 3197 766 3257 desiderent.
800 3197 1086 3254 Desiderat
1114 3214 1244 3271 ergo
1276 3213 1466 3254 omnes
1516 3197 1616 3254 hos
1643 3215 1755 3255 non
1789 3197 2032 3257 humana

432 3290 759 3364 cupiditate,
792 3287 886 3345 sed
904 3288 962 3345 in
991 3305 1177 3345 amore
1206 3287 1436 3358 Christi,
1468 3305 1579 3344 non
1600 3289 1780 3346 carnis
1808 3290 2026 3359 aﬂ‘ectu,

433 3381 528 3440 sed
558 3381 824 3454 spiritus;
864 3388 926 3437 ut
954 3381 1248 3453 participes
1295 3380 1397 3436 hos
1430 3379 1625 3438 habeat
1671 3388 1725 3438 et
1772 3382 1830 3438 in
1867 3399 2030 3438 sensu

434 3470 688 3544 mysterii
717 3468 1048 3538 divinitatis,
1079 3477 1133 3526 et
1159 3470 1556 3528 incarnationis
1583 3472 1807 3528 Domini
1855 3471 2030 3528 nostri

434 3558 463 3614 ,ἶ
468 3572 563 3612 esu
597 3556 824 3612 Christi.

512 3643 696 3717 (Vers.
727 3645 782 3712 9,
816 3642 901 3712 10,
935 3643 1049 3716 ii.)
1089 3667 1108 3692 ι
1137 3644 1210 3700 Et
1229 3643 1337 3702 hoc
1364 3662 1462 3702 oro
1486 3655 1548 3703 ut
1575 3646 1814 3705 charitas
1851 3654 2033 3704 vestra

437 3733 614 3806 magis
673 3731 954 3807 magisque
1009 3733 1252 3790 abundet
1305 3734 1364 3790 in
1419 3735 1700 3808 agnitione
1767 3746 1821 3794 et
1879 3737 2030 3794 omni

435 3840 620 3895 sensu,
650 3832 713 3882 ut
743 3825 984 3900 probetis
1012 3843 1132 3900 quae
1171 3835 1302 3883 sunt
1329 3827 1522 3884 utilia:
1556 3837 1618 3886 ut
1665 3829 1786 3886 sitis
1832 3829 2033 3888 sinceri

437 3921 493 3973 et
521 3914 779 3972 inoffeusi
829 3915 886 3972 in
915 3914 1064 3972 diem
1094 3915 1324 3986 Christi,
1359 3917 1551 3990 repleti
1589 3917 1773 3975 fructu
1797 3918 2030 3991 justitiae

436 4019 536 4076 per
581 4004 769 4061 Iesum
819 4005 1102 4064 Christum
1149 4005 1206 4062 in
1237 4006 1467 4081 gloriam
1515 4015 1568 4064 et
1599 4007 1817 4065 laudem
1847 4008 1969 4066 Dei.
1999 4035 2018 4057 ι

437 4091 556 4147 Deo
584 4092 857 4164 adjutore,
905 4095 1157 4151 ordinem
1204 4095 1511 4170 disciplinae
1566 4097 1882 4155 christiana
1911 4099 2034 4154 vult

439 4193 535 4234 eos
563 4177 810 4235 imbuere
834 4199 847 4248 ;
877 4190 938 4236 ut
965 4183 1095 4254 quia
1131 4183 1330 4241 ﬁrmati
1365 4184 1425 4240 in
1467 4185 1574 4242 ﬁde
1603 4193 1753 4255 sunt,
1782 4202 1894 4244 non
1922 4187 2035 4244 sint

440 4269 617 4326 nescii
666 4271 994 4327 sacramenti
1041 4273 1383 4330 credulitatis
1430 4293 1573 4332 suae:
1607 4285 1662 4333 et
1690 4279 1923 4336 scientes
1952 4280 2031 4336 di-

441 4376 691 4418 scernere
710 4361 873 4418 utilia
897 4378 929 4418 a
955 4363 1267 4430 contrariis,
1291 4365 1522 4437 justitias
1551 4367 1808 4439 operibus
1837 4378 2035 4427 ornent

441 4450 752 4508 doctrinam
783 4451 1029 4520 Domini,
1058 4451 1299 4509 fructum
1330 4455 1590 4511 facientes
1636 4457 2034 4516 immortalita-

439 4542 515 4598 tis
543 4540 612 4598 ad
638 4540 1017 4599 abuntantiam
1049 4543 1299 4599 omnium
1330 4543 1623 4614 bonorum,
1667 4555 1728 4603 ut
1765 4549 2033 4621 gloriosus

441 4631 501 4689 in
529 4631 619 4688 his
646 4638 868 4706 apparet
898 4633 1156 4706 magister
1184 4633 1453 4706 gentium.

514 4723 698 4795 (Vers.
751 4722 974 4796 12-17.)
1037 4747 1056 4771 ι
1086 4724 1236 4782 Scire
1289 4733 1471 4781 autem
1513 4741 1612 4782 vos
1641 4726 1787 4796 volo,
1817 4727 2032 4799 fratres,

441 4811 588 4885 quod
616 4829 737 4887 quae
767 4812 836 4869 ad
865 4829 952 4870 me
974 4813 1269 4887 pertinent,
1293 4815 1360 4872 ad
1387 4813 1690 4887 profectum
1717 4817 1832 4891 (41)
1857 4819 2034 4875 Evan-

443 4905 573 4978 gelii
632 4915 930 4975 venerunt;
980 4909 1060 4964 ita
1114 4917 1176 4965 ut
1228 4909 1453 4966 vincula
1503 4927 1623 4968 mea
1652 4913 1940 4968 manifesta
1978 4913 2035 4968 in

443 4992 667 5052 Christo
693 4995 836 5052 facta
866 4997 978 5054 sint
1015 4997 1071 5053 in
1108 4997 1260 5054 omni
1303 5000 1580 5071 praetorio,
1633 5009 1685 5056 et
1728 5000 1785 5055 in
1824 5000 2037 5057 czeteris

443 5085 739 5155 omnibus;
761 5095 930 5162 utque
958 5091 1142 5162 plures
1169 5107 1240 5146 ex
1260 5092 1522 5148 fratribus
1555 5092 1610 5146 in
1644 5093 1882 5149 Domino
1909 5110 2035 5150 con-

443 5171 676 5234 ﬁdentes
706 5175 948 5235 vinculis
976 5179 1135 5249 meis,
1166 5182 1436 5253 coeperint
1474 5182 1646 5254 magis
1687 5182 1889 5240 audere
1918 5183 2038 5239 sine

517 5375 635 5501 (ξι)
682 5375 950 5434 Nonnulli
1002 5394 1172 5448 mss.,
1233 5384 1282 5434 et
1333 5379 1488 5452 ﬁdem
1541 5387 1756 5439 rectam.
1810 5381 2037 5439 Minime

446 5460 984 5596 m?fﬁ)-Dictionem
1004 5520 1142 5596 justi
1169 5537 1299 5578 mss.
1327 5521 1540 5596 aliquot
1570 5540 1682 5580 non
1712 5530 2036 5596 agnoscunt,

445 5589 604 5668 cujus
620 5589 769 5668 _loco
815 5589 1070 5648 nonnulli
1117 5601 1348 5664 ponunt,
1388 5589 1700 5668 cuiusmodi.
1733 5589 2040 5668 l'nfra‘vero

445 5657 580 5736 edit.
619 5659 778 5716 Rom.
811 5657 1236 5736 reposuerat',gut
1278 5657 1785 5736 magis'desiderent,
1817 5664 1914 5721 ubi
1942 5679 2039 5721 re-

448 5727 634 5802 liquas,
665 5747 730 5787 ac
761 5727 890 5788 mss".
915 5773 933 5800 ,
973 5740 1035 5790 ut
1060 5727 1343 5792 desiderati
1367 5727 1679 5794 desiderent.

2150 1962 2168 1986 ς
2211 1939 2273 1994 In
2303 1939 2454 1993 omni
2476 1941 2753 2010 praetorio,
2785 1949 2839 1996 et
2868 1939 2928 1996 in
2959 1939 3173 1996 caeteris
3200 1938 3470 2008 omnibus,
3491 1965 3511 1988 ο
3548 1940 3612 1996 id
3635 1949 3734 2008 est,

2135 2027 2194 2083 in
2223 2028 2374 2084 omni
2403 2029 2708 2098 Judaismo,
2738 2038 2794 2086 et
2832 2046 2928 2103 per
2963 2030 3254 2086 universas
3277 2029 3553 2086 Ecclesiae
3596 2047 3738 2104 gen-

2135 2117 2272 2174 tium
2300 2136 2313 2187 ;
2356 2127 2551 2193 praeest
2584 2120 2733 2176 enim
2763 2119 3104 2189 Judaismus,
3137 2119 3265 2193 quia
3291 2117 3395 2191 ipsi
3423 2118 3574 2178 facta
3603 2138 3736 2193 pro-

2135 2207 2326 2264 missio
2373 2216 2474 2278 est,
2528 2211 2676 2266 sicut
2705 2208 2942 2267 dicitur:
2985 2235 3003 2258 ι
3033 2209 3174 2277 Quia
3219 2208 3363 2264 salus
3413 2225 3484 2265 ex
3535 2209 3736 2267 Judaais

2134 2303 2219 2352 est
2249 2297 2430 2368 (Joan.
2464 2315 2542 2366 IV,
2572 2298 2688 2370 22).
2734 2325 2753 2348 ι
2827 2297 3065 2372 Ideoque
3115 2298 3298 2371 plures
3349 2314 3420 2354 ex
3474 2297 3737 2356 fratribus

2137 2387 2451 2459 exemplum
2507 2404 2667 2444 suum
2711 2397 2945 2457 secutos,
2992 2403 3153 2444 ausos
3187 2386 3325 2444 dicit
3373 2385 3545 2443 fuisse
3590 2387 3733 2460 loqui

2137 2477 2365 2532 verbum
2395 2477 2494 2533 Dei
2521 2494 2646 2535 cum
2671 2477 2905 2536 ﬁducia:
2940 2477 3248 2534 constantia
3275 2477 3421 2533 enim
3449 2475 3570 2548 ejus
3601 2478 3738 2534 mul-

2138 2579 2223 2627 tos
2251 2573 2540 2643 animavit,
2571 2581 2633 2630 ut
2671 2590 2782 2630 non
2823 2573 3168 2647 praeterirent
3198 2570 3342 2629 253
3386 2574 3737 2645 evangelica-

2139 2676 2196 2716 re
2237 2661 2378 2732 (42),
2415 2670 2696 2734 comperto
2743 2664 3002 2736 exemplo
3056 2663 3327 2736 Apostoli,
3388 2663 3539 2736 quod
3595 2665 3737 2720 Deus

2139 2751 2312 2821 adest,
2351 2761 2414 2808 ut
2452 2761 2676 2809 tueatur
2717 2753 3012 2826 diligentes
3045 2770 3131 2821 se;
3181 2751 3277 2809 sed
3321 2760 3374 2808 et
3403 2753 3543 2808 alios
3572 2753 3735 2810 falsos

2139 2839 2353 2909 fratres,
2387 2858 2498 2897 non
2529 2841 2752 2911 ﬁducia,
2775 2858 2952 2915 neque
2981 2842 3284 2899 dilectione
3319 2842 3440 2910 Dei,
3471 2841 3568 2898 sed
3596 2859 3735 2899 con-

2140 2929 2387 2986 tentione
2412 2931 2516 2986 zeli
2552 2931 2830 3000 incitatos,
2864 2931 2964 2988 Dei
2990 2931 3220 2988 verbum
3250 2931 3387 2988 dicit
3417 2931 3733 3003 praedicare,

2140 3019 2295 3091 quasi
2329 3019 2568 3076 invidos.
2602 3020 2790 3077 Plures
2819 3037 2946 3092 ergo
2976 3035 3006 3076 θ
3049 3020 3314 3076 fratribus
3350 3020 3568 3077 sincera
3604 3020 3736 3093 qui-

2141 3106 2287 3177 dem,
2319 3109 2414 3165 sed
2442 3109 2661 3167 diversa
2681 3111 2967 3167 voluntate
2997 3109 3280 3169 Christum
3311 3109 3732 3177 annuntiabant;

2140 3199 2235 3254 alii
2286 3199 2434 3256 enim
2473 3201 2620 3259 bona
2673 3203 2958 3258 voluntate
2997 3200 3103 3258 hoc
3134 3200 3364 3274 agebant
3405 3199 3475 3256 ad
3508 3199 3735 3273 gloriam

2139 3288 2240 3346 Dei
2296 3290 2500 3359 solius;
2557 3291 2653 3347 alii
2700 3309 2832 3348 vero
2883 3291 3150 3350 charitate
3204 3291 3420 3348 incitati
3477 3289 3736 3362 apostoli,

2141 3379 2278 3437 certi
2304 3379 2372 3437 de
2400 3381 2639 3439 tuitione
2683 3383 2804 3439 Dei.
2835 3381 2926 3439 Sic
2965 3383 3165 3439 iterum
3196 3397 3226 3437 e
3254 3389 3447 3438 contra
3492 3379 3604 3436 alia
3630 3377 3739 3436 duo

2143 3486 2339 3542 genera
2367 3472 2542 3542 ponit,
2575 3487 2696 3543 quae
2723 3487 2835 3527 non
2865 3472 3079 3528 sincero
3107 3470 3294 3527 animo
3324 3469 3734 3542 praedicabant;

2143 3559 2367 3632 quidam
2396 3561 2544 3617 enim
2572 3561 2884 3618 invidentes
2921 3561 3207 3634 Apostolo,
3240 3559 3602 3617 contentione
3635 3557 3740 3616 hoc

2143 3647 2406 3719 agebant:
2459 3647 2555 3705 alii
2602 3665 2732 3706 vero
2787 3648 2991 3706 astutia
3027 3647 3402 3705 simulationis
3453 3646 3735 3704 Christum

2143 3735 2546 3793 annuntiabant
2571 3756 2584 3804 ;
2626 3745 2687 3794 ut
2717 3746 2940 3811 possent
2970 3738 3269 3823 seditiones
3297 3736 3543 3793 excitare
3583 3739 3738 3809 Apo-

2144 3827 2309 3895 stolo,
2342 3825 2498 3900 quasi
2526 3827 2737 3884 auctori
2768 3826 2934 3900 hujus
2962 3836 3144 3895 sectae,
3178 3826 3274 3900 qui
3307 3827 3513 3883 multos
3541 3841 3738 3898 aggre-

2145 3927 2366 3992 gaverat
2393 3935 2505 3976 sua
2535 3919 2954 3993 conspirationi.
2989 3918 3162 3992 Major
3185 3919 3335 3975 enim
3367 3916 3582 3974 invidia
3610 3933 3738 3975 cre-

2145 4007 2327 4064 scebat
2356 4009 2645 4080 Apostolo,
2673 4009 2894 4082 quando
2921 4025 2992 4066 ex
3021 4009 3190 4068 latere
3217 4006 3337 4080 ejus
3366 4007 3532 4063 multi
3572 4004 3738 4064 vide-

2143 4096 2346 4154 bantur
2374 4097 2591 4155 docere.

2219 4186 2402 4258 (Vers.
2438 4187 2659 4259 18-21.)
2707 4212 2726 4235 α
2756 4187 2901 4256 Quid
2927 4187 3121 4245 enim?
3150 4189 3294 4246 Dum
3320 4195 3507 4244 tamen
3541 4183 3738 4260 quovis

2146 4275 2332 4345 modo,
2367 4275 2484 4333 sive
2501 4277 2812 4346 occasione,
2842 4277 2960 4334 sive
2984 4277 3215 4334 veritate
3239 4276 3494 4335 Christus
3523 4291 3738 4332 annun-

2148 4367 2340 4424 tietur:
2391 4377 2445 4424 et
2496 4370 2552 4424 in
2601 4369 2707 4426 hoc
2753 4369 2981 4441 gaudeo,
3031 4370 3124 4427 sed
3171 4371 3336 4427 etiam
3384 4376 3440 4426 et
3468 4367 3735 4440 gaudebo.

2145 4455 2269 4513 Scio
2299 4457 2447 4512 enim
2480 4457 2627 4531 quod
2668 4457 2774 4516 hoc
2796 4459 2936 4514 mihi
2967 4459 3222 4532 procedet
3251 4460 3318 4517 ad
3347 4460 3582 4516 salutem
3619 4457 3736 4529 (43)

2145 4564 2242 4622 per
2269 4558 2506 4604 vestram
2537 4566 2773 4622 precem,
2804 4559 2858 4607 et
2895 4551 3466 4608 subministrationem
3512 4548 3740 4623 spiritus

2144 4640 2271 4696 Iesu
2300 4638 2508 4696 Christi
2553 4638 2854 4695 secundum
2901 4640 3424 4714 contemplationem
3481 4649 3538 4696 et
3587 4654 3738 4711 spem

2145 4745 2349 4795 meam;
2383 4728 2511 4800 quia
2543 4728 2602 4784 in
2631 4730 2787 4784 nullo
2816 4731 3146 4798 confundar,
3177 4727 3270 4785 sed
3294 4727 3348 4782 in
3371 4727 3524 4783 omni
3556 4733 3742 4781 exerta

2143 4819 2364 4888 ﬁducia,
2396 4819 2540 4876 sicut
2581 4835 2813 4892 semper,
2845 4829 2900 4876 et
2929 4837 3078 4877 nunc
3105 4809 3552 4892 magniﬁcabitur
3582 4816 3740 4874 Chri-

2145 4915 2263 4964 stus
2287 4907 2345 4963 in
2375 4924 2602 4981 corpore
2633 4925 2771 4977 meo,
2806 4909 2923 4966 sive
2955 4925 3050 4982 per
3075 4908 3271 4973 vitam,
3301 4908 3419 4963 sive
3450 4922 3547 4978 per
3582 4922 3742 4962 mor-

2147 5003 2294 5064 tem;
2331 4997 2467 5052 mihi
2515 4998 2662 5054 enim
2711 4998 2899 5055 vivere
2941 4997 3196 5056 Christus
3237 5005 3338 5065 est,
3387 5003 3442 5050 et
3473 4995 3617 5051 mori
3648 4995 3744 5050 lu—

2145 5103 2322 5145 crum.
2362 5114 2380 5137 »
2422 5089 2668 5145 Primum
2701 5088 2961 5162 gaudium
2993 5088 3112 5161 ejus
3144 5097 3224 5145 est
3253 5088 3311 5143 in
3346 5085 3612 5142 fratribus
3647 5086 3741 5160 qui

2146 5177 2288 5235 bona
2317 5181 2596 5238 voluntate
2624 5180 2908 5240 Christum
2939 5180 3274 5236 annuntiant
3298 5195 3309 5234 :
3346 5175 3551 5234 deinde
3577 5176 3741 5234 etiam

2221 5382 2337 5454 (41)
2370 5381 2528 5454 Rom.
2559 5381 2716 5452 edit.,
2747 5379 2888 5452 quod
2915 5395 3033 5453 qua:
3061 5375 3191 5434 mihi
3219 5373 3548 5441 acciderunt,
3576 5373 3748 5448 magis

2146 5453 2237 5509 ad’
2252 5453 2570 5524 profectum,
2597 5463 2701 5511 etc.

2293 5471 2570 5524 micorum,
2597 5471 2701 5511 etc.

2221 5471 2338 5598 (£2)
2375 5527 2578 5584 Omnes
2615 5526 2750 5583 edit.
2782 5542 2845 5583 ac
2884 5524 3045 5598 pauci
3087 5539 3242 5590 mss.,
3271 5525 3465 5574 utnon
3505 5517 3750 5574 timerent

2149 5599 2528 5668 evangelizare.

2222 5661 2339 5740 (43)
2373 5671 2530 5726 Rom.
2562 5669 2721 5738 edit.,
2746 5669 2988 5741 proﬁciet
3013 5667 3087 5726 ad
3113 5666 3403 5725 salutem...
3412 5703 3431 5734 ,
3461 5661 3751 5719 secundum

2148 5741 2581 5811 exspectationem
2607 5748 2656 5797 et
2683 5757 2825 5814 spem
2857 5757 3046 5798 meam.
