3908 6192
402 317 504 397 431

1423 335 1518 388 AD
1557 333 1788 389 OPEBA
1827 333 1882 387 s.
1920 332 2248 390 AMBROSII
2286 314 2664 387 APPENDIX.

3614 314 3738 391 L32

404 463 631 522 affectus
692 463 912 537 pietatis
962 462 1018 519 in
1070 479 1255 520 amore
1309 471 1409 533 est,
1469 463 1693 535 implete
1748 463 2006 534 gaudium
2035 463 2085 522 A
2116 460 2281 518 etiam
2312 461 2642 518 inclinemus
2685 475 2806 528 nos,
2837 459 3077 516 auctoris
3111 459 3285 516 nostri
3312 462 3490 519 secuti
3527 479 3727 521 exem-

403 569 611 610 meum.
645 552 775 612 Haec
800 569 921 628 quae
950 561 1256 622 enumerat,
1294 561 1426 608 tunc
1451 569 1580 608 vera
1610 552 1891 624 probanda
1918 555 2005 610 si-

403 643 648 717 gniﬁcat,
693 643 739 698 si
796 644 899 698 ista
938 659 1058 714 quae
1101 641 1289 698 subter
1334 641 1579 709 mandat,
1629 641 1836 698 fuerint
1881 659 2005 699 ser-

404 740 567 800 vata;
602 739 664 787 ut
712 732 1002 787 unanimes
1031 729 1161 797 sint,
1205 739 1258 786 et
1285 731 1486 801 spiritu
1515 729 1774 799 humiles,
1807 749 1918 790 non
1946 749 2004 790 se

401 815 644 878 invicem
691 827 1069 892 provocantes,
1111 818 1205 874 sed
1255 819 1311 873 in
1355 820 1622 877 charitate
1668 821 1998 894 gaudentes;

400 918 468 966 ut
523 907 782 981 gaudium
830 907 1080 979 Apostoli
1136 908 1360 979 plenum
1401 911 1472 966 sit
1501 911 1556 965 in
1603 910 1700 966 eis.
1742 910 1831 968 Sic
1874 929 2000 985 ergo

400 1012 494 1054 eos
532 995 880 1068 constringit,
919 1003 980 1051 ut
1008 996 1054 1051 si
1084 995 1203 1053 haac
1243 1013 1354 1053 non
1399 999 1781 1069 custodierint,
1812 1017 1913 1058 nec
1941 1001 1998 1056 in

398 1086 612 1146 cateris
655 1085 871 1159 probati
919 1085 1252 1156 videantur;
1297 1095 1357 1143 ut
1386 1088 1514 1161 quia
1561 1088 1619 1144 in
1648 1091 1773 1147 aliis
1801 1092 2000 1147 nolunt

395 1193 456 1236 se
507 1177 846 1250 improbatos
878 1178 1078 1248 videri,
1110 1178 1216 1236 ista
1244 1195 1459 1253 quoque
1491 1187 1728 1249 servent,
1762 1189 1822 1236 ut
1865 1197 1999 1252 per-

396 1267 530 1327 fecti
575 1268 706 1326 sint.
737 1268 866 1325 Sine
912 1267 1084 1325 dubio
1112 1269 1261 1326 enim
1299 1277 1455 1325 erant
1479 1270 1625 1326 inter
1653 1286 1745 1326 eos
1773 1270 1996 1328 dissen-

396 1361 597 1417 tientes
643 1368 697 1417 et
745 1361 1002 1433 inquieti,
1046 1369 1100 1417 et
1133 1361 1226 1434 qui
1276 1359 1430 1418 inani
1477 1362 1663 1434 gloriae
1687 1363 1990 1433 studerent,

394 1449 726 1508 contendere
755 1457 809 1506 et
829 1450 1051 1508 vincere
1073 1451 1318 1508 volentes
1337 1469 1463 1510 cum
1489 1454 1660 1510 animi
1687 1455 1990 1524 atrocitate,

394 1538 492 1596 ubi
538 1537 825 1611 praemium
883 1555 995 1595 non
1025 1547 1142 1596 est:
1195 1540 1290 1597 sed
1324 1543 1464 1614 parit
1502 1543 1646 1612 lites,
1677 1552 1731 1600 et
1785 1544 1994 1617 rumpit

393 1624 740 1685 charitatem.
759 1627 890 1694 Quae
910 1626 1056 1683 enim
1087 1636 1264 1702 potest
1292 1646 1405 1687 esse
1436 1631 1630 1704 plebis,
1660 1632 1717 1688 in
1740 1649 1846 1705 qua
1865 1649 1995 1690 vasa

389 1733 557 1774 aurea
613 1724 667 1774 et
719 1724 974 1790 argentea
1024 1724 1238 1774 tantum
1296 1719 1428 1788 sint,
1485 1737 1595 1776 non
1644 1729 1697 1777 et
1729 1721 1907 1794 lignea
1939 1731 1992 1792 et

390 1805 634 1865 ﬁctilia?
668 1807 772 1865 Sed
811 1816 1041 1880 possunt
1069 1809 1335 1866 exercitio
1373 1809 1506 1866 boni
1550 1810 1843 1870 immutata
1871 1812 1990 1870 ﬁeri
2019 1833 2066 1894 Β

388 1912 556 1954 aurea
584 1904 638 1953 et
666 1903 951 1971 argentea;
985 1897 1114 1972 quia
1142 1914 1255 1956 non
1296 1907 1503 1957 natura;
1534 1901 1732 1958 vitium
1764 1911 1864 1971 est,
1897 1902 1993 1960 sed

389 1985 716 2044 voluntatis.
1795 2061 1798 2064 ἢ

460 2077 643 2152 (Vers.
667 2079 722 2148 5,
749 2079 829 2151 6.)
873 2103 892 2127 ι
921 2079 1038 2137 Ηοο
1069 2081 1218 2137 enim
1248 2080 1447 2138 sentite
1477 2081 1536 2137 in
1566 2079 1744 2149 vobis,
1768 2080 1916 2153 quod
1935 2089 1990 2138 et

386 2168 448 2225 in
489 2167 709 2227 Christo
749 2169 898 2239 Jesu,
930 2168 1026 2242 qui
1068 2187 1193 2226 cum
1237 2170 1295 2226 in
1345 2171 1520 2226 forma
1551 2170 1649 2226 Dei
1682 2176 1844 2238 esset,
1875 2185 1986 2226 non

383 2257 633 2331 rapinam
674 2257 972 2315 arbitratus
1023 2267 1104 2316 est
1151 2276 1267 2317 esse
1296 2275 1352 2316 se
1380 2275 1562 2332 parem
1593 2260 1727 2317 Deo.
1762 2285 1780 2309 ι
1815 2258 1988 2316 Chri-

382 2353 499 2404 stus
529 2363 744 2421 semper
784 2347 840 2404 in
892 2347 1070 2403 forma
1097 2349 1197 2404 Dei
1245 2356 1380 2416 erat,
1413 2349 1543 2422 quia
1571 2349 1750 2422 imago
1780 2359 1861 2406 est
1889 2349 1988 2405 in-

379 2435 621 2494 visibilis
659 2437 778 2495 Dei.
825 2437 929 2495 Sed
973 2439 1272 2511 Apostolus
1299 2438 1366 2495 de
1395 2440 1493 2495 Dei
1537 2439 1706 2507 Filio,
1737 2456 1862 2496 cum
1894 2439 1984 2494 in-

378 2534 635 2584 carnatus
669 2527 836 2584 homo
889 2527 1066 2584 factus
1121 2537 1222 2598 est,
1278 2536 1475 2585 tractat
1513 2527 1740 2585 dicens:
1809 2552 1828 2576 ‹
1869 2527 1986 2585 Hoc

377 2617 579 2673 sentite
630 2617 688 2672 in
719 2617 896 2687 vobis,
931 2616 1080 2690 quod
1105 2625 1159 2674 et
1184 2618 1243 2674 in
1287 2618 1506 2676 Christo
1536 2618 1683 2687 Jesu,
1715 2643 1733 2666 ι
1773 2616 1832 2673 id
1881 2624 1982 2686 est,

378 2699 496 2763 Deo
524 2712 578 2763 et
606 2703 851 2764 homine.
905 2732 923 2755 ι
947 2705 1053 2775 Qui
1082 2724 1208 2765 cum
1240 2709 1298 2765 in
1328 2707 1506 2764 forma
1533 2707 1632 2764 Dei
1663 2716 1822 2775 esset,
1848 2733 1865 2756 ι
1901 2707 1984 2762 in-

377 2801 462 2850 ter
490 2794 744 2852 homines
786 2796 979 2868 utique
1007 2807 1384 2865 conversatus,
1417 2796 1601 2852 verbis
1647 2804 1702 2852 et
1726 2796 1982 2868 operibus

378 2883 672 2956 apparebat
725 2899 838 2939 esse
877 2885 1042 2939 Deus.
1075 2884 1274 2944 Forma
1315 2885 1466 2940 enim
1496 2885 1596 2940 Dei
1626 2884 1770 2940 nihil
1799 2884 1984 2941 diﬂ‘ert

377 2987 410 3028 a
453 2972 600 3036 Deo;
652 2967 776 3024 ideo
819 2968 969 3024 enim
1019 2969 1198 3027 forma
1237 2981 1292 3027 et
1339 2971 1519 3044 imago
1550 2973 1650 3029 Dei
1677 2974 1982 3045 appellatus

377 3065 479 3126 est,
509 3063 572 3113 ut
600 3053 999 3128 intelligeretur
1031 3073 1143 3113 non
1174 3056 1291 3130 ipse
1322 3057 1482 3115 Pater
1511 3075 1626 3116 esse
1654 3062 1833 3116 Deus:
1886 3061 1979 3118 sed

374 3147 484 3206 hoc
537 3163 674 3213 esse,
723 3145 870 3220 quod
899 3147 1045 3205 Deus
1088 3154 1188 3205 est.
1221 3147 1323 3206 Hic
1351 3165 1478 3224 ergo
1521 3176 1538 3200 ι
1572 3166 1683 3207 non
1731 3151 1977 3225 rapinam

376 3236 674 3294 arbitratus
713 3244 794 3295 est
842 3253 957 3295 esse
1001 3254 1059 3296 se
1106 3255 1291 3312 parem
1339 3240 1494 3308 Deo;
1529 3265 1548 3290 ι
1593 3239 1772 3298 sciens
1828 3241 1977 3298 enim

375 3328 436 3384 in
479 3327 656 3385 forma
684 3328 782 3384 Dei
810 3344 866 3386 se
905 3344 1041 3398 esse,
1090 3345 1201 3385 non
1251 3329 1464 3386 furatus
1493 3337 1592 3399 est,
1643 3339 1705 3387 ut
1733 3329 1974 3388 diceret:

388 3442 408 3466 ι
435 3419 553 3492 Ego
581 3424 635 3475 et
660 3418 817 3476 Pater
838 3437 1011 3476 unum
1041 3436 1232 3476 sumus
1263 3421 1443 3492 (Joan.
1467 3437 1524 3490 x,
1554 3420 1669 3493 30).
1694 3447 1712 3469 ι
1751 3422 1823 3479 Et
1845 3421 1980 3478 alibi

376 3505 436 3564 in
480 3508 708 3564 Joannis
756 3509 1097 3580 Evangelio:
1149 3531 1168 3556 ‹
1215 3508 1524 3581 Propterea,
1567 3511 1769 3584 inquit,
1805 3528 1980 3584 perse-

375 3593 686 3666 quebantur
727 3593 902 3650 Judaei
954 3593 1161 3661 Iesum,
1190 3596 1319 3668 quia
1364 3615 1474 3653 non
1506 3599 1686 3655 solum
1735 3601 1983 3657 solvebat

377 3680 701 3750 Sabbatum,
758 3681 854 3738 sed
902 3690 956 3738 et
1009 3683 1226 3738 Patrem
1278 3684 1387 3740 sibi
1437 3686 1721 3758 proprium
1765 3688 1981 3747 dicebat

374 3769 576 3839 Deum,
606 3770 860 3842 aequalem
888 3786 940 3826 se
967 3769 1169 3842 faciens
1197 3770 1304 3827 Deo
1339 3771 1520 3842 (Joan.
1554 3792 1610 3842 γ,
1640 3774 1752 3847 18).
1788 3801 1805 3826 ι
1851 3777 1980 3835 Iure

376 3875 504 3933 ergo
544 3859 856 3935 exmquavit
892 3875 950 3917 se
995 3861 1142 3929 Deo;
1174 3859 1270 3917 ille
1299 3861 1448 3919 enim
1500 3861 1798 3920 arbitratur
1825 3867 1982 3939 rapi-

375 3967 504 4008 nam
563 3951 759 4022 facere,
809 3951 905 4026 qui
962 3967 1020 4008 se
1075 3967 1260 4026 parem
1301 3951 1434 4012 facit
1486 3955 1536 4011 ei
1595 3971 1704 4029 quo
1751 3955 1982 4016 inferior

377 4047 479 4097 est.

452 4151 472 4175 ι
499 4127 606 4184 Sed
633 4129 986 4202 semetipsum
1015 4129 1349 4200 exinanivit,
1381 4129 1614 4188 formam
1644 4131 1791 4189 servi
1825 4133 1982 4191 acci-

379 4215 556 4289 piens,
587 4217 646 4271 in
689 4218 1114 4276 similitudinem
1146 4219 1435 4278 hominum
1467 4223 1663 4292 factus,
1697 4230 1751 4278 et
1789 4223 1984 4281 habitu

380 4311 629 4375 repertus
687 4310 751 4358 ut
806 4304 994 4362 homo.
1027 4312 1171 4369 255
1222 4309 1550 4366 Humiliavit
1605 4312 1979 4384 semetipsum,

382 4400 563 4458 factus
615 4398 878 4457 obediens
923 4418 1095 4475 usque
1141 4404 1211 4460 ad
1251 4413 1504 4476 mortem,
1536 4415 1769 4464 mortem
1799 4418 1983 4467 autem

381 4489 583 4549 crucis.
611 4512 631 4538 ›
673 4486 926 4546 Christus
980 4489 1151 4562 igitur
1207 4493 1385 4550 sciens
1441 4494 1499 4549 in
1555 4495 1730 4551 forma
1783 4498 1882 4553 Dei
1928 4515 1983 4556 se

383 4591 522 4643 esse,
555 4573 819 4647 aequalem
863 4590 922 4631 se
978 4575 1218 4633 ostendit
1245 4579 1390 4634 Deo:
1421 4579 1516 4636 sed
1545 4588 1607 4636 ut
1649 4580 1983 4642 humilitatis

383 4664 558 4738 legem
616 4663 856 4733 doceret,
905 4663 1108 4722 Iudaeis
1145 4682 1202 4723 se
1239 4667 1830 4741 comprehendentibus
1870 4689 1982 4729 non

384 4754 564 4811 solum
625 4769 739 4810 non
799 4755 1160 4828 repugnavit:
1227 4781 1245 4805 ι
1286 4756 1390 4814 Sed
1446 4759 1798 4832 semetipsum
1852 4762 1982 4818 exi—

385 4843 640 4913 nanivit;
673 4867 694 4892 ›
736 4842 843 4900 hoc
887 4853 986 4914 est,
1039 4853 1360 4918 potestatem
1399 4866 1552 4906 suam
1579 4851 1646 4906 ab
1694 4867 1856 4924 opere
1885 4869 1982 4908 re—

385 4932 592 5001 traxit;
652 4942 716 4990 ut
762 4935 1089 4994 humiliatus
1117 4940 1294 4996 otiosa
1327 4940 1530 4997 virtute
1559 4940 1828 4998 inﬁrmari
1863 4943 1978 5016 (46)

387 5021 688 5080 videretur.
734 5047 752 5071 ε
783 5027 1037 5084 Formam
1066 5031 1211 5086 servi
1237 5031 1531 5104 accipiens,
1550 5057 1567 5081 ι
1601 5031 1734 5089 dum
1764 5042 1983 5091 tenetur

387 5119 442 5168 et
488 5112 711 5184 ligatur,
747 5121 801 5170 et
837 5116 1160 5174 verberibus
1205 5120 1406 5192 agitur,
1455 5137 1626 5194 usque
1654 5121 1722 5176 ad
1760 5137 1979 5178 crucem

387 5199 563 5260 factus
581 5202 844 5261 obediens
881 5206 1050 5274 Patri,
1089 5208 1181 5264 cui
1231 5225 1287 5265 se
1315 5211 1580 5282 aequalem
1611 5211 1835 5279 sciebat,
1868 5227 1981 5267 non

386 5290 493 5347 sibi
549 5291 798 5349 defendit
838 5295 1226 5366 aequalitatem,
1275 5297 1371 5354 sed
1419 5298 1654 5370 subjecit
1699 5316 1774 5356 se.
1830 5299 1982 5358 Hanc

387 5385 707 5454 patientiam
738 5393 793 5441 et
813 5384 1184 5442 humilitatem
1213 5385 1420 5442 imitari
1451 5405 1552 5444 nos
1581 5387 1759 5459 docet,
1784 5397 1846 5445 ut
1869 5405 1980 5445 non

386 5470 566 5528 solum
603 5474 974 5547 coaequalibus
1010 5491 1125 5534 non
1165 5490 1267 5535 nos
1293 5483 1692 5550 anteponamus
1718 5496 1732 5536 :
1764 5493 1980 5536 verum-

460 5683 572 5759 (46)
604 5687 872 5746 Nonnulli
900 5707 1030 5748 mss.
1040 5733 1056 5760 ,
1086 5692 1253 5748 otiosa
1277 5693 1470 5748 virtute
1494 5691 1808 5764 informari.

2011 4565 2060 4624 D

2113 550 2288 622 plum.
2342 551 2594 606 Formam
2638 558 2821 606 tamen
2875 548 2972 605 Dei
3009 565 3120 605 non
3164 549 3439 622 accepisse
3481 551 3724 623 dicitur,

2113 641 2207 696 sed
2249 657 2364 698 esse
2402 641 2460 697 in
2503 641 2680 696 forma
2725 640 2852 697 Dei:
2885 640 3030 696 servi
3074 647 3254 696 autem
3284 640 3521 698 formam
3551 658 3729 700 acce-

2111 732 2274 805 pisse,
2313 733 2443 789 dum
2476 733 2631 806 quasi
2660 739 2909 806 peccator
2945 731 3294 788 humiliatur.
3342 733 3502 790 Servi
3530 743 3723 791 autem

2111 838 2180 878 ex
2209 833 2430 894 peccato
2458 823 2621 890 ﬁunt,
2664 822 2807 879 sicut
2837 822 3007 881 Cham
3037 822 3188 879 ﬁlius
3215 824 3347 892 Noe,
3374 823 3472 896 qui
3504 826 3724 897 primus

2111 912 2310 969 merito
2340 930 2542 970 nomen
2573 913 2717 968 servi
2739 913 3122 985 accepit(Gen.
3155 929 3235 981 Ix,
3258 911 3374 985 25).
3405 913 3530 969 Non
3565 915 3715 971 enim

2109 999 2268 1068 mihi,
2330 1002 2473 1058 sicut
2530 1001 2879 1075 quibusdam,
2929 1001 3152 1058 videtur
3188 1000 3269 1058 sic
3299 1002 3537 1059 formam
3566 1004 3714 1060 servi

2107 1090 2400 1162 accepisse,
2454 1091 2585 1147 dum
2635 1091 2803 1148 homo
2849 1099 3011 1148 natus
3059 1098 3161 1148 est.
3214 1090 3356 1147 Vide
3395 1091 3546 1149 enim
3580 1093 3714 1166 quid

2106 1177 2282 1236 dicat:
2325 1204 2342 1226 ε
2373 1181 2488 1235 Hoc
2534 1180 2732 1236 sentite
2780 1180 2838 1235 in
2873 1179 3053 1248 vobis,
3087 1177 3237 1252 quod
3285 1186 3340 1235 et
3385 1179 3444 1234 in
3487 1179 3714 1238 Christo

2103 1266 2250 1336 Jesu,
2282 1293 2300 1317 ι
2346 1268 2404 1324 id
2433 1276 2533 1336 est,
2586 1271 2701 1325 Deo
2729 1275 2784 1324 et
2812 1268 3062 1325 homine.
3097 1270 3243 1325 Ante
3273 1268 3709 1328 incarnationem

2103 1356 2250 1413 enim
2300 1367 2396 1414 aut
2423 1357 2675 1416 Christus
2715 1365 2894 1431 potest
2922 1358 3053 1427 dici,
3099 1367 3195 1414 aut
3245 1358 3443 1426 Jesus;
3483 1359 3620 1432 quia
3643 1361 3710 1415 si-

2103 1445 2218 1500 mul
2249 1445 2410 1504 ambo
2437 1448 2663 1504 nomina
2691 1455 2745 1504 et
2780 1447 3027 1504 hominis
3058 1447 3257 1516 ﬁlium,
3289 1455 3344 1503 et
3371 1447 3470 1504 Dei
3503 1448 3710 1505 Filium

2101 1534 2434 1607 signiﬁcant.
2466 1538 2602 1594 Nam
2659 1544 2785 1594 ante
2824 1537 3172 1593 nativitatem
3221 1535 3356 1609 quid
3395 1536 3536 1594 dicit
3567 1537 3711 1594 inter

2100 1625 2344 1681 caetera?
2373 1625 2530 1682 Petra
2561 1633 2742 1682 autem
2775 1634 2893 1682 erat
2927 1625 3182 1682 Christus
3211 1627 3268 1694 (Ι
3295 1625 3419 1682 Cor.
3451 1643 3510 1695 x,
3543 1627 3627 1702 4),
3657 1639 3706 1685 et

2100 1729 2210 1769 non
2266 1721 2542 1772 tentemus
2574 1713 2879 1784 Christum,
2909 1716 3055 1772 sicut
3099 1715 3322 1789 quidam
3353 1731 3544 1773 eorum
3575 1724 3707 1774 ten-

2099 1809 2358 1860 taverunt
2407 1805 2572 1878 (Ibid.
2605 1805 2684 1876 9).
2718 1803 2822 1861 Ubi
2864 1821 2993 1877 ergo
3021 1813 3116 1861 aut
3145 1807 3340 1875 Deum,
3388 1814 3485 1862 aut
3513 1806 3707 1863 homi-

2103 1908 2227 1949 nem
2267 1893 2389 1949 vult
2418 1893 2726 1967 signiﬁcare
2751 1893 3055 1967 Scriptura,
3091 1910 3264 1950 unum
3291 1911 3320 1951 e
3347 1894 3566 1953 duobus
3596 1913 3706 1970 po-

2100 1982 2216 2039 nit:
2239 1990 2334 2038 aut
2360 1982 2564 2050 Jesum,
2587 1991 2683 2038 aut
2721 1982 3026 2039 Christum.
3059 1983 3159 2040 Dei
3198 1983 3340 2040 enim
3365 1983 3547 2040 Filius
3571 2002 3706 2042 cum

2099 2071 2264 2128 homo
2294 2080 2454 2130 natus
2483 2072 2574 2141 sit,
2614 2073 2671 2128 in
2702 2072 2880 2129 forma
2915 2073 3014 2129 Dei
3044 2081 3189 2142 erat;
3219 2073 3344 2147 quia
3368 2089 3493 2130 cum
3527 2073 3707 2133 homo

2098 2163 2398 2232 videretur,
2451 2179 2616 2236 opera
2665 2163 2765 2219 Dei
2818 2163 3091 2231 faciebat;
3127 2172 3189 2220 ut
3236 2163 3292 2219 in
3336 2164 3504 2237 gestis
3533 2164 3702 2223 rebus

2097 2262 2382 2326 appareret
2426 2256 2572 2310 Deus
2621 2269 2758 2322 esse,
2787 2253 2881 2326 qui
2927 2261 3142 2310 tantum
3176 2253 3343 2311 homo
3389 2269 3506 2311 esse
3533 2263 3703 2326 puta-

2096 2343 2277 2400 batur.
2302 2344 2480 2416 Opera
2508 2344 2657 2398 enim
2680 2342 2915 2398 formam
2941 2342 3278 2416 signiﬁcant,
3300 2351 3363 2399 ut
3384 2343 3512 2416 quia
3538 2361 3703 2416 opera

2095 2431 2233 2506 ejus,
2272 2449 2385 2489 non
2443 2432 2634 2506 utique
2677 2432 2924 2489 hominis
2970 2449 3137 2505 opera
3184 2442 3333 2502 sunt,
3368 2432 3464 2491 hic
3499 2436 3596 2508 qui
3643 2436 3699 2492 in

2095 2538 2257 2594 opere
2294 2522 2384 2579 vel
2414 2523 2593 2578 forma
2628 2522 2728 2578 Dei
2758 2530 2893 2591 erat,
2927 2523 3074 2578 Deus
3103 2522 3524 2594 intelligeretur.
3557 2524 3699 2580 For-

2095 2628 2183 2668 ma
2227 2612 2375 2668 enim
2424 2611 2523 2668 Dei
2570 2611 2703 2684 quid
2756 2619 2857 2681 est,
2900 2611 3008 2667 nisi
3045 2612 3362 2684 exemplum
3407 2628 3518 2685 quo
3556 2614 3700 2669 Deus

2095 2707 2338 2774 apparet,
2357 2700 2488 2756 dum
2512 2709 2760 2757 mortuos
2780 2701 3007 2767 excitat,
3024 2700 3206 2758 surdis
3221 2701 3404 2759 reddit
3423 2700 3698 2770 auditum,

2093 2790 2338 2862 leprosos
2394 2789 2645 2859 mundat,
2679 2799 2733 2847 et
2757 2790 2868 2846 alia
2887 2789 2915 2846 ?
2941 2789 3230 2857 Quomodo
3265 2798 3448 2847 autem
3480 2790 3696 2848 homini

2092 2879 2294 2934 similis
2322 2878 2499 2936 factus
2525 2878 2753 2948 dicitur,
2784 2879 2830 2934 si
2873 2877 3040 2936 homo
3070 2887 3286 2936 tantum
3315 2888 3464 2937 erat:
3492 2888 3549 2937 et
3592 2897 3700 2954 qua

2090 2969 2306 3026 ratione
2355 2967 2552 3026 habitu
2597 2976 2842 3042 repertus
2891 2977 2955 3025 ut
2992 2969 3160 3026 homo
3191 2977 3292 3039 est,
3327 2970 3372 3026 si
3419 2987 3534 3027 non
3561 2979 3697 3029 esset

2092 3065 2148 3115 et
2176 3061 2356 3126 Deus;
2387 3059 2493 3115 nisi
2523 3060 2654 3132 quia
2683 3076 2807 3117 cum
2864 3066 3156 3132 antequam
3184 3075 3241 3116 se
3270 3060 3530 3117 inclinari
3578 3077 3695 3134 per.

2093 3147 2357 3216 mitteret,
2407 3163 2620 3220 semper
2667 3148 2725 3203 in
2767 3147 2864 3204 Dei
2911 3148 3120 3205 virtute
3169 3148 3322 3204 visus
3365 3149 3458 3218 sit,
3510 3157 3694 3223 postea

2095 3236 2408 3294 inﬁrmatus
2434 3237 2492 3293 in
2525 3235 2720 3292 habitu
2750 3235 2994 3293 hominis
3022 3245 3272 3310 repertus
3299 3247 3383 3294 est
3409 3237 3439 3294 ‘i'
3463 3239 3600 3295 Nam
3638 3240 3696 3295 in

2093 3335 2280 3383 monte
2308 3327 2520 3399 utique,
2555 3325 2708 3399 quasi
2734 3327 2880 3383 Deus
2908 3327 3166 3400 apparuit
3193 3328 3405 3400 (Matth.
3430 3343 3574 3397 xvn,
3596 3329 3653 3400 2)
3679 3346 3690 3384 :

2091 3425 2146 3473 et
2168 3417 2227 3473 in
2269 3417 2410 3474 mari
2438 3416 2671 3489 pedibus
2707 3417 2998 3474 ambulans
3036 3419 3250 3489 (Matth.
3280 3435 3398 3485 xiv,
3433 3419 3554 3492 26),
3587 3435 3694 3475 non

2092 3507 2270 3563 solum
2320 3507 2508 3574 homo,
2540 3505 2635 3562 sed
2661 3514 2717 3563 et
2767 3508 2913 3564 Deus
2938 3507 3090 3564 visus
3131 3516 3185 3564 et
3231 3507 3550 3567 intellectus
3594 3518 3691 3566 est.

2091 3595 2341 3668 Denique
2371 3595 2467 3669 qui
2487 3604 2644 3651 erant
2674 3595 2732 3651 in
2762 3596 2912 3666 navi,
2928 3596 3062 3669 quid
3089 3595 3331 3654 dicunt?
3351 3596 3493 3654 Vere
3521 3598 3696 3655 Filius

2090 3685 2189 3740 Dei
2231 3693 2314 3742 est
2365 3685 2458 3742 hic
2492 3686 2654 3758 (Ibid.
2687 3685 2804 3758 33).
2854 3687 2962 3742 Ista
3019 3704 3146 3760 ergo
3190 3688 3398 3745 virtute
3427 3697 3692 3759 cessante,

2091 3777 2245 3832 velut
2289 3776 2455 3832 homo
2501 3778 2658 3834 visus
2685 3786 2769 3834 est
2795 3795 2810 3845 ;
2842 3777 2966 3835 ideo
3010 3779 3158 3835 enim
3189 3779 3327 3838 dicit
3353 3783 3510 3853 quasi
3540 3791 3607 3838 ut
3633 3783 3696 3838 il-

2092 3863 2187 3921 lud
2226 3865 2518 3939 signiﬁcet,
2551 3867 2680 3940 quia
2729 3875 2784 3923 et
2821 3869 2966 3925 Deus
2995 3876 3094 3926 est.
3159 3867 3508 3928 Inﬁrmitatis
3547 3871 3696 3928 enim

2094 3974 2258 4016 causa
2282 3961 2457 4018 Deum
2487 3960 2624 4018 dicit
2653 3961 2892 4018 similem
2932 3961 3138 4019 factum
3166 3962 3509 4021 hominibus.
3539 3963 3695 4033 Quod

2092 4048 2150 4104 in
2200 4049 2463 4121 subjectis
2510 4052 2706 4124 aperit,
2759 4051 2986 4109 dicens:
3034 4077 3053 4101 ι
3081 4052 3414 4111 Humiliavit
3443 4055 3698 4127 semetip-

2092 4153 2212 4192 sum
2267 4138 2446 4195 factus
2497 4140 2758 4198 obediens
2809 4157 2981 4214 usque
3030 4140 3099 4198 ad
3153 4149 3407 4212 mortem,
3459 4153 3696 4201 mortem

2093 4233 2276 4283 autem
2314 4228 2515 4286 crucis.
2550 4253 2569 4277 ι
2615 4229 2756 4286 Hinc
2797 4238 2878 4286 est
2923 4229 3070 4287 unde
3123 4230 3316 4287 habitu
3345 4242 3599 4305 repertus
3638 4242 3699 4290 ut

2093 4313 2260 4373 homo
2306 4325 2423 4386 est;
2455 4319 2695 4375 retinens
2724 4320 2872 4376 enim
2920 4319 3182 4377 virtutem
3214 4336 3390 4389 suam,
3434 4337 3507 4378 ne
3538 4338 3700 4395 appa-

2094 4415 2236 4463 reret
2264 4408 2325 4464 in
2348 4425 2432 4478 eo,
2462 4417 2523 4465 ut
2550 4408 2716 4467 homo
2755 4409 2906 4467 visus
2933 4418 3015 4467 est
3043 4417 3098 4468 et
3141 4411 3396 4480 occisius,
3423 4412 3521 4484 qui
3556 4411 3698 4470 mori

2093 4497 2286 4554 nescit.

2165 4586 2345 4656 (Vers.
2381 4587 2470 4654 10,
2499 4589 2586 4658 li,
2621 4588 2735 4662 i2.)
2778 4614 2797 4637 ι
2824 4591 3054 4665 Propter
3078 4591 3228 4665 quod
3246 4598 3300 4647 et
3327 4591 3478 4648 Deus
3509 4609 3696 4666 super-

2088 4675 2352 4731 exaltavit
2380 4691 2529 4744 eum,
2560 4683 2614 4732 et
2642 4677 2872 4735 donavit
2915 4679 2966 4736 ei
2995 4694 3196 4736 nomen
3226 4676 3376 4752 quod
3404 4686 3490 4736 est
3533 4697 3699 4754 super

2090 4779 2252 4819 omne
2264 4779 2484 4830 nomen;
2507 4771 2570 4819 ut
2586 4765 2644 4819 in
2671 4767 2898 4824 nomine
2917 4768 3044 4824 Jesu
3068 4783 3231 4824 omne
3253 4782 3395 4839 genu
3419 4767 3696 4838 ﬂectatur,

2089 4855 2416 4921 caelestium,
2465 4854 2828 4925 terrestrium,
2879 4866 2932 4915 et
2984 4857 3364 4916 infernorum:
3429 4865 3485 4914 et
3515 4860 3698 4915 omnis

2090 4941 2278 5014 lingua
2321 4942 2650 5000 conﬁteatur
2693 4945 2823 5018 quia
2851 4947 3124 5003 Dominus
3149 4946 3306 5004 Jesus
3341 4945 3602 5005 Christus
3639 4949 3697 5004 in

2090 5030 2262 5102 gloria
2289 5039 2370 5088 est
2397 5032 2496 5089 Dei
2527 5032 2722 5092 Patris.
2754 5061 2772 5085 ι
2816 5035 2960 5104 Quid
3005 5044 3060 5092 et
3104 5043 3374 5109 quantum
3403 5035 3697 5096 humilitas

2089 5131 2382 5192 mereatur,
2431 5124 2690 5194 ostendit,
2742 5135 2803 5182 ut
2860 5126 3036 5199 magis
3086 5125 3230 5183 hanc
3288 5135 3692 5199 appeteremus,

2089 5212 2294 5290 calcata
2327 5211 2612 5284 jactantia.
2654 5214 2808 5270 Unde
2838 5214 2975 5272 dicit
3027 5214 3332 5272 Salomon:
3381 5241 3401 5264 ι
3429 5215 3693 5289 Superbis

2089 5303 2232 5359 Deus
2250 5304 2476 5373 resistit,
2495 5304 2802 5362 humilibus
2821 5312 3006 5361 autem
3027 5304 3121 5361 dat
3140 5304 3369 5375 gratiam
3391 5306 3586 5371 (Prov.
3608 5323 3690 5374 In,

2089 5391 2204 5463 34).
2246 5416 2265 5440 ι
2313 5392 2490 5460 Quare
2533 5401 2586 5448 et
2635 5395 2934 5450 Dominus:
2979 5419 3000 5443 ι
3037 5393 3143 5460 Qui
3168 5410 3244 5461 se,
3288 5394 3498 5466 inquit,
3531 5396 3690 5452 exal-

2089 5479 2310 5550 taverit,
2334 5481 2728 5542 humiliabitur
2743 5502 2759 5553 ;
2798 5491 2852 5542 et
2879 5484 2975 5557 qui
3011 5500 3065 5541 se
3094 5482 3502 5552 humiliaverit,
3531 5483 3692 5541 exal-
