  <div class='ocr_page' id='page_1' title='image "/cluster/home/n/w/nwhite01/storage/ocr_20150623/17/uva.x000826553/224.png"; bbox 0 0 3908 6192; ppageno 0'>
   <div class='ocr_carea' id='block_1_1' title="bbox 191 333 288 390">
    <p class='ocr_par' dir='ltr' id='par_1_1' title="bbox 191 333 288 390">
     <span class='ocr_line' id='line_1_1' title="bbox 191 333 288 390; baseline 0 0"><span class='ocrx_word' id='word_1_1' title='bbox 191 333 288 390; x_wconf 88' lang='grc'>433</span> 
     </span>
    </p>
   </div>
   <div class='ocr_carea' id='block_1_2' title="bbox 1227 336 2430 402">
    <p class='ocr_par' dir='ltr' id='par_1_2' title="bbox 1227 336 2430 402">
     <span class='ocr_line' id='line_1_2' title="bbox 1227 336 2430 402; baseline 0.006 -8"><span class='ocrx_word' id='word_1_2' title='bbox 1227 336 1587 395; x_wconf 82' lang='lat' dir='ltr'>COMMENT.</span> <span class='ocrx_word' id='word_1_3' title='bbox 1628 339 1700 397; x_wconf 87' lang='lat' dir='ltr'>IN</span> <span class='ocrx_word' id='word_1_4' title='bbox 1734 338 1950 397; x_wconf 84' lang='lat' dir='ltr'>EPIST.</span> <span class='ocrx_word' id='word_1_5' title='bbox 1993 342 2090 400; x_wconf 82' lang='lat' dir='ltr'>AD</span> <span class='ocrx_word' id='word_1_6' title='bbox 2130 341 2430 402; x_wconf 83' lang='lat' dir='ltr'>PHILIPP.</span> 
     </span>
    </p>
   </div>
   <div class='ocr_carea' id='block_1_3' title="bbox 3379 351 3486 415">
    <p class='ocr_par' dir='ltr' id='par_1_3' title="bbox 3379 351 3486 415">
     <span class='ocr_line' id='line_1_3' title="bbox 3379 351 3486 415; baseline -0.065 -1"><span class='ocrx_word' id='word_1_7' title='bbox 3379 351 3486 415; x_wconf 66' lang='grc'>434</span> 
     </span>
    </p>
   </div>
   <div class='ocr_carea' id='block_1_4' title="bbox 187 455 1763 549">
    <p class='ocr_par' dir='ltr' id='par_1_4' title="bbox 187 455 1763 549">
     <span class='ocr_line' id='line_1_4' title="bbox 187 455 1763 549; baseline 0.006 -37"><span class='ocrx_word' id='word_1_8' title='bbox 187 455 567 549; x_wconf 59' lang='lat' dir='ltr'>tabitur_(Luc.</span> <span class='ocrx_word' id='word_1_9' title='bbox 600 471 740 549; x_wconf 69' lang='lat' dir='ltr'>xrv,_</span> <span class='ocrx_word' id='word_1_10' title='bbox 765 458 876 549; x_wconf 79' lang='grc'>11).</span> <span class='ocrx_word' id='word_1_11' title='bbox 911 482 929 508; x_wconf 76' lang='grc' dir='ltr'>ι</span> <span class='ocrx_word' id='word_1_12' title='bbox 949 457 1100 549; x_wconf 10' lang='lat' dir='ltr'>‘Hmc</span> <span class='ocrx_word' id='word_1_13' title='bbox 1128 467 1209 516; x_wconf 89' lang='lat' dir='ltr'>est</span> <span class='ocrx_word' id='word_1_14' title='bbox 1238 476 1364 533; x_wconf 88' lang='lat' dir='ltr'>ergo</span> <span class='ocrx_word' id='word_1_15' title='bbox 1394 461 1699 534; x_wconf 83' lang='lat' dir='ltr'>humilitas,</span> <span class='ocrx_word' id='word_1_16' title='bbox 1729 465 1763 522; x_wconf 77' lang='lat' dir='ltr'>si</span> 
     </span>
    </p>
   </div>
   <div class='ocr_carea' id='block_1_5' title="bbox 1875 455 3489 549">
    <p class='ocr_par' dir='ltr' id='par_1_5' title="bbox 1881 465 3489 549">
     <span class='ocr_line' id='line_1_5' title="bbox 1881 465 3489 549; baseline 0.009 -27"><span class='ocrx_word' id='word_1_17' title='bbox 1881 474 1935 523; x_wconf 91' lang='lat' dir='ltr'>et</span> <span class='ocrx_word' id='word_1_18' title='bbox 1963 465 2244 539; x_wconf 80' lang='lat' dir='ltr'>accipietis</span> <span class='ocrx_word' id='word_1_19' title='bbox 2275 468 2453 540; x_wconf 87' lang='lat' dir='ltr'>(Joan.</span> <span class='ocrx_word' id='word_1_20' title='bbox 2485 484 2604 539; x_wconf 81' lang='lat' dir='ltr'>xvi,</span> <span class='ocrx_word' id='word_1_21' title='bbox 2635 469 2752 544; x_wconf 81' lang='grc'>24).</span> <span class='ocrx_word' id='word_1_22' title='bbox 2784 497 2804 522; x_wconf 72' lang='grc' dir='ltr'>ι</span> <span class='ocrx_word' id='word_1_23' title='bbox 2849 473 2966 531; x_wconf 88' lang='lat' dir='ltr'>Hoc</span> <span class='ocrx_word' id='word_1_24' title='bbox 2994 488 3122 549; x_wconf 90' lang='lat' dir='ltr'>ergo</span> <span class='ocrx_word' id='word_1_25' title='bbox 3153 484 3315 534; x_wconf 85' lang='lat' dir='ltr'>natus</span> <span class='ocrx_word' id='word_1_26' title='bbox 3342 494 3489 537; x_wconf 45' lang='lat' dir='ltr'>accep</span> 
     </span>
    </p>
   </div>
   <div class='ocr_carea' id='block_1_6' title="bbox 186 543 1783 629">
    <p class='ocr_par' dir='ltr' id='par_1_6' title="bbox 186 543 1783 629">
     <span class='ocr_line' id='line_1_6' title="bbox 186 543 1783 629; baseline 0.006 -28"><span class='ocrx_word' id='word_1_27' title='bbox 186 543 284 602; x_wconf 83' lang='lat' dir='ltr'>sibi</span> <span class='ocrx_word' id='word_1_28' title='bbox 314 543 436 618; x_wconf 88' lang='lat' dir='ltr'>quis</span> <span class='ocrx_word' id='word_1_29' title='bbox 466 561 568 602; x_wconf 90' lang='lat' dir='ltr'>nec</span> <span class='ocrx_word' id='word_1_30' title='bbox 597 545 746 619; x_wconf 92' lang='lat' dir='ltr'>quod</span> <span class='ocrx_word' id='word_1_31' title='bbox 774 546 961 604; x_wconf 85' lang='lat' dir='ltr'>deberi</span> <span class='ocrx_word' id='word_1_32' title='bbox 991 549 1171 618; x_wconf 90' lang='lat' dir='ltr'>novit,</span> <span class='ocrx_word' id='word_1_33' title='bbox 1214 549 1491 608; x_wconf 82' lang='lat' dir='ltr'>defendat.</span> <span class='ocrx_word' id='word_1_34' title='bbox 1536 555 1783 629; x_wconf 84' lang='lat' dir='ltr'>Denique</span> 
     </span>
    </p>
   </div>
   <div class='ocr_carea' id='block_1_7' title="bbox 185 633 1784 709">
    <p class='ocr_par' dir='ltr' id='par_1_7' title="bbox 185 633 1784 709">
     <span class='ocr_line' id='line_1_7' title="bbox 185 633 1784 709; baseline 0.008 -20"><span class='ocrx_word' id='word_1_35' title='bbox 185 633 486 692; x_wconf 68' lang='lat' dir='ltr'>Pharisaus</span> <span class='ocrx_word' id='word_1_36' title='bbox 523 636 638 705; x_wconf 92' lang='lat' dir='ltr'>ille,</span> <span class='ocrx_word' id='word_1_37' title='bbox 682 653 808 694; x_wconf 89' lang='lat' dir='ltr'>vera</span> <span class='ocrx_word' id='word_1_38' title='bbox 843 639 910 695; x_wconf 92' lang='lat' dir='ltr'>de</span> <span class='ocrx_word' id='word_1_39' title='bbox 948 655 1004 695; x_wconf 91' lang='lat' dir='ltr'>se</span> <span class='ocrx_word' id='word_1_40' title='bbox 1034 639 1244 709; x_wconf 91' lang='lat' dir='ltr'>dicens,</span> <span class='ocrx_word' id='word_1_41' title='bbox 1289 643 1557 699; x_wconf 84' lang='lat' dir='ltr'>exaltasse</span> <span class='ocrx_word' id='word_1_42' title='bbox 1586 659 1642 700; x_wconf 93' lang='lat' dir='ltr'>se</span> <span class='ocrx_word' id='word_1_43' title='bbox 1671 645 1784 702; x_wconf 82' lang='lat' dir='ltr'>dic-</span> 
     </span>
    </p>
   </div>
   <div class='ocr_carea' id='block_1_8' title="bbox 185 725 1782 802">
    <p class='ocr_par' dir='ltr' id='par_1_8' title="bbox 185 725 1782 802">
     <span class='ocr_line' id='line_1_8' title="bbox 185 725 1782 802; baseline 0.008 -24"><span class='ocrx_word' id='word_1_44' title='bbox 185 729 269 778; x_wconf 89' lang='lat' dir='ltr'>tus</span> <span class='ocrx_word' id='word_1_45' title='bbox 298 731 417 792; x_wconf 90' lang='lat' dir='ltr'>est;</span> <span class='ocrx_word' id='word_1_46' title='bbox 466 740 529 782; x_wconf 87' lang='lat' dir='ltr'>ac</span> <span class='ocrx_word' id='word_1_47' title='bbox 558 741 654 798; x_wconf 91' lang='lat' dir='ltr'>per</span> <span class='ocrx_word' id='word_1_48' title='bbox 682 725 789 783; x_wconf 90' lang='lat' dir='ltr'>hoc</span> <span class='ocrx_word' id='word_1_49' title='bbox 817 725 1145 786; x_wconf 84' lang='lat' dir='ltr'>humiliatus</span> <span class='ocrx_word' id='word_1_50' title='bbox 1183 737 1263 786; x_wconf 90' lang='lat' dir='ltr'>est</span> <span class='ocrx_word' id='word_1_51' title='bbox 1315 731 1466 802; x_wconf 86' lang='lat' dir='ltr'>(Luc.</span> <span class='ocrx_word' id='word_1_52' title='bbox 1499 749 1663 802; x_wconf 85' lang='lat' dir='ltr'>xvm,</span> <span class='ocrx_word' id='word_1_53' title='bbox 1696 734 1782 790; x_wconf 78' lang='grc'>11-</span> 
     </span>
    </p>
   </div>
   <div class='ocr_carea' id='block_1_9' title="bbox 186 811 1780 894">
    <p class='ocr_par' dir='ltr' id='par_1_9' title="bbox 186 811 1780 894">
     <span class='ocr_line' id='line_1_9' title="bbox 186 811 1780 894; baseline 0.008 -27"><span class='ocrx_word' id='word_1_54' title='bbox 186 811 270 884; x_wconf 83' lang='grc'>14)</span> <span class='ocrx_word' id='word_1_55' title='bbox 307 831 319 869; x_wconf 89' lang='lat'>:</span> <span class='ocrx_word' id='word_1_56' title='bbox 369 813 626 872; x_wconf 77' lang='lat' dir='ltr'>Christus</span> <span class='ocrx_word' id='word_1_57' title='bbox 654 823 837 873; x_wconf 90' lang='lat' dir='ltr'>autem</span> <span class='ocrx_word' id='word_1_58' title='bbox 870 819 993 890; x_wconf 89' lang='lat' dir='ltr'>plus</span> <span class='ocrx_word' id='word_1_59' title='bbox 1037 819 1187 888; x_wconf 81' lang='lat' dir='ltr'>fecit,</span> <span class='ocrx_word' id='word_1_60' title='bbox 1234 820 1328 894; x_wconf 89' lang='lat' dir='ltr'>qui</span> <span class='ocrx_word' id='word_1_61' title='bbox 1358 837 1483 877; x_wconf 89' lang='lat' dir='ltr'>cum</span> <span class='ocrx_word' id='word_1_62' title='bbox 1515 823 1660 879; x_wconf 90' lang='lat' dir='ltr'>Deus</span> <span class='ocrx_word' id='word_1_63' title='bbox 1688 823 1780 892; x_wconf 92' lang='lat' dir='ltr'>sit,</span> 
     </span>
    </p>
   </div>
   <div class='ocr_carea' id='block_1_10' title="bbox 179 901 1783 970">
    <p class='ocr_par' dir='ltr' id='par_1_10' title="bbox 179 901 1783 970">
     <span class='ocr_line' id='line_1_10' title="bbox 179 901 1783 970; baseline 0.009 -15"><span class='ocrx_word' id='word_1_64' title='bbox 179 915 305 956; x_wconf 87' lang='lat' dir='ltr'>caro</span> <span class='ocrx_word' id='word_1_65' title='bbox 335 901 517 960; x_wconf 87' lang='lat' dir='ltr'>factus</span> <span class='ocrx_word' id='word_1_66' title='bbox 546 903 869 964; x_wconf 89' lang='lat' dir='ltr'>hominibus</span> <span class='ocrx_word' id='word_1_67' title='bbox 887 923 943 963; x_wconf 91' lang='lat' dir='ltr'>se</span> <span class='ocrx_word' id='word_1_68' title='bbox 973 907 1282 963; x_wconf 83' lang='lat' dir='ltr'>inclinavit.</span> <span class='ocrx_word' id='word_1_69' title='bbox 1314 910 1472 965; x_wconf 90' lang='lat' dir='ltr'>Nunc</span> <span class='ocrx_word' id='word_1_70' title='bbox 1497 910 1783 970; x_wconf 82' lang='lat' dir='ltr'>videamus</span> 
     </span>
    </p>
   </div>
   <div class='ocr_carea' id='block_1_11' title="bbox 179 992 1781 1072">
    <p class='ocr_par' dir='ltr' id='par_1_11' title="bbox 179 992 1781 1072">
     <span class='ocr_line' id='line_1_11' title="bbox 179 992 1781 1072; baseline 0.007 -25"><span class='ocrx_word' id='word_1_71' title='bbox 179 992 461 1066; x_wconf 91' lang='lat' dir='ltr'>quomodo</span> <span class='ocrx_word' id='word_1_72' title='bbox 519 993 782 1051; x_wconf 90' lang='lat' dir='ltr'>donatum</span> <span class='ocrx_word' id='word_1_73' title='bbox 838 1003 920 1052; x_wconf 88' lang='lat' dir='ltr'>est</span> <span class='ocrx_word' id='word_1_74' title='bbox 972 995 1192 1052; x_wconf 87' lang='lat' dir='ltr'>Christo</span> <span class='ocrx_word' id='word_1_75' title='bbox 1239 1014 1460 1066; x_wconf 88' lang='lat' dir='ltr'>nomen,</span> <span class='ocrx_word' id='word_1_76' title='bbox 1511 1000 1657 1072; x_wconf 88' lang='lat' dir='ltr'>quod</span> <span class='ocrx_word' id='word_1_77' title='bbox 1701 1009 1781 1058; x_wconf 93' lang='lat' dir='ltr'>est</span> 
     </span>
    </p>
   </div>
   <div class='ocr_carea' id='block_1_12' title="bbox 177 1086 1781 1159">
    <p class='ocr_par' dir='ltr' id='par_1_12' title="bbox 177 1086 1781 1159">
     <span class='ocr_line' id='line_1_12' title="bbox 177 1086 1781 1159; baseline 0.007 -23"><span class='ocrx_word' id='word_1_78' title='bbox 177 1097 342 1152; x_wconf 88' lang='lat' dir='ltr'>super</span> <span class='ocrx_word' id='word_1_79' title='bbox 385 1099 548 1139; x_wconf 92' lang='lat' dir='ltr'>omne</span> <span class='ocrx_word' id='word_1_80' title='bbox 593 1100 817 1153; x_wconf 89' lang='lat' dir='ltr'>nomen,</span> <span class='ocrx_word' id='word_1_81' title='bbox 853 1086 1005 1158; x_wconf 90' lang='lat' dir='ltr'>quasi</span> <span class='ocrx_word' id='word_1_82' title='bbox 1056 1087 1265 1159; x_wconf 85' lang='lat' dir='ltr'>eguerit</span> <span class='ocrx_word' id='word_1_83' title='bbox 1314 1087 1491 1144; x_wconf 89' lang='lat' dir='ltr'>Filius</span> <span class='ocrx_word' id='word_1_84' title='bbox 1518 1089 1638 1159; x_wconf 88' lang='lat' dir='ltr'>Dei,</span> <span class='ocrx_word' id='word_1_85' title='bbox 1685 1098 1781 1148; x_wconf 92' lang='lat' dir='ltr'>aut</span> 
     </span>
    </p>
   </div>
   <div class='ocr_carea' id='block_1_13' title="bbox 179 1169 1774 1251">
    <p class='ocr_par' dir='ltr' id='par_1_13' title="bbox 179 1169 1774 1251">
     <span class='ocr_line' id='line_1_13' title="bbox 179 1169 1774 1251; baseline 0.008 -27"><span class='ocrx_word' id='word_1_86' title='bbox 179 1169 534 1242; x_wconf 83' lang='lat' dir='ltr'>imperfectus</span> <span class='ocrx_word' id='word_1_87' title='bbox 566 1173 774 1242; x_wconf 81' lang='lat' dir='ltr'>fuerit;</span> <span class='ocrx_word' id='word_1_88' title='bbox 817 1174 913 1248; x_wconf 89' lang='lat' dir='ltr'>qui</span> <span class='ocrx_word' id='word_1_89' title='bbox 945 1176 1093 1232; x_wconf 91' lang='lat' dir='ltr'>enim</span> <span class='ocrx_word' id='word_1_90' title='bbox 1125 1184 1265 1248; x_wconf 83' lang='lat' dir='ltr'>eget,</span> <span class='ocrx_word' id='word_1_91' title='bbox 1294 1177 1647 1251; x_wconf 86' lang='lat' dir='ltr'>imperfectus</span> <span class='ocrx_word' id='word_1_92' title='bbox 1675 1189 1774 1237; x_wconf 89' lang='lat' dir='ltr'>est.</span> 
     </span>
    </p>
   </div>
   <div class='ocr_carea' id='block_1_14' title="bbox 177 1259 1774 1340">
    <p class='ocr_par' dir='ltr' id='par_1_14' title="bbox 177 1259 1774 1340">
     <span class='ocr_line' id='line_1_14' title="bbox 177 1259 1774 1340; baseline 0.008 -25"><span class='ocrx_word' id='word_1_93' title='bbox 177 1259 230 1315; x_wconf 90' lang='lat' dir='ltr'>Si</span> <span class='ocrx_word' id='word_1_94' title='bbox 255 1259 399 1315; x_wconf 91' lang='lat' dir='ltr'>enim</span> <span class='ocrx_word' id='word_1_95' title='bbox 440 1260 498 1315; x_wconf 94' lang='lat' dir='ltr'>in</span> <span class='ocrx_word' id='word_1_96' title='bbox 524 1261 702 1316; x_wconf 86' lang='lat' dir='ltr'>forma</span> <span class='ocrx_word' id='word_1_97' title='bbox 724 1264 820 1319; x_wconf 91' lang='lat' dir='ltr'>Dei</span> <span class='ocrx_word' id='word_1_98' title='bbox 854 1273 989 1332; x_wconf 91' lang='lat' dir='ltr'>erat,</span> <span class='ocrx_word' id='word_1_99' title='bbox 1024 1273 1137 1321; x_wconf 87' lang='lat' dir='ltr'>erat</span> <span class='ocrx_word' id='word_1_100' title='bbox 1170 1282 1268 1338; x_wconf 90' lang='lat' dir='ltr'>par</span> <span class='ocrx_word' id='word_1_101' title='bbox 1295 1274 1349 1322; x_wconf 92' lang='lat' dir='ltr'>et</span> <span class='ocrx_word' id='word_1_102' title='bbox 1379 1268 1605 1340; x_wconf 73' lang='lat' dir='ltr'>aequalis</span> <span class='ocrx_word' id='word_1_103' title='bbox 1629 1270 1774 1330; x_wconf 82' lang='lat' dir='ltr'>Deo;</span> 
     </span>
    </p>
   </div>
   <div class='ocr_carea' id='block_1_15' title="bbox 177 1348 1772 1430">
    <p class='ocr_par' dir='ltr' id='par_1_15' title="bbox 177 1348 1772 1430">
     <span class='ocr_line' id='line_1_15' title="bbox 177 1348 1772 1430; baseline 0.006 -27"><span class='ocrx_word' id='word_1_104' title='bbox 177 1348 448 1421; x_wconf 89' lang='lat' dir='ltr'>quomodo</span> <span class='ocrx_word' id='word_1_105' title='bbox 476 1348 740 1407; x_wconf 89' lang='lat' dir='ltr'>donatum</span> <span class='ocrx_word' id='word_1_106' title='bbox 775 1361 858 1409; x_wconf 90' lang='lat' dir='ltr'>est</span> <span class='ocrx_word' id='word_1_107' title='bbox 892 1353 1026 1410; x_wconf 83' lang='lat' dir='ltr'>illi?</span> <span class='ocrx_word' id='word_1_108' title='bbox 1069 1355 1290 1411; x_wconf 85' lang='lat' dir='ltr'>Etenim</span> <span class='ocrx_word' id='word_1_109' title='bbox 1321 1355 1583 1412; x_wconf 90' lang='lat' dir='ltr'>donatum</span> <span class='ocrx_word' id='word_1_110' title='bbox 1612 1357 1772 1430; x_wconf 84' lang='lat' dir='ltr'>dicit,</span> 
     </span>
    </p>
   </div>
   <div class='ocr_carea' id='block_1_16' title="bbox 178 1438 1777 1518">
    <p class='ocr_par' dir='ltr' id='par_1_16' title="bbox 178 1438 1777 1518">
     <span class='ocr_line' id='line_1_16' title="bbox 178 1438 1777 1518; baseline 0.008 -24"><span class='ocrx_word' id='word_1_111' title='bbox 178 1438 267 1513; x_wconf 90' lang='lat' dir='ltr'>qui</span> <span class='ocrx_word' id='word_1_112' title='bbox 298 1456 354 1496; x_wconf 89' lang='lat' dir='ltr'>se</span> <span class='ocrx_word' id='word_1_113' title='bbox 383 1439 726 1510; x_wconf 90' lang='lat' dir='ltr'>humiliavit,</span> <span class='ocrx_word' id='word_1_114' title='bbox 772 1449 827 1497; x_wconf 91' lang='lat' dir='ltr'>et</span> <span class='ocrx_word' id='word_1_115' title='bbox 855 1443 1009 1515; x_wconf 88' lang='lat' dir='ltr'>quasi</span> <span class='ocrx_word' id='word_1_116' title='bbox 1054 1441 1220 1500; x_wconf 92' lang='lat' dir='ltr'>homo</span> <span class='ocrx_word' id='word_1_117' title='bbox 1263 1449 1533 1518; x_wconf 84' lang='lat' dir='ltr'>apparuit,</span> <span class='ocrx_word' id='word_1_118' title='bbox 1576 1450 1777 1506; x_wconf 83' lang='lat' dir='ltr'>exina-</span> 
     </span>
    </p>
   </div>
   <div class='ocr_carea' id='block_1_17' title="bbox 179 1528 1776 1613">
    <p class='ocr_par' dir='ltr' id='par_1_17' title="bbox 179 1528 1776 1613">
     <span class='ocr_line' id='line_1_17' title="bbox 179 1528 1776 1613; baseline 0.008 -29"><span class='ocrx_word' id='word_1_119' title='bbox 179 1528 333 1584; x_wconf 90' lang='lat' dir='ltr'>niens</span> <span class='ocrx_word' id='word_1_120' title='bbox 363 1545 441 1597; x_wconf 89' lang='lat' dir='ltr'>se,</span> <span class='ocrx_word' id='word_1_121' title='bbox 475 1529 654 1587; x_wconf 86' lang='lat' dir='ltr'>factus</span> <span class='ocrx_word' id='word_1_122' title='bbox 683 1530 946 1588; x_wconf 88' lang='lat' dir='ltr'>obediens</span> <span class='ocrx_word' id='word_1_123' title='bbox 976 1548 1147 1606; x_wconf 90' lang='lat' dir='ltr'>usque</span> <span class='ocrx_word' id='word_1_124' title='bbox 1173 1533 1241 1590; x_wconf 90' lang='lat' dir='ltr'>ad</span> <span class='ocrx_word' id='word_1_125' title='bbox 1274 1544 1528 1593; x_wconf 88' lang='lat' dir='ltr'>mortem.</span> <span class='ocrx_word' id='word_1_126' title='bbox 1563 1540 1618 1596; x_wconf 91' lang='lat' dir='ltr'>Si</span> <span class='ocrx_word' id='word_1_127' title='bbox 1650 1557 1776 1613; x_wconf 90' lang='lat' dir='ltr'>ergo</span> 
     </span>
    </p>
   </div>
   <div class='ocr_carea' id='block_1_18' title="bbox 174 1616 1773 1697">
    <p class='ocr_par' dir='ltr' id='par_1_18' title="bbox 174 1616 1773 1697">
     <span class='ocr_line' id='line_1_18' title="bbox 174 1616 1773 1697; baseline 0.009 -25"><span class='ocrx_word' id='word_1_128' title='bbox 174 1616 442 1690; x_wconf 83' lang='lat' dir='ltr'>perfectus</span> <span class='ocrx_word' id='word_1_129' title='bbox 497 1625 661 1674; x_wconf 89' lang='lat' dir='ltr'>natus</span> <span class='ocrx_word' id='word_1_130' title='bbox 714 1628 814 1689; x_wconf 89' lang='lat' dir='ltr'>est,</span> <span class='ocrx_word' id='word_1_131' title='bbox 884 1621 1161 1694; x_wconf 88' lang='lat' dir='ltr'>quomodo</span> <span class='ocrx_word' id='word_1_132' title='bbox 1216 1625 1412 1697; x_wconf 78' lang='lat' dir='ltr'>eguit?</span> <span class='ocrx_word' id='word_1_133' title='bbox 1469 1628 1773 1687; x_wconf 84' lang='lat' dir='ltr'>Perfectum</span> 
     </span>
    </p>
   </div>
   <div class='ocr_carea' id='block_1_19' title="bbox 171 1705 1774 1787">
    <p class='ocr_par' dir='ltr' id='par_1_19' title="bbox 171 1705 1774 1787">
     <span class='ocr_line' id='line_1_19' title="bbox 171 1705 1774 1787; baseline 0.006 -25"><span class='ocrx_word' id='word_1_134' title='bbox 171 1705 266 1762; x_wconf 88' lang='lat' dir='ltr'>Dei</span> <span class='ocrx_word' id='word_1_135' title='bbox 298 1705 504 1762; x_wconf 90' lang='lat' dir='ltr'>Filium</span> <span class='ocrx_word' id='word_1_136' title='bbox 533 1714 723 1764; x_wconf 88' lang='lat' dir='ltr'>natum</span> <span class='ocrx_word' id='word_1_137' title='bbox 755 1707 822 1764; x_wconf 90' lang='lat' dir='ltr'>de</span> <span class='ocrx_word' id='word_1_138' title='bbox 859 1711 973 1766; x_wconf 90' lang='lat' dir='ltr'>Deo</span> <span class='ocrx_word' id='word_1_139' title='bbox 1001 1710 1160 1768; x_wconf 87' lang='lat' dir='ltr'>Patre</span> <span class='ocrx_word' id='word_1_140' title='bbox 1184 1714 1278 1786; x_wconf 90' lang='lat' dir='ltr'>qui</span> <span class='ocrx_word' id='word_1_141' title='bbox 1309 1723 1489 1787; x_wconf 90' lang='lat' dir='ltr'>negat,</span> <span class='ocrx_word' id='word_1_142' title='bbox 1534 1716 1774 1772; x_wconf 86' lang='lat' dir='ltr'>Arianus</span> 
     </span>
    </p>
   </div>
   <div class='ocr_carea' id='block_1_20' title="bbox 1891 555 3488 639">
    <p class='ocr_par' dir='ltr' id='par_1_20' title="bbox 1891 555 3488 639">
     <span class='ocr_line' id='line_1_20' title="bbox 1891 555 3488 639; baseline 0.008 -28"><span class='ocrx_word' id='word_1_143' title='bbox 1891 555 1992 629; x_wconf 87' lang='lat' dir='ltr'>pit,</span> <span class='ocrx_word' id='word_1_144' title='bbox 2022 565 2084 613; x_wconf 89' lang='lat' dir='ltr'>ut</span> <span class='ocrx_word' id='word_1_145' title='bbox 2134 565 2255 629; x_wconf 84' lang='lat' dir='ltr'>post</span> <span class='ocrx_word' id='word_1_146' title='bbox 2300 573 2515 615; x_wconf 90' lang='lat' dir='ltr'>crucem</span> <span class='ocrx_word' id='word_1_147' title='bbox 2569 559 3030 632; x_wconf 87' lang='lat' dir='ltr'>manifestaretur,</span> <span class='ocrx_word' id='word_1_148' title='bbox 3087 564 3222 639; x_wconf 91' lang='lat' dir='ltr'>quid</span> <span class='ocrx_word' id='word_1_149' title='bbox 3260 582 3292 622; x_wconf 91' lang='lat' dir='ltr'>a</span> <span class='ocrx_word' id='word_1_150' title='bbox 3328 566 3488 631; x_wconf 82' lang='lat' dir='ltr'>Patre</span> 
     </span>
    </p>
   </div>
   <div class='ocr_carea' id='block_1_21' title="bbox 1893 644 3486 721">
    <p class='ocr_par' dir='ltr' id='par_1_21' title="bbox 1893 644 3486 721">
     <span class='ocr_line' id='line_1_21' title="bbox 1893 644 3486 721; baseline 0.009 -20"><span class='ocrx_word' id='word_1_151' title='bbox 1893 644 2024 702; x_wconf 91' lang='lat' dir='ltr'>dum</span> <span class='ocrx_word' id='word_1_152' title='bbox 2056 653 2423 717; x_wconf 88' lang='lat' dir='ltr'>generaretur,</span> <span class='ocrx_word' id='word_1_153' title='bbox 2445 649 2731 721; x_wconf 90' lang='lat' dir='ltr'>acceperit.</span> <span class='ocrx_word' id='word_1_154' title='bbox 2759 652 2970 708; x_wconf 88' lang='lat' dir='ltr'>Nomen</span> <span class='ocrx_word' id='word_1_155' title='bbox 2999 653 3145 711; x_wconf 89' lang='lat' dir='ltr'>enim</span> <span class='ocrx_word' id='word_1_156' title='bbox 3178 665 3312 715; x_wconf 88' lang='lat' dir='ltr'>tunc</span> <span class='ocrx_word' id='word_1_157' title='bbox 3339 672 3486 719; x_wconf 83' lang='lat' dir='ltr'>acce-</span> 
     </span>
    </p>
   </div>
   <div class='ocr_carea' id='block_1_22' title="bbox 1891 732 3484 818">
    <p class='ocr_par' dir='ltr' id='par_1_22' title="bbox 1891 732 3484 818">
     <span class='ocr_line' id='line_1_22' title="bbox 1891 732 3484 818; baseline 0.011 -31"><span class='ocrx_word' id='word_1_158' title='bbox 1891 732 1974 808; x_wconf 88' lang='lat' dir='ltr'>pit</span> <span class='ocrx_word' id='word_1_159' title='bbox 2011 733 2126 805; x_wconf 91' lang='grc'>(48)</span> <span class='ocrx_word' id='word_1_160' title='bbox 2158 735 2393 804; x_wconf 66' lang='lat' dir='ltr'>a-Patre,</span> <span class='ocrx_word' id='word_1_161' title='bbox 2439 752 2564 792; x_wconf 89' lang='lat' dir='ltr'>cum</span> <span class='ocrx_word' id='word_1_162' title='bbox 2595 753 2626 791; x_wconf 90' lang='lat' dir='ltr'>a</span> <span class='ocrx_word' id='word_1_163' title='bbox 2667 747 2914 798; x_wconf 87' lang='lat' dir='ltr'>creatura</span> <span class='ocrx_word' id='word_1_164' title='bbox 2958 742 3124 818; x_wconf 85' lang='lat' dir='ltr'>coepit</span> <span class='ocrx_word' id='word_1_165' title='bbox 3167 744 3336 814; x_wconf 89' lang='lat' dir='ltr'>sciri;</span> <span class='ocrx_word' id='word_1_166' title='bbox 3382 762 3484 804; x_wconf 91' lang='lat' dir='ltr'>co-</span> 
     </span>
    </p>
   </div>
   <div class='ocr_carea' id='block_1_23' title="bbox 1892 823 3483 903">
    <p class='ocr_par' dir='ltr' id='par_1_23' title="bbox 1892 823 3483 903">
     <span class='ocr_line' id='line_1_23' title="bbox 1892 823 3483 903; baseline 0.011 -26"><span class='ocrx_word' id='word_1_167' title='bbox 1892 823 2172 895; x_wconf 90' lang='lat' dir='ltr'>gnoscitur</span> <span class='ocrx_word' id='word_1_168' title='bbox 2201 825 2347 880; x_wconf 91' lang='lat' dir='ltr'>enim</span> <span class='ocrx_word' id='word_1_169' title='bbox 2380 825 2513 900; x_wconf 91' lang='lat' dir='ltr'>quid</span> <span class='ocrx_word' id='word_1_170' title='bbox 2559 834 2780 902; x_wconf 87' lang='lat' dir='ltr'>propter</span> <span class='ocrx_word' id='word_1_171' title='bbox 2807 829 2926 889; x_wconf 63' lang='lat' dir='ltr'>haec</span> <span class='ocrx_word' id='word_1_172' title='bbox 2954 846 3075 902; x_wconf 79' lang='lat' dir='ltr'>quae</span> <span class='ocrx_word' id='word_1_173' title='bbox 3110 835 3292 903; x_wconf 80' lang='lat' dir='ltr'>gessit,</span> <span class='ocrx_word' id='word_1_174' title='bbox 3335 845 3483 894; x_wconf 85' lang='lat' dir='ltr'>ante-</span> 
     </span>
    </p>
   </div>
   <div class='ocr_carea' id='block_1_24' title="bbox 1891 917 3480 990">
    <p class='ocr_par' dir='ltr' id='par_1_24' title="bbox 1891 917 3480 990">
     <span class='ocr_line' id='line_1_24' title="bbox 1891 917 3480 990; baseline 0.011 -23"><span class='ocrx_word' id='word_1_175' title='bbox 1891 928 2054 985; x_wconf 90' lang='lat' dir='ltr'>quam</span> <span class='ocrx_word' id='word_1_176' title='bbox 2085 922 2313 985; x_wconf 81' lang='lat' dir='ltr'>gereret,</span> <span class='ocrx_word' id='word_1_177' title='bbox 2335 917 2625 987; x_wconf 87' lang='lat' dir='ltr'>acceperit.</span> <span class='ocrx_word' id='word_1_178' title='bbox 2651 917 2897 990; x_wconf 90' lang='lat' dir='ltr'>Denique</span> <span class='ocrx_word' id='word_1_179' title='bbox 2912 927 3036 976; x_wconf 87' lang='lat' dir='ltr'>ante</span> <span class='ocrx_word' id='word_1_180' title='bbox 3055 937 3274 978; x_wconf 90' lang='lat' dir='ltr'>crucem</span> <span class='ocrx_word' id='word_1_181' title='bbox 3301 924 3480 986; x_wconf 82' lang='lat' dir='ltr'>dixit:</span> 
     </span>
    </p>
   </div>
   <div class='ocr_carea' id='block_1_25' title="bbox 1905 1001 3482 1086">
    <p class='ocr_par' dir='ltr' id='par_1_25' title="bbox 1905 1001 3482 1086">
     <span class='ocr_line' id='line_1_25' title="bbox 1905 1001 3482 1086; baseline 0.009 -29"><span class='ocrx_word' id='word_1_182' title='bbox 1905 1022 1924 1048; x_wconf 86' lang='grc'><em>‹</em></span> <span class='ocrx_word' id='word_1_183' title='bbox 1955 1001 2154 1060; x_wconf 88' lang='lat' dir='ltr'>Omnia</span> <span class='ocrx_word' id='word_1_184' title='bbox 2184 1004 2320 1060; x_wconf 88' lang='lat' dir='ltr'>mihi</span> <span class='ocrx_word' id='word_1_185' title='bbox 2351 1004 2554 1062; x_wconf 87' lang='lat' dir='ltr'>tradita</span> <span class='ocrx_word' id='word_1_186' title='bbox 2595 1013 2725 1063; x_wconf 89' lang='lat' dir='ltr'>sunt</span> <span class='ocrx_word' id='word_1_187' title='bbox 2753 1022 2785 1060; x_wconf 90' lang='lat' dir='ltr'>a</span> <span class='ocrx_word' id='word_1_188' title='bbox 2814 1007 2971 1064; x_wconf 85' lang='lat' dir='ltr'>Patre</span> <span class='ocrx_word' id='word_1_189' title='bbox 3000 1025 3122 1064; x_wconf 89' lang='lat' dir='ltr'>meo</span> <span class='ocrx_word' id='word_1_190' title='bbox 3155 1011 3365 1081; x_wconf 83' lang='lat' dir='ltr'>(Matth.</span> <span class='ocrx_word' id='word_1_191' title='bbox 3401 1030 3482 1086; x_wconf 65' lang='grc' dir='ltr'>ιι,</span> 
     </span>
    </p>
   </div>
   <div class='ocr_carea' id='block_1_26' title="bbox 1889 1089 3481 1172">
    <p class='ocr_par' dir='ltr' id='par_1_26' title="bbox 1889 1089 3481 1172">
     <span class='ocr_line' id='line_1_26' title="bbox 1889 1089 3481 1172; baseline 0.009 -27"><span class='ocrx_word' id='word_1_192' title='bbox 1889 1089 2004 1164; x_wconf 81' lang='grc'>27).</span> <span class='ocrx_word' id='word_1_193' title='bbox 2055 1117 2074 1139; x_wconf 76' lang='grc' dir='ltr'>ι</span> <span class='ocrx_word' id='word_1_194' title='bbox 2129 1091 2416 1160; x_wconf 88' lang='lat' dir='ltr'>Quomodo</span> <span class='ocrx_word' id='word_1_195' title='bbox 2441 1110 2568 1166; x_wconf 87' lang='lat' dir='ltr'>ergo</span> <span class='ocrx_word' id='word_1_196' title='bbox 2598 1095 2703 1153; x_wconf 73' lang='lat' dir='ltr'>ho&#39;c</span> <span class='ocrx_word' id='word_1_197' title='bbox 2731 1094 2800 1151; x_wconf 89' lang='lat' dir='ltr'>ad</span> <span class='ocrx_word' id='word_1_198' title='bbox 2829 1113 3028 1170; x_wconf 88' lang='lat' dir='ltr'>corpus</span> <span class='ocrx_word' id='word_1_199' title='bbox 3064 1105 3242 1170; x_wconf 87' lang='lat' dir='ltr'>potest</span> <span class='ocrx_word' id='word_1_200' title='bbox 3271 1100 3481 1172; x_wconf 88' lang='lat' dir='ltr'>referri,</span> 
     </span>
    </p>
   </div>
   <div class='ocr_carea' id='block_1_27' title="bbox 1888 1181 3486 1257">
    <p class='ocr_par' dir='ltr' id='par_1_27' title="bbox 1888 1181 3486 1257">
     <span class='ocr_line' id='line_1_27' title="bbox 1888 1181 3486 1257; baseline 0.009 -23"><span class='ocrx_word' id='word_1_201' title='bbox 1888 1187 1951 1234; x_wconf 91' lang='lat' dir='ltr'>ut</span> <span class='ocrx_word' id='word_1_202' title='bbox 1997 1181 2096 1236; x_wconf 92' lang='lat' dir='ltr'>Dei</span> <span class='ocrx_word' id='word_1_203' title='bbox 2144 1198 2344 1240; x_wconf 89' lang='lat' dir='ltr'>nomen</span> <span class='ocrx_word' id='word_1_204' title='bbox 2394 1183 2610 1257; x_wconf 89' lang='lat' dir='ltr'>corpori</span> <span class='ocrx_word' id='word_1_205' title='bbox 2659 1185 2730 1240; x_wconf 93' lang='lat' dir='ltr'>sit</span> <span class='ocrx_word' id='word_1_206' title='bbox 2775 1186 3064 1256; x_wconf 87' lang='lat' dir='ltr'>donatum,</span> <span class='ocrx_word' id='word_1_207' title='bbox 3113 1204 3238 1246; x_wconf 84' lang='lat' dir='ltr'>cum</span> <span class='ocrx_word' id='word_1_208' title='bbox 3272 1198 3486 1248; x_wconf 91' lang='lat' dir='ltr'>constet</span> 
     </span>
    </p>
   </div>
   <div class='ocr_carea' id='block_1_28' title="bbox 1889 1268 3481 1351">
    <p class='ocr_par' dir='ltr' id='par_1_28' title="bbox 1889 1268 3481 1351">
     <span class='ocr_line' id='line_1_28' title="bbox 1889 1268 3481 1351; baseline 0.006 -25"><span class='ocrx_word' id='word_1_209' title='bbox 1889 1268 2170 1326; x_wconf 89' lang='lat' dir='ltr'>Christum</span> <span class='ocrx_word' id='word_1_210' title='bbox 2203 1271 2482 1330; x_wconf 89' lang='lat' dir='ltr'>hominem</span> <span class='ocrx_word' id='word_1_211' title='bbox 2513 1289 2628 1330; x_wconf 89' lang='lat' dir='ltr'>esse</span> <span class='ocrx_word' id='word_1_212' title='bbox 2653 1283 2706 1330; x_wconf 92' lang='lat' dir='ltr'>et</span> <span class='ocrx_word' id='word_1_213' title='bbox 2735 1276 2931 1344; x_wconf 92' lang='lat' dir='ltr'>Deum,</span> <span class='ocrx_word' id='word_1_214' title='bbox 2967 1276 3095 1351; x_wconf 87' lang='lat' dir='ltr'>quia</span> <span class='ocrx_word' id='word_1_215' title='bbox 3125 1295 3225 1334; x_wconf 92' lang='lat' dir='ltr'>nec</span> <span class='ocrx_word' id='word_1_216' title='bbox 3251 1278 3481 1351; x_wconf 90' lang='lat' dir='ltr'>dignum</span> 
     </span>
    </p>
   </div>
   <div class='ocr_carea' id='block_1_29' title="bbox 1888 1363 3484 1440">
    <p class='ocr_par' dir='ltr' id='par_1_29' title="bbox 1888 1363 3484 1440">
     <span class='ocr_line' id='line_1_29' title="bbox 1888 1363 3484 1440; baseline 0.008 -25"><span class='ocrx_word' id='word_1_217' title='bbox 1888 1367 1987 1428; x_wconf 90' lang='lat' dir='ltr'>est,</span> <span class='ocrx_word' id='word_1_218' title='bbox 2022 1369 2082 1416; x_wconf 93' lang='lat' dir='ltr'>ut</span> <span class='ocrx_word' id='word_1_219' title='bbox 2111 1363 2254 1418; x_wconf 89' lang='lat' dir='ltr'>Deus</span> <span class='ocrx_word' id='word_1_220' title='bbox 2298 1363 2624 1421; x_wconf 90' lang='lat' dir='ltr'>immutetur</span> <span class='ocrx_word' id='word_1_221' title='bbox 2653 1365 2711 1419; x_wconf 91' lang='lat' dir='ltr'>in</span> <span class='ocrx_word' id='word_1_222' title='bbox 2739 1382 2985 1436; x_wconf 89' lang='lat' dir='ltr'>carnem,</span> <span class='ocrx_word' id='word_1_223' title='bbox 3016 1383 3192 1440; x_wconf 87' lang='lat' dir='ltr'>neque</span> <span class='ocrx_word' id='word_1_224' title='bbox 3221 1384 3348 1424; x_wconf 89' lang='lat' dir='ltr'>caro</span> <span class='ocrx_word' id='word_1_225' title='bbox 3376 1369 3484 1427; x_wconf 83' lang='lat' dir='ltr'>hoc</span> 
     </span>
    </p>
   </div>
   <div class='ocr_carea' id='block_1_30' title="bbox 1888 1449 3482 1530">
    <p class='ocr_par' dir='ltr' id='par_1_30' title="bbox 1888 1449 3482 1530">
     <span class='ocr_line' id='line_1_30' title="bbox 1888 1449 3482 1530; baseline 0.006 -26"><span class='ocrx_word' id='word_1_226' title='bbox 1888 1449 2057 1522; x_wconf 88' lang='lat' dir='ltr'>possit</span> <span class='ocrx_word' id='word_1_227' title='bbox 2095 1451 2236 1507; x_wconf 81' lang='lat' dir='ltr'>eﬁici</span> <span class='ocrx_word' id='word_1_228' title='bbox 2269 1451 2416 1523; x_wconf 91' lang='lat' dir='ltr'>quod</span> <span class='ocrx_word' id='word_1_229' title='bbox 2444 1461 2526 1508; x_wconf 89' lang='lat' dir='ltr'>est</span> <span class='ocrx_word' id='word_1_230' title='bbox 2554 1455 2728 1521; x_wconf 88' lang='lat' dir='ltr'>Deus;</span> <span class='ocrx_word' id='word_1_231' title='bbox 2784 1454 2880 1514; x_wconf 91' lang='lat' dir='ltr'>sed</span> <span class='ocrx_word' id='word_1_232' title='bbox 2909 1455 3048 1513; x_wconf 85' lang='lat' dir='ltr'>forte</span> <span class='ocrx_word' id='word_1_233' title='bbox 3096 1463 3158 1512; x_wconf 93' lang='lat' dir='ltr'>ut</span> <span class='ocrx_word' id='word_1_234' title='bbox 3186 1455 3482 1530; x_wconf 83' lang='lat' dir='ltr'>adOptione</span> 
     </span>
    </p>
   </div>
   <div class='ocr_carea' id='block_1_31' title="bbox 1885 1538 3481 1622">
    <p class='ocr_par' dir='ltr' id='par_1_31' title="bbox 1885 1538 3481 1622">
     <span class='ocr_line' id='line_1_31' title="bbox 1885 1538 3481 1622; baseline 0.007 -29"><span class='ocrx_word' id='word_1_235' title='bbox 1885 1538 2030 1594; x_wconf 88' lang='lat' dir='ltr'>Deus</span> <span class='ocrx_word' id='word_1_236' title='bbox 2067 1549 2227 1610; x_wconf 89' lang='lat' dir='ltr'>esset,</span> <span class='ocrx_word' id='word_1_237' title='bbox 2259 1548 2313 1597; x_wconf 91' lang='lat' dir='ltr'>et</span> <span class='ocrx_word' id='word_1_238' title='bbox 2343 1541 2436 1598; x_wconf 91' lang='lat' dir='ltr'>hic</span> <span class='ocrx_word' id='word_1_239' title='bbox 2464 1543 2614 1598; x_wconf 88' lang='lat' dir='ltr'>color</span> <span class='ocrx_word' id='word_1_240' title='bbox 2641 1551 2752 1611; x_wconf 90' lang='lat' dir='ltr'>est;</span> <span class='ocrx_word' id='word_1_241' title='bbox 2786 1544 3016 1622; x_wconf 89' lang='lat' dir='ltr'>incipiet</span> <span class='ocrx_word' id='word_1_242' title='bbox 3042 1545 3189 1601; x_wconf 89' lang='lat' dir='ltr'>enim</span> <span class='ocrx_word' id='word_1_243' title='bbox 3229 1562 3299 1602; x_wconf 84' lang='lat' dir='ltr'>ex</span> <span class='ocrx_word' id='word_1_244' title='bbox 3327 1553 3481 1620; x_wconf 86' lang='lat' dir='ltr'>parte</span> 
     </span>
    </p>
   </div>
   <div class='ocr_carea' id='block_1_32' title="bbox 1883 1627 3479 1709">
    <p class='ocr_par' dir='ltr' id='par_1_32' title="bbox 1883 1627 3479 1709">
     <span class='ocr_line' id='line_1_32' title="bbox 1883 1627 3479 1709; baseline 0.005 -25"><span class='ocrx_word' id='word_1_245' title='bbox 1883 1627 2030 1684; x_wconf 91' lang='lat' dir='ltr'>Deus</span> <span class='ocrx_word' id='word_1_246' title='bbox 2069 1644 2230 1685; x_wconf 89' lang='lat' dir='ltr'>verus</span> <span class='ocrx_word' id='word_1_247' title='bbox 2269 1646 2385 1686; x_wconf 90' lang='lat' dir='ltr'>esse</span> <span class='ocrx_word' id='word_1_248' title='bbox 2438 1630 2710 1701; x_wconf 88' lang='lat' dir='ltr'>Christus,</span> <span class='ocrx_word' id='word_1_249' title='bbox 2762 1641 2816 1690; x_wconf 93' lang='lat' dir='ltr'>et</span> <span class='ocrx_word' id='word_1_250' title='bbox 2858 1650 2927 1690; x_wconf 86' lang='lat' dir='ltr'>ex</span> <span class='ocrx_word' id='word_1_251' title='bbox 2967 1643 3118 1708; x_wconf 90' lang='lat' dir='ltr'>parte</span> <span class='ocrx_word' id='word_1_252' title='bbox 3163 1634 3479 1709; x_wconf 84' lang='lat' dir='ltr'>adoptivus,</span> 
     </span>
    </p>
   </div>
   <div class='ocr_carea' id='block_1_33' title="bbox 1884 1719 3478 1796">
    <p class='ocr_par' dir='ltr' id='par_1_33' title="bbox 1884 1719 3478 1796">
     <span class='ocr_line' id='line_1_33' title="bbox 1884 1719 3478 1796; baseline 0.005 -23"><span class='ocrx_word' id='word_1_253' title='bbox 1884 1726 1978 1774; x_wconf 90' lang='lat' dir='ltr'>aut</span> <span class='ocrx_word' id='word_1_254' title='bbox 2013 1719 2122 1776; x_wconf 93' lang='lat' dir='ltr'>duo</span> <span class='ocrx_word' id='word_1_255' title='bbox 2172 1719 2271 1776; x_wconf 92' lang='lat' dir='ltr'>dii.</span> <span class='ocrx_word' id='word_1_256' title='bbox 2328 1721 2433 1779; x_wconf 89' lang='lat' dir='ltr'>Sed</span> <span class='ocrx_word' id='word_1_257' title='bbox 2486 1721 2636 1777; x_wconf 90' lang='lat' dir='ltr'>aliud</span> <span class='ocrx_word' id='word_1_258' title='bbox 2694 1722 2978 1794; x_wconf 88' lang='lat' dir='ltr'>Scriptura</span> <span class='ocrx_word' id='word_1_259' title='bbox 3031 1723 3350 1796; x_wconf 88' lang='lat' dir='ltr'>signiﬁcat:</span> <span class='ocrx_word' id='word_1_260' title='bbox 3392 1723 3478 1781; x_wconf 89' lang='lat' dir='ltr'>illi</span> 
     </span>
    </p>
   </div>
   <div class='ocr_carea' id='block_1_34' title="bbox 171 1796 3475 1898">
    <p class='ocr_par' dir='ltr' id='par_1_34' title="bbox 171 1796 3475 1898">
     <span class='ocr_line' id='line_1_34' title="bbox 171 1796 3475 1898; baseline 0.006 -49"><span class='ocrx_word' id='word_1_261' title='bbox 171 1800 288 1861; x_wconf 92' lang='lat' dir='ltr'>est;</span> <span class='ocrx_word' id='word_1_262' title='bbox 344 1809 470 1850; x_wconf 91' lang='lat' dir='ltr'>nam</span> <span class='ocrx_word' id='word_1_263' title='bbox 512 1801 638 1850; x_wconf 86' lang='lat' dir='ltr'>ante</span> <span class='ocrx_word' id='word_1_264' title='bbox 685 1796 1012 1868; x_wconf 86' lang='lat' dir='ltr'>passionem,</span> <span class='ocrx_word' id='word_1_265' title='bbox 1058 1801 1321 1872; x_wconf 63' lang='lat' dir='ltr'>aqualem</span> <span class='ocrx_word' id='word_1_266' title='bbox 1370 1821 1427 1860; x_wconf 91' lang='lat' dir='ltr'>se</span> <span class='ocrx_word' id='word_1_267' title='bbox 1478 1806 1591 1862; x_wconf 91' lang='lat' dir='ltr'>Deo</span> <span class='ocrx_word' id='word_1_268' title='bbox 1619 1806 1766 1862; x_wconf 88' lang='lat' dir='ltr'>Patri</span> <span class='ocrx_word' id='word_1_269' title='bbox 1801 1836 1848 1898; x_wconf 79' lang='grc' dir='ltr'><strong>Β</strong></span> <span class='ocrx_word' id='word_1_270' title='bbox 1884 1808 2029 1864; x_wconf 90' lang='lat' dir='ltr'>enim</span> <span class='ocrx_word' id='word_1_271' title='bbox 2064 1809 2329 1866; x_wconf 91' lang='lat' dir='ltr'>donatum</span> <span class='ocrx_word' id='word_1_272' title='bbox 2361 1810 2654 1882; x_wconf 86' lang='lat' dir='ltr'>signiﬁcat,</span> <span class='ocrx_word' id='word_1_273' title='bbox 2676 1812 2769 1884; x_wconf 89' lang='lat' dir='ltr'>qui</span> <span class='ocrx_word' id='word_1_274' title='bbox 2800 1827 2855 1868; x_wconf 90' lang='lat' dir='ltr'>se</span> <span class='ocrx_word' id='word_1_275' title='bbox 2884 1811 3216 1877; x_wconf 84' lang='lat' dir='ltr'>exinanivit,</span> <span class='ocrx_word' id='word_1_276' title='bbox 3247 1810 3342 1885; x_wconf 88' lang='lat' dir='ltr'>qui</span> <span class='ocrx_word' id='word_1_277' title='bbox 3367 1811 3475 1869; x_wconf 85' lang='lat' dir='ltr'>for-</span> 
     </span>
    </p>
   </div>
   <div class='ocr_carea' id='block_1_35' title="bbox 170 1881 1768 1959">
    <p class='ocr_par' dir='ltr' id='par_1_35' title="bbox 170 1881 1768 1959">
     <span class='ocr_line' id='line_1_35' title="bbox 170 1881 1768 1959; baseline 0.011 -21"><span class='ocrx_word' id='word_1_278' title='bbox 170 1881 430 1951; x_wconf 89' lang='lat' dir='ltr'>ostendit,</span> <span class='ocrx_word' id='word_1_279' title='bbox 469 1882 613 1940; x_wconf 88' lang='lat' dir='ltr'>sicut</span> <span class='ocrx_word' id='word_1_280' title='bbox 656 1891 709 1939; x_wconf 91' lang='lat' dir='ltr'>et</span> <span class='ocrx_word' id='word_1_281' title='bbox 757 1901 920 1959; x_wconf 88' lang='lat' dir='ltr'>supra</span> <span class='ocrx_word' id='word_1_282' title='bbox 966 1892 1287 1947; x_wconf 78' lang='lat' dir='ltr'>memoravi.</span> <span class='ocrx_word' id='word_1_283' title='bbox 1350 1893 1505 1952; x_wconf 90' lang='lat' dir='ltr'>Unde</span> <span class='ocrx_word' id='word_1_284' title='bbox 1550 1905 1768 1955; x_wconf 91' lang='lat' dir='ltr'>constat</span> 
     </span>
    </p>
   </div>
   <div class='ocr_carea' id='block_1_36' title="bbox 170 1968 1767 2045">
    <p class='ocr_par' dir='ltr' id='par_1_36' title="bbox 170 1968 1767 2045">
     <span class='ocr_line' id='line_1_36' title="bbox 170 1968 1767 2045; baseline 0.011 -19"><span class='ocrx_word' id='word_1_285' title='bbox 170 1968 318 2027; x_wconf 91' lang='lat' dir='ltr'>hunc</span> <span class='ocrx_word' id='word_1_286' title='bbox 345 1977 533 2026; x_wconf 89' lang='lat' dir='ltr'>natum</span> <span class='ocrx_word' id='word_1_287' title='bbox 566 1987 682 2028; x_wconf 84' lang='lat' dir='ltr'>esse</span> <span class='ocrx_word' id='word_1_288' title='bbox 707 1973 1047 2045; x_wconf 83' lang='lat' dir='ltr'>perfectum;</span> <span class='ocrx_word' id='word_1_289' title='bbox 1080 1977 1137 2033; x_wconf 92' lang='lat' dir='ltr'>in</span> <span class='ocrx_word' id='word_1_290' title='bbox 1171 1980 1460 2039; x_wconf 89' lang='lat' dir='ltr'>nativitate</span> <span class='ocrx_word' id='word_1_291' title='bbox 1488 1985 1635 2042; x_wconf 91' lang='lat' dir='ltr'>enim</span> <span class='ocrx_word' id='word_1_292' title='bbox 1667 2001 1767 2042; x_wconf 89' lang='lat' dir='ltr'>sua</span> 
     </span>
    </p>
   </div>
   <div class='ocr_carea' id='block_1_37' title="bbox 169 2059 1767 2141">
    <p class='ocr_par' dir='ltr' id='par_1_37' title="bbox 169 2059 1767 2141">
     <span class='ocr_line' id='line_1_37' title="bbox 169 2059 1767 2141; baseline 0.011 -25"><span class='ocrx_word' id='word_1_293' title='bbox 169 2059 351 2116; x_wconf 88' lang='lat' dir='ltr'>omnia</span> <span class='ocrx_word' id='word_1_294' title='bbox 385 2069 714 2118; x_wconf 89' lang='lat' dir='ltr'>consecutus</span> <span class='ocrx_word' id='word_1_295' title='bbox 740 2063 981 2121; x_wconf 89' lang='lat' dir='ltr'>videtur.</span> <span class='ocrx_word' id='word_1_296' title='bbox 1015 2068 1077 2122; x_wconf 93' lang='lat' dir='ltr'>In</span> <span class='ocrx_word' id='word_1_297' title='bbox 1107 2069 1456 2141; x_wconf 89' lang='lat' dir='ltr'>plenitudine</span> <span class='ocrx_word' id='word_1_298' title='bbox 1487 2075 1635 2131; x_wconf 90' lang='lat' dir='ltr'>enim</span> <span class='ocrx_word' id='word_1_299' title='bbox 1669 2076 1767 2133; x_wconf 83' lang='lat' dir='ltr'>di-</span> 
     </span>
    </p>
   </div>
   <div class='ocr_carea' id='block_1_38' title="bbox 170 2147 1768 2233">
    <p class='ocr_par' dir='ltr' id='par_1_38' title="bbox 170 2147 1768 2233">
     <span class='ocr_line' id='line_1_38' title="bbox 170 2147 1768 2233; baseline 0.012 -32"><span class='ocrx_word' id='word_1_300' title='bbox 170 2147 423 2202; x_wconf 88' lang='lat' dir='ltr'>vinitatis</span> <span class='ocrx_word' id='word_1_301' title='bbox 451 2155 533 2203; x_wconf 90' lang='lat' dir='ltr'>est</span> <span class='ocrx_word' id='word_1_302' title='bbox 560 2156 722 2204; x_wconf 82' lang='lat' dir='ltr'>natus</span> <span class='ocrx_word' id='word_1_303' title='bbox 749 2150 816 2205; x_wconf 89' lang='lat' dir='ltr'>ad</span> <span class='ocrx_word' id='word_1_304' title='bbox 844 2152 1033 2207; x_wconf 86' lang='lat' dir='ltr'>omnia</span> <span class='ocrx_word' id='word_1_305' title='bbox 1065 2155 1270 2226; x_wconf 90' lang='lat' dir='ltr'>agenda</span> <span class='ocrx_word' id='word_1_306' title='bbox 1301 2175 1422 2230; x_wconf 72' lang='lat' dir='ltr'>qua:</span> <span class='ocrx_word' id='word_1_307' title='bbox 1455 2162 1651 2233; x_wconf 86' lang='lat' dir='ltr'>gessit;</span> <span class='ocrx_word' id='word_1_308' title='bbox 1703 2171 1768 2219; x_wconf 91' lang='lat' dir='ltr'>ut</span> 
     </span>
    </p>
   </div>
   <div class='ocr_carea' id='block_1_39' title="bbox 166 2233 1766 2319">
    <p class='ocr_par' dir='ltr' id='par_1_39' title="bbox 166 2233 1766 2319">
     <span class='ocr_line' id='line_1_39' title="bbox 166 2233 1766 2319; baseline 0.011 -30"><span class='ocrx_word' id='word_1_309' title='bbox 166 2235 323 2309; x_wconf 88' lang='lat' dir='ltr'>prius</span> <span class='ocrx_word' id='word_1_310' title='bbox 377 2240 522 2298; x_wconf 82' lang='lat'>256</span> <span class='ocrx_word' id='word_1_311' title='bbox 563 2235 771 2293; x_wconf 89' lang='lat' dir='ltr'>donum</span> <span class='ocrx_word' id='word_1_312' title='bbox 829 2241 1147 2313; x_wconf 90' lang='lat' dir='ltr'>accepisset,</span> <span class='ocrx_word' id='word_1_313' title='bbox 1204 2261 1364 2318; x_wconf 92' lang='lat' dir='ltr'>quam</span> <span class='ocrx_word' id='word_1_314' title='bbox 1417 2233 1649 2319; x_wconf 87' lang='lat' dir='ltr'>gereret,</span> <span class='ocrx_word' id='word_1_315' title='bbox 1698 2251 1766 2308; x_wconf 94' lang='lat' dir='ltr'>ad</span> 
     </span>
    </p>
   </div>
   <div class='ocr_carea' id='block_1_40' title="bbox 167 2334 1762 2416">
    <p class='ocr_par' dir='ltr' id='par_1_40' title="bbox 167 2334 1762 2416">
     <span class='ocr_line' id='line_1_40' title="bbox 167 2334 1762 2416; baseline 0.01 -28"><span class='ocrx_word' id='word_1_316' title='bbox 167 2349 284 2405; x_wconf 62' lang='lat' dir='ltr'>qua</span> <span class='ocrx_word' id='word_1_317' title='bbox 315 2334 524 2406; x_wconf 85' lang='lat' dir='ltr'>agenda</span> <span class='ocrx_word' id='word_1_318' title='bbox 549 2341 717 2390; x_wconf 90' lang='lat' dir='ltr'>natus</span> <span class='ocrx_word' id='word_1_319' title='bbox 746 2343 846 2392; x_wconf 90' lang='lat' dir='ltr'>est.</span> <span class='ocrx_word' id='word_1_320' title='bbox 893 2336 1128 2394; x_wconf 81' lang='lat' dir='ltr'>Videtur</span> <span class='ocrx_word' id='word_1_321' title='bbox 1171 2355 1300 2413; x_wconf 89' lang='lat' dir='ltr'>ergo</span> <span class='ocrx_word' id='word_1_322' title='bbox 1329 2342 1537 2401; x_wconf 90' lang='lat' dir='ltr'>donum</span> <span class='ocrx_word' id='word_1_323' title='bbox 1569 2347 1762 2416; x_wconf 89' lang='lat' dir='ltr'>Patris,</span> 
     </span>
    </p>
   </div>
   <div class='ocr_carea' id='block_1_41' title="bbox 170 2427 1766 2512">
    <p class='ocr_par' dir='ltr' id='par_1_41' title="bbox 170 2427 1766 2512">
     <span class='ocr_line' id='line_1_41' title="bbox 170 2427 1766 2512; baseline 0.008 -28"><span class='ocrx_word' id='word_1_324' title='bbox 170 2427 271 2487; x_wconf 92' lang='lat' dir='ltr'>hoc</span> <span class='ocrx_word' id='word_1_325' title='bbox 317 2437 422 2498; x_wconf 89' lang='lat' dir='ltr'>est,</span> <span class='ocrx_word' id='word_1_326' title='bbox 465 2447 582 2487; x_wconf 85' lang='lat' dir='ltr'>esse</span> <span class='ocrx_word' id='word_1_327' title='bbox 624 2431 852 2500; x_wconf 90' lang='lat' dir='ltr'>Filium,</span> <span class='ocrx_word' id='word_1_328' title='bbox 902 2440 958 2488; x_wconf 90' lang='lat' dir='ltr'>et</span> <span class='ocrx_word' id='word_1_329' title='bbox 999 2449 1198 2491; x_wconf 90' lang='lat' dir='ltr'>nomen</span> <span class='ocrx_word' id='word_1_330' title='bbox 1241 2435 1358 2508; x_wconf 90' lang='lat' dir='ltr'>ejus</span> <span class='ocrx_word' id='word_1_331' title='bbox 1403 2455 1565 2512; x_wconf 89' lang='lat' dir='ltr'>super</span> <span class='ocrx_word' id='word_1_332' title='bbox 1605 2457 1766 2498; x_wconf 92' lang='lat' dir='ltr'>omne</span> 
     </span>
    </p>
   </div>
   <div class='ocr_carea' id='block_1_42' title="bbox 169 2516 1763 2596">
    <p class='ocr_par' dir='ltr' id='par_1_42' title="bbox 169 2516 1763 2596">
     <span class='ocr_line' id='line_1_42' title="bbox 169 2516 1763 2596; baseline 0.008 -26"><span class='ocrx_word' id='word_1_333' title='bbox 169 2529 360 2572; x_wconf 89' lang='lat' dir='ltr'>nomen</span> <span class='ocrx_word' id='word_1_334' title='bbox 391 2516 486 2586; x_wconf 91' lang='lat' dir='ltr'>sit,</span> <span class='ocrx_word' id='word_1_335' title='bbox 541 2516 648 2574; x_wconf 88' lang='lat' dir='ltr'>hoc</span> <span class='ocrx_word' id='word_1_336' title='bbox 677 2525 780 2584; x_wconf 86' lang='lat' dir='ltr'>est,</span> <span class='ocrx_word' id='word_1_337' title='bbox 820 2534 938 2576; x_wconf 88' lang='lat' dir='ltr'>esse</span> <span class='ocrx_word' id='word_1_338' title='bbox 966 2521 1180 2589; x_wconf 90' lang='lat' dir='ltr'>Deum;</span> <span class='ocrx_word' id='word_1_339' title='bbox 1223 2539 1425 2579; x_wconf 91' lang='lat' dir='ltr'>nomen</span> <span class='ocrx_word' id='word_1_340' title='bbox 1466 2527 1612 2582; x_wconf 89' lang='lat' dir='ltr'>enim</span> <span class='ocrx_word' id='word_1_341' title='bbox 1643 2527 1763 2596; x_wconf 87' lang='lat' dir='ltr'>Dei,</span> 
     </span>
    </p>
   </div>
   <div class='ocr_carea' id='block_1_43' title="bbox 170 2605 1763 2688">
    <p class='ocr_par' dir='ltr' id='par_1_43' title="bbox 170 2605 1763 2688">
     <span class='ocr_line' id='line_1_43' title="bbox 170 2605 1763 2688; baseline 0.008 -27"><span class='ocrx_word' id='word_1_342' title='bbox 170 2605 258 2662; x_wconf 91' lang='lat' dir='ltr'>sed</span> <span class='ocrx_word' id='word_1_343' title='bbox 310 2623 408 2679; x_wconf 91' lang='lat' dir='ltr'>per</span> <span class='ocrx_word' id='word_1_344' title='bbox 440 2615 719 2678; x_wconf 88' lang='lat' dir='ltr'>naturam,</span> <span class='ocrx_word' id='word_1_345' title='bbox 777 2625 888 2666; x_wconf 93' lang='lat' dir='ltr'>non</span> <span class='ocrx_word' id='word_1_346' title='bbox 941 2627 1040 2684; x_wconf 89' lang='lat' dir='ltr'>per</span> <span class='ocrx_word' id='word_1_347' title='bbox 1093 2613 1262 2668; x_wconf 94' lang='lat' dir='ltr'>solam</span> <span class='ocrx_word' id='word_1_348' title='bbox 1319 2616 1763 2688; x_wconf 88' lang='lat' dir='ltr'>appellationem,</span> 
     </span>
    </p>
   </div>
   <div class='ocr_carea' id='block_1_44' title="bbox 170 2701 1765 2768">
    <p class='ocr_par' dir='ltr' id='par_1_44' title="bbox 170 2701 1765 2768">
     <span class='ocr_line' id='line_1_44' title="bbox 170 2701 1765 2768; baseline 0.008 -19"><span class='ocrx_word' id='word_1_349' title='bbox 170 2711 321 2768; x_wconf 89' lang='lat' dir='ltr'>super</span> <span class='ocrx_word' id='word_1_350' title='bbox 363 2713 529 2754; x_wconf 92' lang='lat' dir='ltr'>omne</span> <span class='ocrx_word' id='word_1_351' title='bbox 575 2714 779 2754; x_wconf 89' lang='lat' dir='ltr'>nomen</span> <span class='ocrx_word' id='word_1_352' title='bbox 831 2707 934 2756; x_wconf 90' lang='lat' dir='ltr'>est.</span> <span class='ocrx_word' id='word_1_353' title='bbox 982 2701 1125 2758; x_wconf 83' lang='lat' dir='ltr'>Hinc</span> <span class='ocrx_word' id='word_1_354' title='bbox 1152 2710 1255 2768; x_wconf 91' lang='lat' dir='ltr'>est,</span> <span class='ocrx_word' id='word_1_355' title='bbox 1316 2728 1334 2750; x_wconf 75' lang='grc' dir='ltr'>ε</span> <span class='ocrx_word' id='word_1_356' title='bbox 1363 2711 1424 2758; x_wconf 81' lang='grc' dir='ltr'>ιιι</span> <span class='ocrx_word' id='word_1_357' title='bbox 1452 2703 1510 2759; x_wconf 89' lang='lat' dir='ltr'>in</span> <span class='ocrx_word' id='word_1_358' title='bbox 1539 2706 1765 2763; x_wconf 88' lang='lat' dir='ltr'>nomine</span> 
     </span>
    </p>
   </div>
   <div class='ocr_carea' id='block_1_45' title="bbox 169 2782 1759 2864">
    <p class='ocr_par' dir='ltr' id='par_1_45' title="bbox 169 2782 1759 2864">
     <span class='ocr_line' id='line_1_45' title="bbox 169 2782 1759 2864; baseline 0.007 -25"><span class='ocrx_word' id='word_1_359' title='bbox 169 2782 285 2840; x_wconf 73' lang='lat' dir='ltr'>Iesu</span> <span class='ocrx_word' id='word_1_360' title='bbox 313 2802 476 2842; x_wconf 91' lang='lat' dir='ltr'>omne</span> <span class='ocrx_word' id='word_1_361' title='bbox 525 2802 669 2859; x_wconf 89' lang='lat' dir='ltr'>genu</span> <span class='ocrx_word' id='word_1_362' title='bbox 701 2786 970 2857; x_wconf 86' lang='lat' dir='ltr'>ﬂectatur,</span> <span class='ocrx_word' id='word_1_363' title='bbox 1016 2790 1344 2860; x_wconf 78' lang='lat' dir='ltr'>caelestium,</span> <span class='ocrx_word' id='word_1_364' title='bbox 1395 2793 1759 2864; x_wconf 89' lang='lat' dir='ltr'>terrestrium,</span> 
     </span>
    </p>
   </div>
   <div class='ocr_carea' id='block_1_46' title="bbox 169 2873 1763 2954">
    <p class='ocr_par' dir='ltr' id='par_1_46' title="bbox 169 2873 1763 2954">
     <span class='ocr_line' id='line_1_46' title="bbox 169 2873 1763 2954; baseline 0.008 -26"><span class='ocrx_word' id='word_1_365' title='bbox 169 2879 218 2928; x_wconf 89' lang='lat' dir='ltr'>et</span> <span class='ocrx_word' id='word_1_366' title='bbox 245 2873 610 2945; x_wconf 83' lang='lat' dir='ltr'>infernorum,</span> <span class='ocrx_word' id='word_1_367' title='bbox 644 2902 664 2926; x_wconf 76' lang='grc' dir='ltr'>ι</span> <span class='ocrx_word' id='word_1_368' title='bbox 720 2878 863 2934; x_wconf 89' lang='lat' dir='ltr'>sicut</span> <span class='ocrx_word' id='word_1_369' title='bbox 889 2878 958 2934; x_wconf 89' lang='lat' dir='ltr'>ad</span> <span class='ocrx_word' id='word_1_370' title='bbox 987 2880 1262 2937; x_wconf 82' lang='lat' dir='ltr'>Romanos</span> <span class='ocrx_word' id='word_1_371' title='bbox 1291 2881 1584 2954; x_wconf 87' lang='lat' dir='ltr'>significat,</span> <span class='ocrx_word' id='word_1_372' title='bbox 1619 2884 1763 2940; x_wconf 90' lang='lat' dir='ltr'>inter</span> 
     </span>
    </p>
   </div>
   <div class='ocr_carea' id='block_1_47' title="bbox 168 2963 1760 3040">
    <p class='ocr_par' dir='ltr' id='par_1_47' title="bbox 168 2963 1760 3040">
     <span class='ocr_line' id='line_1_47' title="bbox 168 2963 1760 3040; baseline 0.007 -22"><span class='ocrx_word' id='word_1_373' title='bbox 168 2969 346 3020; x_wconf 84' lang='lat' dir='ltr'>caetera</span> <span class='ocrx_word' id='word_1_374' title='bbox 373 2963 572 3021; x_wconf 91' lang='lat' dir='ltr'>dicens</span> <span class='ocrx_word' id='word_1_375' title='bbox 604 2983 616 3020; x_wconf 90' lang='lat'><strong>:</strong></span> <span class='ocrx_word' id='word_1_376' title='bbox 682 2988 701 3011; x_wconf 77' lang='grc' dir='ltr'>ι</span> <span class='ocrx_word' id='word_1_377' title='bbox 732 2967 805 3021; x_wconf 89' lang='lat' dir='ltr'>Et</span> <span class='ocrx_word' id='word_1_378' title='bbox 839 2981 911 3024; x_wconf 90' lang='lat' dir='ltr'>ex</span> <span class='ocrx_word' id='word_1_379' title='bbox 946 2968 1146 3040; x_wconf 90' lang='lat' dir='ltr'>quibus</span> <span class='ocrx_word' id='word_1_380' title='bbox 1177 2968 1430 3027; x_wconf 89' lang='lat' dir='ltr'>Christus</span> <span class='ocrx_word' id='word_1_381' title='bbox 1458 2973 1760 3030; x_wconf 89' lang='lat' dir='ltr'>secundum</span> 
     </span>
    </p>
   </div>
   <div class='ocr_carea' id='block_1_48' title="bbox 168 3055 1759 3128">
    <p class='ocr_par' dir='ltr' id='par_1_48' title="bbox 168 3055 1759 3128">
     <span class='ocr_line' id='line_1_48' title="bbox 168 3055 1759 3128; baseline 0.006 -20"><span class='ocrx_word' id='word_1_382' title='bbox 168 3066 392 3124; x_wconf 82' lang='lat' dir='ltr'>carnem,</span> <span class='ocrx_word' id='word_1_383' title='bbox 423 3055 528 3128; x_wconf 89' lang='lat' dir='ltr'>qui</span> <span class='ocrx_word' id='word_1_384' title='bbox 552 3061 634 3111; x_wconf 90' lang='lat' dir='ltr'>est</span> <span class='ocrx_word' id='word_1_385' title='bbox 659 3071 820 3127; x_wconf 91' lang='lat' dir='ltr'>super</span> <span class='ocrx_word' id='word_1_386' title='bbox 848 3057 1036 3112; x_wconf 88' lang='lat' dir='ltr'>omnia</span> <span class='ocrx_word' id='word_1_387' title='bbox 1064 3059 1208 3115; x_wconf 92' lang='lat' dir='ltr'>Deus</span> <span class='ocrx_word' id='word_1_388' title='bbox 1228 3059 1548 3117; x_wconf 90' lang='lat' dir='ltr'>benedictus</span> <span class='ocrx_word' id='word_1_389' title='bbox 1577 3061 1635 3117; x_wconf 93' lang='lat' dir='ltr'>in</span> <span class='ocrx_word' id='word_1_390' title='bbox 1666 3079 1759 3117; x_wconf 66' lang='lat' dir='ltr'>saa-</span> 
     </span>
    </p>
   </div>
   <div class='ocr_carea' id='block_1_49' title="bbox 168 3143 1757 3217">
    <p class='ocr_par' dir='ltr' id='par_1_49' title="bbox 168 3143 1757 3217">
     <span class='ocr_line' id='line_1_49' title="bbox 168 3143 1757 3217; baseline 0.005 -20"><span class='ocrx_word' id='word_1_391' title='bbox 168 3143 279 3200; x_wconf 88' lang='lat' dir='ltr'>cula</span> <span class='ocrx_word' id='word_1_392' title='bbox 311 3145 491 3216; x_wconf 86' lang='lat' dir='ltr'>(Rom.</span> <span class='ocrx_word' id='word_1_393' title='bbox 529 3161 609 3214; x_wconf 85' lang='lat' dir='ltr'>rx,</span> <span class='ocrx_word' id='word_1_394' title='bbox 641 3145 722 3217; x_wconf 82' lang='lat'>5).</span> <span class='ocrx_word' id='word_1_395' title='bbox 755 3168 773 3192; x_wconf 76' lang='grc' dir='ltr'>ι</span> <span class='ocrx_word' id='word_1_396' title='bbox 826 3145 958 3213; x_wconf 79' lang='lat' dir='ltr'>Quae</span> <span class='ocrx_word' id='word_1_397' title='bbox 991 3147 1102 3202; x_wconf 92' lang='lat' dir='ltr'>sint</span> <span class='ocrx_word' id='word_1_398' title='bbox 1131 3155 1312 3204; x_wconf 90' lang='lat' dir='ltr'>autem</span> <span class='ocrx_word' id='word_1_399' title='bbox 1341 3148 1458 3207; x_wconf 63' lang='lat' dir='ltr'>haec</span> <span class='ocrx_word' id='word_1_400' title='bbox 1488 3150 1674 3207; x_wconf 90' lang='lat' dir='ltr'>omnia</span> <span class='ocrx_word' id='word_1_401' title='bbox 1702 3151 1757 3206; x_wconf 92' lang='lat' dir='ltr'>in</span> 
     </span>
    </p>
   </div>
   <div class='ocr_carea' id='block_1_50' title="bbox 165 3234 1762 3308">
    <p class='ocr_par' dir='ltr' id='par_1_50' title="bbox 165 3234 1762 3308">
     <span class='ocr_line' id='line_1_50' title="bbox 165 3234 1762 3308; baseline 0.006 -20"><span class='ocrx_word' id='word_1_402' title='bbox 165 3234 379 3305; x_wconf 88' lang='lat' dir='ltr'>epistola</span> <span class='ocrx_word' id='word_1_403' title='bbox 408 3236 523 3293; x_wconf 85' lang='lat' dir='ltr'>ista</span> <span class='ocrx_word' id='word_1_404' title='bbox 567 3235 743 3308; x_wconf 90' lang='lat' dir='ltr'>aperit</span> <span class='ocrx_word' id='word_1_405' title='bbox 770 3236 984 3305; x_wconf 91' lang='lat' dir='ltr'>dicens,</span> <span class='ocrx_word' id='word_1_406' title='bbox 1031 3238 1276 3295; x_wconf 88' lang='lat' dir='ltr'>coelestia</span> <span class='ocrx_word' id='word_1_407' title='bbox 1304 3247 1359 3295; x_wconf 90' lang='lat' dir='ltr'>et</span> <span class='ocrx_word' id='word_1_408' title='bbox 1397 3242 1676 3298; x_wconf 89' lang='lat' dir='ltr'>terrestria</span> <span class='ocrx_word' id='word_1_409' title='bbox 1707 3250 1762 3298; x_wconf 87' lang='lat' dir='ltr'>et</span> 
     </span>
    </p>
   </div>
   <div class='ocr_carea' id='block_1_51' title="bbox 167 3321 1762 3393">
    <p class='ocr_par' dir='ltr' id='par_1_51' title="bbox 167 3321 1762 3393">
     <span class='ocr_line' id='line_1_51' title="bbox 167 3321 1762 3393; baseline 0.006 -17"><span class='ocrx_word' id='word_1_410' title='bbox 167 3321 406 3380; x_wconf 87' lang='lat' dir='ltr'>inferna:</span> <span class='ocrx_word' id='word_1_411' title='bbox 455 3323 576 3380; x_wconf 86' lang='lat' dir='ltr'>alia</span> <span class='ocrx_word' id='word_1_412' title='bbox 621 3325 772 3380; x_wconf 90' lang='lat' dir='ltr'>enim</span> <span class='ocrx_word' id='word_1_413' title='bbox 814 3326 970 3380; x_wconf 90' lang='lat' dir='ltr'>nulla</span> <span class='ocrx_word' id='word_1_414' title='bbox 1009 3333 1158 3381; x_wconf 82' lang='lat' dir='ltr'>sunt.</span> <span class='ocrx_word' id='word_1_415' title='bbox 1210 3326 1550 3393; x_wconf 89' lang='lat' dir='ltr'>Quibusdam</span> <span class='ocrx_word' id='word_1_416' title='bbox 1579 3337 1762 3385; x_wconf 89' lang='lat' dir='ltr'>tamen</span> 
     </span>
    </p>
   </div>
   <div class='ocr_carea' id='block_1_52' title="bbox 167 3409 1764 3492">
    <p class='ocr_par' dir='ltr' id='par_1_52' title="bbox 167 3409 1764 3492">
     <span class='ocr_line' id='line_1_52' title="bbox 167 3409 1764 3492; baseline 0.008 -29"><span class='ocrx_word' id='word_1_417' title='bbox 167 3409 373 3468; x_wconf 86' lang='lat' dir='ltr'>videtur</span> <span class='ocrx_word' id='word_1_418' title='bbox 399 3412 627 3469; x_wconf 88' lang='lat' dir='ltr'>homini</span> <span class='ocrx_word' id='word_1_419' title='bbox 649 3413 914 3470; x_wconf 90' lang='lat' dir='ltr'>donatum</span> <span class='ocrx_word' id='word_1_420' title='bbox 936 3431 1052 3471; x_wconf 89' lang='lat' dir='ltr'>esse</span> <span class='ocrx_word' id='word_1_421' title='bbox 1073 3432 1294 3484; x_wconf 89' lang='lat' dir='ltr'>nomen,</span> <span class='ocrx_word' id='word_1_422' title='bbox 1319 3417 1465 3489; x_wconf 90' lang='lat' dir='ltr'>quod</span> <span class='ocrx_word' id='word_1_423' title='bbox 1493 3426 1574 3474; x_wconf 91' lang='lat' dir='ltr'>est</span> <span class='ocrx_word' id='word_1_424' title='bbox 1603 3435 1764 3492; x_wconf 90' lang='lat' dir='ltr'>super</span> 
     </span>
    </p>
   </div>
   <div class='ocr_carea' id='block_1_53' title="bbox 164 3502 1760 3576">
    <p class='ocr_par' dir='ltr' id='par_1_53' title="bbox 164 3502 1760 3576">
     <span class='ocr_line' id='line_1_53' title="bbox 164 3502 1760 3576; baseline 0.006 -24"><span class='ocrx_word' id='word_1_425' title='bbox 164 3513 312 3556; x_wconf 90' lang='lat' dir='ltr'>omne</span> <span class='ocrx_word' id='word_1_426' title='bbox 341 3517 574 3570; x_wconf 91' lang='lat' dir='ltr'>nomen,</span> <span class='ocrx_word' id='word_1_427' title='bbox 607 3502 755 3574; x_wconf 91' lang='lat' dir='ltr'>quod</span> <span class='ocrx_word' id='word_1_428' title='bbox 784 3504 940 3559; x_wconf 92' lang='lat' dir='ltr'>nullo</span> <span class='ocrx_word' id='word_1_429' title='bbox 964 3520 1180 3576; x_wconf 87' lang='lat' dir='ltr'>genere,</span> <span class='ocrx_word' id='word_1_430' title='bbox 1211 3506 1366 3561; x_wconf 89' lang='lat' dir='ltr'>nulla</span> <span class='ocrx_word' id='word_1_431' title='bbox 1395 3507 1608 3562; x_wconf 87' lang='lat' dir='ltr'>ratione</span> <span class='ocrx_word' id='word_1_432' title='bbox 1633 3522 1760 3562; x_wconf 83' lang='lat' dir='ltr'>con-</span> 
     </span>
    </p>
   </div>
   <div class='ocr_carea' id='block_1_54' title="bbox 168 3589 1762 3667">
    <p class='ocr_par' dir='ltr' id='par_1_54' title="bbox 168 3589 1762 3667">
     <span class='ocr_line' id='line_1_54' title="bbox 168 3589 1762 3667; baseline 0.007 -27"><span class='ocrx_word' id='word_1_433' title='bbox 168 3589 324 3644; x_wconf 82' lang='lat' dir='ltr'>venit.</span> <span class='ocrx_word' id='word_1_434' title='bbox 380 3589 435 3647; x_wconf 92' lang='lat' dir='ltr'>Si</span> <span class='ocrx_word' id='word_1_435' title='bbox 496 3589 646 3645; x_wconf 91' lang='lat' dir='ltr'>enim</span> <span class='ocrx_word' id='word_1_436' title='bbox 701 3590 952 3648; x_wconf 88' lang='lat' dir='ltr'>Christus</span> <span class='ocrx_word' id='word_1_437' title='bbox 1000 3593 1116 3648; x_wconf 85' lang='lat' dir='ltr'>Dei‘</span> <span class='ocrx_word' id='word_1_438' title='bbox 1151 3593 1326 3650; x_wconf 86' lang='lat' dir='ltr'>Filius</span> <span class='ocrx_word' id='word_1_439' title='bbox 1374 3593 1519 3650; x_wconf 91' lang='lat' dir='ltr'>idem</span> <span class='ocrx_word' id='word_1_440' title='bbox 1566 3595 1680 3667; x_wconf 89' lang='lat' dir='ltr'>ipse</span> <span class='ocrx_word' id='word_1_441' title='bbox 1709 3604 1762 3652; x_wconf 92' lang='lat' dir='ltr'>et</span> 
     </span>
    </p>
   </div>
   <div class='ocr_carea' id='block_1_55' title="bbox 165 3674 1760 3752">
    <p class='ocr_par' dir='ltr' id='par_1_55' title="bbox 165 3674 1760 3752">
     <span class='ocr_line' id='line_1_55' title="bbox 165 3674 1760 3752; baseline 0.006 -20"><span class='ocrx_word' id='word_1_442' title='bbox 165 3674 318 3734; x_wconf 92' lang='lat' dir='ltr'>homo</span> <span class='ocrx_word' id='word_1_443' title='bbox 353 3687 455 3749; x_wconf 90' lang='lat' dir='ltr'>est,</span> <span class='ocrx_word' id='word_1_444' title='bbox 490 3695 607 3734; x_wconf 90' lang='lat' dir='ltr'>non</span> <span class='ocrx_word' id='word_1_445' title='bbox 636 3687 850 3751; x_wconf 87' lang='lat' dir='ltr'>poterat</span> <span class='ocrx_word' id='word_1_446' title='bbox 893 3683 1038 3738; x_wconf 91' lang='lat' dir='ltr'>Deus</span> <span class='ocrx_word' id='word_1_447' title='bbox 1067 3681 1235 3737; x_wconf 90' lang='lat' dir='ltr'>homo</span> <span class='ocrx_word' id='word_1_448' title='bbox 1263 3683 1460 3752; x_wconf 84' lang='lat' dir='ltr'>factus,</span> <span class='ocrx_word' id='word_1_449' title='bbox 1509 3686 1601 3740; x_wconf 83' lang='lat' dir='ltr'>sed</span> <span class='ocrx_word' id='word_1_450' title='bbox 1634 3701 1760 3741; x_wconf 90' lang='lat' dir='ltr'>ma-</span> 
     </span>
    </p>
   </div>
   <div class='ocr_carea' id='block_1_56' title="bbox 169 3768 1758 3843">
    <p class='ocr_par' dir='ltr' id='par_1_56' title="bbox 169 3768 1758 3843">
     <span class='ocr_line' id='line_1_56' title="bbox 169 3768 1758 3843; baseline 0.006 -23"><span class='ocrx_word' id='word_1_451' title='bbox 169 3779 294 3822; x_wconf 86' lang='lat' dir='ltr'>nens</span> <span class='ocrx_word' id='word_1_452' title='bbox 319 3769 482 3837; x_wconf 90' lang='lat' dir='ltr'>Deus,</span> <span class='ocrx_word' id='word_1_453' title='bbox 516 3768 605 3824; x_wconf 87' lang='lat' dir='ltr'>his</span> <span class='ocrx_word' id='word_1_454' title='bbox 631 3785 783 3841; x_wconf 90' lang='lat' dir='ltr'>egere</span> <span class='ocrx_word' id='word_1_455' title='bbox 808 3787 928 3843; x_wconf 65' lang='lat' dir='ltr'>quae</span> <span class='ocrx_word' id='word_1_456' title='bbox 955 3770 1191 3827; x_wconf 86' lang='lat' dir='ltr'>habebat</span> <span class='ocrx_word' id='word_1_457' title='bbox 1221 3791 1232 3828; x_wconf 91' lang='lat'><strong>:</strong></span> <span class='ocrx_word' id='word_1_458' title='bbox 1259 3781 1354 3828; x_wconf 92' lang='lat' dir='ltr'>aut</span> <span class='ocrx_word' id='word_1_459' title='bbox 1379 3774 1425 3829; x_wconf 88' lang='lat' dir='ltr'>si</span> <span class='ocrx_word' id='word_1_460' title='bbox 1457 3773 1758 3830; x_wconf 88' lang='lat' dir='ltr'>secundum</span> 
     </span>
    </p>
   </div>
   <div class='ocr_carea' id='block_1_57' title="bbox 164 3855 1759 3936">
    <p class='ocr_par' dir='ltr' id='par_1_57' title="bbox 164 3855 1759 3936">
     <span class='ocr_line' id='line_1_57' title="bbox 164 3855 1759 3936; baseline 0.006 -26"><span class='ocrx_word' id='word_1_461' title='bbox 164 3855 295 3926; x_wconf 88' lang='lat' dir='ltr'>quod</span> <span class='ocrx_word' id='word_1_462' title='bbox 336 3855 509 3914; x_wconf 90' lang='lat' dir='ltr'>homo</span> <span class='ocrx_word' id='word_1_463' title='bbox 555 3865 695 3926; x_wconf 90' lang='lat' dir='ltr'>erat,</span> <span class='ocrx_word' id='word_1_464' title='bbox 743 3858 832 3914; x_wconf 92' lang='lat' dir='ltr'>his</span> <span class='ocrx_word' id='word_1_465' title='bbox 877 3859 1087 3932; x_wconf 90' lang='lat' dir='ltr'>egebat,</span> <span class='ocrx_word' id='word_1_466' title='bbox 1139 3877 1259 3934; x_wconf 76' lang='lat' dir='ltr'>quae</span> <span class='ocrx_word' id='word_1_467' title='bbox 1302 3862 1402 3918; x_wconf 91' lang='lat' dir='ltr'>Dei</span> <span class='ocrx_word' id='word_1_468' title='bbox 1445 3871 1594 3930; x_wconf 90' lang='lat' dir='ltr'>sunt,</span> <span class='ocrx_word' id='word_1_469' title='bbox 1643 3863 1759 3936; x_wconf 87' lang='lat' dir='ltr'>ipse</span> 
     </span>
    </p>
   </div>
   <div class='ocr_carea' id='block_1_58' title="bbox 165 3941 1760 4023">
    <p class='ocr_par' dir='ltr' id='par_1_58' title="bbox 165 3941 1760 4023">
     <span class='ocr_line' id='line_1_58' title="bbox 165 3941 1760 4023; baseline 0.007 -26"><span class='ocrx_word' id='word_1_470' title='bbox 165 3941 258 3998; x_wconf 85' lang='lat' dir='ltr'>sibi</span> <span class='ocrx_word' id='word_1_471' title='bbox 295 3945 390 4000; x_wconf 87' lang='lat' dir='ltr'>Dei</span> <span class='ocrx_word' id='word_1_472' title='bbox 433 3945 612 4002; x_wconf 88' lang='lat' dir='ltr'>Filius</span> <span class='ocrx_word' id='word_1_473' title='bbox 644 3948 790 4003; x_wconf 89' lang='lat' dir='ltr'>Deus</span> <span class='ocrx_word' id='word_1_474' title='bbox 820 3946 1077 4017; x_wconf 90' lang='lat' dir='ltr'>dedisset,</span> <span class='ocrx_word' id='word_1_475' title='bbox 1126 3965 1245 4021; x_wconf 86' lang='lat' dir='ltr'>quae</span> <span class='ocrx_word' id='word_1_476' title='bbox 1273 3949 1498 4007; x_wconf 89' lang='lat' dir='ltr'>deerant</span> <span class='ocrx_word' id='word_1_477' title='bbox 1523 3950 1571 4007; x_wconf 92' lang='lat' dir='ltr'>ei</span> <span class='ocrx_word' id='word_1_478' title='bbox 1595 3949 1760 4023; x_wconf 83' lang='lat' dir='ltr'>juxta</span> 
     </span>
    </p>
   </div>
   <div class='ocr_carea' id='block_1_59' title="bbox 165 4032 1758 4111">
    <p class='ocr_par' dir='ltr' id='par_1_59' title="bbox 165 4032 1758 4111">
     <span class='ocr_line' id='line_1_59' title="bbox 165 4032 1758 4111; baseline 0.003 -23"><span class='ocrx_word' id='word_1_479' title='bbox 165 4032 299 4103; x_wconf 85' lang='lat' dir='ltr'>quod</span> <span class='ocrx_word' id='word_1_480' title='bbox 327 4033 494 4090; x_wconf 88' lang='lat' dir='ltr'>homo</span> <span class='ocrx_word' id='word_1_481' title='bbox 527 4042 663 4091; x_wconf 90' lang='lat' dir='ltr'>erat.</span> <span class='ocrx_word' id='word_1_482' title='bbox 695 4035 855 4102; x_wconf 85' lang='lat' dir='ltr'>Quod</span> <span class='ocrx_word' id='word_1_483' title='bbox 888 4036 1111 4109; x_wconf 90' lang='lat' dir='ltr'>quidem</span> <span class='ocrx_word' id='word_1_484' title='bbox 1143 4038 1210 4094; x_wconf 89' lang='lat' dir='ltr'>ab</span> <span class='ocrx_word' id='word_1_485' title='bbox 1255 4038 1574 4111; x_wconf 89' lang='lat' dir='ltr'>insipientia</span> <span class='ocrx_word' id='word_1_486' title='bbox 1605 4038 1758 4096; x_wconf 92' lang='lat' dir='ltr'>dici-</span> 
     </span>
    </p>
   </div>
   <div class='ocr_carea' id='block_1_60' title="bbox 165 4127 1756 4206">
    <p class='ocr_par' dir='ltr' id='par_1_60' title="bbox 165 4127 1756 4206">
     <span class='ocr_line' id='line_1_60' title="bbox 165 4127 1756 4206; baseline 0.004 -26"><span class='ocrx_word' id='word_1_487' title='bbox 165 4131 264 4182; x_wconf 91' lang='lat' dir='ltr'>tur.</span> <span class='ocrx_word' id='word_1_488' title='bbox 305 4129 377 4184; x_wconf 91' lang='lat' dir='ltr'>Et</span> <span class='ocrx_word' id='word_1_489' title='bbox 405 4145 576 4201; x_wconf 90' lang='lat' dir='ltr'>quare</span> <span class='ocrx_word' id='word_1_490' title='bbox 619 4130 780 4185; x_wconf 85' lang='lat' dir='ltr'>Pater</span> <span class='ocrx_word' id='word_1_491' title='bbox 814 4130 1020 4186; x_wconf 89' lang='lat' dir='ltr'>dicitur</span> <span class='ocrx_word' id='word_1_492' title='bbox 1061 4130 1294 4201; x_wconf 89' lang='lat' dir='ltr'>dedisse,</span> <span class='ocrx_word' id='word_1_493' title='bbox 1341 4149 1467 4190; x_wconf 87' lang='lat' dir='ltr'>cum</span> <span class='ocrx_word' id='word_1_494' title='bbox 1517 4132 1631 4206; x_wconf 90' lang='lat' dir='ltr'>ipse</span> <span class='ocrx_word' id='word_1_495' title='bbox 1659 4127 1756 4206; x_wconf 87' lang='lat' dir='ltr'>qui</span> 
     </span>
    </p>
   </div>
   <div class='ocr_carea' id='block_1_61' title="bbox 164 4211 1754 4294">
    <p class='ocr_par' dir='ltr' id='par_1_61' title="bbox 164 4211 1754 4294">
     <span class='ocr_line' id='line_1_61' title="bbox 164 4211 1754 4294; baseline 0.006 -26"><span class='ocrx_word' id='word_1_496' title='bbox 164 4211 320 4272; x_wconf 91' lang='lat' dir='ltr'>homo</span> <span class='ocrx_word' id='word_1_497' title='bbox 349 4217 534 4273; x_wconf 80' lang='lat' dir='ltr'>factus</span> <span class='ocrx_word' id='word_1_498' title='bbox 563 4225 698 4286; x_wconf 90' lang='lat' dir='ltr'>erat,</span> <span class='ocrx_word' id='word_1_499' title='bbox 728 4219 871 4274; x_wconf 91' lang='lat' dir='ltr'>nihil</span> <span class='ocrx_word' id='word_1_500' title='bbox 902 4218 1241 4276; x_wconf 82' lang='lat' dir='ltr'>dehaberet?</span> <span class='ocrx_word' id='word_1_501' title='bbox 1271 4229 1366 4277; x_wconf 91' lang='lat' dir='ltr'>aut</span> <span class='ocrx_word' id='word_1_502' title='bbox 1396 4238 1508 4277; x_wconf 94' lang='lat' dir='ltr'>non</span> <span class='ocrx_word' id='word_1_503' title='bbox 1539 4230 1754 4294; x_wconf 89' lang='lat' dir='ltr'>poterat</span> 
     </span>
    </p>
   </div>
   <div class='ocr_carea' id='block_1_62' title="bbox 164 4302 1745 4384">
    <p class='ocr_par' dir='ltr' id='par_1_62' title="bbox 164 4302 1745 4384">
     <span class='ocr_line' id='line_1_62' title="bbox 164 4302 1745 4384; baseline 0.007 -26"><span class='ocrx_word' id='word_1_504' title='bbox 164 4302 284 4359; x_wconf 88' lang='lat' dir='ltr'>Filii</span> <span class='ocrx_word' id='word_1_505' title='bbox 315 4302 586 4361; x_wconf 85' lang='lat' dir='ltr'>divinitas</span> <span class='ocrx_word' id='word_1_506' title='bbox 620 4305 736 4378; x_wconf 90' lang='grc'>(47)</span> <span class='ocrx_word' id='word_1_507' title='bbox 783 4307 999 4379; x_wconf 87' lang='lat' dir='ltr'>corpori</span> <span class='ocrx_word' id='word_1_508' title='bbox 1028 4324 1128 4364; x_wconf 90' lang='lat' dir='ltr'>suo</span> <span class='ocrx_word' id='word_1_509' title='bbox 1160 4319 1215 4366; x_wconf 93' lang='lat' dir='ltr'>et</span> <span class='ocrx_word' id='word_1_510' title='bbox 1243 4310 1440 4365; x_wconf 84' lang='lat' dir='ltr'>animae</span> <span class='ocrx_word' id='word_1_511' title='bbox 1469 4319 1745 4384; x_wconf 86' lang='lat' dir='ltr'>praestare,</span> 
     </span>
    </p>
   </div>
   <div class='ocr_carea' id='block_1_63' title="bbox 165 4393 1754 4468">
    <p class='ocr_par' dir='ltr' id='par_1_63' title="bbox 165 4393 1754 4468">
     <span class='ocr_line' id='line_1_63' title="bbox 165 4393 1754 4468; baseline 0.006 -20"><span class='ocrx_word' id='word_1_512' title='bbox 165 4407 272 4465; x_wconf 64' lang='lat' dir='ltr'>qua;</span> <span class='ocrx_word' id='word_1_513' title='bbox 303 4393 576 4450; x_wconf 81' lang='lat' dir='ltr'>deerant?</span> <span class='ocrx_word' id='word_1_514' title='bbox 624 4394 730 4450; x_wconf 93' lang='lat' dir='ltr'>Sed</span> <span class='ocrx_word' id='word_1_515' title='bbox 760 4395 900 4450; x_wconf 85' lang='lat' dir='ltr'>forte</span> <span class='ocrx_word' id='word_1_516' title='bbox 928 4398 1057 4468; x_wconf 88' lang='lat' dir='ltr'>quia</span> <span class='ocrx_word' id='word_1_517' title='bbox 1084 4413 1114 4452; x_wconf 90' lang='lat' dir='ltr'>a</span> <span class='ocrx_word' id='word_1_518' title='bbox 1143 4399 1254 4454; x_wconf 93' lang='lat' dir='ltr'>Deo</span> <span class='ocrx_word' id='word_1_519' title='bbox 1283 4399 1439 4455; x_wconf 88' lang='lat' dir='ltr'>Patre</span> <span class='ocrx_word' id='word_1_520' title='bbox 1467 4409 1596 4456; x_wconf 90' lang='lat' dir='ltr'>sunt</span> <span class='ocrx_word' id='word_1_521' title='bbox 1625 4419 1754 4458; x_wconf 92' lang='lat' dir='ltr'>om-</span> 
     </span>
    </p>
   </div>
   <div class='ocr_carea' id='block_1_64' title="bbox 166 4481 1751 4560">
    <p class='ocr_par' dir='ltr' id='par_1_64' title="bbox 166 4481 1751 4560">
     <span class='ocr_line' id='line_1_64' title="bbox 166 4481 1751 4560; baseline 0.009 -24"><span class='ocrx_word' id='word_1_522' title='bbox 166 4481 266 4551; x_wconf 90' lang='lat' dir='ltr'>nia,</span> <span class='ocrx_word' id='word_1_523' title='bbox 313 4483 438 4538; x_wconf 91' lang='lat' dir='ltr'>ideo</span> <span class='ocrx_word' id='word_1_524' title='bbox 481 4483 597 4556; x_wconf 90' lang='lat' dir='ltr'>ipse</span> <span class='ocrx_word' id='word_1_525' title='bbox 625 4483 833 4541; x_wconf 90' lang='lat' dir='ltr'>dicitur</span> <span class='ocrx_word' id='word_1_526' title='bbox 879 4483 1110 4542; x_wconf 87' lang='lat' dir='ltr'>dedisse.</span> <span class='ocrx_word' id='word_1_527' title='bbox 1152 4486 1209 4543; x_wconf 91' lang='lat' dir='ltr'>Si</span> <span class='ocrx_word' id='word_1_528' title='bbox 1239 4503 1364 4560; x_wconf 90' lang='lat' dir='ltr'>ergo</span> <span class='ocrx_word' id='word_1_529' title='bbox 1394 4505 1424 4544; x_wconf 90' lang='lat' dir='ltr'>a</span> <span class='ocrx_word' id='word_1_530' title='bbox 1453 4490 1608 4548; x_wconf 91' lang='lat' dir='ltr'>Patre</span> <span class='ocrx_word' id='word_1_531' title='bbox 1637 4510 1751 4549; x_wconf 91' lang='lat' dir='ltr'>om-</span> 
     </span>
    </p>
   </div>
   <div class='ocr_carea' id='block_1_65' title="bbox 1880 1899 3477 1974">
    <p class='ocr_par' dir='ltr' id='par_1_65' title="bbox 1880 1899 3477 1974">
     <span class='ocr_line' id='line_1_65' title="bbox 1880 1899 3477 1974; baseline 0.004 -20"><span class='ocrx_word' id='word_1_532' title='bbox 1880 1914 2025 1955; x_wconf 91' lang='lat' dir='ltr'>mam</span> <span class='ocrx_word' id='word_1_533' title='bbox 2056 1900 2201 1956; x_wconf 90' lang='lat' dir='ltr'>servi</span> <span class='ocrx_word' id='word_1_534' title='bbox 2247 1899 2476 1973; x_wconf 89' lang='lat' dir='ltr'>accepit,</span> <span class='ocrx_word' id='word_1_535' title='bbox 2526 1901 2619 1974; x_wconf 89' lang='lat' dir='ltr'>qui</span> <span class='ocrx_word' id='word_1_536' title='bbox 2658 1901 2716 1956; x_wconf 92' lang='lat' dir='ltr'>in</span> <span class='ocrx_word' id='word_1_537' title='bbox 2761 1901 3186 1959; x_wconf 91' lang='lat' dir='ltr'>similitudinem</span> <span class='ocrx_word' id='word_1_538' title='bbox 3230 1899 3477 1960; x_wconf 87' lang='lat' dir='ltr'>hominis</span> 
     </span>
    </p>
   </div>
   <div class='ocr_carea' id='block_1_66' title="bbox 1874 1988 3475 2063">
    <p class='ocr_par' dir='ltr' id='par_1_66' title="bbox 1874 1988 3475 2063">
     <span class='ocr_line' id='line_1_66' title="bbox 1874 1988 3475 2063; baseline 0.003 -20"><span class='ocrx_word' id='word_1_539' title='bbox 1874 1988 2052 2046; x_wconf 86' lang='lat' dir='ltr'>factus</span> <span class='ocrx_word' id='word_1_540' title='bbox 2079 1997 2161 2046; x_wconf 92' lang='lat' dir='ltr'>est</span> <span class='ocrx_word' id='word_1_541' title='bbox 2209 1989 2394 2060; x_wconf 89' lang='lat' dir='ltr'>homo,</span> <span class='ocrx_word' id='word_1_542' title='bbox 2451 1991 2545 2063; x_wconf 91' lang='lat' dir='ltr'>qui</span> <span class='ocrx_word' id='word_1_543' title='bbox 2576 1991 2723 2048; x_wconf 88' lang='lat' dir='ltr'>Patri</span> <span class='ocrx_word' id='word_1_544' title='bbox 2760 1990 3028 2048; x_wconf 87' lang='lat' dir='ltr'>obedivit.</span> <span class='ocrx_word' id='word_1_545' title='bbox 3075 1990 3131 2048; x_wconf 91' lang='lat' dir='ltr'>Si</span> <span class='ocrx_word' id='word_1_546' title='bbox 3164 1990 3330 2048; x_wconf 91' lang='lat' dir='ltr'>homo</span> <span class='ocrx_word' id='word_1_547' title='bbox 3359 1993 3475 2050; x_wconf 92' lang='lat' dir='ltr'>Deo</span> 
     </span>
    </p>
   </div>
   <div class='ocr_carea' id='block_1_67' title="bbox 1874 2077 3472 2156">
    <p class='ocr_par' dir='ltr' id='par_1_67' title="bbox 1874 2077 3472 2156">
     <span class='ocr_line' id='line_1_67' title="bbox 1874 2077 3472 2156; baseline 0.003 -23"><span class='ocrx_word' id='word_1_548' title='bbox 1874 2077 2023 2135; x_wconf 90' lang='lat' dir='ltr'>Patri</span> <span class='ocrx_word' id='word_1_549' title='bbox 2054 2079 2322 2149; x_wconf 91' lang='lat' dir='ltr'>obedivit,</span> <span class='ocrx_word' id='word_1_550' title='bbox 2373 2080 2508 2154; x_wconf 89' lang='lat' dir='ltr'>quid</span> <span class='ocrx_word' id='word_1_551' title='bbox 2540 2097 2798 2152; x_wconf 89' lang='lat' dir='ltr'>magnum</span> <span class='ocrx_word' id='word_1_552' title='bbox 2829 2089 2930 2148; x_wconf 92' lang='lat' dir='ltr'>est,</span> <span class='ocrx_word' id='word_1_553' title='bbox 2963 2079 3112 2155; x_wconf 88' lang='lat' dir='ltr'>quod</span> <span class='ocrx_word' id='word_1_554' title='bbox 3139 2079 3287 2136; x_wconf 82' lang='lat' dir='ltr'>dixit</span> <span class='ocrx_word' id='word_1_555' title='bbox 3329 2081 3472 2156; x_wconf 83' lang='lat' dir='ltr'>Apo-</span> 
     </span>
    </p>
   </div>
   <div class='ocr_carea' id='block_1_68' title="bbox 1875 2168 3475 2244">
    <p class='ocr_par' dir='ltr' id='par_1_68' title="bbox 1875 2168 3475 2244">
     <span class='ocr_line' id='line_1_68' title="bbox 1875 2168 3475 2244; baseline 0.002 -21"><span class='ocrx_word' id='word_1_556' title='bbox 1875 2169 2097 2225; x_wconf 80' lang='lat' dir='ltr'>stolus?</span> <span class='ocrx_word' id='word_1_557' title='bbox 2143 2169 2247 2226; x_wconf 89' lang='lat' dir='ltr'>Sed</span> <span class='ocrx_word' id='word_1_558' title='bbox 2301 2168 2406 2228; x_wconf 91' lang='lat' dir='ltr'>hoc</span> <span class='ocrx_word' id='word_1_559' title='bbox 2442 2186 2698 2243; x_wconf 90' lang='lat' dir='ltr'>magnum</span> <span class='ocrx_word' id='word_1_560' title='bbox 2744 2177 2848 2236; x_wconf 87' lang='lat' dir='ltr'>est,</span> <span class='ocrx_word' id='word_1_561' title='bbox 2897 2169 3027 2242; x_wconf 89' lang='lat' dir='ltr'>quia</span> <span class='ocrx_word' id='word_1_562' title='bbox 3075 2186 3200 2226; x_wconf 91' lang='lat' dir='ltr'>cum</span> <span class='ocrx_word' id='word_1_563' title='bbox 3245 2169 3475 2244; x_wconf 65' lang='lat' dir='ltr'>aequalis</span> 
     </span>
    </p>
   </div>
   <div class='ocr_carea' id='block_1_69' title="bbox 1874 2257 3474 2331">
    <p class='ocr_par' dir='ltr' id='par_1_69' title="bbox 1874 2257 3474 2331">
     <span class='ocr_line' id='line_1_69' title="bbox 1874 2257 3474 2331; baseline 0.003 -19"><span class='ocrx_word' id='word_1_564' title='bbox 1874 2265 2035 2323; x_wconf 87' lang='lat' dir='ltr'>esset,</span> <span class='ocrx_word' id='word_1_565' title='bbox 2069 2257 2336 2314; x_wconf 92' lang='lat' dir='ltr'>obedivit.</span> <span class='ocrx_word' id='word_1_566' title='bbox 2370 2259 2441 2313; x_wconf 92' lang='lat' dir='ltr'>Et</span> <span class='ocrx_word' id='word_1_567' title='bbox 2469 2257 2606 2331; x_wconf 89' lang='lat' dir='ltr'>quid</span> <span class='ocrx_word' id='word_1_568' title='bbox 2634 2258 2812 2314; x_wconf 91' lang='lat' dir='ltr'>laudis</span> <span class='ocrx_word' id='word_1_569' title='bbox 2835 2266 2937 2328; x_wconf 91' lang='lat' dir='ltr'>est,</span> <span class='ocrx_word' id='word_1_570' title='bbox 2969 2259 3014 2314; x_wconf 90' lang='lat' dir='ltr'>si</span> <span class='ocrx_word' id='word_1_571' title='bbox 3045 2259 3102 2316; x_wconf 92' lang='lat' dir='ltr'>in</span> <span class='ocrx_word' id='word_1_572' title='bbox 3135 2258 3474 2316; x_wconf 89' lang='lat' dir='ltr'>similitudi-</span> 
     </span>
    </p>
   </div>
   <div class='ocr_carea' id='block_1_70' title="bbox 1875 2345 3475 2415">
    <p class='ocr_par' dir='ltr' id='par_1_70' title="bbox 1875 2345 3475 2415">
     <span class='ocr_line' id='line_1_70' title="bbox 1875 2345 3475 2415; baseline 0.002 -13"><span class='ocrx_word' id='word_1_573' title='bbox 1875 2362 2000 2402; x_wconf 91' lang='lat' dir='ltr'>nem</span> <span class='ocrx_word' id='word_1_574' title='bbox 2019 2345 2263 2402; x_wconf 90' lang='lat' dir='ltr'>hominis</span> <span class='ocrx_word' id='word_1_575' title='bbox 2280 2347 2456 2403; x_wconf 86' lang='lat' dir='ltr'>factus</span> <span class='ocrx_word' id='word_1_576' title='bbox 2474 2355 2552 2404; x_wconf 87' lang='lat' dir='ltr'>est</span> <span class='ocrx_word' id='word_1_577' title='bbox 2568 2347 2754 2415; x_wconf 91' lang='lat' dir='ltr'>homo;</span> <span class='ocrx_word' id='word_1_578' title='bbox 2776 2357 2840 2404; x_wconf 92' lang='lat' dir='ltr'>ut</span> <span class='ocrx_word' id='word_1_579' title='bbox 2861 2347 3076 2404; x_wconf 92' lang='lat' dir='ltr'>homini</span> <span class='ocrx_word' id='word_1_580' title='bbox 3089 2348 3290 2404; x_wconf 89' lang='lat' dir='ltr'>similis</span> <span class='ocrx_word' id='word_1_581' title='bbox 3305 2347 3475 2405; x_wconf 91' lang='lat' dir='ltr'>homo</span> 
     </span>
    </p>
   </div>
   <div class='ocr_carea' id='block_1_71' title="bbox 1875 2434 3474 2508">
    <p class='ocr_par' dir='ltr' id='par_1_71' title="bbox 1875 2434 3474 2508">
     <span class='ocr_line' id='line_1_71' title="bbox 1875 2434 3474 2508; baseline 0.003 -19"><span class='ocrx_word' id='word_1_582' title='bbox 1875 2434 2054 2490; x_wconf 89' lang='lat' dir='ltr'>factus</span> <span class='ocrx_word' id='word_1_583' title='bbox 2081 2435 2299 2490; x_wconf 90' lang='lat' dir='ltr'>dicatur</span> <span class='ocrx_word' id='word_1_584' title='bbox 2319 2435 2346 2491; x_wconf 79' lang='lat'>?</span> <span class='ocrx_word' id='word_1_585' title='bbox 2375 2436 2479 2491; x_wconf 93' lang='lat' dir='ltr'>Sed</span> <span class='ocrx_word' id='word_1_586' title='bbox 2515 2453 2622 2492; x_wconf 92' lang='lat' dir='ltr'>non</span> <span class='ocrx_word' id='word_1_587' title='bbox 2652 2444 2830 2508; x_wconf 90' lang='lat' dir='ltr'>potest</span> <span class='ocrx_word' id='word_1_588' title='bbox 2859 2437 3014 2503; x_wconf 92' lang='lat' dir='ltr'>ﬁeri;</span> <span class='ocrx_word' id='word_1_589' title='bbox 3049 2453 3210 2493; x_wconf 90' lang='lat' dir='ltr'>nemo</span> <span class='ocrx_word' id='word_1_590' title='bbox 3239 2436 3388 2493; x_wconf 91' lang='lat' dir='ltr'>enim</span> <span class='ocrx_word' id='word_1_591' title='bbox 3413 2436 3474 2493; x_wconf 91' lang='lat' dir='ltr'>in</span> 
     </span>
    </p>
   </div>
   <div class='ocr_carea' id='block_1_72' title="bbox 1876 2521 3475 2598">
    <p class='ocr_par' dir='ltr' id='par_1_72' title="bbox 1876 2521 3475 2598">
     <span class='ocr_line' id='line_1_72' title="bbox 1876 2521 3475 2598; baseline 0.003 -21"><span class='ocrx_word' id='word_1_592' title='bbox 1876 2521 2301 2579; x_wconf 88' lang='lat' dir='ltr'>similitudinem</span> <span class='ocrx_word' id='word_1_593' title='bbox 2333 2524 2395 2578; x_wconf 88' lang='lat' dir='ltr'>ﬁt</span> <span class='ocrx_word' id='word_1_594' title='bbox 2427 2523 2682 2596; x_wconf 88' lang='lat' dir='ltr'>alicujus,</span> <span class='ocrx_word' id='word_1_595' title='bbox 2731 2523 2841 2580; x_wconf 90' lang='lat' dir='ltr'>nisi</span> <span class='ocrx_word' id='word_1_596' title='bbox 2871 2524 3011 2580; x_wconf 89' lang='lat' dir='ltr'>alius</span> <span class='ocrx_word' id='word_1_597' title='bbox 3040 2525 3132 2594; x_wconf 89' lang='lat' dir='ltr'>sit,</span> <span class='ocrx_word' id='word_1_598' title='bbox 3181 2534 3475 2598; x_wconf 87' lang='lat' dir='ltr'>antequam</span> 
     </span>
    </p>
   </div>
   <div class='ocr_carea' id='block_1_73' title="bbox 1874 2609 3474 2685">
    <p class='ocr_par' dir='ltr' id='par_1_73' title="bbox 1874 2609 3474 2685">
     <span class='ocr_line' id='line_1_73' title="bbox 1874 2609 3474 2685; baseline 0.001 -20"><span class='ocrx_word' id='word_1_599' title='bbox 1874 2609 1969 2666; x_wconf 88' lang='lat' dir='ltr'>ﬁat</span> <span class='ocrx_word' id='word_1_600' title='bbox 1999 2611 2056 2666; x_wconf 94' lang='lat' dir='ltr'>in</span> <span class='ocrx_word' id='word_1_601' title='bbox 2094 2611 2518 2668; x_wconf 88' lang='lat' dir='ltr'>similitudinem</span> <span class='ocrx_word' id='word_1_602' title='bbox 2561 2613 2719 2685; x_wconf 89' lang='lat' dir='ltr'>cujus</span> <span class='ocrx_word' id='word_1_603' title='bbox 2747 2613 2901 2679; x_wconf 91' lang='lat' dir='ltr'>vult;</span> <span class='ocrx_word' id='word_1_604' title='bbox 2951 2628 3048 2684; x_wconf 86' lang='lat' dir='ltr'>per</span> <span class='ocrx_word' id='word_1_605' title='bbox 3076 2628 3293 2668; x_wconf 88' lang='lat' dir='ltr'>causam</span> <span class='ocrx_word' id='word_1_606' title='bbox 3327 2612 3474 2668; x_wconf 91' lang='lat' dir='ltr'>enim</span> 
     </span>
    </p>
   </div>
   <div class='ocr_carea' id='block_1_74' title="bbox 1873 2701 3484 2775">
    <p class='ocr_par' dir='ltr' id='par_1_74' title="bbox 1873 2701 3484 2775">
     <span class='ocr_line' id='line_1_74' title="bbox 1873 2701 3484 2775; baseline 0.001 -19"><span class='ocrx_word' id='word_1_607' title='bbox 1873 2701 2076 2757; x_wconf 92' lang='lat' dir='ltr'>similis</span> <span class='ocrx_word' id='word_1_608' title='bbox 2104 2701 2281 2757; x_wconf 87' lang='lat' dir='ltr'>factus</span> <span class='ocrx_word' id='word_1_609' title='bbox 2310 2710 2411 2769; x_wconf 90' lang='lat' dir='ltr'>est,</span> <span class='ocrx_word' id='word_1_610' title='bbox 2447 2719 2556 2758; x_wconf 93' lang='lat' dir='ltr'>non</span> <span class='ocrx_word' id='word_1_611' title='bbox 2584 2717 2680 2774; x_wconf 90' lang='lat' dir='ltr'>per</span> <span class='ocrx_word' id='word_1_612' title='bbox 2710 2701 3093 2758; x_wconf 89' lang='lat' dir='ltr'>substantiam.</span> <span class='ocrx_word' id='word_1_613' title='bbox 3125 2701 3196 2756; x_wconf 89' lang='lat' dir='ltr'>Et</span> <span class='ocrx_word' id='word_1_614' title='bbox 3223 2701 3346 2775; x_wconf 93' lang='lat' dir='ltr'>quis</span> <span class='ocrx_word' id='word_1_615' title='bbox 3377 2709 3484 2758; x_wconf 68' lang='lat' dir='ltr'>est:</span> 
     </span>
    </p>
   </div>
   <div class='ocr_carea' id='block_1_75' title="bbox 1873 2789 3484 2864">
    <p class='ocr_par' dir='ltr' id='par_1_75' title="bbox 1873 2789 3484 2864">
     <span class='ocr_line' id='line_1_75' title="bbox 1873 2789 3484 2864; baseline 0.002 -20"><span class='ocrx_word' id='word_1_616' title='bbox 1873 2789 1968 2863; x_wconf 90' lang='lat' dir='ltr'>qui</span> <span class='ocrx_word' id='word_1_617' title='bbox 2011 2807 2067 2854; x_wconf 85' lang='lat' dir='ltr'>se</span> <span class='ocrx_word' id='word_1_618' title='bbox 2099 2789 2463 2848; x_wconf 79' lang='lat' dir='ltr'>exinanivit?</span> <span class='ocrx_word' id='word_1_619' title='bbox 2516 2791 2712 2848; x_wconf 90' lang='lat' dir='ltr'>Homo.</span> <span class='ocrx_word' id='word_1_620' title='bbox 2763 2791 2908 2864; x_wconf 87' lang='lat' dir='ltr'>Ergo</span> <span class='ocrx_word' id='word_1_621' title='bbox 2956 2790 3188 2848; x_wconf 89' lang='lat' dir='ltr'>habebat</span> <span class='ocrx_word' id='word_1_622' title='bbox 3221 2790 3358 2864; x_wconf 90' lang='grc'>(49).</span> <span class='ocrx_word' id='word_1_623' title='bbox 3410 2792 3484 2848; x_wconf 87' lang='grc' dir='ltr'>Ει</span> 
     </span>
    </p>
   </div>
   <div class='ocr_carea' id='block_1_76' title="bbox 1873 2879 3479 2952">
    <p class='ocr_par' dir='ltr' id='par_1_76' title="bbox 1873 2879 3479 2952">
     <span class='ocr_line' id='line_1_76' title="bbox 1873 2879 3479 2952; baseline 0.002 -19"><span class='ocrx_word' id='word_1_624' title='bbox 1873 2879 2152 2950; x_wconf 91' lang='lat' dir='ltr'>quomodo</span> <span class='ocrx_word' id='word_1_625' title='bbox 2193 2880 2447 2952; x_wconf 79' lang='lat' dir='ltr'>accepit?</span> <span class='ocrx_word' id='word_1_626' title='bbox 2502 2879 2607 2936; x_wconf 91' lang='lat' dir='ltr'>Sed</span> <span class='ocrx_word' id='word_1_627' title='bbox 2647 2879 2782 2952; x_wconf 91' lang='lat' dir='ltr'>quid</span> <span class='ocrx_word' id='word_1_628' title='bbox 2828 2886 3040 2952; x_wconf 90' lang='lat' dir='ltr'>poterat</span> <span class='ocrx_word' id='word_1_629' title='bbox 3087 2895 3144 2936; x_wconf 90' lang='lat' dir='ltr'>se</span> <span class='ocrx_word' id='word_1_630' title='bbox 3191 2879 3479 2937; x_wconf 82' lang='lat' dir='ltr'>exinanire</span> 
     </span>
    </p>
   </div>
   <div class='ocr_carea' id='block_1_77' title="bbox 1875 2967 3478 3042">
    <p class='ocr_par' dir='ltr' id='par_1_77' title="bbox 1875 2967 3478 3042">
     <span class='ocr_line' id='line_1_77' title="bbox 1875 2967 3478 3042; baseline 0.002 -19"><span class='ocrx_word' id='word_1_631' title='bbox 1875 2972 2039 3025; x_wconf 89' lang='lat' dir='ltr'>homo</span> <span class='ocrx_word' id='word_1_632' title='bbox 2069 2985 2154 3025; x_wconf 90' lang='lat' dir='ltr'>res</span> <span class='ocrx_word' id='word_1_633' title='bbox 2184 2969 2406 3026; x_wconf 87' lang='lat' dir='ltr'>inﬁrma</span> <span class='ocrx_word' id='word_1_634' title='bbox 2427 2969 2454 3025; x_wconf 82' lang='lat'>?</span> <span class='ocrx_word' id='word_1_635' title='bbox 2482 2970 2550 3025; x_wconf 88' lang='lat' dir='ltr'>Et</span> <span class='ocrx_word' id='word_1_636' title='bbox 2580 2968 2639 3024; x_wconf 92' lang='lat' dir='ltr'>in</span> <span class='ocrx_word' id='word_1_637' title='bbox 2668 2969 2845 3024; x_wconf 88' lang='lat' dir='ltr'>forma</span> <span class='ocrx_word' id='word_1_638' title='bbox 2876 2969 2975 3024; x_wconf 91' lang='lat' dir='ltr'>Dei</span> <span class='ocrx_word' id='word_1_639' title='bbox 3008 2968 3279 3042; x_wconf 89' lang='lat' dir='ltr'>numquid</span> <span class='ocrx_word' id='word_1_640' title='bbox 3309 2967 3478 3026; x_wconf 89' lang='lat' dir='ltr'>homo</span> 
     </span>
    </p>
   </div>
   <div class='ocr_carea' id='block_1_78' title="bbox 1871 3058 3477 3116">
    <p class='ocr_par' dir='ltr' id='par_1_78' title="bbox 1871 3058 3477 3116">
     <span class='ocr_line' id='line_1_78' title="bbox 1871 3058 3477 3116; baseline 0.001 -3"><span class='ocrx_word' id='word_1_641' title='bbox 1871 3059 2030 3115; x_wconf 78' lang='lat' dir='ltr'>erat?</span> <span class='ocrx_word' id='word_1_642' title='bbox 2085 3058 2189 3116; x_wconf 92' lang='lat' dir='ltr'>Sed</span> <span class='ocrx_word' id='word_1_643' title='bbox 2246 3059 2388 3115; x_wconf 81' lang='lat' dir='ltr'>forte</span> <span class='ocrx_word' id='word_1_644' title='bbox 2439 3058 2606 3115; x_wconf 91' lang='lat' dir='ltr'>homo</span> <span class='ocrx_word' id='word_1_645' title='bbox 2645 3058 2706 3114; x_wconf 91' lang='lat' dir='ltr'>in</span> <span class='ocrx_word' id='word_1_646' title='bbox 2759 3058 2938 3114; x_wconf 87' lang='lat' dir='ltr'>forma</span> <span class='ocrx_word' id='word_1_647' title='bbox 2990 3058 3090 3114; x_wconf 88' lang='lat' dir='ltr'>Dei</span> <span class='ocrx_word' id='word_1_648' title='bbox 3136 3059 3313 3115; x_wconf 90' lang='lat' dir='ltr'>Filius</span> <span class='ocrx_word' id='word_1_649' title='bbox 3360 3065 3477 3116; x_wconf 89' lang='lat' dir='ltr'>erat</span> 
     </span>
    </p>
   </div>
   <div class='ocr_carea' id='block_1_79' title="bbox 1873 3147 3473 3221">
    <p class='ocr_par' dir='ltr' id='par_1_79' title="bbox 1873 3147 3473 3221">
     <span class='ocr_line' id='line_1_79' title="bbox 1873 3147 3473 3221; baseline -0.001 -17"><span class='ocrx_word' id='word_1_650' title='bbox 1873 3147 2013 3220; x_wconf 82' lang='grc'>(50).</span> <span class='ocrx_word' id='word_1_651' title='bbox 2062 3150 2197 3221; x_wconf 86' lang='lat' dir='ltr'>Age,</span> <span class='ocrx_word' id='word_1_652' title='bbox 2244 3150 2424 3206; x_wconf 87' lang='lat' dir='ltr'>Filius</span> <span class='ocrx_word' id='word_1_653' title='bbox 2466 3149 2564 3205; x_wconf 92' lang='lat' dir='ltr'>Dei</span> <span class='ocrx_word' id='word_1_654' title='bbox 2608 3147 2666 3203; x_wconf 92' lang='lat' dir='ltr'>in</span> <span class='ocrx_word' id='word_1_655' title='bbox 2708 3147 2866 3218; x_wconf 90' lang='lat' dir='ltr'>cujus</span> <span class='ocrx_word' id='word_1_656' title='bbox 2901 3149 3077 3204; x_wconf 82' lang='lat' dir='ltr'>forma</span> <span class='ocrx_word' id='word_1_657' title='bbox 3118 3149 3279 3204; x_wconf 79' lang='lat' dir='ltr'>erat?</span> <span class='ocrx_word' id='word_1_658' title='bbox 3325 3148 3398 3203; x_wconf 91' lang='lat' dir='ltr'>Et</span> <span class='ocrx_word' id='word_1_659' title='bbox 3426 3148 3473 3204; x_wconf 92' lang='lat' dir='ltr'>si</span> 
     </span>
    </p>
   </div>
   <div class='ocr_carea' id='block_1_80' title="bbox 1867 3234 3472 3310">
    <p class='ocr_par' dir='ltr' id='par_1_80' title="bbox 1867 3234 3472 3310">
     <span class='ocr_line' id='line_1_80' title="bbox 1867 3234 3472 3310; baseline 0 -18"><span class='ocrx_word' id='word_1_660' title='bbox 1867 3237 1981 3310; x_wconf 88' lang='lat' dir='ltr'>jam</span> <span class='ocrx_word' id='word_1_661' title='bbox 2012 3236 2179 3293; x_wconf 89' lang='lat' dir='ltr'>homo</span> <span class='ocrx_word' id='word_1_662' title='bbox 2214 3237 2269 3291; x_wconf 93' lang='lat' dir='ltr'>in</span> <span class='ocrx_word' id='word_1_663' title='bbox 2312 3237 2492 3292; x_wconf 88' lang='lat' dir='ltr'>forma</span> <span class='ocrx_word' id='word_1_664' title='bbox 2523 3235 2646 3303; x_wconf 92' lang='lat' dir='ltr'>Dei,</span> <span class='ocrx_word' id='word_1_665' title='bbox 2694 3234 2802 3291; x_wconf 92' lang='lat' dir='ltr'>hoc</span> <span class='ocrx_word' id='word_1_666' title='bbox 2841 3243 2944 3303; x_wconf 89' lang='lat' dir='ltr'>est,</span> <span class='ocrx_word' id='word_1_667' title='bbox 2988 3235 3162 3291; x_wconf 90' lang='lat' dir='ltr'>Filius</span> <span class='ocrx_word' id='word_1_668' title='bbox 3199 3234 3300 3290; x_wconf 89' lang='lat' dir='ltr'>Dei</span> <span class='ocrx_word' id='word_1_669' title='bbox 3335 3243 3472 3306; x_wconf 91' lang='lat' dir='ltr'>erat,</span> 
     </span>
    </p>
   </div>
   <div class='ocr_carea' id='block_1_81' title="bbox 1866 3322 3474 3398">
    <p class='ocr_par' dir='ltr' id='par_1_81' title="bbox 1866 3322 3474 3398">
     <span class='ocr_line' id='line_1_81' title="bbox 1866 3322 3474 3398; baseline 0 -18"><span class='ocrx_word' id='word_1_670' title='bbox 1866 3325 1979 3396; x_wconf 91' lang='lat' dir='ltr'>jam</span> <span class='ocrx_word' id='word_1_671' title='bbox 2011 3332 2138 3380; x_wconf 91' lang='lat' dir='ltr'>ante</span> <span class='ocrx_word' id='word_1_672' title='bbox 2183 3325 2490 3398; x_wconf 88' lang='lat' dir='ltr'>passionem</span> <span class='ocrx_word' id='word_1_673' title='bbox 2543 3322 2818 3396; x_wconf 85' lang='lat' dir='ltr'>perfectus</span> <span class='ocrx_word' id='word_1_674' title='bbox 2847 3332 2980 3378; x_wconf 91' lang='lat' dir='ltr'>erat.</span> <span class='ocrx_word' id='word_1_675' title='bbox 3024 3323 3146 3379; x_wconf 87' lang='lat' dir='ltr'>Non</span> <span class='ocrx_word' id='word_1_676' title='bbox 3195 3339 3321 3394; x_wconf 91' lang='lat' dir='ltr'>ergo</span> <span class='ocrx_word' id='word_1_677' title='bbox 3352 3331 3474 3396; x_wconf 89' lang='lat' dir='ltr'>post</span> 
     </span>
    </p>
   </div>
   <div class='ocr_carea' id='block_1_82' title="bbox 1872 3411 3476 3488">
    <p class='ocr_par' dir='ltr' id='par_1_82' title="bbox 1872 3411 3476 3488">
     <span class='ocr_line' id='line_1_82' title="bbox 1872 3411 3476 3488; baseline 0 -20"><span class='ocrx_word' id='word_1_678' title='bbox 1872 3413 2178 3487; x_wconf 88' lang='lat' dir='ltr'>passionem</span> <span class='ocrx_word' id='word_1_679' title='bbox 2221 3412 2433 3488; x_wconf 91' lang='lat' dir='ltr'>aliquid</span> <span class='ocrx_word' id='word_1_680' title='bbox 2477 3413 2706 3484; x_wconf 91' lang='lat' dir='ltr'>accepit.</span> <span class='ocrx_word' id='word_1_681' title='bbox 2749 3411 2853 3468; x_wconf 93' lang='lat' dir='ltr'>Sed</span> <span class='ocrx_word' id='word_1_682' title='bbox 2883 3411 3190 3480; x_wconf 87' lang='lat' dir='ltr'>videamus,</span> <span class='ocrx_word' id='word_1_683' title='bbox 3244 3411 3378 3485; x_wconf 91' lang='lat' dir='ltr'>quid</span> <span class='ocrx_word' id='word_1_684' title='bbox 3407 3411 3476 3469; x_wconf 86' lang='lat' dir='ltr'>de</span> 
     </span>
    </p>
   </div>
   <div class='ocr_carea' id='block_1_83' title="bbox 1871 3500 3475 3575">
    <p class='ocr_par' dir='ltr' id='par_1_83' title="bbox 1871 3500 3475 3575">
     <span class='ocr_line' id='line_1_83' title="bbox 1871 3500 3475 3575; baseline 0.001 -18"><span class='ocrx_word' id='word_1_685' title='bbox 1871 3518 1935 3557; x_wconf 89' lang='lat' dir='ltr'>eo</span> <span class='ocrx_word' id='word_1_686' title='bbox 1985 3502 2252 3575; x_wconf 89' lang='lat' dir='ltr'>scriptum</span> <span class='ocrx_word' id='word_1_687' title='bbox 2309 3504 2428 3558; x_wconf 90' lang='lat' dir='ltr'>sit:</span> <span class='ocrx_word' id='word_1_688' title='bbox 2507 3526 2526 3549; x_wconf 85' lang='grc'><strong>‹</strong></span> <span class='ocrx_word' id='word_1_689' title='bbox 2555 3501 2781 3574; x_wconf 90' lang='lat' dir='ltr'>Propter</span> <span class='ocrx_word' id='word_1_690' title='bbox 2841 3501 2986 3574; x_wconf 92' lang='lat' dir='ltr'>quod</span> <span class='ocrx_word' id='word_1_691' title='bbox 3043 3500 3475 3574; x_wconf 88' lang='lat' dir='ltr'>superexaltavit</span> 
     </span>
    </p>
   </div>
   <div class='ocr_carea' id='block_1_84' title="bbox 1869 3591 3473 3664">
    <p class='ocr_par' dir='ltr' id='par_1_84' title="bbox 1869 3591 3473 3664">
     <span class='ocr_line' id='line_1_84' title="bbox 1869 3591 3473 3664; baseline 0 -17"><span class='ocrx_word' id='word_1_692' title='bbox 1869 3607 1996 3647; x_wconf 91' lang='lat' dir='ltr'>eum</span> <span class='ocrx_word' id='word_1_693' title='bbox 2045 3594 2208 3660; x_wconf 87' lang='lat' dir='ltr'>Deus,</span> <span class='ocrx_word' id='word_1_694' title='bbox 2258 3599 2312 3648; x_wconf 91' lang='lat' dir='ltr'>et</span> <span class='ocrx_word' id='word_1_695' title='bbox 2355 3591 2584 3648; x_wconf 89' lang='lat' dir='ltr'>donavit</span> <span class='ocrx_word' id='word_1_696' title='bbox 2633 3591 2681 3647; x_wconf 91' lang='lat' dir='ltr'>ei</span> <span class='ocrx_word' id='word_1_697' title='bbox 2733 3607 2955 3659; x_wconf 90' lang='lat' dir='ltr'>nomen,</span> <span class='ocrx_word' id='word_1_698' title='bbox 3004 3591 3152 3664; x_wconf 91' lang='lat' dir='ltr'>quod</span> <span class='ocrx_word' id='word_1_699' title='bbox 3187 3599 3270 3647; x_wconf 91' lang='lat' dir='ltr'>est</span> <span class='ocrx_word' id='word_1_700' title='bbox 3307 3607 3473 3664; x_wconf 88' lang='lat' dir='ltr'>super</span> 
     </span>
    </p>
   </div>
   <div class='ocr_carea' id='block_1_85' title="bbox 1869 3679 3470 3754">
    <p class='ocr_par' dir='ltr' id='par_1_85' title="bbox 1869 3679 3470 3754">
     <span class='ocr_line' id='line_1_85' title="bbox 1869 3679 3470 3754; baseline 0.001 -17"><span class='ocrx_word' id='word_1_701' title='bbox 1869 3697 2031 3737; x_wconf 91' lang='lat' dir='ltr'>omne</span> <span class='ocrx_word' id='word_1_702' title='bbox 2062 3697 2298 3749; x_wconf 90' lang='lat' dir='ltr'>nomen;</span> <span class='ocrx_word' id='word_1_703' title='bbox 2334 3688 2395 3735; x_wconf 88' lang='lat' dir='ltr'>ut</span> <span class='ocrx_word' id='word_1_704' title='bbox 2437 3679 2495 3736; x_wconf 93' lang='lat' dir='ltr'>in</span> <span class='ocrx_word' id='word_1_705' title='bbox 2544 3680 2768 3737; x_wconf 91' lang='lat' dir='ltr'>nomine</span> <span class='ocrx_word' id='word_1_706' title='bbox 2810 3681 2937 3737; x_wconf 84' lang='lat' dir='ltr'>Jesu</span> <span class='ocrx_word' id='word_1_707' title='bbox 2967 3696 3129 3736; x_wconf 91' lang='lat' dir='ltr'>omne</span> <span class='ocrx_word' id='word_1_708' title='bbox 3159 3697 3301 3754; x_wconf 90' lang='lat' dir='ltr'>genu</span> <span class='ocrx_word' id='word_1_709' title='bbox 3331 3680 3470 3740; x_wconf 86' lang='lat' dir='ltr'>ﬂec-</span> 
     </span>
    </p>
   </div>
   <div class='ocr_carea' id='block_1_86' title="bbox 1869 3769 3469 3840">
    <p class='ocr_par' dir='ltr' id='par_1_86' title="bbox 1869 3769 3469 3840">
     <span class='ocr_line' id='line_1_86' title="bbox 1869 3769 3469 3840; baseline 0.001 -14"><span class='ocrx_word' id='word_1_710' title='bbox 1869 3779 2036 3840; x_wconf 87' lang='lat' dir='ltr'>tatur,</span> <span class='ocrx_word' id='word_1_711' title='bbox 2077 3771 2400 3839; x_wconf 70' lang='lat' dir='ltr'>cmlestium,</span> <span class='ocrx_word' id='word_1_712' title='bbox 2451 3770 2814 3840; x_wconf 90' lang='lat' dir='ltr'>terrestrium,</span> <span class='ocrx_word' id='word_1_713' title='bbox 2867 3778 2922 3826; x_wconf 92' lang='lat' dir='ltr'>et</span> <span class='ocrx_word' id='word_1_714' title='bbox 2966 3769 3310 3826; x_wconf 88' lang='lat' dir='ltr'>infernorum</span> <span class='ocrx_word' id='word_1_715' title='bbox 3350 3789 3361 3826; x_wconf 89' lang='lat'><strong>:</strong></span> <span class='ocrx_word' id='word_1_716' title='bbox 3414 3778 3469 3827; x_wconf 91' lang='lat' dir='ltr'>et</span> 
     </span>
    </p>
   </div>
   <div class='ocr_carea' id='block_1_87' title="bbox 1868 3857 3467 3932">
    <p class='ocr_par' dir='ltr' id='par_1_87' title="bbox 1868 3857 3467 3932">
     <span class='ocr_line' id='line_1_87' title="bbox 1868 3857 3467 3932; baseline -0.001 -16"><span class='ocrx_word' id='word_1_717' title='bbox 1868 3861 2048 3916; x_wconf 89' lang='lat' dir='ltr'>omnis</span> <span class='ocrx_word' id='word_1_718' title='bbox 2076 3859 2264 3932; x_wconf 88' lang='lat' dir='ltr'>lingua</span> <span class='ocrx_word' id='word_1_719' title='bbox 2292 3859 2641 3928; x_wconf 87' lang='lat' dir='ltr'>conﬁteatur,</span> <span class='ocrx_word' id='word_1_720' title='bbox 2669 3859 2800 3932; x_wconf 88' lang='lat' dir='ltr'>quia</span> <span class='ocrx_word' id='word_1_721' title='bbox 2823 3858 3094 3916; x_wconf 89' lang='lat' dir='ltr'>Dominus</span> <span class='ocrx_word' id='word_1_722' title='bbox 3122 3859 3278 3914; x_wconf 85' lang='lat' dir='ltr'>Jesus</span> <span class='ocrx_word' id='word_1_723' title='bbox 3309 3857 3467 3914; x_wconf 84' lang='lat' dir='ltr'>Chri-</span> 
     </span>
    </p>
   </div>
   <div class='ocr_carea' id='block_1_88' title="bbox 1867 3949 3470 4025">
    <p class='ocr_par' dir='ltr' id='par_1_88' title="bbox 1867 3949 3470 4025">
     <span class='ocr_line' id='line_1_88' title="bbox 1867 3949 3470 4025; baseline -0.001 -15"><span class='ocrx_word' id='word_1_724' title='bbox 1867 3961 1988 4010; x_wconf 89' lang='lat' dir='ltr'>stus</span> <span class='ocrx_word' id='word_1_725' title='bbox 2024 3953 2081 4008; x_wconf 93' lang='lat' dir='ltr'>in</span> <span class='ocrx_word' id='word_1_726' title='bbox 2111 3951 2282 4025; x_wconf 86' lang='lat' dir='ltr'>gloria</span> <span class='ocrx_word' id='word_1_727' title='bbox 2311 3960 2392 4008; x_wconf 89' lang='lat' dir='ltr'>est</span> <span class='ocrx_word' id='word_1_728' title='bbox 2421 3951 2520 4007; x_wconf 91' lang='lat' dir='ltr'>Dei</span> <span class='ocrx_word' id='word_1_729' title='bbox 2550 3951 2748 4006; x_wconf 89' lang='lat' dir='ltr'>Patris.</span> <span class='ocrx_word' id='word_1_730' title='bbox 2782 3975 2800 3999; x_wconf 77' lang='grc' dir='ltr'>ι</span> <span class='ocrx_word' id='word_1_731' title='bbox 2867 3949 3289 4008; x_wconf 90' lang='lat' dir='ltr'>Consideremus</span> <span class='ocrx_word' id='word_1_732' title='bbox 3318 3965 3470 4008; x_wconf 90' lang='lat' dir='ltr'>nunc</span> 
     </span>
    </p>
   </div>
   <div class='ocr_carea' id='block_1_89' title="bbox 1866 4039 3466 4110">
    <p class='ocr_par' dir='ltr' id='par_1_89' title="bbox 1866 4039 3466 4110">
     <span class='ocr_line' id='line_1_89' title="bbox 1866 4039 3466 4110; baseline -0.001 -13"><span class='ocrx_word' id='word_1_733' title='bbox 1866 4041 2034 4110; x_wconf 90' lang='lat' dir='ltr'>dicta,</span> <span class='ocrx_word' id='word_1_734' title='bbox 2062 4049 2115 4096; x_wconf 92' lang='lat' dir='ltr'>et</span> <span class='ocrx_word' id='word_1_735' title='bbox 2151 4039 2230 4098; x_wconf 90' lang='lat' dir='ltr'>sic</span> <span class='ocrx_word' id='word_1_736' title='bbox 2268 4039 2618 4096; x_wconf 88' lang='lat' dir='ltr'>advertamus</span> <span class='ocrx_word' id='word_1_737' title='bbox 2649 4039 2763 4094; x_wconf 90' lang='lat' dir='ltr'>vim</span> <span class='ocrx_word' id='word_1_738' title='bbox 2813 4039 3129 4095; x_wconf 89' lang='lat' dir='ltr'>locutionis.</span> <span class='ocrx_word' id='word_1_739' title='bbox 3181 4039 3338 4096; x_wconf 89' lang='lat' dir='ltr'>Certe</span> <span class='ocrx_word' id='word_1_740' title='bbox 3370 4055 3466 4095; x_wconf 86' lang='lat' dir='ltr'>no-</span> 
     </span>
    </p>
   </div>
   <div class='ocr_carea' id='block_1_90' title="bbox 1875 4128 3461 4204">
    <p class='ocr_par' dir='ltr' id='par_1_90' title="bbox 1875 4128 3461 4204">
     <span class='ocr_line' id='line_1_90' title="bbox 1875 4128 3461 4204; baseline -0.001 -16"><span class='ocrx_word' id='word_1_741' title='bbox 1875 4148 2021 4200; x_wconf 91' lang='lat' dir='ltr'>men,</span> <span class='ocrx_word' id='word_1_742' title='bbox 2055 4131 2201 4204; x_wconf 89' lang='lat' dir='ltr'>quod</span> <span class='ocrx_word' id='word_1_743' title='bbox 2231 4146 2394 4203; x_wconf 86' lang='lat' dir='ltr'>super</span> <span class='ocrx_word' id='word_1_744' title='bbox 2423 4145 2584 4186; x_wconf 91' lang='lat' dir='ltr'>omne</span> <span class='ocrx_word' id='word_1_745' title='bbox 2615 4144 2817 4185; x_wconf 90' lang='lat' dir='ltr'>nomen</span> <span class='ocrx_word' id='word_1_746' title='bbox 2844 4135 2946 4198; x_wconf 91' lang='lat' dir='ltr'>est,</span> <span class='ocrx_word' id='word_1_747' title='bbox 2997 4128 3096 4185; x_wconf 92' lang='lat' dir='ltr'>Dei</span> <span class='ocrx_word' id='word_1_748' title='bbox 3127 4145 3330 4185; x_wconf 90' lang='lat' dir='ltr'>nomen</span> <span class='ocrx_word' id='word_1_749' title='bbox 3359 4136 3461 4187; x_wconf 93' lang='lat' dir='ltr'>est.</span> 
     </span>
    </p>
   </div>
   <div class='ocr_carea' id='block_1_91' title="bbox 1865 4219 3466 4294">
    <p class='ocr_par' dir='ltr' id='par_1_91' title="bbox 1865 4219 3466 4294">
     <span class='ocr_line' id='line_1_91' title="bbox 1865 4219 3466 4294; baseline -0.001 -16"><span class='ocrx_word' id='word_1_750' title='bbox 1865 4221 1970 4278; x_wconf 90' lang='lat' dir='ltr'>Sed</span> <span class='ocrx_word' id='word_1_751' title='bbox 1995 4221 2041 4278; x_wconf 87' lang='lat' dir='ltr'>si</span> <span class='ocrx_word' id='word_1_752' title='bbox 2071 4238 2166 4294; x_wconf 89' lang='lat' dir='ltr'>per</span> <span class='ocrx_word' id='word_1_753' title='bbox 2192 4228 2445 4276; x_wconf 88' lang='lat' dir='ltr'>naturam</span> <span class='ocrx_word' id='word_1_754' title='bbox 2479 4235 2588 4276; x_wconf 91' lang='lat' dir='ltr'>non</span> <span class='ocrx_word' id='word_1_755' title='bbox 2618 4226 2834 4275; x_wconf 92' lang='lat' dir='ltr'>constat</span> <span class='ocrx_word' id='word_1_756' title='bbox 2868 4219 2972 4276; x_wconf 90' lang='lat' dir='ltr'>hoc</span> <span class='ocrx_word' id='word_1_757' title='bbox 3015 4234 3216 4276; x_wconf 90' lang='lat' dir='ltr'>nomen</span> <span class='ocrx_word' id='word_1_758' title='bbox 3244 4236 3356 4276; x_wconf 92' lang='lat' dir='ltr'>non</span> <span class='ocrx_word' id='word_1_759' title='bbox 3383 4228 3466 4277; x_wconf 89' lang='lat' dir='ltr'>est</span> 
     </span>
    </p>
   </div>
   <div class='ocr_carea' id='block_1_92' title="bbox 1863 4308 3462 4384">
    <p class='ocr_par' dir='ltr' id='par_1_92' title="bbox 1863 4308 3462 4384">
     <span class='ocr_line' id='line_1_92' title="bbox 1863 4308 3462 4384; baseline -0.001 -16"><span class='ocrx_word' id='word_1_760' title='bbox 1863 4327 2027 4384; x_wconf 90' lang='lat' dir='ltr'>super</span> <span class='ocrx_word' id='word_1_761' title='bbox 2069 4327 2231 4367; x_wconf 92' lang='lat' dir='ltr'>omne</span> <span class='ocrx_word' id='word_1_762' title='bbox 2278 4325 2517 4376; x_wconf 91' lang='lat' dir='ltr'>nomen;</span> <span class='ocrx_word' id='word_1_763' title='bbox 2558 4309 2953 4384; x_wconf 88' lang='lat' dir='ltr'>appellativum</span> <span class='ocrx_word' id='word_1_764' title='bbox 2988 4308 3135 4366; x_wconf 88' lang='lat' dir='ltr'>enim</span> <span class='ocrx_word' id='word_1_765' title='bbox 3166 4326 3370 4366; x_wconf 91' lang='lat' dir='ltr'>nomen</span> <span class='ocrx_word' id='word_1_766' title='bbox 3404 4311 3462 4367; x_wconf 91' lang='lat' dir='ltr'>in</span> 
     </span>
    </p>
   </div>
   <div class='ocr_carea' id='block_1_93' title="bbox 1864 4399 3464 4468">
    <p class='ocr_par' dir='ltr' id='par_1_93' title="bbox 1864 4399 3464 4468">
     <span class='ocr_line' id='line_1_93' title="bbox 1864 4399 3464 4468; baseline -0.001 -12"><span class='ocrx_word' id='word_1_767' title='bbox 1864 4402 1981 4457; x_wconf 93' lang='lat' dir='ltr'>solo</span> <span class='ocrx_word' id='word_1_768' title='bbox 2021 4399 2290 4458; x_wconf 90' lang='lat' dir='ltr'>vocabulo</span> <span class='ocrx_word' id='word_1_769' title='bbox 2341 4407 2443 4468; x_wconf 88' lang='lat' dir='ltr'>est,</span> <span class='ocrx_word' id='word_1_770' title='bbox 2501 4415 2611 4455; x_wconf 92' lang='lat' dir='ltr'>non</span> <span class='ocrx_word' id='word_1_771' title='bbox 2649 4399 2707 4454; x_wconf 92' lang='lat' dir='ltr'>in</span> <span class='ocrx_word' id='word_1_772' title='bbox 2757 4399 3046 4456; x_wconf 91' lang='lat' dir='ltr'>nobilitate</span> <span class='ocrx_word' id='word_1_773' title='bbox 3103 4407 3350 4467; x_wconf 81' lang='lat' dir='ltr'>naturae;</span> <span class='ocrx_word' id='word_1_774' title='bbox 3409 4407 3464 4456; x_wconf 93' lang='lat' dir='ltr'>et</span> 
     </span>
    </p>
   </div>
   <div class='ocr_carea' id='block_1_94' title="bbox 1863 4488 3462 4563">
    <p class='ocr_par' dir='ltr' id='par_1_94' title="bbox 1863 4488 3462 4563">
     <span class='ocr_line' id='line_1_94' title="bbox 1863 4488 3462 4563; baseline -0.003 -16"><span class='ocrx_word' id='word_1_775' title='bbox 1863 4490 2123 4563; x_wconf 89' lang='lat' dir='ltr'>adoptivo</span> <span class='ocrx_word' id='word_1_776' title='bbox 2167 4491 2282 4547; x_wconf 91' lang='lat' dir='ltr'>Deo</span> <span class='ocrx_word' id='word_1_777' title='bbox 2328 4505 2439 4545; x_wconf 94' lang='lat' dir='ltr'>non</span> <span class='ocrx_word' id='word_1_778' title='bbox 2479 4488 2651 4546; x_wconf 87' lang='lat' dir='ltr'>ﬂectit</span> <span class='ocrx_word' id='word_1_779' title='bbox 2694 4498 2943 4546; x_wconf 89' lang='lat' dir='ltr'>creatura</span> <span class='ocrx_word' id='word_1_780' title='bbox 2971 4505 3136 4562; x_wconf 89' lang='lat' dir='ltr'>genu,</span> <span class='ocrx_word' id='word_1_781' title='bbox 3183 4490 3278 4546; x_wconf 91' lang='lat' dir='ltr'>sed</span> <span class='ocrx_word' id='word_1_782' title='bbox 3307 4504 3462 4553; x_wconf 80' lang='lat' dir='ltr'>vero,</span> 
     </span>
    </p>
   </div>
   <div class='ocr_carea' id='block_1_95' title="bbox 166 4562 3462 4652">
    <p class='ocr_par' dir='ltr' id='par_1_95' title="bbox 166 4562 3462 4652">
     <span class='ocr_line' id='line_1_95' title="bbox 166 4562 3462 4652; baseline 0.002 -28"><span class='ocrx_word' id='word_1_783' title='bbox 166 4569 264 4637; x_wconf 90' lang='lat' dir='ltr'>nia,</span> <span class='ocrx_word' id='word_1_784' title='bbox 295 4587 463 4644; x_wconf 88' lang='lat' dir='ltr'>quare</span> <span class='ocrx_word' id='word_1_785' title='bbox 494 4588 604 4628; x_wconf 90' lang='lat' dir='ltr'>non</span> <span class='ocrx_word' id='word_1_786' title='bbox 636 4573 855 4630; x_wconf 91' lang='lat' dir='ltr'>dicatur</span> <span class='ocrx_word' id='word_1_787' title='bbox 881 4582 1081 4632; x_wconf 90' lang='lat' dir='ltr'>cuncta</span> <span class='ocrx_word' id='word_1_788' title='bbox 1121 4575 1264 4632; x_wconf 87' lang='lat' dir='ltr'>Filio</span> <span class='ocrx_word' id='word_1_789' title='bbox 1288 4593 1388 4633; x_wconf 92' lang='lat' dir='ltr'>suo</span> <span class='ocrx_word' id='word_1_790' title='bbox 1417 4595 1512 4651; x_wconf 89' lang='lat' dir='ltr'>per</span> <span class='ocrx_word' id='word_1_791' title='bbox 1538 4597 1752 4652; x_wconf 86' lang='lat' dir='ltr'>genera-</span> <span class='ocrx_word' id='word_1_792' title='bbox 1781 4562 1830 4620; x_wconf 84' lang='lat' dir='ltr'>D</span> <span class='ocrx_word' id='word_1_793' title='bbox 1863 4562 2390 4637; x_wconf 12' lang='lat' dir='ltr'>nonrconcreaturaa.</span> <span class='ocrx_word' id='word_1_794' title='bbox 2412 4580 2485 4635; x_wconf 94' lang='lat' dir='ltr'>Et</span> <span class='ocrx_word' id='word_1_795' title='bbox 2505 4578 2779 4652; x_wconf 90' lang='lat' dir='ltr'>quomodo</span> <span class='ocrx_word' id='word_1_796' title='bbox 2809 4578 2928 4634; x_wconf 91' lang='lat' dir='ltr'>ﬁeri</span> <span class='ocrx_word' id='word_1_797' title='bbox 2956 4585 3152 4650; x_wconf 90' lang='lat' dir='ltr'>potest,</span> <span class='ocrx_word' id='word_1_798' title='bbox 3202 4583 3264 4631; x_wconf 92' lang='lat' dir='ltr'>ut</span> <span class='ocrx_word' id='word_1_799' title='bbox 3295 4575 3462 4630; x_wconf 92' lang='lat' dir='ltr'>homo</span> 
     </span>
    </p>
   </div>
   <div class='ocr_carea' id='block_1_96' title="bbox 169 4656 1749 4740">
    <p class='ocr_par' dir='ltr' id='par_1_96' title="bbox 169 4656 1749 4740">
     <span class='ocr_line' id='line_1_96' title="bbox 169 4656 1749 4740; baseline 0.011 -31"><span class='ocrx_word' id='word_1_800' title='bbox 169 4656 355 4716; x_wconf 87' lang='lat' dir='ltr'>tionem</span> <span class='ocrx_word' id='word_1_801' title='bbox 388 4660 644 4718; x_wconf 80' lang='lat' dir='ltr'>dedisse?</span> <span class='ocrx_word' id='word_1_802' title='bbox 687 4663 759 4718; x_wconf 90' lang='lat' dir='ltr'>Et</span> <span class='ocrx_word' id='word_1_803' title='bbox 789 4663 1041 4735; x_wconf 90' lang='lat' dir='ltr'>quamvis</span> <span class='ocrx_word' id='word_1_804' title='bbox 1070 4665 1333 4737; x_wconf 66' lang='lat' dir='ltr'>aequalem</span> <span class='ocrx_word' id='word_1_805' title='bbox 1363 4666 1467 4722; x_wconf 88' lang='lat' dir='ltr'>sibi</span> <span class='ocrx_word' id='word_1_806' title='bbox 1499 4669 1749 4740; x_wconf 85' lang='lat' dir='ltr'>genuerit</span> 
     </span>
    </p>
   </div>
   <div class='ocr_carea' id='block_1_97' title="bbox 169 4744 1748 4830">
    <p class='ocr_par' dir='ltr' id='par_1_97' title="bbox 169 4744 1748 4830">
     <span class='ocr_line' id='line_1_97' title="bbox 169 4744 1748 4830; baseline 0.009 -31"><span class='ocrx_word' id='word_1_807' title='bbox 169 4744 380 4818; x_wconf 84' lang='lat' dir='ltr'>Filium,</span> <span class='ocrx_word' id='word_1_808' title='bbox 403 4749 543 4806; x_wconf 90' lang='lat' dir='ltr'>ordo</span> <span class='ocrx_word' id='word_1_809' title='bbox 562 4758 745 4807; x_wconf 90' lang='lat' dir='ltr'>tamen</span> <span class='ocrx_word' id='word_1_810' title='bbox 775 4751 948 4824; x_wconf 82' lang='lat' dir='ltr'>exigit</span> <span class='ocrx_word' id='word_1_811' title='bbox 975 4759 1037 4808; x_wconf 90' lang='lat' dir='ltr'>ut</span> <span class='ocrx_word' id='word_1_812' title='bbox 1066 4752 1124 4808; x_wconf 90' lang='lat' dir='ltr'>in</span> <span class='ocrx_word' id='word_1_813' title='bbox 1154 4753 1376 4810; x_wconf 90' lang='lat' dir='ltr'>nomine</span> <span class='ocrx_word' id='word_1_814' title='bbox 1393 4755 1568 4812; x_wconf 89' lang='lat' dir='ltr'>Patris</span> <span class='ocrx_word' id='word_1_815' title='bbox 1589 4775 1748 4830; x_wconf 90' lang='lat' dir='ltr'>agan-</span> 
     </span>
    </p>
   </div>
   <div class='ocr_carea' id='block_1_98' title="bbox 169 4839 1747 4916">
    <p class='ocr_par' dir='ltr' id='par_1_98' title="bbox 169 4839 1747 4916">
     <span class='ocr_line' id='line_1_98' title="bbox 169 4839 1747 4916; baseline 0.009 -27"><span class='ocrx_word' id='word_1_816' title='bbox 169 4840 248 4889; x_wconf 90' lang='lat' dir='ltr'>tur</span> <span class='ocrx_word' id='word_1_817' title='bbox 273 4839 475 4894; x_wconf 90' lang='lat' dir='ltr'>omnia.</span> <span class='ocrx_word' id='word_1_818' title='bbox 510 4840 626 4896; x_wconf 87' lang='lat' dir='ltr'>Hoc</span> <span class='ocrx_word' id='word_1_819' title='bbox 653 4841 814 4896; x_wconf 90' lang='lat' dir='ltr'>Pater</span> <span class='ocrx_word' id='word_1_820' title='bbox 843 4842 1112 4898; x_wconf 90' lang='lat' dir='ltr'>concessit</span> <span class='ocrx_word' id='word_1_821' title='bbox 1163 4843 1307 4899; x_wconf 88' lang='lat' dir='ltr'>Filio</span> <span class='ocrx_word' id='word_1_822' title='bbox 1351 4853 1474 4916; x_wconf 90' lang='lat' dir='ltr'>post</span> <span class='ocrx_word' id='word_1_823' title='bbox 1502 4862 1747 4914; x_wconf 87' lang='lat' dir='ltr'>crucem,</span> 
     </span>
    </p>
   </div>
   <div class='ocr_carea' id='block_1_99' title="bbox 167 4925 1750 5006">
    <p class='ocr_par' dir='ltr' id='par_1_99' title="bbox 167 4925 1750 5006">
     <span class='ocr_line' id='line_1_99' title="bbox 167 4925 1750 5006; baseline 0.009 -31"><span class='ocrx_word' id='word_1_824' title='bbox 167 4928 222 4976; x_wconf 89' lang='lat' dir='ltr'>ut</span> <span class='ocrx_word' id='word_1_825' title='bbox 246 4925 426 4982; x_wconf 88' lang='lat' dir='ltr'>omnia</span> <span class='ocrx_word' id='word_1_826' title='bbox 456 4927 513 4982; x_wconf 92' lang='lat' dir='ltr'>in</span> <span class='ocrx_word' id='word_1_827' title='bbox 552 4929 776 4986; x_wconf 91' lang='lat' dir='ltr'>nomine</span> <span class='ocrx_word' id='word_1_828' title='bbox 801 4929 930 4985; x_wconf 90' lang='lat' dir='ltr'>Fllii</span> <span class='ocrx_word' id='word_1_829' title='bbox 974 4932 1274 4988; x_wconf 88' lang='lat' dir='ltr'>salventur.</span> <span class='ocrx_word' id='word_1_830' title='bbox 1326 4934 1573 5006; x_wconf 89' lang='lat' dir='ltr'>Denique</span> <span class='ocrx_word' id='word_1_831' title='bbox 1613 4934 1750 4990; x_wconf 91' lang='lat' dir='ltr'>dicit</span> 
     </span>
    </p>
   </div>
   <div class='ocr_carea' id='block_1_100' title="bbox 169 5009 1750 5094">
    <p class='ocr_par' dir='ltr' id='par_1_100' title="bbox 169 5009 1750 5094">
     <span class='ocr_line' id='line_1_100' title="bbox 169 5009 1750 5094; baseline 0.008 -28"><span class='ocrx_word' id='word_1_832' title='bbox 169 5009 418 5071; x_wconf 89' lang='lat' dir='ltr'>Dominus</span> <span class='ocrx_word' id='word_1_833' title='bbox 451 5015 520 5072; x_wconf 90' lang='lat' dir='ltr'>de</span> <span class='ocrx_word' id='word_1_834' title='bbox 549 5016 836 5090; x_wconf 87' lang='lat' dir='ltr'>discipulis</span> <span class='ocrx_word' id='word_1_835' title='bbox 883 5018 952 5074; x_wconf 88' lang='lat' dir='ltr'>ad</span> <span class='ocrx_word' id='word_1_836' title='bbox 997 5020 1210 5078; x_wconf 89' lang='lat' dir='ltr'>Patrem</span> <span class='ocrx_word' id='word_1_837' title='bbox 1247 5039 1258 5076; x_wconf 90' lang='lat'>:</span> <span class='ocrx_word' id='word_1_838' title='bbox 1325 5044 1343 5068; x_wconf 79' lang='grc' dir='ltr'>ι</span> <span class='ocrx_word' id='word_1_839' title='bbox 1382 5023 1560 5089; x_wconf 88' lang='lat' dir='ltr'>Pater,</span> <span class='ocrx_word' id='word_1_840' title='bbox 1614 5038 1750 5094; x_wconf 90' lang='lat' dir='ltr'>quos</span> 
     </span>
    </p>
   </div>
   <div class='ocr_carea' id='block_1_101' title="bbox 170 5095 1749 5180">
    <p class='ocr_par' dir='ltr' id='par_1_101' title="bbox 170 5095 1749 5180">
     <span class='ocr_line' id='line_1_101' title="bbox 170 5095 1749 5180; baseline 0.009 -28"><span class='ocrx_word' id='word_1_841' title='bbox 170 5095 348 5158; x_wconf 87' lang='lat' dir='ltr'>dedisti</span> <span class='ocrx_word' id='word_1_842' title='bbox 378 5104 540 5173; x_wconf 90' lang='lat' dir='ltr'>mihi,</span> <span class='ocrx_word' id='word_1_843' title='bbox 597 5107 900 5177; x_wconf 80' lang='lat' dir='ltr'>custodivi,</span> <span class='ocrx_word' id='word_1_844' title='bbox 956 5108 1040 5164; x_wconf 92' lang='lat' dir='ltr'>tui</span> <span class='ocrx_word' id='word_1_845' title='bbox 1097 5110 1244 5165; x_wconf 90' lang='lat' dir='ltr'>enim</span> <span class='ocrx_word' id='word_1_846' title='bbox 1294 5118 1468 5180; x_wconf 89' lang='lat' dir='ltr'>erant,</span> <span class='ocrx_word' id='word_1_847' title='bbox 1524 5119 1577 5168; x_wconf 88' lang='lat' dir='ltr'>et</span> <span class='ocrx_word' id='word_1_848' title='bbox 1608 5111 1749 5166; x_wconf 90' lang='lat' dir='ltr'>mihi</span> 
     </span>
    </p>
   </div>
   <div class='ocr_carea' id='block_1_102' title="bbox 169 5189 1745 5270">
    <p class='ocr_par' dir='ltr' id='par_1_102' title="bbox 169 5189 1745 5270">
     <span class='ocr_line' id='line_1_102' title="bbox 169 5189 1745 5270; baseline 0.008 -28"><span class='ocrx_word' id='word_1_849' title='bbox 169 5200 249 5243; x_wconf 87' lang='lat' dir='ltr'>eos</span> <span class='ocrx_word' id='word_1_850' title='bbox 275 5189 469 5250; x_wconf 88' lang='lat' dir='ltr'>dedisti</span> <span class='ocrx_word' id='word_1_851' title='bbox 501 5195 682 5265; x_wconf 83' lang='lat' dir='ltr'>(Joan.</span> <span class='ocrx_word' id='word_1_852' title='bbox 717 5211 857 5265; x_wconf 83' lang='lat' dir='ltr'>xvn,</span> <span class='ocrx_word' id='word_1_853' title='bbox 888 5196 1002 5270; x_wconf 79' lang='lat' dir='ltr'>i2).</span> <span class='ocrx_word' id='word_1_854' title='bbox 1041 5221 1059 5245; x_wconf 77' lang='grc' dir='ltr'>ι</span> <span class='ocrx_word' id='word_1_855' title='bbox 1103 5199 1174 5254; x_wconf 87' lang='grc' dir='ltr'>Ει</span> <span class='ocrx_word' id='word_1_856' title='bbox 1202 5197 1271 5254; x_wconf 91' lang='lat' dir='ltr'>ad</span> <span class='ocrx_word' id='word_1_857' title='bbox 1299 5198 1604 5270; x_wconf 88' lang='lat' dir='ltr'>discipulos</span> <span class='ocrx_word' id='word_1_858' title='bbox 1632 5198 1709 5254; x_wconf 91' lang='lat' dir='ltr'>ait</span> <span class='ocrx_word' id='word_1_859' title='bbox 1734 5216 1745 5254; x_wconf 90' lang='lat'><strong>:</strong></span> 
     </span>
    </p>
   </div>
   <div class='ocr_carea' id='block_1_103' title="bbox 180 5275 1752 5358">
    <p class='ocr_par' dir='ltr' id='par_1_103' title="bbox 180 5275 1752 5358">
     <span class='ocr_line' id='line_1_103' title="bbox 180 5275 1752 5358; baseline 0.006 -25"><span class='ocrx_word' id='word_1_860' title='bbox 180 5295 197 5318; x_wconf 77' lang='grc' dir='ltr'>ι</span> <span class='ocrx_word' id='word_1_861' title='bbox 223 5275 392 5353; x_wconf 87' lang='lat' dir='ltr'>Usque</span> <span class='ocrx_word' id='word_1_862' title='bbox 414 5281 582 5339; x_wconf 91' lang='lat' dir='ltr'>modo</span> <span class='ocrx_word' id='word_1_863' title='bbox 608 5283 754 5340; x_wconf 89' lang='lat' dir='ltr'>nihil</span> <span class='ocrx_word' id='word_1_864' title='bbox 783 5285 998 5357; x_wconf 90' lang='lat' dir='ltr'>petistis</span> <span class='ocrx_word' id='word_1_865' title='bbox 1025 5287 1083 5343; x_wconf 92' lang='lat' dir='ltr'>in</span> <span class='ocrx_word' id='word_1_866' title='bbox 1118 5288 1342 5344; x_wconf 89' lang='lat' dir='ltr'>nomine</span> <span class='ocrx_word' id='word_1_867' title='bbox 1372 5301 1524 5355; x_wconf 60' lang='lat' dir='ltr'>mco;</span> <span class='ocrx_word' id='word_1_868' title='bbox 1556 5287 1752 5358; x_wconf 89' lang='lat' dir='ltr'>petite,</span> 
     </span>
    </p>
   </div>
   <div class='ocr_carea' id='block_1_104' title="bbox 257 5520 1752 5604">
    <p class='ocr_par' dir='ltr' id='par_1_104' title="bbox 257 5520 1752 5604">
     <span class='ocr_line' id='line_1_104' title="bbox 257 5520 1752 5604; baseline 0.001 -18"><span class='ocrx_word' id='word_1_869' title='bbox 376 5525 503 5604; x_wconf 58' lang='lat' dir='ltr'>Mss.</span> <span class='ocrx_word' id='word_1_870' title='bbox 533 5528 731 5604; x_wconf 75' lang='lat' dir='ltr'>Laud.,</span> <span class='ocrx_word' id='word_1_871' title='bbox 759 5537 856 5588; x_wconf 83' lang='lat' dir='ltr'>aut</span> <span class='ocrx_word' id='word_1_872' title='bbox 869 5547 976 5588; x_wconf 81' lang='lat' dir='ltr'>non</span> <span class='ocrx_word' id='word_1_873' title='bbox 984 5537 1197 5604; x_wconf 77' lang='lat' dir='ltr'>poterat</span> <span class='ocrx_word' id='word_1_874' title='bbox 1225 5532 1399 5590; x_wconf 73' lang='lat' dir='ltr'>Filius</span> <span class='ocrx_word' id='word_1_875' title='bbox 1428 5531 1752 5604; x_wconf 67' lang='lat' dir='ltr'>divinitatis.</span> 
     </span>
    </p>
   </div>
   <div class='ocr_carea' id='block_1_105' title="bbox 172 5519 1760 5735">
    <p class='ocr_par' dir='ltr' id='par_1_105' title="bbox 172 5519 1760 5735">
     <span class='ocr_line' id='line_1_105' title="bbox 257 5520 1752 5604; baseline 0.007 -26"><span class='ocrx_word' id='word_1_876' title='bbox 257 5520 320 5580; x_wconf 87' lang='grc'>47</span> <span class='ocrx_word' id='word_1_877' title='bbox 376 5525 503 5584; x_wconf 82' lang='lat' dir='ltr'>Mss.</span> <span class='ocrx_word' id='word_1_878' title='bbox 533 5528 731 5600; x_wconf 90' lang='lat' dir='ltr'>Laud.,</span> <span class='ocrx_word' id='word_1_879' title='bbox 759 5537 856 5588; x_wconf 83' lang='lat' dir='ltr'>aut</span> <span class='ocrx_word' id='word_1_880' title='bbox 869 5547 976 5588; x_wconf 80' lang='lat' dir='ltr'>non</span> <span class='ocrx_word' id='word_1_881' title='bbox 984 5537 1197 5604; x_wconf 76' lang='lat' dir='ltr'>poterat</span> <span class='ocrx_word' id='word_1_882' title='bbox 1225 5532 1399 5590; x_wconf 73' lang='lat' dir='ltr'>Filius</span> <span class='ocrx_word' id='word_1_883' title='bbox 1428 5531 1752 5589; x_wconf 73' lang='lat' dir='ltr'>divinitatis.</span> 
     </span>
     <span class='ocr_line' id='line_1_106' title="bbox 172 5519 1760 5735; baseline -0.001 -78"><span class='ocrx_word' id='word_1_884' title='bbox 376 5597 501 5656; x_wconf 76' lang='grc' dir='ltr'>νει.</span> <span class='ocrx_word' id='word_1_885' title='bbox 534 5599 695 5672; x_wconf 89' lang='lat' dir='ltr'>edit.,</span> <span class='ocrx_word' id='word_1_886' title='bbox 742 5618 804 5660; x_wconf 86' lang='lat' dir='ltr'>ac</span> <span class='ocrx_word' id='word_1_887' title='bbox 834 5618 964 5660; x_wconf 86' lang='lat' dir='ltr'>mss.</span> <span class='ocrx_word' id='word_1_888' title='bbox 1013 5603 1246 5678; x_wconf 86' lang='lat' dir='ltr'>aliquot,</span> <span class='ocrx_word' id='word_1_889' title='bbox 1290 5604 1412 5662; x_wconf 76' lang='lat' dir='ltr'>Non</span> <span class='ocrx_word' id='word_1_890' title='bbox 1456 5602 1595 5660; x_wconf 73' lang='lat' dir='ltr'>enim</span> <span class='ocrx_word' id='word_1_891' title='bbox 1639 5607 1760 5657; x_wconf 76' lang='lat' dir='ltr'>tunc</span> 
     </span>
    </p>
   </div>
   <div class='ocr_carea' id='block_1_106' title="bbox 1861 4665 3460 4742">
    <p class='ocr_par' dir='ltr' id='par_1_106' title="bbox 1861 4665 3460 4742">
     <span class='ocr_line' id='line_1_107' title="bbox 1861 4665 3460 4742; baseline -0.005 -17"><span class='ocrx_word' id='word_1_892' title='bbox 1861 4669 1933 4725; x_wconf 89' lang='lat' dir='ltr'>sit</span> <span class='ocrx_word' id='word_1_893' title='bbox 1970 4669 2026 4724; x_wconf 90' lang='lat' dir='ltr'>in</span> <span class='ocrx_word' id='word_1_894' title='bbox 2061 4669 2233 4742; x_wconf 88' lang='lat' dir='ltr'>gloria</span> <span class='ocrx_word' id='word_1_895' title='bbox 2279 4667 2378 4724; x_wconf 91' lang='lat' dir='ltr'>Dei</span> <span class='ocrx_word' id='word_1_896' title='bbox 2427 4667 2657 4723; x_wconf 80' lang='lat' dir='ltr'>Patris?</span> <span class='ocrx_word' id='word_1_897' title='bbox 2701 4666 2936 4722; x_wconf 90' lang='lat' dir='ltr'>Etiamsi</span> <span class='ocrx_word' id='word_1_898' title='bbox 2977 4665 3270 4737; x_wconf 89' lang='lat' dir='ltr'>adoptivus</span> <span class='ocrx_word' id='word_1_899' title='bbox 3315 4665 3460 4718; x_wconf 90' lang='lat' dir='ltr'>Deus</span> 
     </span>
    </p>
   </div>
   <div class='ocr_carea' id='block_1_107' title="bbox 1857 4753 3459 4826">
    <p class='ocr_par' dir='ltr' id='par_1_107' title="bbox 1857 4753 3459 4826">
     <span class='ocr_line' id='line_1_108' title="bbox 1857 4753 3459 4826; baseline -0.004 -13"><span class='ocrx_word' id='word_1_900' title='bbox 1857 4757 1928 4813; x_wconf 91' lang='lat' dir='ltr'>sit</span> <span class='ocrx_word' id='word_1_901' title='bbox 1956 4756 2144 4824; x_wconf 89' lang='lat' dir='ltr'>homo,</span> <span class='ocrx_word' id='word_1_902' title='bbox 2176 4757 2234 4812; x_wconf 92' lang='lat' dir='ltr'>in</span> <span class='ocrx_word' id='word_1_903' title='bbox 2265 4755 2438 4826; x_wconf 89' lang='lat' dir='ltr'>gloria</span> <span class='ocrx_word' id='word_1_904' title='bbox 2466 4755 2564 4809; x_wconf 92' lang='lat' dir='ltr'>Dei</span> <span class='ocrx_word' id='word_1_905' title='bbox 2596 4753 2774 4809; x_wconf 89' lang='lat' dir='ltr'>Patris</span> <span class='ocrx_word' id='word_1_906' title='bbox 2800 4770 2911 4809; x_wconf 93' lang='lat' dir='ltr'>non</span> <span class='ocrx_word' id='word_1_907' title='bbox 2944 4759 3120 4823; x_wconf 90' lang='lat' dir='ltr'>potest</span> <span class='ocrx_word' id='word_1_908' title='bbox 3145 4765 3298 4816; x_wconf 89' lang='lat' dir='ltr'>esse;</span> <span class='ocrx_word' id='word_1_909' title='bbox 3332 4766 3459 4806; x_wconf 88' lang='lat' dir='ltr'>nam</span> 
     </span>
    </p>
   </div>
   <div class='ocr_carea' id='block_1_108' title="bbox 1858 4837 3459 4914">
    <p class='ocr_par' dir='ltr' id='par_1_108' title="bbox 1858 4837 3459 4914">
     <span class='ocr_line' id='line_1_109' title="bbox 1858 4837 3459 4914; baseline -0.004 -14"><span class='ocrx_word' id='word_1_910' title='bbox 1858 4845 1908 4900; x_wconf 92' lang='lat' dir='ltr'>ei</span> <span class='ocrx_word' id='word_1_911' title='bbox 1953 4844 2060 4900; x_wconf 92' lang='lat' dir='ltr'>hoc</span> <span class='ocrx_word' id='word_1_912' title='bbox 2104 4842 2389 4914; x_wconf 89' lang='lat' dir='ltr'>competit,</span> <span class='ocrx_word' id='word_1_913' title='bbox 2443 4841 2537 4912; x_wconf 91' lang='lat' dir='ltr'>qui</span> <span class='ocrx_word' id='word_1_914' title='bbox 2577 4849 2738 4894; x_wconf 85' lang='lat' dir='ltr'>natus</span> <span class='ocrx_word' id='word_1_915' title='bbox 2782 4846 2864 4895; x_wconf 88' lang='lat' dir='ltr'>est</span> <span class='ocrx_word' id='word_1_916' title='bbox 2910 4838 2980 4892; x_wconf 88' lang='lat' dir='ltr'>de</span> <span class='ocrx_word' id='word_1_917' title='bbox 3012 4840 3144 4894; x_wconf 89' lang='lat' dir='ltr'>Deo.</span> <span class='ocrx_word' id='word_1_918' title='bbox 3182 4839 3244 4892; x_wconf 94' lang='lat' dir='ltr'>In</span> <span class='ocrx_word' id='word_1_919' title='bbox 3284 4837 3459 4909; x_wconf 90' lang='lat' dir='ltr'>gloria</span> 
     </span>
    </p>
   </div>
   <div class='ocr_carea' id='block_1_109' title="bbox 1859 4927 3459 4995">
    <p class='ocr_par' dir='ltr' id='par_1_109' title="bbox 1859 4927 3459 4995">
     <span class='ocr_line' id='line_1_110' title="bbox 1859 4927 3459 4995; baseline -0.003 -6"><span class='ocrx_word' id='word_1_920' title='bbox 1859 4934 2006 4989; x_wconf 87' lang='lat' dir='ltr'>enim</span> <span class='ocrx_word' id='word_1_921' title='bbox 2037 4931 2135 4987; x_wconf 91' lang='lat' dir='ltr'>Dei</span> <span class='ocrx_word' id='word_1_922' title='bbox 2183 4930 2362 4984; x_wconf 87' lang='lat' dir='ltr'>Patris</span> <span class='ocrx_word' id='word_1_923' title='bbox 2403 4943 2540 4995; x_wconf 90' lang='lat' dir='ltr'>esse,</span> <span class='ocrx_word' id='word_1_924' title='bbox 2572 4927 2717 4983; x_wconf 91' lang='lat' dir='ltr'>nihil</span> <span class='ocrx_word' id='word_1_925' title='bbox 2759 4927 2980 4982; x_wconf 79' lang='lat' dir='ltr'>diﬁ‘erre</span> <span class='ocrx_word' id='word_1_926' title='bbox 3008 4943 3041 4982; x_wconf 91' lang='lat' dir='ltr'>a</span> <span class='ocrx_word' id='word_1_927' title='bbox 3082 4930 3197 4984; x_wconf 89' lang='lat' dir='ltr'>Deo</span> <span class='ocrx_word' id='word_1_928' title='bbox 3227 4935 3345 4990; x_wconf 88' lang='lat' dir='ltr'>est;</span> <span class='ocrx_word' id='word_1_929' title='bbox 3396 4935 3459 4984; x_wconf 93' lang='lat' dir='ltr'>ut</span> 
     </span>
    </p>
   </div>
   <div class='ocr_carea' id='block_1_110' title="bbox 1860 5013 3455 5092">
    <p class='ocr_par' dir='ltr' id='par_1_110' title="bbox 1860 5013 3455 5092">
     <span class='ocr_line' id='line_1_111' title="bbox 1860 5013 3455 5092; baseline -0.002 -16"><span class='ocrx_word' id='word_1_930' title='bbox 1860 5037 1971 5077; x_wconf 90' lang='lat' dir='ltr'>una</span> <span class='ocrx_word' id='word_1_931' title='bbox 2000 5018 2174 5092; x_wconf 90' lang='lat' dir='ltr'>gloria</span> <span class='ocrx_word' id='word_1_932' title='bbox 2214 5018 2286 5073; x_wconf 89' lang='lat' dir='ltr'>sit</span> <span class='ocrx_word' id='word_1_933' title='bbox 2317 5013 2493 5072; x_wconf 90' lang='lat' dir='ltr'>Patris</span> <span class='ocrx_word' id='word_1_934' title='bbox 2539 5023 2594 5071; x_wconf 91' lang='lat' dir='ltr'>et</span> <span class='ocrx_word' id='word_1_935' title='bbox 2635 5014 2764 5070; x_wconf 91' lang='lat' dir='ltr'>Filii</span> <span class='ocrx_word' id='word_1_936' title='bbox 2814 5031 2910 5088; x_wconf 87' lang='lat' dir='ltr'>per</span> <span class='ocrx_word' id='word_1_937' title='bbox 2952 5031 3299 5072; x_wconf 90' lang='lat' dir='ltr'>communem</span> <span class='ocrx_word' id='word_1_938' title='bbox 3330 5015 3455 5074; x_wconf 88' lang='lat' dir='ltr'>sub-</span> 
     </span>
    </p>
   </div>
   <div class='ocr_carea' id='block_1_111' title="bbox 1861 5102 3454 5170">
    <p class='ocr_par' dir='ltr' id='par_1_111' title="bbox 1861 5102 3454 5170">
     <span class='ocr_line' id='line_1_112' title="bbox 1861 5102 3454 5170; baseline -0.003 -6"><span class='ocrx_word' id='word_1_939' title='bbox 1861 5107 2119 5165; x_wconf 89' lang='lat' dir='ltr'>stantiam</span> <span class='ocrx_word' id='word_1_940' title='bbox 2152 5114 2206 5162; x_wconf 90' lang='lat' dir='ltr'>et</span> <span class='ocrx_word' id='word_1_941' title='bbox 2235 5105 2499 5161; x_wconf 88' lang='lat' dir='ltr'>virtutem</span> <span class='ocrx_word' id='word_1_942' title='bbox 2525 5121 2538 5170; x_wconf 92' lang='lat'>;</span> <span class='ocrx_word' id='word_1_943' title='bbox 2574 5109 2656 5159; x_wconf 92' lang='lat' dir='ltr'>est</span> <span class='ocrx_word' id='word_1_944' title='bbox 2681 5102 2834 5159; x_wconf 90' lang='lat' dir='ltr'>enim</span> <span class='ocrx_word' id='word_1_945' title='bbox 2862 5102 2979 5159; x_wconf 67' lang='lat' dir='ltr'>haec</span> <span class='ocrx_word' id='word_1_946' title='bbox 3011 5104 3195 5159; x_wconf 88' lang='lat' dir='ltr'>unitas</span> <span class='ocrx_word' id='word_1_947' title='bbox 3224 5113 3454 5161; x_wconf 65' lang='lat' dir='ltr'>naturae.</span> 
     </span>
    </p>
   </div>
   <div class='ocr_carea' id='block_1_112' title="bbox 1860 5191 3459 5268">
    <p class='ocr_par' dir='ltr' id='par_1_112' title="bbox 1860 5191 3459 5268">
     <span class='ocr_line' id='line_1_113' title="bbox 1860 5191 3459 5268; baseline -0.003 -15"><span class='ocrx_word' id='word_1_948' title='bbox 1860 5197 2025 5266; x_wconf 90' lang='lat' dir='ltr'>Quid,</span> <span class='ocrx_word' id='word_1_949' title='bbox 2074 5212 2227 5268; x_wconf 89' lang='lat' dir='ltr'>rogo,</span> <span class='ocrx_word' id='word_1_950' title='bbox 2257 5191 2594 5252; x_wconf 90' lang='lat' dir='ltr'>contrarium</span> <span class='ocrx_word' id='word_1_951' title='bbox 2626 5201 2729 5262; x_wconf 89' lang='lat' dir='ltr'>est,</span> <span class='ocrx_word' id='word_1_952' title='bbox 2765 5194 2811 5250; x_wconf 89' lang='lat' dir='ltr'>si</span> <span class='ocrx_word' id='word_1_953' title='bbox 2842 5191 3020 5249; x_wconf 90' lang='lat' dir='ltr'>Filius</span> <span class='ocrx_word' id='word_1_954' title='bbox 3048 5193 3256 5249; x_wconf 88' lang='lat' dir='ltr'>donum</span> <span class='ocrx_word' id='word_1_955' title='bbox 3286 5208 3318 5246; x_wconf 89' lang='lat' dir='ltr'>a</span> <span class='ocrx_word' id='word_1_956' title='bbox 3345 5193 3459 5248; x_wconf 89' lang='lat' dir='ltr'>Pa-</span> 
     </span>
    </p>
   </div>
   <div class='ocr_carea' id='block_1_113' title="bbox 1860 5278 3462 5358">
    <p class='ocr_par' dir='ltr' id='par_1_113' title="bbox 1860 5278 3462 5358">
     <span class='ocr_line' id='line_1_114' title="bbox 1860 5278 3462 5358; baseline -0.002 -18"><span class='ocrx_word' id='word_1_957' title='bbox 1860 5293 1944 5340; x_wconf 88' lang='lat' dir='ltr'>tre</span> <span class='ocrx_word' id='word_1_958' title='bbox 1997 5284 2268 5358; x_wconf 89' lang='lat' dir='ltr'>accepisse</span> <span class='ocrx_word' id='word_1_959' title='bbox 2322 5283 2576 5351; x_wconf 89' lang='lat' dir='ltr'>dicatur;</span> <span class='ocrx_word' id='word_1_960' title='bbox 2635 5298 2761 5340; x_wconf 90' lang='lat' dir='ltr'>cum</span> <span class='ocrx_word' id='word_1_961' title='bbox 2812 5278 3001 5338; x_wconf 90' lang='lat' dir='ltr'>omnia</span> <span class='ocrx_word' id='word_1_962' title='bbox 3055 5285 3201 5343; x_wconf 82' lang='lat'>257</span> <span class='ocrx_word' id='word_1_963' title='bbox 3255 5278 3386 5334; x_wconf 87' lang='lat' dir='ltr'>Filii</span> <span class='ocrx_word' id='word_1_964' title='bbox 3429 5294 3462 5336; x_wconf 69' lang='grc' dir='ltr'><strong><em>ι</em></strong></span> 
     </span>
    </p>
   </div>
   <div class='ocr_carea' id='block_1_114' title="bbox 1965 5527 3312 5605">
    <p class='ocr_par' dir='ltr' id='par_1_114' title="bbox 1965 5527 3312 5605">
     <span class='ocr_line' id='line_1_115' title="bbox 1965 5527 3312 5605; baseline 0.018 -22"><span class='ocrx_word' id='word_1_965' title='bbox 1965 5531 2057 5605; x_wconf 59' lang='lat' dir='ltr'>to)</span> <span class='ocrx_word' id='word_1_966' title='bbox 2088 5531 2260 5605; x_wconf 47' lang='lat' dir='ltr'>haud.</span> <span class='ocrx_word' id='word_1_967' title='bbox 2291 5530 2441 5605; x_wconf 79' lang='lat' dir='ltr'>cod.,</span> <span class='ocrx_word' id='word_1_968' title='bbox 2470 5530 2657 5605; x_wconf 73' lang='lat' dir='ltr'>Homo.</span> <span class='ocrx_word' id='word_1_969' title='bbox 2688 5531 2835 5605; x_wconf 79' lang='lat' dir='ltr'>Ergo</span> <span class='ocrx_word' id='word_1_970' title='bbox 2861 5527 3064 5605; x_wconf 54' lang='lat' dir='ltr'>(ﬁgebat</span> <span class='ocrx_word' id='word_1_971' title='bbox 3093 5593 3184 5605; x_wconf 85' lang='lat'>_...</span> <span class='ocrx_word' id='word_1_972' title='bbox 3219 5595 3260 5605; x_wconf 78' lang='lat'>..</span> <span class='ocrx_word' id='word_1_973' title='bbox 3301 5595 3312 5605; x_wconf 93' lang='lat'>.</span> 
     </span>
    </p>
   </div>
   <div class='ocr_carea' id='block_1_115' title="bbox 1939 5533 3474 5677">
    <p class='ocr_par' dir='ltr' id='par_1_115' title="bbox 1939 5533 3474 5677">
     <span class='ocr_line' id='line_1_116' title="bbox 1965 5533 3312 5605; baseline -0.002 -19"><span class='ocrx_word' id='word_1_974' title='bbox 1965 5533 2057 5602; x_wconf 86' lang='grc'>49)</span> <span class='ocrx_word' id='word_1_975' title='bbox 2088 5533 2260 5589; x_wconf 85' lang='lat' dir='ltr'>Laud.</span> <span class='ocrx_word' id='word_1_976' title='bbox 2291 5533 2441 5599; x_wconf 90' lang='lat' dir='ltr'>cod.,</span> <span class='ocrx_word' id='word_1_977' title='bbox 2470 5533 2657 5586; x_wconf 85' lang='lat' dir='ltr'>Homo.</span> <span class='ocrx_word' id='word_1_978' title='bbox 2688 5533 2835 5600; x_wconf 84' lang='lat' dir='ltr'>Ergo</span> <span class='ocrx_word' id='word_1_979' title='bbox 2861 5533 3064 5596; x_wconf 84' lang='lat' dir='ltr'>agebat.</span> <span class='ocrx_word' id='word_1_980' title='bbox 3154 5593 3184 5604; x_wconf 48' lang='grc' dir='ltr'>η</span> <span class='ocrx_word' id='word_1_981' title='bbox 3301 5595 3312 5605; x_wconf 33' lang='grc' dir='ltr'><strong>θ</strong></span> 
     </span>
     <span class='ocr_line' id='line_1_117' title="bbox 1939 5533 3474 5677; baseline -0.009 -17"><span class='ocrx_word' id='word_1_982' title='bbox 1939 5533 2059 5677; x_wconf 44' lang='lat'>$50)</span> <span class='ocrx_word' id='word_1_983' title='bbox 2089 5601 2354 5660; x_wconf 86' lang='lat' dir='ltr'>Nonnulli</span> <span class='ocrx_word' id='word_1_984' title='bbox 2398 5616 2550 5668; x_wconf 85' lang='lat' dir='ltr'>mss.,</span> <span class='ocrx_word' id='word_1_985' title='bbox 2599 5602 2748 5656; x_wconf 79' lang='lat' dir='ltr'>homo</span> <span class='ocrx_word' id='word_1_986' title='bbox 2776 5599 2836 5654; x_wconf 71' lang='lat' dir='ltr'>in</span> <span class='ocrx_word' id='word_1_987' title='bbox 2865 5595 3052 5667; x_wconf 76' lang='lat' dir='ltr'>[arma</span> <span class='ocrx_word' id='word_1_988' title='bbox 3078 5596 3187 5670; x_wconf 69' lang='lat' dir='ltr'>ﬁla</span> <span class='ocrx_word' id='word_1_989' title='bbox 3213 5595 3314 5651; x_wconf 72' lang='lat' dir='ltr'>Det</span> <span class='ocrx_word' id='word_1_990' title='bbox 3339 5599 3474 5650; x_wconf 75' lang='lat' dir='ltr'>erat.</span> 
     </span>
    </p>
   </div>
  </div>
