3908 6192
421 283 526 342 435

1449 289 1547 344 ΑΙ)
1587 286 1820 343 OPERA
1862 286 1917 343 S.
1959 287 2293 346 AMBROSII
2329 289 2710 348 APPENDIX.

422 413 580 468 Patre
610 413 743 481 sint,
776 430 808 469 a
835 431 944 488 quo
988 422 1043 471 et
1091 420 1292 472 cuncta
1332 429 1448 470 esse
1492 410 1794 469 creduntur
1814 411 1842 468 7
1891 411 2025 468 Sub-
2053 414 2106 474 Α
2135 431 2233 472 vos
2263 417 2694 475 sollicitudinem
2724 425 2907 494 gerat;
2932 432 3060 474 nam
3085 431 3276 474 omnes
3304 432 3426 490 quae
3455 433 3559 475 sua
3585 428 3740 491 sunt,

421 503 682 559 stantiam
721 511 905 559 autem
935 503 1034 562 Dei
1069 504 1276 562 idcirco
1321 511 1571 562 naturam
1602 501 1860 572 dicimus,
1899 502 2028 576 quia

423 600 584 649 natus
615 591 682 648 de
712 593 809 648 illa
839 593 1094 651 Christus
1115 602 1216 650 est.

502 691 684 764 (Vers.
721 693 807 760 12,
844 692 957 764 13.)
1002 716 1020 740 ‹
1060 694 1267 766 Itaque,
1318 692 1664 748 dilectissimi
1695 692 1854 760 mihi,
1887 692 2030 749 sicut

425 797 644 854 semper
659 780 944 850 obedistis,
961 798 1072 838 non
1098 782 1156 838 in
1185 781 1474 855 praesentia
1496 781 1602 837 mei
1625 781 2026 850 tantummodo,

430 872 525 927 sed
558 873 736 928 multo
775 872 948 944 magis
993 888 1144 929 nunc
1189 870 1248 927 in
1291 871 1557 939 absentia,
1596 888 1720 928 cum
1753 871 1948 927 timore
1976 878 2030 926 et

429 969 665 1018 tremore
695 971 935 1019 vestram
969 963 1215 1036 ipsorum
1245 962 1548 1036 operamini
1580 963 1838 1030 salutem;
1885 965 2029 1019 Deus

427 1058 510 1107 est
539 1051 710 1120 enim,
762 1053 856 1124 qui
888 1061 1147 1126 operatur
1181 1052 1238 1108 in
1265 1051 1443 1120 vobis,
1481 1060 1534 1107 et
1564 1052 1706 1106 velle
1734 1059 1787 1107 et
1815 1052 2028 1124 Operari

426 1157 523 1214 pro
550 1139 696 1197 bona
725 1142 1028 1198 voluntate.
1054 1167 1072 1191 ι
1105 1143 1278 1198 Deum
1311 1141 1485 1197 bonos
1514 1149 1742 1198 conatus
1770 1140 2030 1212 adjuvare

424 1238 691 1300 testatur;
728 1249 949 1289 omnem
986 1233 1135 1289 enim
1171 1233 1402 1305 gratiam
1435 1249 1650 1305 semper
1677 1241 1920 1305 reportat
1963 1232 2030 1288 ad

424 1322 642 1388 Deum;
692 1329 755 1377 ut
803 1330 1054 1378 nostrum
1101 1321 1174 1378 sit
1219 1323 1383 1391 velle,
1431 1320 1691 1396 perﬁcere
1736 1337 1869 1377 vero
1907 1320 2027 1385 Dei,

424 1411 562 1467 Nam
593 1409 716 1483 quis
743 1412 992 1467 vinceret
1043 1411 1323 1484 Principes
1353 1427 1415 1468 ac
1444 1413 1762 1481 Potestates,
1794 1419 2034 1468 rectores

426 1500 778 1556 tenebrarum
811 1501 1027 1570 harum,
1046 1501 1316 1575 spiritalia
1331 1501 1592 1574 nequitiae
1610 1501 1667 1556 in
1693 1501 2030 1574 coelestibus,

429 1588 537 1644 nisi
568 1590 717 1646 solus
745 1592 910 1659 Deus,
948 1607 1085 1663 quos
1113 1606 1275 1647 causa
1304 1590 1531 1646 invidiaa
1579 1589 1837 1646 inimicos
1872 1589 2033 1646 habe-

429 1695 552 1735 mus
570 1679 597 1734 ?
623 1677 987 1751 Indignantur
1006 1680 1155 1735 enim
1179 1695 1278 1736 nos
1299 1679 1409 1737 dici
1440 1679 1584 1735 filios
1606 1679 1724 1736 Dei.
1757 1680 1876 1736 Non
1907 1696 2034 1752 ergo

2135 515 2410 579 quaerunt,
2453 524 2564 563 non
2606 525 2727 581 qum
2764 509 2892 564 Iesu
2933 505 3162 565 Christi.
3211 505 3605 580 Probationem
3651 526 3744 566 auo

2135 604 2246 652 tem
2292 597 2410 668 ejus
2465 598 2657 666 nostis,
2698 598 2845 671 quod
2889 604 2951 653 ut
2995 596 3144 653 ﬁlius
3172 613 3301 654 cum
3328 605 3482 669 patre
3519 613 3740 655 mecum

2131 677 2368 743 iservivit
2395 687 2455 742 in
2500 688 2818 760 Evangelio.
2853 688 3012 744 Hunc
3043 703 3172 760 ergo
3217 703 3376 760 spero
3408 704 3497 743 me
3527 689 3745 745 missu-

2137 793 2259 832 rum
2294 776 2606 845 confestim,
2639 785 2701 833 ut
2734 777 2926 834 videro
2955 793 3074 850 quae
3095 776 3242 834 circa
3272 793 3359 833 me
3396 786 3551 834 sunt.
3587 778 3744 837 Con-

2137 863 2250 920 ﬁdo
2287 872 2469 920 autem
2517 866 2576 921 in
2618 865 2880 934 Domino,
2923 865 3074 938 quod
3113 872 3168 920 et
3213 864 3328 937 ipse
3366 865 3480 922 cito
3527 866 3611 927 ad
3646 884 3743 926 vos

2139 954 2378 1012 veniam.
2413 973 2440 1006 »
2475 954 2744 1011 Absoluta
2791 961 2922 1012 sunt
2966 955 3102 1024 haec,
3147 971 3249 1012 nec
3288 954 3744 1028 interpretatione

2139 1055 2334 1118 egent;
2367 1055 2487 1119 post
2542 1047 2831 1119 epistolam
2886 1045 3035 1102 enim
3076 1047 3238 1102 istam
3287 1047 3647 1104 Timotheum
3688 1066 3743 1106 se

2141 1136 2436 1190 missurum
2466 1135 2758 1208 signiﬁcat,
2790 1153 2886 1209 per
2925 1152 3085 1209 quem
3133 1135 3201 1193 ad
3251 1135 3417 1192 ﬁdem
3456 1147 3742 1211 agnoscat,

2141 1242 2261 1298 quae
2291 1224 2438 1282 circa
2468 1224 2568 1280 hos
2599 1235 2848 1298 agantur.
2881 1227 3015 1282 Erat
3044 1226 3193 1282 enim
3233 1226 3503 1298 Apostolo
3533 1227 3743 1283 unani-

2141 1314 2283 1382 mis;
2317 1330 2483 1386 quare
2513 1322 2566 1370 et
2598 1315 2744 1371 circa
2787 1331 2878 1371 eos
2905 1313 3204 1371 sollicitior
3223 1315 3495 1387 signatur,
3528 1332 3639 1370 non
3669 1315 3743 1372 si-

2141 1411 2235 1459 cut
2263 1403 2510 1476 quidam,
2541 1404 2636 1476 qui
2667 1403 2797 1460 dum
2831 1403 3154 1476 semetipsos
3177 1405 3568 1461 commendare
3597 1405 3743 1461 vole-

2140 1493 2296 1563 bant,
2321 1493 2660 1566 negligentes
2676 1499 2834 1550 erant
2855 1494 2922 1550 de
2939 1493 3236 1566 disciplina
3255 1502 3310 1550 et
3325 1495 3744 1552 conversatione

2141 1583 2397 1640 fratrum.
2429 1583 2550 1638 Non
2581 1583 2728 1640 enim
2773 1583 2973 1640 devoto
3003 1582 3190 1640 animo
3220 1582 3620 1656 praedicabant,
3651 1584 3743 1640 sed

2142 1683 2364 1748 propter
2401 1673 2625 1748 propria
2665 1673 2837 1731 lucra.
2870 1674 2942 1729 Et
2971 1673 3100 1746 quia
3137 1671 3461 1730 Timotheus
3507 1673 3596 1730 vir
3630 1682 3745 1730 erat

428 1785 638 1825 novum
660 1775 762 1836 est,
787 1768 935 1840 quod
956 1767 1235 1825 hortatur:
1271 1769 1365 1825 sed
1385 1776 1447 1824 ut
1469 1785 1618 1825 more
1639 1768 1804 1824 solito
1825 1768 2033 1825 subditi
2063 1777 2108 1836 Β
2143 1765 2414 1837 egregius,
2461 1763 2598 1821 dicit
2644 1763 2774 1837 quia
2819 1762 3113 1836 probatum
3162 1762 3312 1820 hunc
3357 1761 3616 1833 habebat,
3648 1763 3742 1837 qui

431 1859 544 1914 sint
583 1856 905 1929 Evangelio,
956 1874 1141 1914 curam
1184 1858 1418 1931 propriae
1465 1857 1898 1915 conversationis
1941 1856 2036 1914 ha-

432 1947 625 2004 bentes
643 1964 656 2013 ;
692 1947 836 2003 bona
864 1946 1012 2003 enim
1044 1947 1392 2004 conversatio
1423 1947 1653 2002 salutem
1685 1953 1960 2020 operatur.

507 2045 688 2117 (Vers.
727 2043 936 2117 11-14.)
974 2070 991 2092 ι
1025 2045 1222 2103 Omnia
1246 2047 1410 2103 facite
1439 2045 1557 2101 sine
1583 2045 2036 2102 murmurationi-

434 2136 535 2192 bus
563 2142 617 2191 et
665 2133 1127 2204 haesitationibus,
1177 2144 1240 2191 ut
1282 2135 1405 2190 sitis
1448 2133 1955 2208 irreprehensibiles
1982 2147 2034 2197 et

431 2227 733 2299 simplices,
763 2227 908 2283 sicut
938 2225 1040 2282 ﬁlii
1069 2226 1192 2296 Dei,
1240 2227 1582 2283 immaculati
1613 2227 1671 2282 in
1702 2226 1885 2283 medio
1928 2244 2036 2284 na-

437 2315 605 2373 tionis
656 2333 836 2389 pravaa
884 2324 936 2372 et
965 2332 1232 2388 perversa
1267 2336 1278 2372 :
1331 2317 1473 2373 inter
1503 2333 1641 2390 quos
1669 2317 1864 2374 lucetis
1894 2318 2036 2375 sicut

437 2404 730 2461 luminaria
777 2405 836 2461 in
873 2405 1100 2473 mundo,
1147 2405 1378 2462 verbum
1426 2405 1556 2462 vita;
1585 2407 1931 2464 continentes
1968 2407 2036 2464 ad

439 2493 669 2567 gloriam
700 2493 840 2550 mihi
890 2493 949 2549 in
985 2493 1074 2550 die
1102 2493 1343 2564 Christi;
1393 2495 1524 2569 quia
1568 2511 1680 2552 non
1711 2496 1769 2551 in
1799 2513 2035 2554 vacuum

435 2583 679 2650 cucurri,
711 2599 813 2640 nec
856 2583 914 2638 in
957 2582 1178 2640 irritum
1210 2583 1476 2641 laboravi.
1513 2584 1619 2642 Sed
1647 2584 1749 2642 etsi
1780 2585 2038 2643 immolor

431 2689 602 2752 super
630 2672 964 2730 sacriﬁcium
988 2682 1042 2730 et
1067 2673 1439 2731 ministerium
1466 2675 1594 2732 fidei
1644 2683 1860 2740 vestrae,
1893 2693 2036 2748 gau-

429 2755 543 2821 ‘deo
573 2772 626 2820 et
661 2763 906 2836 gratulor
952 2765 1212 2821 omnibus
1242 2766 1420 2822 vobis.
1467 2766 1549 2823 Ob
1579 2765 1818 2838 idipsum
1851 2774 2034 2822 autem

440 2860 496 2908 et
526 2869 625 2908 vos
655 2852 882 2923 gaudete
926 2859 980 2906 et
1028 2853 1490 2924 congratulamini
1537 2853 1700 2909 mihi.
1731 2879 1750 2901 ι
1806 2855 1876 2909 Ut
1906 2854 2034 2911 ﬁdei

441 2947 496 2994 et
527 2954 752 3009 operum
784 2954 1007 2992 suorum
1039 2938 1254 2995 fructus
1284 2941 1492 3011 possint
1523 2941 1744 3010 habere,
1795 2958 2035 3000 commo-

441 3033 534 3082 net
555 3033 615 3080 ut
644 3025 852 3090 omnia,
877 3041 995 3096 quae
1018 3027 1086 3082 ad
1105 3027 1455 3099 disciplinam
1490 3029 1766 3101 pertinent
1786 3031 2034 3090 christia-

2145 1861 2260 1910 erat
2287 1870 2412 1910 cum
2445 1868 2509 1908 eo
2555 1859 2617 1908 ut
2636 1852 2785 1909 ﬁlius
2814 1851 3193 1920 charissimus,
3219 1852 3535 1910 deserviens
3563 1855 3742 1910 Evan-

2144 1943 2288 2017 gelio
2326 1941 2553 2002 Christi.
2586 1941 2714 1997 Ideo
2743 1939 2893 1998 hunc
2929 1941 3112 1997 ﬁlium
3160 1939 3313 2010 dicit,
3343 1941 3474 2016 quia
3519 1943 3594 1999 ab
3625 1943 3745 2015 ipso

2146 2034 2324 2091 fuerat
2361 2032 2646 2089 ordinatus
2689 2049 2700 2087 :
2745 2030 2895 2088 hunc
2939 2047 2996 2088 se
3040 2032 3383 2104 praemittere,
3414 2046 3470 2088 se
3516 2047 3746 2104 quoque

2147 2123 2204 2180 in
2234 2123 2391 2179 brevi
2423 2123 2631 2178 iturum
2670 2121 2738 2178 ad
2769 2137 2860 2177 eos
2892 2121 3033 2193 (51).

2218 2212 2400 2284 (Vers.
2425 2211 2512 2280 25,
2547 2211 2634 2280 26,
2657 2211 2774 2282 27.)
2822 2235 2840 2257 ‹
2878 2209 3255 2269 Necessarium
3284 2225 3416 2266 vero
3443 2211 3746 2268 arbitratus

2144 2318 2266 2359 sum
2291 2299 2730 2374 Epaphroditum
2751 2299 2974 2356 fratrem
2997 2309 3050 2357 et
3077 2299 3514 2358 commilitonem
3537 2317 3740 2370 meum,

2144 2399 2387 2448 vestrum
2438 2399 2619 2446 autem
2667 2389 3014 2462 apostolum,
3072 2397 3126 2445 et
3181 2387 3501 2446 ministrum
3565 2391 3744 2463 operis

2146 2482 2274 2552 mei,
2323 2483 2540 2538 mittere
2595 2481 2662 2538 ad
2709 2497 2840 2546 vos;
2893 2479 3340 2553 quandoquidem
3397 2479 3744 2537 desiderabat
3808 2505 3815 2509 -

2145 2589 2242 2628 vos
2285 2588 2496 2640 omnes,
2536 2579 2590 2627 et
2628 2569 2979 2642 impatienter
3031 2571 3307 2628 sollicitus
3337 2579 3473 2640 erat,
3506 2587 3571 2627 eo
3600 2570 3742 2644 quod

2143 2659 2442 2718 audieratis
2471 2661 2630 2716 illum
2679 2659 3018 2716 infirmatam
3075 2659 3266 2716 fuisse.
3317 2659 3541 2716 Etenim
3599 2658 3745 2715 inﬁr-

2145 2759 2324 2807 matus
2370 2757 2452 2807 est
2499 2766 2668 2825 prope
2715 2760 2949 2807 mortem
2985 2768 2997 2808 :
3032 2749 3127 2807 sed
3178 2751 3325 2806 Deus
3368 2750 3630 2806 misertus
3666 2756 3745 2804 est

2146 2841 2318 2909 illius,
2360 2857 2472 2897 non
2515 2841 2694 2897 solum
2738 2850 2920 2897 autem
2951 2839 3090 2912 ejus,
3125 2839 3221 2896 sed
3251 2847 3306 2897 et
3345 2839 3488 2908 mei;
3521 2856 3593 2896 ne
3636 2839 3744 2897 tri-

2145 2932 2351 2987 stitiam
2407 2949 2570 3004 super
2625 2932 2911 2988 tristitiam
2968 2931 3251 2989 haberem.
3306 2955 3325 2980 ›
3391 2932 3596 2989 Omnia
3634 2931 3745 2988 haec

2144 3021 2436 3076 manifesta
2481 3029 2638 3089 sunt;
2689 3020 3130 3094 Epaphroditum
3179 3022 3329 3077 enim
3385 3021 3662 3095 signiﬁcat
3690 3037 3745 3076 se

441 3129 593 3182 nam,
634 3113 752 3169 sine
784 3112 1225 3170 haesitationibus
1255 3115 1459 3172 faciant
1489 3124 1542 3173 et
1571 3121 2032 3178 murmurationi-

2147 3110 2441 3166 missurum
2494 3127 2618 3167 cum
2654 3111 2757 3166 ista
2795 3110 3026 3183 epistola
3052 3111 3119 3168 ad
3158 3127 3269 3168 eos.
3303 3110 3550 3168 Invicem
3597 3112 3744 3168 enim

441 3203 545 3260 bus
567 3221 582 3271 ;
624 3203 753 3276 quia
778 3203 824 3259 si
854 3203 1195 3276 negligenter
1226 3213 1280 3262 et
1308 3205 1566 3264 indevote
1593 3209 1804 3282 aliquid
1832 3211 2035 3284 agitur,

441 3293 511 3350 ad
541 3294 794 3351 effectum
826 3310 938 3350 non
986 3294 1256 3369 pervenit,
1307 3296 1438 3370 quia
1465 3297 1523 3353 in
1556 3298 2035 3371 reprehensionem

419 3384 634 3441 ‘cadit:
687 3385 779 3440 sed
822 3393 886 3442 ut
927 3385 1078 3442 omni
1125 3386 1478 3460 simplicitate
1524 3398 1838 3462 operentur,
1884 3393 2038 3466 quasi

442 3474 545 3529 ﬁlii
575 3473 674 3530 Dei
718 3472 1081 3541 immaculati,
1129 3483 1191 3529 ut
1238 3492 1506 3533 memores
1543 3478 1900 3550 professionis
1927 3498 2038 3537 suae

443 3559 840 3631 respondeant;
873 3567 935 3614 ut
965 3559 1109 3614 inter
1136 3560 1446 3619 diﬂidentes
1486 3573 1599 3621 tam
1643 3569 1776 3623 clari
1806 3585 2040 3641 appare-

443 3654 539 3702 ant
582 3645 716 3712 vita,
771 3647 1206 3716 conversatione,
1254 3652 1522 3722 moribus,
1577 3657 2038 3725 quemadmodum

443 3735 527 3790 sol
565 3740 620 3789 et
668 3734 798 3790 luna
843 3734 988 3789 inter
1026 3736 1212 3793 stellas
1245 3738 1533 3810 splendore
1579 3741 1842 3800 sublimes
1887 3754 2036 3804 sunt.

445 3823 598 3881 Sicut
628 3823 775 3880 enim
807 3825 997 3895 stellae,
1031 3836 1325 3899 apparente
1353 3829 1489 3898 sole,
1522 3829 1919 3902 obscurantur;
1963 3837 2042 3894 ita

444 3912 637 3985 injusti
671 3921 725 3971 et
754 3913 932 3970 inﬁdi.
959 3916 1319 3988 praesentibus
1349 3918 1606 3976 ﬁdelibus
1634 3929 1688 3976 et
1714 3921 1896 3994 justis,
1928 3934 2038 3983 tur-

444 4019 536 4075 pes
565 4010 618 4058 et
647 4003 938 4060 deformati
970 4003 1256 4075 videntur;
1308 4015 1370 4062 ut
1399 4009 1572 4081 gloria
1602 4011 1673 4067 sit
1704 4012 1951 4085 Apostoli
1981 4016 2040 4072 in

444 4089 687 4147 adventu
711 4093 842 4148 Filii
874 4094 992 4161 Dei,
1025 4093 1186 4167 cujus
1215 4097 1483 4169 plantatio
1511 4099 1647 4157 tales
1676 4100 1852 4158 edidit
1882 4103 2040 4160 fruc-

444 4184 552 4232 tus.
599 4178 778 4234 Labor
816 4181 968 4236 enim
1010 4189 1064 4238 et
1104 4183 1344 4242 eﬁicacia
1383 4186 1501 4258 ejus
1538 4195 1672 4246 tunc
1718 4190 2041 4263 probabitur

444 4281 704 4355 nonesse
753 4267 954 4322 inanis.
1001 4271 1238 4343 «Itaque
1273 4275 1374 4329 etsi
1416 4275 1694 4349 immolor,
1741 4280 1836 4348 ait,
1879 4299 2041 4355 super

446 4354 776 4410 sacriﬁcium
807 4364 861 4410 et
891 4355 1260 4416 ministerium
1304 4360 1432 4418 ﬁdei
1480 4373 1692 4436 vestrae,
1747 4354 1974 4440 gaudeo.
2006 4395 2024 4418 ι

396 4483 400 4488 .
445 4442 502 4499 Si
531 4444 679 4499 enim
710 4460 1000 4517 oppressus
1040 4445 1208 4503 fuerit
1236 4466 1268 4506 a
1310 4451 1552 4522 perﬁdis,
1599 4472 1698 4512 cur
1723 4473 1815 4514 eos
1843 4475 2041 4532 aggre-

445 4532 653 4606 gaverit
682 4550 792 4589 suae
821 4534 1238 4607 conspirationi,
1271 4541 1655 4612 gratulandum
1684 4544 1788 4600 sibi
1819 4547 2041 4620 signiﬁ-

444 4632 572 4691 cat;
634 4623 737 4682 scit
791 4624 939 4681 enim
996 4625 1248 4684 effectum
1308 4628 1509 4687 habere
1569 4642 1800 4691 mortem
1857 4655 2032 4694 suam.

442 4713 639 4786 Magna
667 4714 815 4770 enim
844 4715 1106 4772 maestitia
1133 4725 1235 4788 est,
1273 4717 1318 4775 si
1349 4720 1557 4793 patitur
1597 4723 1720 4795 quis
1749 4741 1845 4796 pro
1873 4726 1951 4783 eis
1977 4728 2036 4784 in

441 4801 642 4873 quibus
661 4801 805 4858 nihil
837 4802 1076 4876 proﬁcit.
1097 4803 1461 4872 Quamobrem
1483 4807 1714 4880 gaudere
1734 4828 1788 4868 se
1817 4811 1876 4868 in
1900 4813 2032 4884 illis,

440 4897 493 4945 et
524 4907 617 4947 eos
645 4894 1017 4966 congratulari
1046 4895 1153 4952 sibi
1183 4894 1379 4954 debere
1410 4904 1658 4970 testatur,
1705 4911 1767 4958 ut
1794 4905 2033 4961 invicem

440 4978 733 5066 participes
751 4983 863 5039 sint
893 4984 1079 5057 gaudii
1103 4987 1414 5045 communis
1434 4995 1488 5046 et
1517 4990 1670 5063 plebs
1697 4999 1751 5048 et
1778 4992 2036 5066 magister

438 5065 690 5125 idoneus.
1147 5137 1152 5140 _

510 5165 691 5239 (Vers.
728 5169 934 5243 19-24.)
983 5195 1002 5219 ι
1039 5171 1208 5244 Spero
1260 5183 1441 5231 autem
1500 5176 1558 5232 in
1612 5177 1850 5235 Domino
1906 5179 2034 5236 Jesu

436 5253 789 5314 Timotheum
838 5259 896 5314 in
943 5259 1100 5316 brevi
1129 5278 1215 5317 me
1247 5264 1463 5320 mittere
1494 5265 1562 5322 ad
1590 5283 1709 5335 vos,
1741 5274 1803 5324 ut
1835 5275 1888 5324 et
1935 5283 2033 5342 ego

434 5342 578 5402 bono
606 5347 794 5404 animo
825 5349 950 5420 sim,
981 5351 1185 5407 certior
1213 5352 1280 5408 de
1311 5353 1469 5410 vobis
1513 5355 1705 5412 factus.
1744 5357 2030 5414 Neminem

435 5433 581 5490 enim
612 5435 786 5493 habeo
833 5446 945 5494 tam
989 5441 1328 5512 unanimem,
1377 5450 1432 5499 et
1461 5445 1557 5518 qui
1585 5444 1859 5504 sinceram
1884 5447 2034 5505 circa

2068 4499 2117 4558 D

2147 3198 2421 3256 desiderio
2451 3199 2538 3256 sui
2587 3200 2770 3256 moesti
2815 3208 2971 3256 erant
3019 3199 3361 3258 inﬁrmitatis
3402 3200 3524 3274 ejus
3561 3217 3741 3270 causa,

2147 3299 2201 3347 et
2259 3291 2494 3362 populus
2558 3298 2611 3345 et
2671 3289 3114 3362 Epaphroditus;
3172 3298 3234 3347 ut
3286 3289 3406 3346 viso
3455 3295 3602 3354 258
3660 3307 3744 3360 eo,

2148 3395 2524 3446 recrearentur
2579 3385 2646 3443 de
2703 3395 3020 3460 recuperata
3075 3388 3252 3444 salute
3305 3387 3423 3460 ejus
3453 3431 3468 3457 ,
3537 3396 3594 3445 et
3651 3387 3746 3444 ille

2147 3484 2355 3534 careret
2411 3475 2808 3545 sollicitudine,
2864 3493 3028 3549 quam
3076 3476 3303 3534 videndi
3357 3493 3449 3534 eos
3506 3477 3742 3550 gerebat.

2148 3568 2279 3624 Erat
2335 3564 2485 3621 enim
2531 3580 2720 3620 eorum
2774 3567 3055 3638 apostolus
3099 3565 3169 3622 ab
3225 3565 3492 3639 Apostolo
3546 3567 3742 3635 factus,

2147 3657 2280 3712 dum
2327 3655 2487 3711 illum
2529 3654 2597 3710 ad
2649 3653 3089 3711 exhortationem
3137 3671 3326 3711 eorum
3375 3655 3636 3713 mittebat
3678 3655 3745 3712 ad

2147 3761 2239 3802 eos
2273 3763 2284 3802 :
2312 3751 2365 3800 et
2395 3745 2524 3817 quia
2555 3744 2642 3800 vir
2683 3751 2799 3800 erat
2824 3743 3023 3814 bonus,
3053 3743 3471 3801 desiderabatur
3498 3761 3533 3801 a
3569 3745 3743 3818 plebe.

2147 3837 2292 3905 Quid
2341 3853 2469 3909 ergo
2515 3843 2599 3894 est
2642 3846 2705 3894 ut
2751 3845 3013 3911 prasente
3054 3837 3341 3910 Apostolo,
3373 3837 3469 3911 qui
3500 3845 3745 3894 mortuos

2149 3928 2469 3997 suscitabat,
2499 3928 2591 3986 hic
2622 3928 3032 4002 Epaphroditus
3058 3928 3435 3986 inﬁrmaretur
3475 3945 3651 4003 usque
3677 3925 3746 3984 ad

2148 4026 2380 4075 mortem
2403 4019 2430 4075 ?
2458 4016 2739 4092 Numquid
2767 4034 2880 4074 non
2903 4017 3083 4075 oravit
3105 4034 3206 4090 pro
3230 4018 3328 4075 illo
3347 4018 3670 4090 Apostolus,
3694 4025 3746 4073 et

2148 4124 2260 4163 non
2289 4106 2626 4179 impetravit,
2646 4115 2708 4163 ut
2720 4107 2885 4165 citius
2905 4116 3188 4164 sanaretur
3203 4107 3231 4164 (ἲ
3247 4106 3352 4164 Sed
3372 4109 3532 4180 signa
3553 4107 3742 4164 inﬁde-

2151 4198 2288 4253 lium
2315 4213 2476 4254 causa
2518 4196 2660 4253 ﬁunt
2693 4215 2704 4253 :
2739 4213 2868 4252 nam
2917 4196 3049 4253 huic
3078 4212 3189 4253 non
3227 4195 3298 4252 ad
3345 4196 3743 4253 detrimentum

2148 4285 2380 4359 contigit
2423 4285 2710 4358 aegritudo,
2742 4284 2838 4341 sed
2871 4285 2941 4341 ad
2973 4292 3351 4358 augmentum.
3383 4284 3744 4342 Probationes

2148 4374 2294 4431 enim
2343 4374 2572 4431 diversae
2625 4381 2756 4430 sunt
2800 4375 3174 4442 credentium;
3233 4373 3378 4431 alius
3431 4375 3588 4431 enim
3653 4389 3746 4447 per

2148 4465 2549 4538 aegritudinem,
2590 4465 2734 4521 alius
2778 4464 3072 4521 amissione
3119 4464 3435 4534 charorum,
3469 4465 3618 4522 alius
3655 4479 3746 4537 per

2149 4553 2411 4610 damnum
2443 4553 2709 4625 pecuniae,
2741 4552 2882 4610 alius
2910 4570 3006 4626 per
3042 4553 3428 4610 tribulationes
3458 4553 3741 4626 probatur,

2143 4643 2190 4700 si
2246 4643 2303 4698 in
2363 4643 2684 4700 necessitate
2731 4643 2944 4700 stabilis
2990 4644 3326 4713 inveniatur,
3388 4644 3670 4700 auxilium
3716 4660 3747 4700 a

2143 4733 2362 4791 diversa
2410 4740 2560 4806 parte
2594 4749 2707 4790 non
2751 4749 3022 4806 quaerens,
3054 4741 3116 4790 ut
3170 4741 3530 4807 augmentum
3584 4733 3748 4790 faciat

2144 4822 2488 4880 meritorum.
2542 4822 2665 4878 Non
2730 4838 2857 4896 ergo
2930 4830 3243 4895 contempta
3295 4831 3378 4880 est
3442 4823 3749 4896 postulatio

2142 4913 2415 4984 Apostoli,
2447 4911 2541 4968 sed
2569 4911 2770 4969 melius
2808 4913 3090 4986 provisum
3126 4913 3198 4982 ei,
3225 4929 3323 4986 pro
3361 4929 3474 4986 quo
3505 4914 3745 4986 petebat.

2142 5001 2286 5071 Quid
2314 5010 2497 5059 autem
2546 5001 2688 5062 illud
2727 5009 2828 5072 est,
2856 5011 2917 5059 ut
2955 5019 3080 5059 cum
3120 5002 3187 5060 de
3233 5017 3463 5058 excessu
3512 5002 3746 5060 fratrum

2142 5091 2200 5146 in
2229 5091 2336 5147 alia
2390 5091 2620 5164 epistola
2665 5108 2777 5148 non
2816 5091 3134 5148 contristari
3171 5090 3369 5147 debere
3397 5090 3700 5148 admoneat
3732 5109 3744 5147 :

2141 5182 2200 5238 in
2231 5181 2333 5238 hac
2359 5171 2539 5239 autem
2578 5181 3015 5240 contristandum
3041 5197 3117 5250 se,
3144 5181 3192 5237 si
3219 5181 3423 5238 exisset
3460 5181 3744 5255 Epaphro-

2140 5271 2289 5328 ditus
2318 5287 2350 5327 a
2376 5288 2623 5344 corpore,
2655 5269 2959 5343 signiﬁcat?
2992 5269 3298 5325 Tristitiam
3330 5285 3387 5326 se
3412 5269 3496 5338 si;
3516 5270 3743 5337 exisset,

2139 5359 2458 5416 habiturum
2489 5360 2705 5416 dixerat
2735 5375 2897 5430 super
2931 5357 3238 5426 tristitiam,
3287 5374 3454 5431 quam
3508 5359 3746 5415 habebat

2139 5447 2208 5506 de
2230 5447 2552 5506 inﬁrmitate
2579 5448 2724 5520 ejus;
2758 5455 2874 5504 erat
2903 5447 3054 5504 enim
3077 5447 3422 5506 necessarius
3451 5448 3741 5507 Ecclesiis.

506 5631 626 5704 (51)
660 5633 818 5693 Rom.
854 5634 1012 5706 edit,
1041 5638 1177 5696 hunc
1200 5644 1379 5710 sperat
1395 5639 1735 5710 prwmittere,
1775 5647 1823 5697 et
1856 5659 1908 5698 se
1935 5656 2138 5713 quoque
2162 5641 2219 5698 in
2256 5643 2403 5700 brevi
2433 5650 2712 5701 venturum
2749 5643 2822 5702 ad
2847 5661 2948 5700 eos.

3630 294 3842 388 436⁶
