3908 6192
193 216 303 276 437

1243 213 1605 274 COMMENT.
1647 213 1718 270 IN
1753 212 1971 272 EPIST.
2009 216 2104 270 AD
2144 211 2441 270 PHILIPP.

3393 214 3500 272 438

195 343 333 400 Nam
363 342 431 400 ad
473 343 990 400 Thessalonicenses
1021 359 1033 398 :
1081 364 1099 389 ε
1136 341 1355 410 Videte,
1387 343 1484 410 ait,
1525 357 1595 396 ne
1641 356 1785 398 con—
1816 345 1868 405 Α
1897 337 2196 394 Dominum
2223 345 2509 394 creaturae.
2540 337 2654 396 Hoc
2700 347 2784 395 est
2821 337 3024 410 spiritu
3069 336 3170 394 Dei
3199 337 3429 407 servire,
3443 347 3500 397 et

196 435 494 492 tristemini
525 435 592 492 de
619 434 1048 502 dormientibus,
1077 434 1220 490 sicut
1256 440 1310 489 et
1339 432 1520 489 ceteri
1552 432 1648 505 qui
1685 448 1797 488 non

195 522 407 581 habent
459 541 610 597 spem
666 526 724 598 (Ι
797 525 975 580 Thess.
1023 540 1102 589 1v,
1156 522 1270 594 12).
1317 547 1336 570 ι
1379 521 1446 578 Se
1493 530 1674 577 autem
1718 520 1798 578 sic

197 613 415 670 tristem
478 613 734 670 futurum
796 613 1012 669 dixerat
1037 612 1106 668 de
1148 628 1374 668 excessu
1407 609 1796 683 Epaphroditi,

195 704 328 777 quia
363 703 621 760 solatium
653 703 770 776 ejus
800 710 853 758 et
881 701 1154 758 auxilium
1199 700 1542 776 requirebat;
1573 716 1684 757 non
1723 709 1796 757 ta-

196 810 326 850 men
362 802 427 851 ut
456 795 613 868 quasi
644 793 926 867 perditum
949 793 1177 864 lugeret.

281 886 468 962 (Vers.
503 886 618 957 28.)
666 910 683 934 ι
709 885 990 941 Sollicitus
1017 883 1201 954 itaque
1232 882 1359 938 misi
1401 897 1549 950 eum,
1581 891 1643 938 ut
1672 895 1798 936 cum

196 983 370 1039 illum
409 976 682 1045 videritis,
715 976 915 1030 iterum
965 972 1262 1045 gaudeatis,
1314 979 1368 1027 et
1423 988 1521 1044 ego
1570 973 1797 1028 meliore

193 1072 388 1127 animo
426 1070 552 1125 sim.
583 1092 600 1115 ν
651 1064 1015 1121 Affectionem
1056 1069 1306 1118 mutuam
1349 1061 1608 1118 habuisse
1642 1063 1798 1134 Epa-

197 1159 521 1234 phroditum
544 1165 597 1213 et
612 1155 825 1228 plebem
843 1153 1285 1225 Philippensium
1315 1152 1611 1225 signiﬁcat,
1635 1169 1798 1226 quem

199 1250 452 1306 videntes
483 1247 679 1303 iterum
713 1246 770 1301 in
811 1245 1061 1300 laetitiam
1094 1260 1150 1299 se
1183 1242 1510 1310 excitarent,
1542 1250 1596 1298 et
1637 1246 1798 1314 Apo-

197 1339 326 1395 stoli
355 1336 575 1393 animus
603 1337 913 1402 laetaretur;
947 1333 1078 1407 quia
1111 1333 1330 1389 meliori
1359 1332 1546 1389 animo
1584 1331 1666 1401 ﬁt,
1700 1333 1794 1406 qui

197 1427 268 1485 ad
295 1427 490 1486 charos
510 1442 640 1482 suos
677 1424 853 1481 mittit
883 1423 1222 1480 revisendos.

273 1517 455 1589 (Vers.
484 1515 575 1584 29,
608 1514 724 1585 30.)
769 1535 789 1562 ι
818 1512 1076 1585 Excipite
1102 1528 1232 1585 ergo
1271 1511 1429 1567 illum
1473 1511 1532 1567 in
1559 1513 1796 1569 Domino

195 1623 325 1665 cum
364 1605 516 1662 omni
548 1603 766 1678 gaudio,
797 1611 852 1659 et
880 1601 1202 1675 hujusmodi
1223 1601 1282 1656 in
1322 1601 1528 1657 honore
1566 1600 1792 1670 habete;

1905 426 2126 500 gloriari
2178 425 2235 480 in
2289 426 2526 482 Domino
2565 426 2694 483 Jesu
2735 425 2978 496 Christo,
3029 426 3124 498 qui
3167 426 3341 498 legem
3371 427 3496 500 spi-

1905 514 2046 570 ritus
2071 513 2241 580 dedit,
2272 521 2334 569 ut
2363 514 2542 570 carnis
2571 515 2742 586 gloria
2771 503 3171 582 exinaniretur;
3195 515 3496 588 Apostolus

1905 612 2090 661 tamen
2131 603 2295 659 etiam
2345 603 2488 660 hanc
2529 603 2786 660 ﬁduciam
2833 603 3088 674 habebat,
3115 613 3196 673 ut,
3225 604 3273 662 si
3304 605 3493 675 vellet,

1908 693 2231 765 gloriaretur
2293 691 2360 748 de
2415 693 2594 749 carnis
2649 693 3063 752 circumcisione
3109 714 3120 750 :
3168 694 3264 752 sed
3314 695 3498 754 sciens

1907 799 2135 840 vacuam
2164 799 2280 840 esse
2312 783 2454 840 hanc
2482 783 2733 855 gloriam,
2766 784 3076 856 repudiavit
3105 801 3245 842 eam;

1982 872 2161 943 (Vers.
2194 872 2248 941 5,
2285 872 2338 940 6,
2381 872 2460 942 7.)
2523 894 2540 918 ι
2584 871 2641 927 Si
2684 871 2807 944 quis
2855 871 3073 928 videtur
3117 873 3389 931 conﬁdere
3435 876 3496 934 in

1906 976 2088 1030 carne,
2121 977 2220 1033 ego
2269 960 2463 1034 magis,
2499 959 2858 1016 circumcisus
2887 968 3080 1016 octava
3116 961 3205 1017 die
3237 963 3376 1034 (52),
3429 980 3500 1022 ex

1907 1067 2101 1123 genere
2151 1052 2359 1119 Israel,
2419 1050 2486 1106 de
2532 1050 2685 1107 tribu
2738 1049 3067 1122 Benjamin,
3116 1049 3375 1106 Hebraeus
3429 1068 3501 1110 ex

1908 1140 2182 1208 Hebraeis,
2235 1140 2536 1198 secundum
2588 1141 2760 1213 legem
2818 1139 3138 1211 pharisaeus,
3201 1139 3501 1198 secundum

1907 1230 2312 1286 aemulationem
2343 1245 2671 1302 persequens
2703 1229 3007 1286 Ecclesiam
3037 1230 3158 1298 Dei,
3199 1229 3502 1288 secundum

1900 1317 2174 1389 justitiam
2210 1334 2330 1391 quae
2368 1336 2438 1375 ex
2467 1319 2584 1391 lege
2603 1327 2704 1388 est,
2731 1327 3088 1376 conversatus
3113 1319 3232 1375 sine
3260 1319 3500 1393 querela.

1905 1407 2011 1464 Sed
2041 1425 2160 1481 quae
2198 1409 2339 1466 mihi
2383 1410 2536 1466 lucra
2588 1410 2827 1478 fuerant,
2861 1415 3006 1474 259
3048 1409 3165 1467 haec
3206 1409 3506 1468 arbitratus

1905 1527 2027 1566 sum
2065 1517 2288 1582 prOpter
2333 1508 2618 1567 Christum
2649 1508 2868 1564 damna.
2902 1533 2921 1557 ι
2963 1508 3240 1575 Quantum
3269 1506 3338 1563 ad
3368 1506 3505 1580 legis

1905 1600 2178 1657 culturam
2205 1600 2463 1672 pertinet,
2494 1607 2547 1654 et
2595 1597 2661 1653 ad
2691 1597 2808 1669 ejus
2831 1596 3106 1669 justitiam
3153 1595 3501 1664 servandam,

197 1698 331 1772 quia
361 1703 586 1771 propter
613 1711 750 1767 opus
793 1694 1000 1752 Christi
1040 1709 1212 1767 usque
1236 1692 1304 1748 ad
1339 1700 1570 1748 mortem
1602 1709 1795 1751 acces-
1824 1707 1870 1769 Β
1904 1697 1958 1746 et
1987 1691 2055 1745 ad
2084 1688 2329 1744 studium
2361 1687 2582 1744 haeresis
2602 1687 3025 1756 Pharisaeorum,
3056 1695 3110 1742 et
3132 1687 3299 1772 juxta
3322 1687 3504 1742 zelum

196 1787 297 1854 sit,
321 1786 380 1842 in
409 1783 698 1841 interitum
719 1782 938 1839 tradens
951 1782 1190 1838 animam
1213 1798 1400 1849 suam;
1430 1791 1490 1838 ut
1518 1784 1796 1855 suppleret

198 1874 260 1931 id
291 1873 438 1947 quod
463 1873 621 1930 vobis
648 1872 832 1929 deerat
859 1871 1006 1930 circa
1035 1888 1218 1928 meum
1248 1871 1510 1928 oﬂicium.
1543 1898 1561 1921 ι
1600 1873 1794 1940 Quan-

196 1980 363 2037 quam
437 1961 728 2020 individua
790 1969 933 2018 esset
1003 1961 1240 2019 charitas
1304 1961 1668 2034 Epaphroditi
1741 1970 1797 2019 et

197 2053 414 2127 plebis;
455 2060 640 2110 tamen
695 2053 860 2108 etiam
917 2051 984 2108 ab
1039 2051 1300 2124 Apostolo
1356 2052 1793 2122 commendatur,

196 2154 264 2202 ut
287 2145 527 2216 amplius
551 2143 859 2199 chariorem
888 2142 1048 2198 illum
1068 2142 1232 2198 faciat
1265 2160 1276 2198 :
1307 2142 1547 2198 maxime
1576 2155 1798 2216 propter

197 2236 327 2302 hos,
384 2233 480 2306 qui
525 2233 667 2289 forte
720 2240 832 2288 tam
885 2231 1038 2289 chari
1084 2249 1196 2287 non
1248 2241 1428 2288 essent
1481 2233 1626 2292 circa
1680 2235 1799 2306 ejus

196 2324 501 2391 affectum;
543 2323 602 2379 in
645 2322 799 2379 omni
829 2321 979 2379 enim
1010 2321 1168 2394 plebe
1195 2321 1487 2379 diversitas
1525 2333 1624 2380 est.
1658 2327 1801 2382 Hinc

197 2422 285 2471 est
303 2412 453 2469 unde
479 2420 535 2468 et
563 2411 817 2484 praelium
855 2409 976 2482 ejus
996 2421 1284 2479 memorat,
1313 2412 1461 2484 quod
1489 2429 1600 2469 non
1630 2414 1803 2471 dubi-

200 2503 345 2562 tavit
385 2510 609 2575 propter
653 2517 791 2574 opus
831 2500 1120 2573 Evangelii
1165 2503 1378 2559 emori:
1416 2501 1522 2559 hoc
1548 2510 1647 2573 est,
1690 2521 1802 2561 non

201 2591 500 2650 deterritus
547 2597 630 2647 est
684 2589 853 2645 minis
908 2598 962 2647 et
1009 2591 1278 2661 pressuris
1328 2590 1657 2661 inﬁdelium,
1707 2593 1802 2650 sed

202 2680 446 2756 perstitit
472 2680 532 2735 in
560 2677 948 2736 exhortatione
977 2677 1249 2745 ﬁdelium,
1281 2687 1342 2736 ut
1370 2680 1623 2752 impleret
1653 2682 1801 2755 quod

203 2769 391 2827 deerat
435 2769 582 2842 plebi
637 2769 697 2824 in
762 2767 1055 2824 traditione
1107 2768 1269 2839 juxta
1331 2767 1796 2841 dispensationem

204 2858 476 2932 Apostoli.
517 2858 625 2926 Qui
680 2874 808 2931 ergo
849 2874 880 2914 a
921 2864 1096 2914 morte
1126 2873 1236 2913 non
1284 2857 1515 2915 retrahit
1557 2860 1797 2918 animam

203 2965 361 3007 suam
405 2948 463 3004 in
512 2947 822 3015 interitum,
868 2947 1012 3006 hanc
1056 2947 1228 3005 tradit
1256 2946 1420 3020 juxta
1453 2949 1624 3005 vitam
1663 2967 1798 3023 prai-

202 3049 438 3107 sentem,
468 3039 612 3095 sicut
638 3046 694 3095 et
723 3037 992 3094 Dominus
1021 3037 1188 3096 dicit:
1233 3061 1252 3085 α
1281 3038 1386 3106 Qui
1414 3039 1561 3096 enim
1596 3040 1800 3097 volue-

198 3129 274 3187 rit
301 3128 544 3186 animam
563 3144 717 3185 suam
739 3127 946 3183 salvam
985 3127 1183 3196 facere,
1215 3129 1405 3200 perdet
1431 3145 1550 3186 eam
1583 3129 1794 3201 (Matth.

197 3235 318 3287 xvr,
351 3219 466 3290 25).
503 3245 522 3267 ι
563 3219 808 3275 Perditio
845 3218 964 3274 haec
1003 3217 1260 3274 interitus
1284 3227 1402 3287 est;
1433 3219 1562 3292 quia
1607 3237 1797 3278 secun-

197 3311 334 3369 dum
365 3310 639 3370 mundum
663 3312 760 3386 qui
789 3312 1032 3368 animam
1065 3328 1216 3368 suam
1239 3311 1408 3369 tradit
1429 3329 1529 3386 pro
1554 3312 1794 3383 Christo,

198 3402 408 3460 amittit
452 3419 604 3471 eam;
638 3403 698 3459 in
738 3403 986 3460 futurum
1038 3410 1223 3458 tamen
1279 3403 1628 3460 conservabit
1657 3419 1796 3461 eam.

817 3499 1044 3558 CAPUT
1084 3501 1179 3556 III.

275 3589 459 3662 (Vers.
497 3589 587 3659 1.)
634 3611 653 3636 ι
685 3591 764 3645 De
796 3589 1032 3662 reliquo,
1076 3589 1272 3646 fratres
1309 3591 1439 3658 mei,
1484 3590 1710 3662 gaudete
1741 3590 1799 3648 in

199 3679 462 3737 Domino.
507 3678 713 3734 Eadem
758 3678 993 3736 scribere
1035 3678 1196 3736 vobis
1243 3679 1384 3735 mihi
1433 3679 1656 3752 quidem
1687 3697 1801 3738 non

200 3775 283 3824 est
311 3769 551 3841 pigrum,
601 3768 760 3825 vobis
803 3777 985 3825 autem
1031 3768 1418 3827 necessarium.
1468 3794 1487 3817 ι
1548 3769 1802 3826 Ostendit

200 3857 635 3914 sollicitudinem
680 3874 856 3926 suam,
897 3874 1059 3930 quam
1112 3857 1249 3930 gerit
1291 3857 1438 3914 circa
1493 3859 1800 3930 profectum

202 3945 464 4015 illorum;
498 3946 629 4019 quia
675 3946 908 4020 impiger
953 3955 1035 4003 est
1077 3946 1144 4002 ad
1187 3945 1541 4004 scribendum
1574 3945 1651 4003 eis
1680 3963 1800 4021 quae

200 4035 510 4092 necessaria
539 4044 670 4092 sunt
694 4036 926 4092 utilitati
955 4033 1200 4091 illorum.

283 4127 472 4201 (Vers.
493 4125 574 4198 2.)
610 4150 629 4174 ι
649 4124 846 4182 Videte
866 4140 1048 4192 canes,
1080 4123 1264 4180 videte
1294 4124 1469 4181 malos
1500 4125 1799 4197 operarios,

200 4220 392 4276 videte
423 4213 816 4271 concisionem.
849 4238 867 4260 ι
911 4213 1020 4268 Hos
1048 4211 1297 4283 designat
1339 4213 1457 4283 qui,
1490 4211 1800 4270 invidentes

200 4306 487 4384 gentibus,
510 4301 778 4375 pravitate
806 4301 1208 4372 colloquiorum
1239 4316 1462 4356 suorum
1494 4310 1802 4362 everterant

201 4399 452 4463 Galatas,
501 4390 791 4448 suadentes
840 4389 919 4445 eis
961 4398 1024 4445 ut
1063 4388 1606 4446 circumciderentur.
1653 4391 1800 4458 Quos

203 4487 357 4545 omni
404 4497 602 4558 genere
653 4479 908 4536 vitandos
955 4486 1010 4534 et
1053 4477 1388 4550 spernendos
1435 4478 1610 4549 docet,
1645 4483 1798 4555 quasi

204 4594 366 4637 canes
386 4574 483 4649 qui
500 4571 743 4646 primum
765 4569 1059 4637 oblatrant,
1076 4567 1278 4624 dehinc
1299 4583 1483 4625 morsu
1503 4585 1646 4626 saevo
1663 4572 1804 4627 male

207 4671 505 4742 operantur
545 4663 605 4719 in
635 4675 878 4718 carnem.

279 4757 464 4828 (Vers.
494 4753 548 4822 3,
576 4752 657 4824 4.)
695 4776 713 4800 ι
742 4751 854 4807 Nos
891 4748 1039 4806 enim
1067 4764 1258 4805 sumus
1298 4748 1665 4818 circumcisio,
1708 4750 1804 4823 qui

209 4847 406 4919 spiritu
460 4845 575 4900 Deo
626 4841 900 4898 servimus
949 4857 961 4896 :
1016 4847 1071 4895 et
1116 4838 1418 4910 gloriamur
1465 4839 1524 4894 in
1583 4839 1804 4896 Christo

210 4933 356 4998 Iesu,
375 4939 432 4988 et
460 4945 573 4986 non
594 4928 651 4984 in
673 4943 836 4986 carne
864 4925 1127 4984 ﬁduciam
1160 4926 1454 4994 habemus;
1491 4943 1801 5000 quanquam

212 5037 306 5094 ego
361 5019 594 5078 habeam
643 5017 903 5075 ﬁduciam
946 5026 1001 5074 et
1049 5017 1106 5072 in
1158 5033 1339 5073 carne.
1377 5042 1394 5064 ι
1453 5016 1804 5071 Manifestum

213 5121 291 5169 est
334 5111 467 5185 quia
493 5109 773 5167 cralentes
811 5109 916 5181 ipsi
961 5108 1370 5165 circumcidunt
1408 5123 1504 5164 cor
1532 5123 1715 5174 suum,
1745 5115 1808 5162 ut

214 5210 490 5278 amputata
540 5201 744 5260 erroris
788 5200 1024 5268 nebula,
1078 5198 1348 5270 aspiciant
1402 5205 1456 5253 et
1511 5205 1809 5268 agnoscant

285 5367 404 5439 (52)
458 5366 618 5439 Rom.
670 5361 830 5439 edit.,
890 5361 949 5417 Si
984 5361 1103 5439 quis
1141 5360 1287 5439 alius
1337 5359 1664 5414 oidetur.....
1722 5374 1809 5429 ego

343 5431 402 5503 is,
429 5434 824 5491 circumcisione
852 5431 1021 5490 octavi
1047 5431 1170 5488 diei.

383 5480 402 5503 ,
429 5458 824 5491 ctrcumcuwne
852 5458 1021 5490 uotum
1047 5458 1170 5488 mat.

288 5458 406 5581 ἕξ)
438 5506 626 5581 Codex
664 5505 860 5574 Laud.,
909 5504 1299 5578 comparatione
1345 5500 1566 5569 Christi,
1593 5498 1653 5554 in
1678 5497 1813 5554 veri-

222 5578 319 5638 tate
345 5578 470 5638 sunt
497 5578 716 5634 damna.

1832 4429 1880 4488 D

1907 1777 2222 1834 traditionis
2265 1785 2504 1850 paternae
2546 1778 2604 1832 in
2634 1775 3010 1848 persequendo
3049 1763 3377 1844 Ecclesiam,
3408 1773 3506 1833 hic

1906 1883 2090 1940 parem
2118 1883 2229 1923 non
2269 1866 2497 1933 habuit;
2531 1865 2592 1920 in
2622 1864 2834 1922 caeteris
2863 1864 3011 1920 enim
3041 1870 3199 1919 erant
3219 1869 3502 1920 consortes

1907 1955 2044 2028 ejus,
2077 1956 2171 2029 qui
2217 1955 2476 2012 similiter
2527 1962 2707 2012 essent
2751 1961 2948 2010 natura
2995 1952 3190 2009 Judaei.
3239 1951 3346 2008 Sed
3377 1968 3500 2026 qua)

1908 2045 2059 2101 lucra
2088 2044 2418 2101 videbantur
2440 2044 2603 2117 juxta
2648 2043 2955 2101 humanum
2984 2058 3229 2110 sensum,
3269 2057 3504 2114 compa-

1906 2133 2117 2189 ratione
2173 2134 2378 2191 Christi
2434 2135 2660 2190 inventa
2713 2142 2844 2190 sunt
2889 2133 3090 2189 damna
3140 2131 3281 2204 (53).
3323 2130 3502 2199 Quare

1909 2221 2127 2290 damna,
2185 2222 2294 2278 nisi
2339 2223 2470 2295 quia
2525 2224 2640 2295 jam
2695 2230 2912 2294 tempus
2958 2239 3071 2278 non
3110 2229 3245 2290 erat,
3277 2229 3339 2279 ut
3385 2221 3502 2278 Lex

1911 2320 2218 2368 servaretur
2235 2315 2262 2369 ‘l
2291 2313 2478 2369 inania
2504 2313 2652 2368 enim
2672 2319 2826 2366 erant
2856 2311 2974 2367 haec
3005 2310 3210 2380 omnia,
3233 2317 3288 2366 et
3315 2310 3502 2383 impe-

1912 2398 2176 2469 dimenta,
2209 2418 2278 2457 ne
2327 2402 2674 2460 accederetur
2718 2401 2788 2458 ad
2835 2401 3096 2474 gratiam;
3143 2410 3196 2458 et
3224 2401 3356 2474 quia
3381 2400 3502 2457 haec

1913 2495 2043 2542 sunt
2078 2489 2337 2557 carnalia,
2388 2497 2574 2545 nostra
2628 2504 2759 2544 vero
2814 2488 3101 2560 spiritalia.
3151 2487 3280 2545 ideo
3317 2494 3500 2544 autem

1913 2575 1980 2633 de
2012 2576 2159 2632 tribu
2178 2594 2236 2633 se
2254 2577 2392 2633 dicit
2416 2577 2726 2648 Benjamin,
2743 2584 2806 2632 ut
2828 2592 2998 2648 genus
3026 2592 3187 2632 suum
3214 2576 3507 2632 extolleret

1913 2683 2076 2740 super
2097 2665 2440 2739 hos,qui(5li)
2459 2664 2527 2721 de
2548 2664 2873 2738 patriarchis
2893 2663 3325 2721 concubinarum
3339 2663 3506 2722 Iacob

1911 2757 2043 2813 ﬁliis
2071 2757 2283 2814 ducunt
2329 2756 2619 2830 originem,
2651 2763 2746 2812 aut
2783 2762 3003 2828 propter
3043 2754 3187 2822 illos,
3228 2755 3322 2827 qui
3352 2761 3509 2810 erant

1910 2847 2196 2920 proselyti.
2233 2845 2387 2904 Unde
2414 2845 2592 2903 dicit:
2639 2867 2660 2893 ι
2705 2846 2823 2918 Ego
2863 2845 3052 2916 magis,
3084 2842 3508 2901 circumcisione

1910 2937 2090 2994 octavi
2126 2936 2260 3007 diei,
2302 2952 2370 2992 ex
2416 2951 2610 3009 genere
2650 2935 2850 3002 Israel;
2884 2959 2904 2984 ι
2952 2941 3015 2989 ut
3042 2933 3354 2989 ostenderet
3381 2932 3506 3005 pri-

1911 3043 2063 3082 mum
2091 3043 2149 3082 se
2178 3042 2293 3083 esse
2326 3026 2472 3082 inter
2499 3023 2716 3082 Iudaeos
2748 3043 2760 3080 :
2791 3023 2886 3080 sed
2928 3022 3033 3080 hoc
3070 3037 3127 3080 se
3153 3029 3506 3080 contemnere

1910 3125 2130 3186 propter
2157 3131 2308 3188 spem
2339 3114 2662 3187 promissam
2704 3131 2736 3169 a
2781 3111 3022 3171 Christo.
3068 3111 3280 3168 Hebraei
3320 3119 3506 3170 tamen

1912 3211 2131 3277 propter
2177 3203 2456 3260 Abraham
2502 3201 2638 3259 dicti
2689 3209 2849 3267 sunt;
2907 3201 3198 3256 immutata
3245 3209 3327 3256 est
3355 3199 3505 3255 enim

1912 3293 2096 3349 littera
2143 3299 2364 3364 propter
2415 3305 2633 3356 sonum,
2663 3295 2727 3344 ut
2782 3303 2893 3344 non
2943 3293 3269 3344 vocarentur
3296 3286 3504 3356 Abraei,

1913 3381 2006 3437 sed
2030 3380 2243 3437 Hebraei
2270 3398 2281 3436 :
2313 3387 2377 3436 ut
2404 3377 2549 3451 apud
2568 3385 2778 3434 veteres
2799 3392 2923 3434 cum
2940 3376 3216 3434 diceretur
3243 3375 3504 3444 medidie,

1912 3479 1967 3526 et
2006 3478 2147 3526 esset
2175 3468 2493 3536 absurdum,
2527 3468 2817 3524 immutata
2844 3471 2924 3522 est
2954 3465 3159 3533 littera,
3192 3473 3255 3522 ut
3283 3464 3506 3522 dicere-
3583 3476 3593 3486 '

1915 3571 2005 3620 tur
2033 3559 2380 3631 meridie._Si
2408 3559 2555 3615 enim
2577 3558 2730 3630 origo
2755 3573 2824 3613 ex
2852 3555 3134 3613 Abraham
3165 3563 3266 3625 est,
3294 3573 3365 3612 ex
3385 3557 3504 3628 ipso

1913 3653 2057 3710 trahi
2100 3651 2262 3709 debet
2297 3660 2350 3708 et
2383 3665 2607 3716 nomen,
2669 3665 2780 3705 non
2833 3664 2903 3705 ex
2954 3648 3150 3717 Heber,
3191 3648 3288 3722 qui
3349 3656 3507 3706 sexta

1914 3741 2258 3816 generatione
2313 3747 2395 3798 est
2442 3755 2607 3813 super
2649 3738 2929 3795 Abraham
2966 3738 3123 3810 (Gen.
3169 3754 3253 3804 x1,
3300 3737 3413 3808 14).
3446 3738 3505 3795 Si

1913 3833 2060 3888 enim
2090 3835 2148 3889 in
2177 3831 2455 3890 Abraham
2485 3829 2773 3887 reformari
2791 3828 2958 3900 cmpit
2987 3842 3158 3898 genus
3186 3826 3502 3893 hominum,

1913 3931 1967 3980 et
2004 3923 2120 3996 ipse
2161 3929 2242 3977 est
2281 3927 2432 3994 pater
2465 3918 2614 3987 ﬁdei,
2656 3933 2726 3973 ex
2754 3917 2872 3990 ipso
2911 3924 2967 3972 et
2995 3931 3196 3971 nomen
3234 3921 3288 3970 et
3318 3914 3507 3986 lingua

1914 4011 2157 4068 Hebraea.
2189 4010 2374 4066 Prima
2392 4009 2539 4065 enim
2571 4007 2779 4079 lingua,
2811 4021 2933 4078 quae
2961 4010 3079 4060 erat
3106 4004 3224 4060 sine
3255 4002 3502 4072 nomine,

1912 4117 2038 4158 cum
2070 4100 2202 4158 huic
2229 4097 2500 4167 redditur,
2520 4113 2589 4152 ex
2617 4113 2682 4152 eo
2710 4111 2914 4151 nomen
2931 4093 3150 4166 accipit.
3182 4093 3320 4150 Nam
3349 4092 3506 4149 nulla

1913 4205 2075 4246 causa
2117 4196 2215 4258 est,
2263 4196 2326 4243 ut
2373 4204 2443 4244 ex
2486 4186 2663 4243 Heher
2715 4185 2897 4242 trahat
2935 4199 3175 4250 nomen;
3224 4182 3505 4240 Abraham

1912 4280 2059 4335 enim
2095 4277 2382 4336 Chaldaeus
2411 4277 2539 4346 fuit,
2573 4293 2683 4334 non
2720 4283 2905 4334 tamen
2942 4274 3156 4332 Hebraei
3187 4274 3502 4334 Chaldaeam

1910 4369 2154 4442 linguam
2182 4367 2385 4425 habent
2416 4369 2556 4441 (55).

1983 4469 2164 4540 (Vers.
2213 4468 2402 4540 8-11.)
2455 4491 2475 4515 ι
2524 4466 2728 4525 Verum
2773 4466 2998 4541 quidem
3045 4465 3231 4522 omnia
3269 4464 3508 4521 arbitror

1913 4558 2114 4618 damna
2165 4575 2280 4616 esse
2334 4567 2557 4632 propter
2609 4557 2963 4615 eminentiam
3015 4554 3260 4612 scientiae
3297 4552 3506 4610 Christi

1911 4651 2038 4707 Jesu
2090 4649 2314 4708 Domini
2373 4650 2504 4717 mei,
2568 4655 2790 4718 propter
2845 4661 3006 4720 quem
3064 4644 3251 4700 omnia
3305 4641 3508 4696 damna

1912 4741 2070 4808 duxi,
2091 4749 2145 4797 et
2173 4741 2410 4796 arbitror
2438 4748 2714 4802 stercora;
2746 4745 2808 4792 ut
2835 4736 3118 4795 Christum
3141 4731 3504 4800 lucrifaciam,

1913 4838 1967 4884 et
2003 4837 2066 4884 ut
2111 4829 2364 4884 inveniar
2407 4827 2464 4881 in
2495 4826 2594 4879 illo
2623 4839 2736 4877 non
2767 4823 2976 4877 habens
3004 4833 3178 4876 meam
3205 4817 3505 4888 justitiam,

1915 4935 2034 4993 qua;
2055 4934 2124 4973 ex
2152 4919 2269 4988 lege
2299 4924 2379 4972 est
2403 4935 2414 4971 :
2439 4914 2534 4970 sed
2562 4927 2680 4966 eam
2712 4927 2832 4984 quae
2859 4918 2941 4966 est
2969 4925 3065 4982 per
3085 4906 3250 4961 ﬁdem
3275 4908 3504 4978 Christi,

1915 5025 2034 5082 quae
2081 5023 2152 5062 ex
2177 5008 2292 5062 Deo
2324 5013 2427 5071 est,
2453 4999 2731 5076 justitiam
2774 5015 2938 5071 super
2979 4997 3144 5053 ﬁdem
3176 4995 3243 5051 ad
3281 5015 3507 5070 cognos-

1915 5097 2149 5154 cendum
2197 5110 2343 5162 eum,
2385 5101 2438 5149 et
2488 5089 2754 5146 virtutem
2810 5085 3230 5144 resurrectionis
3278 5086 3416 5157 ejus,
3456 5097 3512 5144 et

1915 5184 2473 5243 communicationem
2515 5177 2830 5252 passionum
2869 5176 3007 5248 ejus,
3039 5171 3393 5232 conformans
3426 5192 3514 5232 me

1991 5349 2107 5422 (54)
2140 5350 2297 5407 Rom.
2347 5344 2504 5412 edit.,
2537 5338 2825 5404 extolleret,
2867 5337 2974 5394 sive
3007 5335 3232 5408 propter
3259 5331 3373 5400 hos,
3401 5335 3515 5404 qui,

1920 5429 2112 5561 etc('55)
2163 5491 2292 5546 Mss.
2346 5485 2577 5558 aliquot,
2631 5495 2738 5534 non
2791 5484 2968 5536 tamen
3013 5469 3256 5534 σικιῑάΨί
3286 5471 3524 5543 linguam

1993 5493 2112 5614 (55)
2163 5493 2292 5546 Mss.
2346 5493 2428 5542 ali:

1922 5564 1992 5618 ha
2023 5566 2109 5615 ent
2134 5561 2428 5617 Hebrwam.
