3908 6192
428 191 535 248 439

1468 190 1565 246 ΑΙ)
1607 190 1842 247 ΟΡΕΒΑ
1880 189 1937 246 S.
1978 190 2312 248 AMBROSII
2348 191 2727 249 APPENDIX.

3633 195 3741 256 440

428 323 597 381 morti
619 322 829 398 ipsius;
863 322 909 379 si
949 339 1058 397 quo
1086 321 1250 380 modo
1269 337 1552 379 occurram
1569 322 1637 377 ad
1666 322 2029 379 resurrectio—
2057 327 2107 387 Α
2135 331 2237 391 est,
2259 340 2291 378 a
2319 322 2660 395 prascientia
2712 323 2811 380 Dei
2845 322 2962 395 (58)
3003 322 3300 398 requisitas
3337 324 3606 383 inventus
3633 335 3736 397 est,

428 431 557 470 nem
589 430 710 488 qua
741 420 823 470 est
863 429 930 469 ex
954 412 1207 469 mortuis.
1232 435 1250 459 ›
1295 410 1429 470 Cum
1460 410 1712 482 superius
1739 410 1807 466 de
1834 427 2028 482 genere

427 505 684 571 Abraha,
718 513 772 560 et
817 503 886 560 de
915 503 1050 575 lege,
1084 512 1137 559 et
1182 502 1248 558 de
1282 500 1515 575 justitiis
1554 499 1690 571 ejus,
1723 506 1777 555 et
1815 501 2028 557 meritis

427 593 840 651 observantium
891 592 1224 664 loqueretur,
1246 589 1375 645 .hac
1415 588 1602 643 omnia
1632 588 2024 646 detrimentum

426 683 697 755 deputans
752 681 819 737 ad
876 680 1341 752 comparationem
1386 678 1813 749 promissionum
1841 679 2023 735 Salva-

426 772 583 839 toris,
621 787 769 827 nunc
805 769 959 825 addit
988 785 1099 823 non
1129 768 1308 824 solum
1342 765 1459 823 hac
1491 785 1503 823 :
1552 790 1569 813 ε
1593 766 1697 823 Sed
1742 776 1795 824 et
1837 769 2025 825 omnia

424 864 687 919 damnum
722 875 837 915 esse
876 866 1098 930 propter
1134 855 1513 925 eminentiam,
1546 856 1749 930 inquit,
1780 859 2023 917 scientia

425 948 633 1007 Christi
682 949 809 1004 Iesu
846 945 1069 1002 Domini
1116 944 1244 1001 mei.
1280 970 1298 992 ι
1342 944 1469 1001 Post
1499 946 1671 1018 legem
1701 955 1755 1002 et
1778 946 2023 1018 justitias

424 1038 561 1110 ejus,
604 1053 725 1110 qua
787 1043 951 1092 erunt
1019 1034 1142 1093 hac
1187 1034 1407 1101 omnia;
1468 1034 1577 1090 nisi
1623 1043 1686 1091 ut
1740 1035 1846 1107 ipsi
1895 1038 2021 1094 vita

420 1125 669 1198 corporis
711 1122 1018 1197 animaque
1046 1130 1414 1195 anteponatur
1440 1122 1649 1195 agnitio
1682 1122 1935 1182 Christi?
1964 1126 2019 1181 Si

419 1217 591 1284 enim,
638 1223 703 1271 ut
755 1212 892 1270 dicit
936 1213 1005 1269 ad
1058 1213 1428 1281 Colossenses,
1475 1236 1493 1259 ι
1523 1214 1581 1269 in
1625 1213 1844 1271 Christo
1891 1223 2022 1273 sunt

419 1321 613 1364 omnes
664 1303 910 1362 thesauri
967 1302 1251 1375 sapientia
1309 1311 1363 1359 et
1409 1303 1651 1360 scientia
1711 1304 2018 1361 absconditi

424 1398 653 1470 (Coloss.
687 1414 748 1465 ιι,
786 1394 879 1468 3);
924 1419 942 1442 ι
1004 1401 1205 1451 cuncta
1243 1409 1583 1467 quacunque
1622 1401 1770 1463 sunt,
1807 1395 2019 1452 nullius

419 1485 686 1543 momenti
716 1483 967 1542 ducenda
990 1491 1139 1551 sunt,
1157 1491 1220 1539 ut
1238 1483 1307 1538 ad
1333 1482 1717 1540 excellentiam
1737 1483 2017 1557 sapientia

418 1588 473 1637 et
501 1578 747 1636 scientia
766 1577 934 1651 hujus
960 1574 1248 1648 pervenire
1291 1575 1593 1647 contingat.
1623 1574 1837 1632 Sufﬁcit
1866 1592 2012 1649 ergo,

2137 421 2192 468 et
2219 411 2417 468 didicit
2470 413 2795 484 mysterium
2851 411 3096 481 Christi;
3126 421 3190 470 ut
3218 413 3277 471 in
3306 415 3461 471 omni
3490 416 3614 472 vita
3641 434 3741 475 sua

2133 509 2489 574 augmentum
2567 500 2773 558 faciens
2858 502 3181 559 meritorum
3215 545 3230 571 ,
3299 504 3740 577 comprehendat

2134 589 2467 645 destinatum
2498 590 2808 663 praemium,
2847 588 3181 663 promeritus
3205 605 3353 660 eum,
3392 606 3560 665 quem
3592 593 3737 652 didi.

2132 680 2209 735 cit
2232 680 2317 735 sui
2352 696 2512 736 causa
2540 680 2802 736 occisum.

2206 769 2385 840 (Vers.
2440 769 2526 837 13,
2580 770 2693 843 14.)
2743 788 2771 822 ((
2812 771 3050 837 Fratres,
3079 787 3181 844 ego
3226 788 3316 829 me
3344 788 3457 830 non
3487 773 3733 834 arbitror

2132 857 2312 915 adhuc
2356 858 2857 931 comprehendisse.
2888 860 3071 917 Unum
3114 868 3320 930 autem,
3351 878 3472 936 qua
3503 863 3729 937 quidem

2134 956 2277 1005 retro
2303 956 2431 1004 sunt
2461 947 2815 1017 obliviscens,
2846 948 2914 1005 ad
2940 965 3003 1006 ea
3030 957 3213 1006 autem
3245 967 3366 1024 qua
3407 960 3537 1010 ante
3576 963 3727 1023 sunt,

2130 1036 2433 1093 extendens
2486 1055 2592 1107 me,
2625 1038 2927 1094 secundum
2974 1038 3309 1097 destinatum
3356 1041 3627 1117 insequor
3662 1045 3727 1103 ad

2129 1129 2366 1199 palmam
2422 1145 2672 1201 superna
2728 1128 2829 1187 Dei
2873 1130 3202 1188 vocationis.
3234 1156 3253 1179 ι
3294 1134 3411 1191 Hoc
3454 1142 3540 1192 est
3578 1137 3725 1209 quod

2128 1232 2292 1288 supra
2342 1216 2506 1286 dixit,
2544 1218 2673 1291 quia
2728 1217 2850 1274 ideo
2908 1218 3155 1276 laborare
3209 1237 3267 1276 se
3327 1222 3627 1295 signiﬁcat,
3666 1233 3725 1283 ut

2128 1305 2374 1378 quotidie
2428 1306 2488 1362 in
2532 1308 2729 1365 melius
2772 1309 3041 1381 proﬁciat,
3082 1326 3296 1383 semper
3339 1313 3647 1372 extendens
3668 1334 3722 1374 se

2126 1395 2193 1451 ad
2224 1395 2469 1468 potiora;
2500 1408 2563 1456 ut
2590 1398 2690 1454 illa
2718 1416 2837 1473 qua
2867 1407 3136 1457 retroacta
3181 1409 3312 1457 sunt
3361 1402 3719 1475 obliviscens,

2126 1486 2356 1542 meliora
2392 1494 2627 1544 sectetur
2660 1504 2673 1544 :
2707 1505 2817 1545 non
2874 1488 3006 1562 quia
3059 1490 3204 1546 mala
3254 1499 3405 1561 sunt,
3461 1493 3559 1551 sed
3595 1495 3720 1569 quia

2124 1592 2293 1648 parva
2346 1586 2476 1634 sunt
2515 1576 2584 1634 ad
2637 1579 2896 1635 meritum
2947 1580 3377 1638 collocandum:
3416 1583 3475 1640 in
3522 1585 3719 1643 melius

416 1669 532 1725 imo
562 1666 827 1725 exuberat
856 1664 1095 1737 justitia,
1126 1681 1248 1736 qua
1274 1681 1344 1720 ex
1386 1663 1494 1720 ﬁde
1527 1673 1629 1732 est,
1660 1680 1772 1720 non
1803 1681 1871 1721 ex
1901 1666 2016 1739 lege
2044 1699 2091 1760 Β
2123 1674 2307 1724 autem
2365 1668 2763 1741 proﬁciendum
2794 1713 2811 1741 ,
2865 1679 2927 1727 ut
2980 1672 3049 1728 ad
3104 1670 3441 1733 destinatum
3499 1679 3719 1735 caleste

414 1758 485 1814 ad
512 1758 767 1824 salutem,
800 1772 921 1829 qua
967 1770 1039 1810 ex
1088 1754 1404 1826 cognitione
1452 1753 1657 1810 Christi
1701 1755 1872 1826 gratia
1911 1754 2010 1812 Dei

414 1846 631 1902 indulta
661 1853 760 1902 est.
794 1844 1049 1916 Cognitio
1095 1843 1243 1901 enim
1294 1843 1544 1916 mysterii
1592 1842 2007 1913 incarnationis,

413 1943 465 1992 et
511 1935 799 2007 passionis,
844 1941 898 1989 et
952 1934 1370 1991 resurrectionis
1409 1933 1527 2006 ejus
1574 1934 1836 2007 perfectio
1879 1936 2009 1992 vita

412 2032 514 2093 est,
548 2032 604 2079 et
631 2024 921 2080 thesaurus
957 2023 1277 2095 sapientiae;
1318 2023 1413 2079 ubi
1444 2023 1589 2079 enim
1621 2023 1905 2096 sapientia,
1930 2024 2008 2082 ibi

414 2122 493 2171 est
541 2122 595 2170 et
634 2114 786 2183 vita;
830 2114 962 2187 quia
1016 2114 1130 2169 vita
1186 2130 1297 2169 non
1348 2120 1429 2169 est
1483 2112 1578 2168 ubi
1626 2114 1863 2170 stultitia
1904 2121 2005 2171 est.

412 2206 660 2277 Denique
717 2205 1024 2260 Salomon:
1075 2230 1093 2253 ι
1125 2204 1356 2271 Stultus,
1392 2203 1489 2272 ait,
1528 2220 1625 2275 per
1674 2204 1847 2260 risum
1897 2206 2009 2276 agit

410 2294 555 2348 mala
585 2294 768 2364 (Prov.
811 2311 869 2362 x,
911 2294 1025 2366 23).
1060 2320 1078 2343 ι
1121 2294 1228 2361 Qui
1256 2293 1405 2349 enim
1436 2292 1699 2365 intelligit
1725 2294 1810 2349 sui
1845 2310 2009 2351 causa

411 2383 694 2441 Christum
747 2382 1029 2439 hominem
1087 2383 1292 2440 factum
1349 2390 1403 2438 et
1458 2398 1701 2454 passum,
1756 2390 1809 2439 et
1860 2384 2009 2441 victa

409 2482 588 2530 morte
616 2475 1003 2543 resurrexisse,
1035 2474 1366 2546 contemptis
1408 2482 1461 2530 et
1495 2474 1693 2546 spretis
1721 2475 2005 2546 omnibus,

408 2563 559 2621 hunc
608 2565 878 2637 sequitur,
926 2562 1084 2636 cujus
1136 2564 1393 2637 praesidio
1448 2563 1602 2621 videt
1656 2580 1713 2620 se
1750 2581 1781 2619 a
1832 2574 2005 2623 morte

407 2651 723 2721 liberatum,
750 2670 998 2727 quarens
1029 2669 1219 2709 causas
1268 2653 1336 2709 ad
1388 2653 1811 2725 promerendum
1841 2670 2000 2720 eum;

404 2749 467 2796 ut
495 2744 583 2799 vel
621 2743 677 2797 in
708 2744 896 2815 aliquo
926 2744 1010 2798 illi
1040 2745 1219 2800 vicem
1250 2744 1423 2815 possit
1450 2744 1699 2811 reddere,
1736 2752 1798 2799 ut
1822 2744 2006 2801 adhuc

406 2831 614 2903 majora
633 2833 895 2903 consequi
920 2840 1193 2887 mereatur
1214 2833 1483 2903 promissa
1503 2834 1560 2887 in
1578 2834 1999 2891 resurrectione.

480 2918 662 2987 (Vers.
723 2919 835 2989 12.)
912 2944 930 2965 ι
988 2921 1107 2975 Non
1163 2920 1309 2992 quod
1354 2920 1466 2992 jam
1522 2924 1848 2993 acceperim,
1910 2934 2005 2983 aut

398 3006 513 3077 jam
539 3007 876 3079 justiﬁcatus
905 3008 1030 3076 sim,
1054 3017 1149 3065 aut
1170 3008 1284 3081 jam
1317 3011 1591 3083 perfectus
1619 3013 1725 3068 sim
1760 3033 1771 3070 :
1802 3031 2002 3089 sequor

403 3103 606 3163 autem,
657 3096 702 3151 si
732 3097 1217 3169 comprehendam,
1252 3099 1311 3155 in
1342 3117 1451 3173 quo
1483 3110 1539 3158 et
1567 3103 2000 3174 comprehensus

402 3202 524 3241 sum
583 3186 699 3259 (56)
771 3186 828 3242 in
885 3186 1104 3245 Christo
1150 3189 1296 3246 Jesu.
1354 3215 1372 3238 ι
1433 3190 1703 3257 Quoniam
1771 3192 1829 3247 in
1885 3202 2000 3250 tota

401 3274 632 3345 epistola
661 3276 895 3347 gaudere
932 3293 988 3332 se
1041 3286 1270 3335 testatur
1322 3279 1379 3334 in
1426 3280 1524 3348 eis,
1567 3288 1622 3336 et
1656 3280 1844 3337 laudat
1872 3282 1997 3338 obe-

401 3363 665 3420 dientiam
702 3381 893 3422 eorum
921 3374 975 3422 et
1003 3367 1198 3434 ﬁdem,
1251 3385 1320 3424 ne
1374 3369 1515 3425 forte
1542 3370 1699 3443 quasi
1745 3370 1998 3428 homines

402 3452 705 3520 inflatione,
735 3469 798 3508 eo
828 3454 974 3525 quod
998 3453 1113 3525 jam
1144 3456 1296 3527 digni
1327 3466 1526 3525 essent,
1556 3459 1956 3516 extollerentur
1981 3479 1993 3517 :

399 3557 547 3596 nunc
603 3557 698 3610 per
754 3557 906 3595 suam
944 3559 1228 3612 personam
1285 3545 1465 3601 adhuc
1518 3547 1705 3604 deesse
1761 3550 1867 3605 sibi
1927 3550 1997 3606 ad

394 3628 849 3698 justiﬁcationem
900 3629 1233 3701 implendam
1294 3641 1479 3703 aperta
1532 3652 1667 3691 voce
1718 3637 1993 3707 declarat,

400 3724 461 3772 ut
490 3716 826 3774 contendant
869 3717 1067 3774 addere
1114 3720 1172 3775 in
1218 3720 1476 3791 operibus
1511 3723 1691 3780 bonis.
1740 3726 1795 3781 Si
1845 3727 1993 3784 enim

399 3805 493 3862 hic
523 3806 618 3877 qui
652 3814 804 3863 tanta
841 3808 1103 3880 praeditus
1146 3809 1412 3882 dignitate
1454 3819 1554 3879 est,
1591 3812 1773 3870 adhuc
1810 3815 1993 3873 deesse

398 3894 500 3949 sibi
577 3896 968 3968 perfectionem
1028 3898 1360 3966 conﬁtetur;
1430 3909 1636 3973 quanto
1702 3903 1874 3977 magis
1934 3903 1991 3960 hi

398 3984 768 4058 intelligerent
815 3988 1207 4046 elaborandum
1243 3991 1350 4047 sibi
1382 4008 1515 4061 esse,
1549 4001 1611 4048 ut
1644 3992 1993 4066 justiﬁcatio-

396 4089 527 4128 num
562 4075 753 4131 merita
772 4075 1206 4149 adipiscerentur
1231 4081 1242 4135 l
1276 4080 1403 4136 Ideo
1429 4081 1696 4153 subjecit:
1732 4107 1751 4130 ε
1781 4083 1993 4157 Sequor

394 4165 599 4225 autem,
659 4161 859 4232 inquit,
909 4172 971 4219 ut
1024 4168 1509 4238 comprehendam,
1557 4169 1615 4226 in
1672 4188 1780 4244 quo
1836 4180 1890 4229 et
1929 4182 1992 4230 ut

395 4245 824 4317 comprehensus
867 4267 989 4305 sum
1046 4269 1077 4307 a
1124 4253 1365 4310 Christo.
1396 4279 1414 4300 ι
1455 4258 1599 4313 Dum
1630 4260 1778 4316 enim
1807 4277 1990 4318 errore

395 4340 449 4387 et
496 4342 633 4390 astu
686 4337 886 4393 mentis
924 4336 1232 4409 ﬂuctuaret,
1283 4347 1429 4407 260
1494 4345 1561 4401 de
1616 4347 1707 4403 via
1764 4350 1987 4407 Domini

2120 1756 2408 1830 pramium
2450 1766 2802 1828 occurratur;
2846 1776 3008 1817 causa
3051 1762 3201 1818 enim
3234 1772 3343 1821 tam
3372 1766 3717 1824 admirabilis

2118 1855 2173 1903 et
2201 1847 2503 1905 invisibilis
2530 1850 2743 1921 praemii
2772 1867 2885 1908 non
2929 1852 3127 1910 leviter
3172 1854 3360 1929 utique
3387 1857 3713 1917 certandum

2119 1951 2233 1991 esse
2262 1938 2605 2007 pronuntiat.

2192 2026 2374 2097 (Vers.
2417 2027 2528 2099 15.)
2585 2053 2601 2074 ι
2632 2028 2913 2104 Quotquot
2948 2048 3077 2105 ergo
3105 2033 3325 2106 perfecti
3356 2053 3571 2105 sumus,
3607 2038 3715 2097 hoc

2117 2114 2433 2173 sentiamus.
2467 2140 2484 2163 ι
2528 2117 2789 2190 Superius
2817 2120 3121 2192 perfectum
3152 2140 3267 2179 esse
3292 2140 3347 2180 se
3393 2134 3577 2199 negat,
3621 2129 3711 2185 sed

2111 2200 2274 2273 juxta
2303 2204 2653 2275 promissum,
2704 2217 2766 2265 ut
2807 2208 2989 2266 adhuc
3036 2210 3267 2269 addatur
3305 2212 3371 2268 ad
3400 2216 3661 2273 meritum
3693 2236 3705 2275 :

2116 2290 2184 2347 ad
2232 2293 2693 2366 comparationem
2739 2306 2921 2353 autem
2964 2308 3311 2368 caterorum,
3355 2303 3450 2376 qui
3499 2320 3587 2361 res
3615 2305 3707 2361 di-

2116 2380 2274 2437 vinas
2329 2383 2696 2457 negligentius
2747 2394 2962 2457 curant,
3016 2391 3245 2460 perfecti
3282 2392 3504 2452 dicendi
3560 2404 3705 2465 sunt,

2115 2470 2210 2542 qui
2268 2471 2518 2531 adhibita
2561 2475 2804 2546 solertia,
2834 2478 3187 2550 perfectionis
3240 2483 3346 2539 iter
3400 2484 3703 2543 ambulant.

2115 2562 2230 2617 Hoc
2276 2578 2403 2635 ergo
2450 2565 2798 2623 sentiendum
2825 2575 2925 2636 est,
2958 2576 3021 2624 ut
3062 2570 3122 2626 in
3150 2572 3347 2630 melius
3395 2574 3701 2645 proﬁciant.

2128 2675 2145 2697 ι
2172 2651 2244 2705 Et
2282 2651 2327 2707 si
2372 2652 2506 2725 quid
2552 2654 2713 2710 aliter
2755 2655 2990 2726 sentitis,
3038 2658 3095 2714 id
3128 2676 3346 2735 quoque
3376 2663 3537 2720 vobis
3564 2666 3705 2723 Deus

2112 2741 2397 2797 revelabit.
2428 2767 2447 2792 ι
2491 2743 2606 2799 Hoc
2633 2744 2788 2815 dicit,
2838 2755 2900 2804 ut
2928 2749 2975 2805 si
3007 2749 3141 2822 quid
3170 2752 3408 2826 amplius
3437 2754 3508 2812 ad
3532 2756 3702 2813 cultu-

2113 2846 2227 2884 ram
2274 2832 2573 2889 meliorata
2608 2838 3045 2896 conversationis
3094 2842 3555 2914 excogitaverint,
3606 2845 3701 2903 Dei

2111 2917 2429 2977 existiment
2461 2922 2669 2980 donum
2698 2942 2834 2996 esse,
2856 2945 2924 2985 ne
2944 2946 3041 3002 per
3060 2929 3166 2988 hoc
3195 2932 3540 2992 inﬂarentur.

2185 3009 2367 3079 (Vers.
2398 3012 2511 3085 16.)
2557 3038 2576 3059 ι
2608 3014 3001 3075 Verumtamen
3042 3020 3110 3076 ad
3150 3021 3296 3095 quod
3324 3024 3697 3095 pervenimus,

2109 3106 2171 3154 ut
2199 3099 2344 3157 idem
2376 3102 2673 3175 sapiamus,
2704 3114 2758 3162 et
2799 3106 2857 3164 in
2909 3125 2972 3165 eo
3020 3112 3384 3171 ambulemus.
3418 3141 3435 3163 ι
3480 3117 3560 3176 Ne
3597 3135 3700 3191 qua

2107 3188 2239 3245 hinc
2282 3189 2522 3247 oriretur
2549 3198 2925 3270 prasumptio,
2958 3207 3013 3255 et
3040 3208 3327 3272 putaretur
3354 3204 3505 3277 quod
3534 3222 3566 3262 a
3590 3188 3698 3264 Deo

2105 3296 2216 3335 non
2255 3290 2370 3338 erat
2416 3286 2755 3356 revelatum;
2806 3289 2930 3347 ideo
2985 3292 3219 3364 subjecit
3256 3295 3445 3354 dicens
3484 3320 3498 3359 :
3553 3322 3573 3345 ε
3613 3299 3697 3356 Ad

2106 3369 2251 3442 quod
2304 3374 2677 3445 pervenimus,
2725 3386 2788 3435 ut
2835 3379 2981 3437 idem
3038 3383 3334 3456 sapiamus,
3368 3411 3387 3434 ι
3441 3387 3549 3445 hoc
3597 3398 3694 3459 est,

2105 3474 2216 3514 non
2245 3468 2401 3517 extra
2442 3465 2685 3536 regulam
2741 3466 3047 3543 disciplina
3086 3488 3272 3545 sapere
3318 3474 3378 3530 in
3414 3491 3695 3535 conversa-

2104 3547 2253 3603 tione
2296 3548 2423 3606 ﬁdei
2471 3570 2483 3608 :
2525 3552 2621 3609 sed
2664 3554 2771 3613 hoc
2806 3574 3012 3630 sapere,
3046 3561 3194 3632 quod
3223 3578 3520 3622 commune
3548 3566 3621 3624 sit
3647 3574 3699 3626 et

2105 3637 2411 3694 modestum
2444 3641 2502 3696 in
2531 3645 2846 3717 evangelica
2875 3648 3126 3706 veritate.

2177 3726 2358 3796 (Vers.
2394 3728 2482 3797 17,
2522 3730 2608 3799 18,
2652 3734 2766 3807 19.)
2812 3758 2831 3782 ι
2863 3737 3169 3796 Imitatores
3198 3740 3340 3797 mihi
3365 3749 3563 3813 estote,
3594 3745 3697 3801 fra-

2102 3818 2232 3882 tres,
2257 3822 2312 3870 et
2364 3819 2707 3879 considerate
2754 3840 2864 3892 eos,
2919 3826 3015 3899 qui
3063 3827 3143 3884 sic
3186 3829 3493 3898 ambulant,
3556 3831 3696 3890 sicut

2102 3900 2316 3959 habetis
2345 3905 2579 3964 formam
2609 3919 2873 3970 nostram.
2895 3940 2913 3963 ι
2948 3916 3082 3973 Vult
3114 3916 3237 3973 illos
3266 3917 3537 3975 sollicitos
3560 3936 3693 3990 esse,

2099 4004 2167 4043 ne
2206 4006 2502 4062 pravorum
2561 3997 2851 4056 hominum
2908 4002 3214 4061 subtilitate
3270 4007 3581 4079 capiantur,
3641 4018 3694 4065 et

2098 4090 2287 4139 notare
2342 4102 2789 4164 unumquemque
2845 4093 3083 4166 qualiter
3131 4104 3186 4152 et
3236 4107 3598 4157 conversetur
3642 4106 3696 4157 et

2098 4169 2317 4240 doceat;
2360 4182 2422 4231 ut
2458 4176 2546 4233 his
2593 4178 2915 4253 jungantur,
2950 4184 3007 4238 in
3064 4178 3266 4259 quibus
3314 4203 3539 4245 sensum
3585 4206 3692 4246 ma-

2098 4260 2253 4330 gistri
2282 4264 2367 4318 sui
2397 4268 2744 4337 agnoverint.
2798 4295 2817 4319 ι
2845 4272 3004 4330 Multi
3035 4274 3183 4332 enim
3214 4277 3524 4347 ambulant,
3560 4296 3693 4354 quos

2098 4368 2238 4423 sape
2268 4353 2518 4412 dicebam
2563 4358 2741 4429 vobis,
2786 4377 2934 4419 nunc
2977 4379 3107 4421 vero
3135 4374 3191 4422 et
3236 4366 3374 4424 ﬂens
3411 4368 3563 4438 dico,
3585 4353 3690 4425 ini-

393 4432 667 4503 difﬁdens,
699 4435 1077 4494 misericordia
1103 4441 1203 4497 Dei
1233 4444 1387 4515 quasi
1418 4444 1716 4516 fugientem
1756 4450 1982 4522 gratiam
2020 4423 2068 4483 Β
2098 4439 2271 4497 ωίοοδ
2321 4444 2501 4502 οτιιοίδ
2546 4446 2752 4505 Christi
2794 4466 2805 4505 ε
2840 4466 3074 4524 quorum
3112 4453 3240 4512 ﬁnis
3286 4463 3368 4512 θεῖ
3412 4455 3688 4527 interitus.

392 4521 601 4580 Christi
632 4524 1049 4597 comprehendit
1076 4545 1201 4585 eum
1250 4530 1307 4586 in
1354 4531 1465 4599 via,
1496 4541 1717 4591 euntem
1745 4521 1813 4592 ad
1842 4555 1987 4594 con-

390 4613 720 4670 turbandam
774 4624 827 4672 et
863 4615 1211 4690 afﬂigendam
1262 4622 1588 4691 Ecclesiam,
1647 4625 1716 4680 ad
1780 4626 1886 4684 hoc
1924 4637 1985 4685 ut

387 4700 595 4793 donum
625 4703 725 4762 Dei
754 4704 1057 4763 addisceret
1086 4709 1224 4781 (57),
1258 4720 1313 4768 et
1359 4711 1588 4784 gratiam
1627 4729 1791 4787 quam
1816 4717 1984 4793 refu—

387 4791 536 4848 tabat
564 4802 619 4851 et
663 4794 828 4852 sciret
872 4814 971 4870 pro
1022 4797 1126 4857 hac
1172 4800 1338 4859 etiam
1370 4803 1513 4859 mori
1555 4805 1771 4865 lucrum
1817 4826 1978 4867 esse:

388 4879 618 4955 ideoque
652 4900 762 4941 non
797 4902 854 4942 se
893 4903 1047 4961 posse
1092 4889 1282 4949 obesse
1322 4893 1695 4966 credentibus,
1728 4897 1823 4954 sed
1852 4899 1978 4970 sibi,

386 4967 431 5022 si
466 4985 578 5025 non
603 4973 866 5045 crederet,
900 4977 995 5048 qui
1023 4994 1139 5036 rem
1167 4982 1462 5040 salutarem
1490 5001 1585 5057 per
1614 4967 1978 5059 ignorantiam

385 5055 792 5133 insequebatur.
840 5065 929 5123 Ad
972 5066 1081 5126 hoc
1124 5084 1253 5144 ergo
1312 5055 1742 5147 comprehensus
1787 5087 1889 5148 est,
1920 5077 1978 5134 id

388 5308 568 5396 L656)
600 5311 758 5396 Rom.
818 5312 976 5395 ed.it.,
1034 5316 1157 5375 Non
1205 5320 1347 5390 quod
1390 5326 1854 5396 apprehenderim,
1881 5335 1981 5387 aut

374 5382 486 5443 1am
527 5382 794 5452 perfectus
850 5382 985 5453 simi;
1030 5382 1231 5460 sequor:
1268 5382 1520 5450 απιωηὶὶί
1550 5382 1973 5468 ᾳιιοήἱὸᾶὀήέὧῆί

373 5449 713 5514 prehendam.

449 5519 567 5593 (57)
614 5523 879 5584 Nonnulli
941 5545 1095 5602 mss.,
1162 5533 1473 5605 addisceret,
1532 5537 1687 5613 cujus
1741 5544 1974 5615 gratiam

2096 4545 2330 4601 quorum
2383 4535 2528 4590 Deus
2586 4544 2778 4593 venter
2828 4547 2929 4609 est,
2964 4549 3019 4598 et
3063 4544 3238 4616 gloria
3274 4545 3330 4601 in
3364 4547 3690 4606 confusione

2094 4624 2317 4715 illorum
2352 4627 2491 4700 (59),
2533 4629 2627 4700 qui
2678 4639 2892 4688 terrena
2921 4635 3161 4706 sapiunt.
3200 4661 3218 4683 ι
3263 4636 3331 4693 Hi
3361 4655 3502 4712 quos
3525 4641 3688 4715 signi-

2092 4708 2239 4783 ﬁcat,
2267 4733 2295 4772 e
2319 4733 2548 4775 numero
2590 4734 2780 4777 eorum
2830 4734 2958 4781 sunt
2986 4726 3079 4799 qui
3110 4728 3327 4786 Galatas
3354 4708 3684 4789 everterant.

2093 4804 2229 4864 Cum
2258 4810 2386 4869 dolo
2431 4812 2579 4869 enim
2608 4814 2973 4886 ambulantes,
3006 4822 3278 4880 Ecclesias
3316 4826 3415 4881 Dei
3446 4827 3688 4885 subver-

2093 4899 2296 4971 tebant,
2348 4903 2451 4961 sub
2504 4906 2731 4963 nomine
2773 4908 2977 4967 Christi
3002 4909 3344 4983 judaismum
3391 4915 3685 4978 colendum

2087 4991 2470 5063 pradicantes,
2501 4996 2656 5068 quasi
2685 4997 2793 5054 sibi
2823 4998 3073 5058 Christus
3101 5003 3406 5076 promissus
3429 5003 3524 5061 sit.
3543 5006 3687 5075 Quos

2085 5096 2214 5138 cum
2251 5080 2442 5140 dolore
2480 5091 2534 5141 et
2561 5085 2822 5159 lacrymis
2858 5100 3157 5159 memorat;
3207 5091 3339 5165 quia
3364 5094 3536 5153 saluti
3573 5113 3681 5155 cre-

2585 5421 2843 5498 marg._et
2870 5416 3027 5474 Rom.
3071 5417 3315 5498 edit._in
3360 5437 3516 5498 corp.
3555 5440 3679 5483 cum

2082 5481 2674 5569 mssénqugiusdamtid
2707 5481 2811 5569 est,
2834 5504 2871 5542 a
2885 5489 3179 5569 praesenti};

2155 5547 2278 5622 (59)
2313 5553 2469 5612 Rom.
2497 5547 2656 5625 edit,
2687 5562 2737 5612 et
2757 5547 2932 5631 glorih
2957 5558 3015 5614 in
3036 5547 3303 5633 pudendis
3331 5564 3574 5626 illorum.
