3908 6192
130 303 231 361 Mi

133 525 216 582 dis
252 528 588 600 quaestiones
634 533 943 593 moventes,
992 525 1147 599 quasi
1193 525 1339 581 salus
1382 524 1441 580 in
1479 540 1600 581 esca
1635 525 1727 595 sit,

131 624 224 672 aut
269 626 465 674 venter
508 620 675 685 Deus,
721 632 884 690 quem
927 615 1089 687 juxta
1129 616 1303 687 legem
1342 614 1566 671 mundis
1595 616 1732 673 escis

131 705 391 764 delectari
421 708 713 782 putabant,
755 706 1052 779 gloriantes
1082 705 1140 762 in
1184 704 1456 778 pudendis
1484 705 1731 761 circum-

130 794 292 863 cisis;
344 796 450 854 hoc
495 804 599 865 est,
647 804 868 852 terrena
912 810 1099 867 sapere
1133 812 1144 850 :
1187 794 1282 866 qui
1335 801 1519 850 autem
1559 793 1733 867 spiri-

131 883 264 939 talia
308 884 472 957 sapit,
524 886 581 941 in
612 885 740 953 ﬁde,
773 886 832 940 in
873 900 987 957 spe,
1032 884 1090 939 in
1125 882 1393 939 charitate
1442 882 1727 954 gloriatur.

128 970 215 1027 Ad
248 974 432 1029 locum
453 981 635 1032 autem
666 975 815 1031 hunc
836 990 947 1030 non
969 971 1224 1046 pertinet,
1259 972 1375 1044 (60)
1400 980 1462 1027 ut
1490 980 1731 1045 quaestus

124 1077 295 1118 causa
313 1072 407 1120 aut
434 1065 574 1137 gulae
603 1064 840 1122 dixerit:
880 1090 897 1111 ι
926 1063 1171 1131 Quorum
1199 1064 1344 1120 Deus
1365 1070 1560 1119 venter
1587 1070 1716 1119 est.»

210 1151 395 1224 (Vers.
428 1153 516 1223 20,
549 1155 663 1227 2L)
725 1178 744 1201 ι
795 1153 993 1210 Nostra
1038 1160 1221 1210 autem
1277 1153 1625 1210 conversatio
1669 1153 1728 1210 in

124 1244 281 1304 cmlis
308 1252 426 1311 est;
457 1242 605 1299 unde
634 1250 688 1299 et
714 1242 1053 1299 Salvatorem
1100 1249 1481 1316 exspectamus
1526 1242 1729 1299 Domi-

126 1350 261 1394 num
310 1340 563 1390 nostrum
593 1332 777 1388 Iesum
826 1331 1132 1401 Christum,
1173 1331 1268 1405 qui
1315 1331 1728 1405 transﬁgurabit

124 1440 327 1498 corpus
362 1422 697 1479 humilitatis
736 1429 937 1479 nostra
980 1422 1263 1479 conforme
1291 1423 1508 1496 corpori
1542 1422 1729 1497 gloriae

124 1532 261 1584 suae,
300 1514 603 1572 secundum
633 1514 1012 1587 operationem
1040 1530 1215 1583 suam,
1238 1531 1345 1588 qua
1372 1515 1545 1587 possit
1563 1515 1727 1572 etiam

124 1603 397 1676 subjicere
424 1604 532 1661 sibi
562 1603 770 1661 omnia.
803 1626 823 1651 ι
866 1603 1149 1677 Spiritalia
1192 1613 1449 1661 curantes
1489 1603 1547 1660 in
1576 1602 1729 1661 cmlis

124 1710 285 1767 agere
310 1693 596 1762 dicuntur,
618 1709 743 1749 cum
778 1691 882 1766 ipsi
919 1692 1101 1750 adhuc
1130 1692 1241 1749 sint
1273 1693 1331 1749 in
1356 1692 1549 1762 terris;
1581 1710 1728 1767 quo-

1176 298 1323 359 COM
1332 299 1548 359 MENT.
1596 300 1668 358 IN
1704 300 1920 359 EPIST.
1961 303 2059 359 AD
2097 302 2389 361 PHILIPP.

133 435 378 494 dentium
419 436 779 503 obsistebant,
810 434 879 493 de
904 433 1047 492 cibis
1078 433 1305 492 edendis
1331 440 1386 489 et
1413 449 1525 490 non
1546 433 1722 491 eden-
1749 436 1799 497 A

3332 307 3436 366 442

1912 435 2092 507 (Vers.
2134 436 2187 502 5,
2223 436 2277 505 6,
2311 437 2390 509 7.)
2431 460 2450 485 ι
2491 438 2757 496 Modestia
2800 448 2985 498 vestra
3031 448 3164 498 nota
3205 440 3283 497 sit
3322 459 3434 500 om-

1837 522 2003 580 nibus
2059 523 2399 595 hominibus,
2458 528 2727 586 Dominus
2775 546 2940 604 prope
2991 537 3092 587 est.
3152 532 3215 587 In
3277 533 3434 589 nullo

1838 615 2064 673 solliciti
2120 616 2285 673 sitis:
2317 618 2409 674 sed
2460 636 2555 691 per
2609 620 2797 677 omnia
2847 622 3095 679 oratione
3143 628 3198 679 et
3252 638 3431 696 prece,

1838 720 1964 761 cum
1996 705 2294 777 gratiarum
2340 705 2557 763 actione
2585 709 2981 781 postulationes
3026 718 3222 767 vestra:
3260 712 3432 768 inno-

1839 801 2049 850 tescant
2081 795 2196 867 (63)
2239 795 2384 868 apud
2414 797 2608 852 Deum.
2641 798 2712 852 Et
2741 814 2848 870 pax
2895 799 3016 867 Dei,
3047 816 3167 873 quae
3197 817 3433 875 exsupe-

1839 890 1924 938 rat
1968 899 2187 938 omnem
2232 892 2472 940 mentem
2520 883 2660 955 (64),
2710 885 2985 941 custodiat
3029 888 3197 943 corda
3229 896 3434 955 vestra,

1838 979 1893 1027 et
1917 987 2106 1028 sensus
2143 980 2356 1029 vestros
2398 972 2457 1028 in
2506 972 2727 1032 Christo
2757 974 2903 1031 Jesu.
2936 997 2956 1022 ι
2994 976 3153 1032 Nunc
3186 978 3437 1050 exemplo

1837 1074 2026 1115 eorum
2054 1060 2193 1118 alios
2215 1063 2338 1117 vult
2364 1063 2588 1130 lucrari;
2613 1079 2739 1119 cum
2774 1062 2921 1118 enim
2952 1062 3221 1120 modestia
3249 1080 3439 1123 eorum

1836 1148 2184 1206 manifestata
2226 1151 2413 1220 fuerit,
2445 1151 2503 1208 id
2529 1161 2633 1221 est,
2671 1152 3023 1209 rationabilis
3068 1154 3440 1223 conversatio,

1837 1237 2101 1295 lucebunt
2142 1257 2306 1313 opera
2354 1258 2565 1311 eorum,
2598 1250 2654 1299 et
2706 1259 2819 1298 non
2867 1241 3119 1311 deerunt,
3152 1242 3248 1316 qui
3302 1242 3442 1298 imi-

1839 1334 2024 1384 tentur
2051 1327 2259 1386 bonum
2297 1329 2561 1399 illorum;
2609 1339 2672 1387 ut
2722 1348 2833 1388 non
2880 1333 3059 1389 solum
3090 1331 3440 1405 propriorum

1838 1425 2145 1490 gestorum,
2202 1419 2296 1476 sed
2346 1428 2400 1476 et
2445 1420 2688 1477 aliorum
2743 1431 3097 1496 augmentum
3155 1421 3273 1493 (65)
3317 1438 3443 1477 con-

1836 1516 2164 1581 sequantur;
2199 1517 2263 1565 ut
2315 1509 2459 1566 sicut
2501 1511 2716 1568 dictum
2765 1518 2868 1579 est,
2900 1510 3115 1568 labores
3155 1511 3439 1568 fructuum

1836 1614 2061 1654 suorum
2117 1598 2281 1656 edant
2334 1600 2508 1671 (Psal.
2570 1616 2783 1670 cxxvn,
2848 1601 2928 1673 2).
2996 1601 3229 1669 Quando
3292 1600 3442 1657 enim

1834 1684 2051 1744 fructus
2110 1705 2336 1762 operum
2400 1705 2627 1745 suorum
2687 1691 2826 1746 alios
2886 1689 3126 1763 acquirit
3182 1690 3251 1747 ad
3305 1707 3444 1763 opus

121 1781 294 1838 modo
323 1782 456 1838 mali
490 1780 777 1854 Principes
806 1789 861 1837 et
890 1781 1209 1851 Potestates,
1239 1799 1364 1838 cum
1404 1782 1517 1839 sint
1544 1782 1725 1840 adhuc
1764 1798 1812 1861 Β
1834 1775 2065 1846 bonum,
2100 1778 2312 1837 labores
2336 1796 2524 1836 eorum
2552 1780 2648 1854 qui
2670 1779 2926 1854 acquisiti
2952 1788 3102 1849 sunt,
3144 1780 3444 1853 proﬁcient

118 1871 235 1944 ipsi
266 1870 327 1927 in
368 1870 734 1939 ﬁrmamento,
783 1869 1198 1927 conversatione
1243 1877 1425 1927 tamen
1465 1871 1524 1927 in
1562 1872 1724 1929 terris

116 1967 278 2017 sunt.
306 1959 746 2019 Christianorum
795 1974 924 2033 ergo
971 1967 1125 2018 actus
1170 1959 1230 2017 in
1265 1960 1421 2017 cmlis
1447 1969 1597 2031 sunt,
1628 1961 1727 2018 ubi

116 2056 181 2105 et
225 2065 347 2122 spes
384 2048 579 2106 salutis
608 2066 800 2106 eorum
832 2058 933 2118 est,
976 2050 1071 2124 qui
1113 2057 1194 2107 est
1242 2050 1514 2119 Christus,
1564 2067 1726 2125 quem

115 2139 311 2196 omnis
354 2138 498 2195 ﬁdus
544 2146 827 2210 exspectat
853 2139 921 2195 ad
958 2139 1496 2212 t-ransﬁgurationem
1526 2158 1731 2213 corpo-

114 2230 202 2285 ris
235 2230 459 2296 carnis;
508 2236 572 2284 ut
621 2229 772 2300 quod
818 2245 888 2284 ex
938 2229 1109 2285 humo
1153 2240 1252 2299 est,
1305 2231 1422 2302 (6i)
1474 2232 1729 2288 indutum

113 2317 370 2390 spiritali
401 2326 571 2385 veste,
605 2316 889 2373 conformo
931 2316 1130 2374 eﬁiciat
1163 2318 1404 2375 adventu
1434 2318 1734 2390 majestatis

114 2423 238 2463 suae
270 2405 489 2479 corpori
538 2404 728 2476 gloriae
767 2420 900 2472 suae,
939 2403 1103 2477 juxta
1143 2407 1516 2480 Operationem
1557 2425 1731 2477 suam,

117 2497 185 2553 id
212 2503 297 2553 est
326 2495 629 2553 secundum
679 2495 942 2551 virtutem
983 2513 1159 2566 suam,
1203 2520 1221 2544 ι
1253 2514 1359 2571 qua
1390 2500 1559 2572 possit
1596 2501 1736 2557 sub—

114 2585 294 2659 jicere
319 2584 428 2641 sibi
459 2584 663 2653 omnia;
687 2607 706 2631 -
742 2584 849 2641 hoc
876 2592 977 2653 est,
998 2585 1127 2659 quia
1154 2604 1251 2660 per
1279 2589 1734 2648 resurrectionem

121 2684 476 2732 mortuorum
526 2682 580 2731 et
624 2675 1067 2732 immutationem
1120 2676 1176 2731 in
1232 2677 1407 2749 gloria
1451 2679 1736 2751 apparebit

124 2765 311 2822 virtus
359 2764 583 2822 Domini
632 2769 770 2827 261
806 2764 1172 2834 manifestata,
1204 2766 1576 2838 comprimens
1604 2784 1735 2823 om-

123 2878 224 2919 nes
254 2862 538 2935 Principes
562 2871 615 2919 et
633 2864 953 2931 Potestates,
972 2870 1033 2918 ut
1050 2862 1433 2920 manifestetur
1452 2864 1568 2938 ipse
1586 2866 1734 2923 Deus

122 2961 179 3010 et
210 2952 487 3010 Dominus
505 2968 622 3010 esse
650 2952 923 3010 omnium.

752 3041 979 3100 CAPUT
1017 3040 1113 3099 IV.

103 3198 109 3202 _
202 3132 394 3205 (Vers.
430 3131 507 3203 1.)
565 3157 584 3179 ι
614 3132 822 3205 Itaque,
856 3133 1051 3188 fratres
1087 3132 1193 3189 mei
1223 3132 1533 3190 charissimi
1564 3142 1619 3191 et
1641 3133 1733 3191 de-

124 3219 541 3289 sideratissimi,
590 3219 850 3294 gaudium
894 3238 1077 3278 meum
1118 3229 1173 3278 et
1219 3238 1440 3291 corona,
1483 3222 1562 3279 sic
1598 3230 1735 3279 state

125 3311 182 3367 in
211 3310 482 3380 Domino,
530 3310 899 3367 dilectissimi.
932 3335 952 3359 ›
1004 3310 1329 3367 Commonet
1357 3319 1422 3368 ut
1460 3311 1519 3367 in
1549 3312 1736 3368 eadem
1781 3352 1789 3357 .

124 3399 238 3457 ﬁde
295 3407 685 3473 perseverent;
740 3399 1000 3473 gaudium
1050 3400 1197 3456 enim
1248 3400 1365 3472 ejus
1390 3400 1459 3457 ad
1502 3417 1741 3473 praesens

124 3487 449 3545 constantia
485 3488 710 3545 illorum
759 3496 859 3557 est,
906 3496 961 3544 et
989 3488 1048 3544 in
1075 3488 1323 3544 futurum
1354 3506 1576 3547 corona.
1604 3490 1739 3546 Dis-

125 3577 341 3651 cipulis
365 3578 510 3634 enim
538 3577 597 3634 in
621 3594 791 3652 agone
814 3578 1145 3647 victoribus,
1174 3576 1376 3651 dignus
1404 3578 1510 3635 erit
1537 3594 1740 3636 corona

126 3667 418 3741 magister.

202 3756 400 3828 (Vers.
430 3755 485 3825 2,
519 3754 601 3829 3.)
647 3780 667 3806 ι
694 3755 964 3813 Evodiam
990 3773 1143 3830 rogo,
1168 3764 1224 3813 et
1262 3756 1586 3832 Syntychen
1631 3757 1740 3814 ob—

124 3862 289 3902 secro
339 3844 487 3902 idem
532 3862 719 3919 sapere
772 3845 831 3902 in
867 3847 1126 3904 Domino.
1172 3847 1244 3902 Et
1290 3855 1343 3903 te
1378 3864 1509 3920 rogo
1548 3847 1735 3918 etiam,

126 3950 395 4006 germane
443 3950 686 4009 compar,
742 3935 942 4007 adjuva
1000 3936 1125 3993 illas
1174 3952 1295 4010 quae
1351 3937 1741 3993 laboraverunt

126 4040 355 4080 mecum
386 4022 444 4078 in
472 4024 774 4097 Evangelio
798 4042 923 4082 cum
953 4025 1256 4094 Clemente,
1287 4033 1342 4082 et
1380 4027 1612 4095 caeteris,
1644 4027 1739 4100 qui

125 4121 265 4169 sunt
299 4111 444 4168 mihi
473 4113 767 4186 participes
797 4131 1044 4187 operum,
1091 4132 1323 4188 quorum
1361 4116 1588 4173 nomina
1615 4126 1744 4175 sunt

124 4202 184 4257 in
218 4201 378 4260 libro
425 4201 575 4257 vitae.
612 4224 630 4248 ν
693 4202 961 4259 Evodiam
1011 4212 1067 4260 et
1121 4205 1442 4277 Syntychen
1482 4206 1550 4262 ad
1600 4224 1743 4279 pru-

124 4290 391 4348 dentiam
422 4288 868 4360 ampliﬁcandam
902 4292 1020 4363 (62)
1050 4291 1323 4361 hortatur,
1354 4293 1745 4365 adjuvantibus

126 4397 273 4454 quos
304 4385 704 4445 memorat,»ut
730 4379 873 4436 sicut
913 4380 969 4436 in
1007 4381 1266 4453 operibus
1290 4383 1576 4455 Evangelii
1611 4402 1746 4458 pro-

127 4472 413 4537 fecerant,
446 4466 776 4540 proﬁcerent
804 4477 857 4524 et
890 4470 947 4525 in
977 4469 1207 4526 scientia
1235 4479 1288 4528 et
1321 4473 1588 4546 sapientia
1622 4477 1742 4547 Dei,

129 4576 275 4630 quos
323 4535 524 4613 omnes
567 4556 768 4613 merito
801 4556 929 4615 ﬁdei
961 4558 1019 4614 in
1054 4558 1198 4615 libro
1226 4559 1354 4617 vita
1382 4535 1581 4619 .haberi
1612 4535 1748 4638 pro;
1775 4535 1825 4594 D

129 4648 390 4704 nuntiat.

208 4735 405 4808 (Vere.
438 4733 519 4806 4.)
568 4759 587 4782 ι
631 4734 876 4793 Gaudete
906 4736 964 4795 in
992 4737 1233 4796 Domino
1263 4755 1495 4814 semper,
1545 4741 1743 4801 iterum

131 4823 290 4891 dico,
333 4823 584 4896 gaudete.
640 4849 659 4874 ι
718 4826 902 4883 Latus
938 4831 1235 4902 Apostolus
1279 4831 1337 4887 in
1389 4833 1646 4906 operibus
1692 4844 1746 4892 et

132 4912 247 4970 ﬁde
281 4928 501 4981 eorum,
530 4911 599 4970 ad
642 4916 1033 4975 cumulandam
1082 4920 1420 4977 alacritatem
1465 4939 1618 4979 suam
1650 4940 1745 4979 ex-

132 5010 299 5077 optat
352 5001 482 5058 illos
527 5001 587 5058 in
633 5001 739 5060 hoc
776 5005 963 5062 studio
1016 5006 1383 5081 proﬁcientes,
1415 5009 1473 5065 in
1510 5010 1748 5068 Domino

132 5109 363 5168 semper
406 5092 667 5165 gaudere;
717 5092 824 5151 hoc
864 5103 947 5152 est
997 5095 1147 5152 enim
1175 5098 1321 5171 quod
1354 5098 1538 5167 iterat,
1586 5107 1649 5155 ut
1693 5115 1750 5155 se

136 5197 273 5237 vera
313 5180 607 5240 affectione
636 5182 867 5256 gaudere
896 5184 955 5241 in
984 5185 1099 5242 illis
1127 5186 1399 5244 ostendat.

1836 1867 1934 1936 eis,
1961 1883 2195 1941 quorum
2228 1870 2483 1941 exemplo
2513 1870 2658 1925 bona
2689 1886 2853 1943 opera
2884 1868 3094 1925 imitari
3128 1878 3437 1943 creperum.

1849 1979 1868 2004 ι
1898 1956 2191 2028 Dominus,
2228 1957 2324 2028 ait,
2354 1976 2521 2032 prope
2554 1967 2655 2016 est.
2688 1961 2750 2016 In
2779 1959 2935 2015 nullo
2961 1958 3189 2016 solliciti
3218 1959 3341 2016 sitis
3367 1978 3380 2028 ;
3409 1985 3429 2009 ι

1836 2047 1942 2105 hoc
1992 2056 2096 2117 est,
2153 2056 2482 2122 prazparatos
2535 2066 2651 2106 esse
2713 2049 2931 2119 debere,
2990 2056 3045 2106 et
3094 2048 3327 2123 vigilare
3382 2050 3441 2106 in

1839 2137 2085 2194 oratione
2145 2146 2200 2194 et
2254 2155 2431 2211 prece,
2482 2140 2596 2196 Deo
2655 2140 2855 2212 gratias
2903 2146 3145 2212 agentes,
3201 2138 3445 2212 seposita

1840 2226 2034 2283 mundi
2073 2227 2473 2293 sollicitudine,
2521 2227 2663 2284 illud
2712 2245 2947 2301 sperare,
2988 2236 3043 2285 et
3096 2236 3222 2285 ante
3252 2228 3443 2285 oculos

1840 2316 2058 2386 habere,
2090 2318 2235 2390 quod
2288 2319 2559 2375 Dominus
2601 2318 2938 2390 repromisit,
2980 2318 3128 2374 unde
3157 2327 3211 2374 et
3242 2316 3443 2391 gratias

1842 2406 1891 2461 ei
1937 2405 2168 2477 agendas
2216 2405 2415 2473 docet;
2454 2407 2695 2463 Domino
2740 2407 2888 2463 enim
2944 2407 3292 2475 imminente,
3335 2408 3443 2463 sol-

1844 2492 2077 2549 licitudo
2121 2494 2308 2551 saeculi
2355 2503 2546 2551 cessat.
2578 2495 2650 2551 Ut
2678 2495 2813 2568 quid
2849 2496 2997 2552 enim
3050 2494 3277 2551 solliciti
3331 2494 3446 2550 sint

1844 2578 1911 2635 de
1940 2596 1998 2636 re
2054 2580 2167 2638 cito
2210 2581 2495 2653 peritura?
2550 2582 2631 2638 Ac
2682 2599 2777 2654 per
2828 2582 2959 2651 hoc,
3000 2606 3018 2628 ι
3048 2584 3447 2654 postulationes

1844 2677 2038 2725 vestrae
2093 2678 2258 2737 notat,
2319 2669 2545 2743 inquit,
2605 2670 2741 2725 ﬁant
2803 2670 2949 2741 apud
3013 2672 3210 2726 Deum.
3242 2696 3261 2717 ι
3313 2670 3444 2737 Quae

1842 2758 2043 2814 notitia
2114 2757 2439 2815 assiduitate
2509 2758 2594 2827 ﬁt,
2667 2766 2722 2815 et
2794 2758 3087 2832 vigilantia
3154 2758 3441 2818 orationis.

1843 2847 1998 2903 Tunc
2034 2847 2256 2903 demum
2304 2846 2712 2905 munitionibus
2761 2848 2912 2922 pacis
2959 2866 3089 2917 sua),
3138 2874 3155 2897 ε
3182 2866 3301 2922 quae
3330 2867 3443 2905 omo

1843 2952 1970 2992 nem
2009 2946 2301 3010 exsuperat
2329 2947 2592 3007 mentem,
2640 2938 2917 2995 custodiat
2969 2939 3137 2995 corda
3164 2946 3346 2996 vestra
3384 2938 3443 2995 in

1842 3025 2063 3084 Christo
2091 3029 2237 3085 Iesu.
2268 3052 2287 3075 ι
2331 3029 2447 3086 Hoc
2487 3029 2611 3085 ideo
2660 3028 2827 3099 dixit,
2860 3028 2988 3103 quia
3031 3046 3158 3087 cum
3186 3032 3300 3087 Deo
3346 3029 3441 3102 qui

1848 3114 2011 3170 habet
2030 3132 2238 3188 pacem,
2274 3134 2387 3174 non
2414 3118 2575 3175 timet
2594 3134 2815 3173 omnem
2846 3127 3085 3175 mentem
3118 3118 3438 3185 adversam;

1765 3174 1809 3235 θ’
1848 3214 2001 3265 tutus
2030 3174 2201 3265 lenim
2223 3174 2311 3266 est
2363 3225 2493 3281 pace
2526 3207 2626 3264 Dei
2681 3207 2864 3262 omnis
2898 3207 3134 3279 diligens
3170 3210 3344 3263 Deum
3384 3174 3443 3261 in

1850 3298 2070 3357 Christo
2124 3297 2270 3353 Jesu.
2317 3298 2454 3364 Quis
2504 3295 2653 3351 enim
2702 3311 2815 3350 non
2863 3303 3073 3351 metuat
3102 3310 3250 3362 eum,
3281 3310 3443 3368 quem

1851 3388 1955 3445 scit
1986 3387 2087 3444 Dei
2112 3404 2227 3445 esse
2246 3386 2487 3443 amicum
2505 3386 2535 3441 ?

1924 3487 2106 3558 (Vers.
2130 3485 2186 3554 8,
2213 3486 2294 3558 9.)
2343 3508 2362 3533 ι
2393 3484 2550 3553 Quod
2580 3483 2855 3557 reliquum
2892 3491 2993 3553 est,
3038 3482 3253 3553 fratres,
3286 3500 3445 3557 quie-

1850 3590 2067 3647 cunque
2119 3580 2250 3630 sunt
2301 3589 2431 3630 vera
2453 3617 2468 3642 ,
2524 3588 2864 3646 quascunque
2919 3571 3228 3644 magniﬁca,
3287 3590 3447 3647 quaa-

1850 3683 2084 3739 cumque
2138 3666 2291 3739 justa
2314 3710 2328 3735 ,
2390 3682 2748 3739 quaecumque
2806 3673 2993 3722 sancta
3020 3709 3035 3734 ,
3088 3682 3447 3740 quaecumque

1849 3757 2127 3826 amabilia,
2182 3773 2539 3831 quaecumque
2604 3755 2925 3826 laudabilia,
2985 3756 3031 3812 si
3087 3774 3196 3831 qua
3244 3758 3444 3825 virtus,

1850 3845 1897 3901 si
1922 3862 2027 3919 qua
2058 3846 2177 3903 laus
2226 3846 2539 3920 disciplinae
2573 3865 2585 3903 :
2622 3846 2740 3902 haec
2770 3846 3025 3918 cogitate.
3056 3846 3187 3913 Quae
3215 3853 3269 3901 et
3305 3844 3447 3899 didi-

1850 3934 2006 3991 cistis
2041 3943 2095 3991 et
2131 3936 2436 4009 accepistis,
2485 3943 2540 3992 et
2589 3934 2842 4002 audistis,
2892 3943 2946 3990 et
2988 3932 3210 3989 vidistis
3241 3933 3298 3988 in
3328 3949 3443 4000 me;

1853 4025 1970 4084 haec
1998 4025 2161 4098 agite,
2193 4034 2247 4081 et
2293 4028 2438 4082 Deus
2467 4025 2617 4097 pacis
2662 4024 2768 4081 erit
2813 4024 3122 4081 vobiscum.
3166 4047 3184 4071 ›
3231 4024 3294 4080 In
3322 4038 3447 4080 con-

1853 4114 2123 4184 clusione,
2170 4132 2290 4188 quae
2337 4115 2550 4189 reliqua
2590 4123 2766 4178 erant,
2812 4115 2880 4171 ad
2923 4113 3290 4170 imitationem
3331 4129 3447 4186 per-

1855 4203 2110 4260 fectionis
2156 4204 2417 4277 exponit;
2469 4212 2529 4260 ut
2564 4220 2627 4261 ea
2656 4220 2775 4277 quae
2814 4220 2926 4260 non
2964 4202 3141 4261 solum
3192 4203 3250 4261 in
3304 4203 3449 4262 vitu-

1855 4292 2192 4366 perationem
2236 4310 2347 4349 non
2397 4293 2621 4363 cadunt,
2657 4311 2851 4353 verum
2893 4296 3059 4352 etiam
3092 4294 3251 4352 laude
3284 4294 3451 4368 digna

1856 4388 2027 4451 sunt,
2090 4391 2145 4439 et
2199 4382 2504 4455 cogitantes
2557 4391 2611 4439 et
2675 4392 2914 4457 agentes,
2974 4384 3149 4443 secuti
3216 4384 3448 4443 formam

1855 4472 2126 4546 Apostoli,
2157 4476 2330 4531 Deum
2377 4475 2526 4549 pacis
2575 4476 2811 4534 habeant
2852 4494 3058 4535 secum.
3093 4479 3239 4534 Deus
3265 4486 3452 4535 noster

1854 4577 1982 4617 vere
2010 4563 2155 4619 Deus
2185 4564 2333 4635 pacis
2377 4572 2481 4634 est,
2522 4565 2618 4639 qui
2648 4582 2760 4623 non
2786 4574 3007 4638 rogatus
3032 4566 3186 4639 quasi
3235 4575 3450 4637 potens,

1854 4664 1967 4705 non
2020 4649 2249 4709 timidus
2298 4654 2453 4727 quasi
2508 4654 2764 4711 inﬁrmus
2803 4654 2872 4710 ad
2931 4671 3118 4727 pacem
3175 4653 3450 4721 hortatur,

1855 4737 1913 4793 in
1956 4746 2172 4796 tantum
2202 4750 2264 4797 ut
2306 4749 2359 4796 et
2387 4750 2607 4815 peccata
2647 4742 2706 4797 in
2736 4758 2793 4797 se
2837 4742 3129 4797 commissa
3154 4741 3448 4808 concedat;

1855 4844 1982 4886 cum
2040 4830 2212 4900 possit
2259 4831 2452 4902 utique
2493 4840 2702 4886 terrore
2758 4830 3119 4885 manifestata
3169 4828 3451 4899 potentiae,

1857 4926 1911 4975 et
1940 4916 2237 4973 ineffabilia
2278 4918 2679 4990 magnitudinis
2721 4934 2831 4973 suae
2881 4917 3045 4972 etiam
3086 4916 3292 4972 invitos
3334 4918 3449 4992 (66)

1858 5022 1974 5063 non
2025 5005 2093 5061 ad
2146 5022 2332 5077 pacem
2379 5021 2592 5079 cogere,
2642 5005 2735 5062 sed
2783 5005 2850 5061 ad
2899 5004 3315 5076 subjectionem.
3348 5008 3453 5065 Sed

1858 5093 2179 5167 hujusmodi
2237 5111 2344 5168 pax
2395 5092 2591 5151 mundi
2633 5101 2737 5162 est,
2796 5108 2910 5149 non
2952 5093 3075 5163 Dei,
3125 5094 3283 5168 cujus
3336 5094 3456 5168 ipsa

1860 5194 2055 5243 natura
2081 5202 2190 5260 pax
2219 5192 2319 5243 est.

212 5305 591 5387 (60)_Eadem
635 5308 793 5366 Rom.
851 5308 1012 5379 edit.,
1042 5308 1131 5367 Ad
1169 5311 1341 5368 locum
1391 5317 1566 5368 autem
1618 5312 1753 5369 hunc
1853 5329 2183 5387 precem.....
2212 5320 2349 5387 uota
2376 5313 2529 5387 ﬁant,
2566 5318 2672 5370 etc.

211 5449 344 5594 (61)
379 5448 505 5505 Mss.
532 5451 813 5521 nonnulli,
844 5459 902 5507 ut
933 5453 1075 5534 quod
1103 5470 1170 5509 ea:
1200 5469 1306 5509 uno
1343 5459 1436 5535 est.

238 5519 317 5594 62
372 5520 529 5578 Eras.
585 5530 642 5578 et
690 5538 802 5594 seq.
860 5523 1020 5594 ed1t.,
1072 5525 1147 5581 ad
1183 5525 1436 5594 prudenti

135 5592 410 5650 undam.

211 5664 345 5739 (63)
387 5664 548 5725 Rom.
600 5663 765 5736 edit.,
821 5666 911 5723 sed
951 5681 1050 5741 per
1106 5682 1310 5724 omnem
1358 5665 1655 5727 orationem
1710 5675 1759 5725 et

372 5520 529 5578 Eras.
585 5530 642 5578 et
690 5520 803 5598 seq.
860 5520 1020 5594 edit.,
1072 5525 1147 5581 ad
1183 5525 1533 5598 prudentiam
1558 5527 1754 5597 ample-

1960 5384 2051 5463 (ᾖ)
2082 5385 2339 5463 Quidam.
2372 5384 2527 5463 mss,
2558 5400 2676 5463 ques
2691 5388 3200 5463 crsuperatomgtem
3226 5396 3455 5439 sensum.

1962 5456 2055 5524 65)
2074 5457 2261 5513 Codex
2280 5457 2477 5524 Laud.,
2507 5456 2597 5512 sed
2620 5462 2670 5512 et
2693 5456 2929 5512 aliorum
2954 5456 3222 5511 meritum.

1962 5460 2031 5512 65
2074 5460 2261 5513 Codex
2280 5460 2477 5524 Laud.,
2507 5460 2597 5512 sed
2620 5462 2670 5512 et
2693 5460 2929 5512 aliorum
2954 5460 3222 5511 meritum.

1962 5460 2055 5596 ὅδὲ
2084 5527 2418 5607 Mss.”Vall..
2453 5533 2786 5607 “terrorem
2830 5527 3174 5601 manifestare
3214 5521 3464 5600 potentia

1865 5612 2085 5651 sum"...
2125 5604 2174 5655 et
2195 5599 2351 5654 etiam
2385 5599 2601 5665 invitos,
2633 5606 2743 5657 etc.
