3908 6192
443 249 549 308 443

1459 238 1554 294 ΑΙ)
1594 235 1830 294 OPERA
1867 232 1922 289 S.
1965 227 2297 288 AMBROSII
2333 222 2713 282 APPENDIX.

3644 210 3765 268 11H

516 375 701 449 (Vers.
751 370 866 443 10.)
934 391 952 417 ι
1012 367 1246 427 Gavisus
1304 381 1425 422 sum
1476 372 1658 420 autem
1711 362 1769 417 in
1801 359 2042 418 Domino
2070 361 2120 420 A
2155 356 2302 414 enim
2332 370 2446 410 non
2473 350 2744 424 improbet
2767 347 2995 414 factum,
3018 343 3112 401 sed
3137 340 3409 416 signiﬁcet
3437 337 3776 397 devotiores

444 464 734 541 magniﬁce
768 507 783 532 ,
847 459 996 536 quod
1050 459 1272 518 tandem
1340 459 1485 520 262
1537 451 1836 526 aliquando
1889 450 2044 507 reﬂo-

444 562 635 620 ruistis
687 559 753 616 ad
817 557 943 626 hoc,
997 564 1061 612 ut
1110 573 1208 629 pro
1258 570 1345 609 me
1395 550 1665 619 sentiatis,
1723 549 1782 604 in
1837 564 1946 621 quo
1995 555 2048 603 et

444 649 802 714 sentiebatis;
867 647 982 718 (67)
1043 643 1294 715 occupati
1371 641 1520 698 enim
1549 635 1754 695 eratis.
1810 663 1829 687 ›
1890 638 2049 695 Nunc

443 741 783 799 alacritatem
829 751 983 791 suam
1039 730 1449 804 propensiorem
1512 729 1718 786 factum
1770 725 2044 793 ostendit;

443 831 574 905 quia
611 829 668 884 in
721 841 830 899 quo
870 820 1298 894 negligentiores
1340 819 1474 876 facti
1518 819 1756 885 fuerant,
1798 815 2050 872 adhibita

442 904 686 982 solertia,
738 930 876 984 opus
930 909 1226 984 pristinum
1280 909 1572 976 iterarunt,
1605 924 1874 963 memores
1917 904 2048 960 facti

441 1001 696 1079 Apostoli
744 999 868 1068 sui;
915 1006 979 1055 ut
1022 999 1235 1055 fructus
1289 1015 1417 1054 suos
1465 998 1534 1054 ad
1592 1013 1716 1053 eum
1766 994 2050 1051 mitterent

441 1090 762 1152 condendos
788 1089 846 1145 in
878 1087 1077 1144 horreo
1107 1087 1338 1156 cmlesti,
1372 1086 1467 1144 ubi
1518 1101 1696 1158 neque
1735 1084 1906 1152 tinea,
1958 1099 2048 1138 ne-

442 1199 551 1257 que
581 1178 776 1251 rubigo
810 1177 1186 1234 exterminant
1216 1178 1429 1249 (Matth.
1462 1193 1542 1243 vr,
1575 1175 1690 1246 20).

518 1270 700 1342 (Vers.
735 1267 823 1335 11,
854 1266 939 1334 12,
976 1266 1090 1339 13.)
1136 1290 1153 1313 ι
1182 1266 1304 1322 Non
1336 1265 1491 1338 quasi
1522 1272 1745 1337 propter
1763 1260 2050 1335 penuriam

443 1360 588 1427 dico;
612 1375 710 1431 ego
731 1356 879 1413 enim
899 1355 1134 1429 cognovi
1165 1355 1224 1412 in
1243 1354 1444 1428 quibus
1463 1371 1584 1411 sum
1611 1352 1892 1410 sufﬁciens
1913 1367 2047 1407 esse.

445 1449 571 1508 Scio
592 1455 647 1505 et
663 1446 963 1515 abundare,
988 1445 1104 1503 scio
1125 1452 1180 1501 et
1206 1444 1494 1501 humiliari
1515 1442 1747 1516 (ubique
1785 1449 1839 1499 et
1859 1441 1917 1496 in
1938 1456 2051 1496 om-

445 1541 612 1598 nibus
650 1538 898 1595 imbutus
933 1537 1080 1609 sum)
1114 1544 1168 1592 et
1187 1536 1444 1604 saturari,
1477 1543 1531 1591 et
1551 1534 1781 1602 esurire,
1809 1541 1861 1589 et
1881 1531 2050 1587 abun-

443 1627 592 1698 dare,
615 1633 671 1683 et
698 1624 984 1700 penuriam
1008 1623 1124 1697 pati
1151 1641 1162 1680 :
1199 1623 1387 1680 omnia
1417 1637 1638 1696 possum
1669 1620 1725 1675 in
1748 1636 1811 1675 eo
1841 1618 1936 1692 qui
1965 1633 2053 1674 me

446 1718 770 1777 confortat.»
799 1717 918 1773 Non
941 1731 998 1772 se
1018 1715 1104 1771 sui
1127 1731 1290 1773 causa
1305 1714 1365 1770 in
1384 1713 1491 1770 hoc
1514 1729 1705 1770 eorum
1731 1727 1894 1784 opere
1909 1725 2053 1782 gau—
2079 1722 2126 1785 Β

444 1809 593 1878 dere,
617 1807 712 1864 sed
741 1806 800 1862 in
830 1803 1080 1878 profectu
1109 1820 1299 1860 eorum
1332 1805 1575 1877 ipsorum
1614 1818 1671 1858 se
1707 1807 1834 1856 ante
1863 1798 2051 1854 omnia

447 1905 790 1966 contentum,
830 1897 944 1952 Deo
989 1895 1310 1969 adjuvante,
1350 1901 1618 1961 testatur;
1657 1899 1720 1947 ut
1761 1906 1938 1962 neque
1981 1889 2048 1947 de

448 1987 678 2064 penuria
725 1985 1169 2056 contristaretur,
1232 2000 1409 2058 neque
1456 1983 1524 2040 de
1571 1979 1909 2038 abundantia
1956 1994 2049 2058 ex-

446 2082 695 2149 sultaret,
730 2077 908 2136 sciens
959 2077 1090 2152 quia
1139 2084 1194 2133 et
1237 2073 1576 2132 abundantia
1605 2072 1919 2145 frequenter
1956 2085 2048 2124 ex-

447 2171 618 2239 tollit,
639 2176 696 2225 et
729 2169 962 2225 tolerata
991 2166 1223 2240 penuria
1251 2164 1481 2224 divitias
1519 2163 1763 2219 omlestes
1791 2157 2046 2232 acquirit.

447 2261 656 2318 Horum
683 2266 867 2316 tamen
912 2273 1077 2331 opera
1106 2256 1164 2312 in
1201 2272 1258 2311 se
1305 2253 1546 2326 benigna
1587 2251 1860 2316 declarat;
1909 2247 2048 2302 mul-

447 2359 632 2409 torum
663 2348 813 2405 enim
843 2345 1259 2404 necessitatibus
1287 2343 1515 2417 profuit.

520 2439 704 2512 (Vers.
751 2438 838 2506 15,
882 2436 968 2504 16,
1012 2436 1126 2508 17.)
1168 2458 1186 2482 ι
1229 2432 1394 2491 Scitis
1440 2438 1622 2487 autem
1657 2437 1712 2484 et
1758 2444 1878 2494 vos,
1922 2425 2051 2482 Phi-

450 2529 752 2602 lippenses,
803 2525 934 2600 quia
989 2524 1048 2580 in
1089 2522 1364 2597 principio
1422 2518 1732 2592 Evangelii,
1765 2533 1890 2574 cum
1933 2531 2050 2588 pro-

447 2619 627 2676 fectus
654 2635 777 2674 sum
827 2633 860 2672 a
883 2615 1222 2685 Macedonia,
1264 2613 1419 2670 nulla
1455 2611 1595 2667 mihi
1623 2607 1872 2665 Ecclesia
1895 2622 2049 2664 com-

450 2707 818 2764 municaverit
864 2705 923 2762 in
982 2705 1194 2762 ratione
1249 2702 1419 2760 dandi
1474 2708 1527 2757 et
1573 2697 1900 2770 accipiendi,
1942 2695 2051 2752 nisi

449 2817 548 2856 vos
573 2798 711 2862 soli;
743 2797 873 2869 quia
923 2795 982 2850 in
1029 2793 1416 2851 Thessalonica
1472 2807 1598 2849 cum
1635 2805 1829 2856 essem,
1883 2789 2050 2843 semel

448 2896 503 2944 et
558 2886 756 2941 iterum
802 2883 999 2940 usibus
1031 2884 1168 2938 meis
1210 2880 1441 2937 misistis
1470 2899 1480 2935 :
1509 2895 1619 2935 non
1673 2878 1802 2950 quia
1851 2893 2052 2932 munus

450 2987 714 3047 quaram,
765 2970 860 3026 sed
908 2969 1130 3042 requiro
1187 2969 1430 3025 fructum
1478 2974 1836 3024 crescentem‘
1861 2966 1920 3022 in
1969 2983 2049 3023 ra-

450 3061 661 3118 tionem
700 3065 960 3114 vestram.
1006 3082 1024 3106 ι
1085 3057 1213 3114 Haec
1266 3054 1473 3113 idcirco
1521 3064 1931 3123 commemorat,
1991 3063 2052 3111 ut

449 3149 738 3208 audientes
793 3148 854 3205 in
906 3147 1176 3204 memoria
1236 3154 1290 3203 et
1347 3146 1507 3203 laude
1553 3161 1670 3201 esse
1717 3160 1881 3216 opera
1929 3160 2045 3214 sua,

451 3256 562 3298 non
608 3238 867 3297 dubitent
909 3239 1007 3295 illa
1044 3245 1268 3312 accepto
1311 3236 1445 3294 ferri
1502 3235 1648 3308 apud
1700 3236 1896 3303 Deum,
1956 3233 2051 3290 sed

451 3329 624 3404 magis
652 3329 899 3387 studium
929 3328 1059 3385 ﬁdei
1088 3328 1408 3385 adhibeant.

523 3420 706 3492 (Vers.
759 3421 872 3491 18.)
928 3442 946 3466 ι
973 3418 1195 3489 Percepi
1225 3425 1411 3473 tamen
1458 3414 1664 3484 omnia,
1711 3421 1766 3470 et
1795 3413 2048 3480 abundo;

451 3509 691 3579 repletus
717 3523 838 3562 sum
865 3505 1103 3575 acceptis
1128 3506 1195 3561 ab
1223 3504 1622 3577 Epaphrodito,
1667 3519 1788 3576 quae
1826 3519 1858 3558 a
1895 3503 2053 3559 vobis

452 3595 621 3650 missa
668 3601 798 3650 sunt
848 3594 908 3649 in
964 3593 1189 3649 odorem
1238 3592 1397 3648 bonae
1461 3591 1769 3660 suavitatis,
1815 3591 2051 3647 hostiam

451 3680 862 3753 acceptabilem,
896 3682 1204 3755 placentem
1234 3681 1367 3736 Deo.
1409 3703 1426 3727 ι
1492 3681 1615 3736 Non
1675 3681 1846 3735 otiose
1893 3696 2055 3736 com-

452 3777 639 3828 monet
684 3769 880 3828 debere
935 3769 1080 3839 ﬁeri,
1128 3785 1231 3826 nec
1287 3767 1512 3824 aliunde
1576 3768 1848 3838 hortatur,
1904 3768 2052 3842 quod

450 3866 658 3923 factum
714 3863 1042 3939 proﬁtetur;
1075 3861 1185 3918 nisi
1222 3860 1352 3934 quia
1404 3868 1498 3917 aut
1538 3859 1925 3933 negligentius,
1959 3867 2054 3916 aut

451 3956 638 4013 minus
686 3955 944 4028 copiose,
1003 3951 1146 4010 sicut
1206 3949 1433 4007 solitum
1480 3957 1596 4005 erat
1653 3948 1720 4004 ab
1777 3949 1856 4005 eis
1907 3948 2052 4019 ﬁeri,

451 4045 656 4103 factum
677 4045 988 4112 videbatur;
1005 4049 1068 4098 ut
1088 4041 1503 4098 reminiscentes
1530 4040 1778 4112 priorum
1798 4055 2049 4112 operum,

452 4135 656 4190 scirent
708 4150 765 4191 se
817 4136 1004 4191 minus
1056 4133 1249 4190 fecisse
1311 4149 1476 4206 quam
1539 4139 1834 4207 coeperant.
1897 4132 2054 4188 Licet

528 4239 646 4312 (67)
676 4241 833 4297 Rom.
864 4241 1672 4322 edit.,.1nagnopere,_qaod.....
1709 4239 2048 4313 reﬂoruistis,

453 4317 513 4366 ut
531 4327 635 4383 pro
659 4328 739 4366 me
765 4313 1007 4367 sentiatis
1034 4313 1110 4380 id,
1143 4312 1282 4383 quod
1310 4313 1624 4370 sentiebatis.

2156 447 2282 502 illos
2307 452 2432 500 ante
2461 443 2518 499 in
2549 457 2711 514 opere
2754 439 2860 496 hoc
2893 437 3100 502 fuisse;
3133 442 3317 490 tamen
3361 439 3586 504 gratum
3619 446 3768 499 esse,

2156 542 2209 591 et
2239 541 2462 604 accepto
2504 532 2645 587 ferre
2673 532 2845 586 Deum
2881 526 3021 599 (68),
3053 523 3207 597 quasi
3259 521 3602 578 sacriﬁcium
3634 520 3771 592 pla-

2156 624 2348 680 citum.
2380 620 2628 693 Denique
2653 617 2924 675 Dominus
2951 615 3056 670 ait:
3088 612 3290 669 «Facite
3317 611 3768 683 eleemosynam,

2158 722 2211 769 et
2253 726 2375 768 ecce
2406 708 2592 766 omnia
2637 707 2844 763 munda
2890 703 3047 759 vobis
3089 709 3217 758 sunt
3244 701 3403 772 (Luc.
3450 716 3538 768 x1,
3577 698 3698 771 41).
3733 724 3757 746 ι

2158 801 2332 869 Quam
2365 806 2576 872 gratum
2619 813 2746 869 ergo
2799 811 2935 868 opus
2979 800 3080 862 est,
3111 798 3174 846 ut
3210 805 3432 847 omnem
3479 788 3763 846 maculam

2158 889 2402 948 hominis
2433 895 2485 944 et
2515 887 2702 944 sordes
2727 883 2988 941 emundet
3013 884 3025 939 l

2233 982 2414 1053 (Vers.
2476 979 2588 1051 19.)
2655 1003 2672 1025 ι
2725 979 2870 1033 Deus
2915 989 3046 1030 vero
3103 988 3257 1028 meus
3313 969 3547 1043 impleat
3598 987 3769 1026 omne

2159 1070 2495 1128 desiderium
2553 1076 2796 1124 vestrum
2869 1061 3170 1121 secundum
3209 1059 3439 1117 divitias
3506 1074 3640 1114 suas
3702 1059 3766 1114 in

2160 1160 2332 1232 gloria
2379 1161 2437 1214 in
2483 1156 2702 1214 Christo
2749 1155 2898 1211 Jesu.
2931 1178 2949 1201 ι
3001 1151 3128 1208 Ideo
3175 1148 3462 1215 discrevit,
3515 1146 3760 1204 dicens:

2175 1275 2193 1298 ι
2222 1251 2368 1306 Deus
2396 1263 2576 1314 meus;
2609 1271 2628 1293 ι
2667 1252 2729 1300 ut
2757 1241 3059 1300 secundum
3088 1255 3152 1296 ea
3176 1254 3296 1312 quae
3325 1235 3627 1310 praestabat
3656 1252 3766 1292 me-

2161 1341 2283 1398 ritis
2329 1339 2467 1412 ejus,
2526 1335 2737 1394 auxilia
2792 1335 3064 1402 adessent,
3113 1339 3168 1388 et
3205 1328 3500 1386 desideriis
3544 1344 3762 1396 eorum,

2162 1430 2220 1486 in
2275 1428 2434 1501 copia
2494 1424 2892 1500 magnitudinis
2944 1420 3210 1479 bonitatis
3275 1436 3389 1477 suae
3456 1417 3519 1474 in
3583 1419 3758 1490 gloria

2163 1518 2370 1577 Christi
2412 1517 2559 1573 Jesu.
2619 1514 2807 1572 Gloria
2857 1520 2938 1569 est
2993 1509 3198 1569 Christi
3256 1509 3404 1576 Jesu,
3469 1523 3601 1564 cum
3662 1507 3764 1564 Dei

2161 1617 2302 1664 nutu
2329 1607 2766 1665 Christianorum
2807 1602 3109 1675 implentur
3145 1597 3418 1656 desideria
3448 1596 3762 1656 secundum

2161 1699 2534 1770 evangelicam
2564 1695 2938 1767 disciplinam.

2235 1790 2416 1863 (Vers.
2441 1787 2554 1860 20.)
2602 1811 2619 1834 ι
2649 1787 2760 1842 Deo
2806 1791 2990 1840 autem
3041 1787 3096 1837 et
3150 1778 3299 1836 Patri
3351 1785 3545 1834 nostro
3591 1775 3768 1850 gloria

2160 1879 2217 1936 in
2273 1878 2470 1935 saecula
2523 1876 2874 1941 saeculorum,
2898 1886 3078 1928 amen.
3109 1895 3127 1917 ι
3172 1869 3271 1927 Hic
3312 1884 3423 1924 non
3464 1867 3762 1935 discrevit,

2159 1968 2254 2026 sed
2280 1966 2606 2041 generaliter
2634 1966 2713 2020 ait
2743 1981 2754 2020 :
2803 1987 2821 2009 ι
2849 1963 2962 2018 Deo
3001 1967 3055 2018 et
3099 1958 3239 2016 Patri
3267 1965 3456 2013 nostro
3488 1957 3705 2029 gloria.
3737 1980 3754 2002 ι

2157 2059 2304 2114 Deus
2354 2063 2435 2112 est
2481 2063 2702 2128 propter
2750 2053 3028 2119 timorem,
3079 2050 3233 2105 Pater
3285 2053 3466 2102 autem
3523 2044 3768 2101 honoris

2160 2163 2342 2214 causa,
2409 2153 2464 2201 et
2519 2143 2649 2218 quia
2705 2142 2772 2198 ab
2829 2141 2950 2214 ipso
3014 2148 3094 2196 est
3151 2135 3333 2194 omnis
3386 2134 3584 2208 origo;
3653 2133 3767 2206 ipse

2159 2237 2308 2294 enim
2336 2233 2484 2290 dixit
2521 2233 2579 2288 in
2625 2229 2896 2288 Malachia
2925 2226 3191 2301 propheta
3235 2243 3247 2282 :
3304 2249 3322 2271 ι
3365 2224 3424 2280 Si
3469 2225 3621 2280 Deus
3668 2238 3767 2294 ego

2160 2344 2303 2396 sum,
2349 2325 2444 2382 ubi
2491 2332 2572 2380 est
2618 2321 2786 2379 timor
2830 2318 3031 2374 meus?
3072 2325 3127 2373 et
3163 2318 3208 2372 si
3266 2315 3426 2371 Pater
3461 2327 3565 2386 ego
3617 2329 3762 2379 sum,

2160 2416 2258 2473 ubi
2286 2422 2367 2472 est
2396 2413 2574 2470 honor
2603 2426 2756 2466 meus
2789 2408 3043 2481 (Malach.
3079 2423 3118 2475 1,
3149 2404 3206 2478 6)
3231 2405 3259 2460 ?
3289 2428 3306 2452 ι

2235 2504 2415 2576 (Vers.
2449 2502 2564 2573 21.)
2607 2526 2624 2548 ι
2653 2500 2894 2556 Salutate
2924 2511 3145 2551 omnem
3177 2500 3430 2549 sanctum
3454 2491 3512 2547 in
3543 2490 3766 2549 Christo

2159 2596 2287 2652 Jesu
2335 2592 2474 2665 (69).
2513 2617 2532 2640 ι
2577 2591 2736 2646 Hunc
2782 2589 3014 2644 salutate
3064 2586 3122 2641 in
3181 2583 3402 2642 Christo
3457 2582 3608 2649 Jesu,
3672 2582 3765 2654 qui

2161 2699 2217 2740 se
2262 2679 2613 2746 sanctiﬁcat;
2672 2685 2734 2733 ut
2788 2675 3009 2735 Christo
3062 2674 3262 2746 dignus
3318 2671 3612 2738 habeatur,
3671 2671 3768 2742 qui

2161 2772 2340 2830 dixit:
2391 2796 2408 2819 ι
2437 2768 2622 2826 Sancti
2667 2775 2839 2824 estote
2867 2785 2879 2832 ;
2913 2764 3175 2838 quoniam
3233 2779 3332 2835 ego
3364 2769 3589 2819 sanctus
3618 2776 3768 2828 sum,

2161 2861 2429 2919 Dominus
2451 2863 2595 2916 Deus
2624 2867 2803 2914 vester
2837 2855 3026 2928 (Leuit.
3061 2869 3185 2922 xxx,
3212 2851 3295 2922 2.)
3327 2875 3345 2898 ι

2235 2960 2416 3033 (Vers.
2465 2957 2580 3029 22.)
2653 2979 2672 3002 ι
2729 2955 2978 3012 Salutant
3034 2969 3134 3008 vos
3198 2951 3293 3024 qui
3348 2964 3569 3006 mecum
3631 2954 3768 3002 sunt

2162 3049 2378 3106 fratres.
2437 3073 2456 3096 ι
2535 3045 2803 3103 Salutatio
2872 3045 3105 3100 fratrum
3179 3038 3438 3097 solatium
3518 3035 3763 3093 invicem

2159 3145 2400 3214 praestat,
2440 3137 2594 3210 quasi
2627 3134 2891 3207 imagines
2936 3131 3084 3188 enim
3114 3129 3339 3186 exhibet
3382 3126 3762 3184 divulsorum.

2173 3253 2190 3276 ι
2240 3228 2493 3284 Salutant
2546 3243 2644 3282 vos
2703 3240 2894 3282 omnes
2951 3221 3165 3286 sancti,
3220 3215 3465 3273 maxime
3538 3214 3632 3288 qui
3694 3213 3764 3269 de

2161 3316 2388 3375 Cmsaris
2431 3315 2595 3371 domo
2635 3321 2783 3370 sunt.
2810 3337 2829 3359 ι
2874 3312 2984 3368 Hos
3025 3307 3301 3382 signiﬁcat
3342 3303 3765 3378 propensiorem

2161 3406 2416 3464 affectum
2468 3403 2668 3459 habere
2695 3401 2841 3458 circa
2889 3417 3002 3469 eos,
3054 3398 3150 3472 qui
3199 3397 3267 3453 de
3309 3393 3476 3450 domo
3531 3391 3765 3451 Caesaris

2161 3505 2309 3565 sunt,
2340 3497 2475 3552 istos
2528 3503 2582 3551 et
2630 3493 2872 3566 potiores
2927 3506 3092 3564 supra
3141 3483 3461 3542 memoratis
3513 3481 3765 3540 ostendit

2164 3587 2462 3651 fratribus;
2495 3584 2623 3656 quia
2653 3582 2752 3638 hos
2779 3589 2833 3638 et
2861 3586 3077 3636 sanctos
3115 3575 3372 3648 appellat.

2236 3676 2417 3748 (Vers.
2447 3674 2563 3745 23.)
2611 3697 2627 3718 -
2658 3671 2843 3728 Gratia
2889 3665 3113 3725 Domini
3165 3661 3339 3720 nostri
3379 3661 3513 3717 Jesu
3553 3659 3760 3718 Christi

2161 3781 2288 3823 cum
2311 3763 2510 3837 spiritu
2538 3769 2742 3829 vestro,
2773 3773 2952 3816 amen.
2986 3781 3004 3805 ι
3046 3754 3319 3824 Quoniam
3351 3750 3420 3808 de
3454 3749 3761 3806 Salvatoris

2161 3871 2392 3928 persona
2442 3852 2769 3927 quaestiones
2822 3848 3100 3915 oriuntur,
3155 3843 3249 3900 hic
3304 3848 3369 3898 ut
3417 3841 3761 3928 soliditatem

2161 3927 2220 4001 in
2272 3961 2337 4000 eo
2389 3937 2700 3999 divinitatis
2745 3938 3029 4012 approbet,
3080 3933 3375 3992 tuitionem
3419 3929 3615 4003 gratiae
3643 3927 3765 4001 ejus

2160 4033 2381 4107 spiritui
2410 4040 2598 4090 nostro
2625 4037 2868 4104 exoptat.

2231 4237 2349 4383 (68)
2382 4239 2542 4296 Rom.
2573 4235 2732 4317 edit.,
2763 4240 2812 4290 et
2838 4236 3100 4304 acceptum
3131 4228 3252 4311 ﬁeri
3278 4225 3427 4308 apud
3457 4225 3652 4281 Deum.

2257 4311 2323 4367 69
2379 4311 2536 4367 Rom.
2571 4307 2730 4376 edit.,
2759 4307 2860 4364 Ille
2887 4305 3156 4361 salutatur
3183 4317 3243 4357 ιη
3274 4300 3488 4356 Christo
3520 4296 3646 4353 Iesu

2257 4296 2347 4376 69)
2379 4311 2536 4367 Rom.
2571 4296 2730 4376 edit.,
2759 4307 2860 4364 Ille
2887 4296 3156 4361 salutatur
3183 4301 3243 4357 in
3274 4296 3488 4356 Christo
3520 4296 3665 4353 Iesu.

456 4454 3757 4483 ___________________________________________._.

607 4571 746 4706 1N
808 4614 1588 4707 EPISTOLAM
1657 4619 1774 4707 B.
1850 4616 2246 4705 PAULI
2313 4615 2475 4700 AD
2550 4608 3576 4701 COLOSSENSES.

966 4871 1112 4932 263
1154 4865 1538 4925 PROLOGUS.

519 4966 866 5025 Colossenses
913 4966 1356 5041 pseudoapostoli
1407 4973 1653 5024 evertere
1703 4962 2044 5030 nitebantur,

451 5062 514 5112 ut
558 5063 682 5128 post
709 5056 1154 5130 praedicationem
1186 5057 1456 5130 Epaphras
1483 5056 1600 5113 sive
1623 5053 1892 5126 Archippi
1925 5051 2046 5124 phi-

451 5143 748 5217 losophicis
801 5145 1268 5218 disputationibus
1317 5146 1598 5202 irretirent
1634 5143 2044 5217 simplicitatem

449 5235 652 5292 mentis
703 5252 896 5292 eorum
930 5252 942 5290 :
985 5251 1054 5291 ne
1105 5243 1429 5307 spernerent
1466 5237 1706 5292 rationes
1733 5234 2045 5289 elemento-

449 5339 595 5392 rum,
627 5323 828 5397 quibus
859 5323 1017 5398 quasi
1046 5320 1382 5398 gubernatur
1397 5323 1512 5393 vita
1540 5324 1801 5379 humana.
1835 5320 2045 5378 Idcirco

449 5411 554 5468 hos
575 5413 873 5483 Apostolus
892 5413 1148 5470 hortatur
1165 5429 1262 5485 per
1287 5413 1598 5485 epistolam,
1618 5419 1674 5468 et
1695 5411 1953 5467 admonet
1977 5426 2044 5465 ne

449 5502 615 5559 alicui
641 5511 838 5574 praeter
865 5503 1148 5561 Christum
1177 5503 1420 5578 aliquam
1442 5518 1557 5559 esse
1591 5519 1742 5576 spem
1764 5508 2042 5576 putarent,

450 5597 498 5646 et
535 5588 940 5662 deciperentur.

2079 4869 2129 4929 D

2672 4861 2899 4920 CAPUT
2939 4858 3231 4918 PRIMUM.

2231 4958 2412 5033 (Vers.
2447 4960 2499 5030 1,
2529 4960 2583 5029 2,
2614 4959 2694 5033 3.)
2736 4960 2956 5016 «Paulus
2975 4957 3258 5030 apostolus
3280 4953 3491 5014 Christi
3513 4954 3644 5012 Iesu
3667 4969 3764 5026 per

2157 5051 2499 5108 voluntatem
2529 5049 2647 5119 Dei,
2681 5059 2734 5106 et
2776 5049 3100 5106 Timotheus
3137 5047 3326 5114 frater,
3360 5045 3450 5102 his
3492 5043 3593 5118 qui
3633 5051 3762 5101 sunt

2156 5141 2393 5203 Colossis
2447 5143 2650 5199 sanctis
2707 5149 2762 5197 et
2815 5137 3072 5196 ﬁdelibus
3119 5135 3384 5193 fratribus
3432 5134 3493 5190 in
3538 5134 3761 5193 Christo

2154 5232 2300 5288 Jesu.
2333 5232 2523 5288 Gratia
2582 5230 2740 5286 vobis
2795 5237 2849 5284 et
2897 5243 3004 5300 pax
3042 5243 3075 5282 a
3103 5228 3214 5296 Deo
3243 5226 3406 5281 Patre
3456 5231 3676 5290 nostro,
3705 5231 3762 5278 et
3835 5251 3852 5260 ι

2155 5322 2392 5378 Domino
2419 5322 2546 5377 Jesu
2589 5319 2826 5377 Christo.
2860 5343 2879 5365 ι
2921 5316 3096 5387 Caput
3126 5314 3375 5387 epistolas
3405 5313 3578 5370 solito
3610 5327 3765 5368 more

2153 5410 2346 5466 scribit
2365 5410 2432 5466 ad
2462 5425 2572 5477 eos,
2597 5409 2654 5463 in
2684 5423 2792 5479 quo
2820 5414 2874 5462 et
2897 5403 3101 5462 sanctis
3126 5412 3180 5458 et
3199 5403 3461 5460 ﬁdelibus
3493 5401 3764 5460 fratribus

2154 5499 2364 5555 litteras
2413 5515 2469 5555 se
2524 5496 2779 5553 ordinare
2835 5492 3203 5567 prosequitur,
3256 5491 3461 5565 quibus
3534 5497 3767 5564 exoptat

2152 5588 2253 5647 Dei
2282 5588 2511 5664 gratiam
2538 5601 2761 5644 manere
2788 5599 2883 5659 per
2911 5582 3215 5644 Christum.
