3908 6192
155 285 251 344 445

1185 280 1548 342 COMMENT.
1588 280 1661 339 IN
1695 279 1914 338 EPIST.
1957 281 2052 337 AD
2092 279 2374 340 COLOSS.

3333 283 3438 340 446

220 409 398 483 (Vera.
432 411 484 480 4,
514 411 568 480 5,
601 411 682 483 6.)
718 432 738 458 ε
765 408 980 466 Gratias
1008 408 1222 480 agimus
1239 410 1352 465 Deo
1379 416 1433 463 et
1454 407 1602 465 Patri
1625 410 1730 465 Do-
1767 410 1818 470 A
1846 407 1977 464 tatis
2006 406 2104 464 Dei
2137 406 2193 461 in
2219 407 2517 480 patientia;
2550 416 2614 465 ut
2641 409 2805 481 longa
2833 409 3245 482 exspectatione
3275 410 3435 467 susti-

153 498 276 556 mini
305 499 482 557 nostri
508 501 635 558 Jesu
655 499 887 566 Christi,
921 515 1136 570 semper
1164 515 1264 570 pro
1295 496 1456 554 vobis
1488 506 1728 567 orantes,

151 589 329 646 audita
376 589 485 646 ﬁde
529 598 715 646 vestra
759 589 829 654 in,
865 587 1086 648 Christo
1134 588 1282 656 Jesu,
1331 595 1386 643 et
1436 587 1735 644 dilectione

146 694 296 753 quam
333 677 550 735 habetis
595 679 656 735 in
700 693 891 735 omnes
940 683 1157 734 sanctos
1183 685 1405 750 propter
1433 693 1584 750 spem
1617 693 1736 750 quae

143 769 376 842 reposita
419 776 506 824 est
549 767 706 824 vobis
751 767 810 824 in
843 767 1015 835 caelis,
1050 783 1213 840 quam
1245 775 1368 823 ante
1398 766 1631 824 audistis
1677 766 1735 822 in

142 858 304 914 verbo
323 858 577 915 veritatis
601 857 887 930 Evangelii
909 857 1054 931 quod
1080 857 1331 929 pervenit
1352 857 1418 912 ad
1449 873 1568 924 vos,
1591 856 1737 913 sicut

139 955 188 1004 et
250 948 310 1002 in
383 947 707 1003 universum
757 947 1046 1002 mundum.
1101 971 1119 993 ι
1173 945 1446 1013 Quoniam
1503 946 1733 1018 dignum

138 1035 333 1092 habuit
381 1038 527 1093 Deus
568 1035 788 1092 credere
833 1035 954 1092 istis
989 1034 1192 1091 Filium
1227 1051 1412 1102 suum,
1443 1034 1644 1107 gratias
1682 1035 1734 1092 ei

138 1125 300 1182 refert
343 1125 401 1180 in
449 1124 791 1181 orationibus
819 1124 954 1181 suis.
986 1124 1197 1182 Deinde
1229 1133 1451 1197 propter
1484 1123 1735 1180 charita-

137 1222 242 1270 tem
285 1230 448 1286 quam
501 1214 776 1270 habebant
811 1214 870 1268 in
913 1222 1154 1282 sanctos,
1203 1213 1300 1270 ﬁdi
1344 1214 1475 1286 quia
1503 1231 1602 1286 pro
1631 1213 1735 1270 hac

141 1319 256 1377 spes
299 1301 460 1358 ﬁrma
515 1303 630 1375 (70)
663 1311 744 1360 est
789 1303 934 1376 apud
979 1305 1178 1371 Deum,
1210 1319 1318 1375 qua
1345 1310 1734 1360 remuneratu-

139 1409 228 1449 rus
273 1392 520 1449 creditur
578 1391 864 1449 credentes
910 1400 964 1449 et
1017 1392 1309 1466 diligentes
1357 1409 1415 1448 se
1468 1391 1732 1461 invicem,

140 1489 354 1538 auctore
401 1480 644 1548 Christo,
686 1479 846 1552 cujus
884 1497 1086 1538 nomen
1135 1482 1389 1554 pervenit
1433 1480 1503 1538 ad
1546 1497 1736 1538 omnes

139 1577 338 1643 gentes,
368 1576 431 1626 ut
457 1569 903 1643 multiplicentur
933 1571 990 1626 in
1017 1571 1126 1628 ﬁde
1151 1572 1289 1644 ejus.

208 1669 390 1739 (Vers.
441 1669 495 1736 7,
542 1668 624 1740 8.)
688 1691 706 1716 ‹
759 1669 830 1725 Et
880 1677 961 1727 est
1007 1669 1346 1738 fructiﬁcans
1375 1678 1429 1727 et
1463 1685 1732 1737 crescens,

1840 504 1968 552 neat
2010 494 2315 551 humanum
2365 513 2549 567 genus,
2589 497 2736 571 quod
2777 497 3134 555 irreverentia
3181 515 3280 554 sua
3321 516 3433 556 non

1842 588 2021 643 solum
2047 586 2279 658 negligit
2301 585 2632 654 Creatorem,
2656 605 2847 644 verum
2877 589 3224 664 persequitur
3247 605 3432 645 aman-

1842 685 1924 733 tes
1971 692 2096 731 eum
2147 694 2160 731 :
2209 682 2273 731 ut
2321 684 2375 731 et
2417 676 2525 748 ipsi
2581 678 2835 734 similiter
2885 680 3155 750 patientes
3201 680 3331 749 sint,
3372 685 3435 735 ut

1843 772 2166 839 supportent
2219 763 2419 836 probra
2475 772 2529 822 et
2585 765 2873 821 maledicta
2918 771 3063 829 264
3099 767 3430 836 inﬁdelium,

1845 863 1931 919 vel
1981 862 2027 918 si
2070 862 2225 918 illata
2254 861 2421 918 fuerit
2450 876 2722 934 pressura,
2758 871 3134 934 exspectantes
3160 865 3432 937 judicium

1843 952 1964 1020 Dei,
1997 968 2100 1008 nec
2142 950 2457 1006 dubitantes
2492 949 2561 1007 de
2608 967 2692 1018 eo,
2724 951 2894 1022 magis
2931 961 3111 1008 autem
3143 953 3436 1024 gaudentes

1844 1041 1902 1097 in
1950 1039 2218 1114 promissa
2265 1039 2384 1095 vita
2429 1056 2556 1096 cum
2600 1039 2897 1112 gratiarum
2945 1041 3258 1097 actionibus
3301 1043 3435 1111 Deo,

1843 1130 1938 1205 qui
1985 1129 2240 1202 dignatus
2294 1138 2374 1185 est
2429 1129 2695 1186 advocare
2737 1136 2792 1185 et
2838 1129 3097 1186 inducere
3159 1139 3342 1202 gentes
3379 1131 3435 1187 in

1843 1219 2264 1293 promissionem
2293 1218 2630 1287 Iudaeorum,
2664 1235 2782 1292 quae
2808 1228 2889 1275 est
2918 1220 3106 1274 lumen
3147 1227 3433 1289 aeternum,

1844 1310 1902 1367 id
1930 1317 2030 1378 est,
2063 1309 2179 1365 vita
2216 1318 2441 1378 eterna,
2469 1309 2672 1366 veritas
2701 1317 2982 1383 perpetua.
3015 1309 3257 1366 Liberati
3290 1310 3438 1367 enim

1844 1399 1911 1456 de
1940 1398 2263 1456 conditione
2292 1397 2666 1466 tenebrarum,
2687 1399 2796 1456 hoc
2819 1407 2920 1468 est,
2943 1400 3087 1455 eruti
3110 1400 3178 1456 de
3199 1399 3437 1468 inferno,

1846 1489 1903 1545 in
1943 1505 2052 1562 quo
2100 1487 2421 1544 tenebamur
2457 1505 2489 1545 a
2528 1488 2748 1545 diabolo
2779 1499 2889 1547 tam
2917 1505 2986 1546 ex
3024 1488 3247 1562 proprio
3274 1505 3436 1562 quam

1844 1595 1914 1634 ex
1946 1577 2152 1635 delicto
2182 1577 2337 1646 Adae,
2365 1578 2460 1651 qui
2498 1587 2579 1634 est
2607 1585 2758 1651 pater
2784 1579 3033 1635 omnium
3068 1578 3436 1651 peccantium,

1843 1667 2096 1722 translati
2142 1682 2333 1722 sumus
2371 1683 2468 1738 per
2513 1666 2678 1722 ﬁdem
2723 1668 2780 1722 in
2811 1684 3037 1740 regnum
3065 1669 3283 1725 caeleste
3308 1667 3439 1726 Filii

138 1758 278 1815 sicut
309 1766 364 1815 et
401 1756 461 1813 in
489 1757 672 1825 vobis,
702 1775 771 1815 ex
801 1774 909 1832 qua
937 1759 1027 1815 die
1055 1759 1288 1816 audistis
1317 1768 1369 1816 et
1397 1760 1735 1832 cognovistis
1767 1769 1814 1830 Β
1842 1756 1942 1814 Dei
1977 1773 1988 1811 ε
2021 1762 2082 1810 ut
2127 1756 2437 1813 ostenderet
2475 1755 2634 1812 nobis
2679 1758 2825 1812 Deus
2875 1773 2983 1829 quo
3030 1773 3214 1813 amore
3255 1758 3440 1829 diligit

139 1849 364 1918 gratiam
393 1848 491 1905 Dei
522 1847 579 1903 in
610 1848 858 1918 veritate,
885 1858 1047 1922 prout
1077 1837 1353 1906 didicistis
1372 1849 1441 1906 ab
1470 1851 1728 1924 Epaphra

139 1935 336 1993 dilecto
382 1953 648 1994 conservo
698 1945 906 2008 nostro,
941 1938 1035 2012 qui
1082 1946 1166 1996 est
1208 1939 1388 1996 ﬁdelis
1437 1957 1536 2013 pro
1568 1939 1730 1997 vobis

140 2027 389 2086 minister
433 2027 664 2099 Christi,
697 2029 791 2103 qui
821 2028 985 2086 etiam
1016 2038 1203 2086 notam
1248 2030 1380 2087 fecit
1408 2031 1569 2088 nobis
1597 2048 1731 2089 ves-

139 2122 272 2173 tram
303 2117 663 2174 dilectionem
693 2118 752 2173 in
780 2118 999 2190 spiritu.
1024 2144 1043 2166 ι
1086 2120 1150 2174 In
1170 2121 1485 2192 exemplum
1514 2127 1730 2178 caetera-

142 2221 263 2262 rum
297 2206 546 2278 gentium
577 2222 681 2260 nos
722 2222 959 2263 crescere
998 2215 1051 2263 et
1083 2206 1323 2263 fructum
1360 2208 1475 2280 (7i)
1508 2209 1732 2265 vitalem

140 2293 315 2351 facere
366 2293 534 2351 alacri
584 2309 835 2349 sermone
882 2295 1265 2367 prosequitur;
1305 2303 1369 2351 ut
1398 2313 1468 2352 ex
1494 2313 1558 2352 eo
1587 2296 1736 2370 quod

141 2383 234 2440 Dei
279 2382 514 2456 gratiam
554 2391 936 2456 perceperunt,
969 2384 1296 2456 proﬁcerent
1341 2391 1396 2440 et
1425 2402 1657 2442 numero
1683 2395 1737 2444 et

146 2487 318 2545 opere,
372 2471 739 2544 adjungentes
793 2471 924 2528 ﬁdei
970 2490 1084 2529 suae
1141 2474 1235 2547 qui
1291 2474 1486 2530 ﬁerent
1541 2475 1737 2531 fratres

145 2574 323 2616 eorum
368 2559 428 2616 in
480 2558 720 2617 Christo.
754 2561 1029 2632 Exemplo
1073 2561 1223 2618 enim
1271 2561 1544 2619 bonorum
1597 2579 1738 2635 ope-

150 2664 262 2704 rum
312 2647 541 2705 illorum
584 2648 702 2721 (72)
751 2649 968 2705 attracti
1018 2657 1148 2706 sunt
1200 2651 1384 2719 multi,
1439 2658 1576 2707 teste
1625 2652 1738 2709 illis

147 2735 407 2809 Epaphra,
456 2737 553 2810 qui
599 2737 678 2794 eis
726 2736 1063 2794 ministravit
1111 2737 1338 2810 gratiam
1379 2738 1586 2797 Christi
1617 2741 1738 2798 vice

147 2823 405 2896 Apostoli,
441 2843 609 2898 quam
642 2827 827 2883 statim
857 2825 1197 2883 imbiberunt
1228 2835 1290 2884 ut
1325 2837 1516 2900 potum
1561 2829 1738 2902 spiri-

145 2914 296 2970 talem
336 2915 395 2972 in
443 2915 675 2974 Domini
704 2915 994 2983 charitate,
1026 2932 1146 2990 qua
1185 2933 1298 2974 non
1343 2916 1403 2974 in
1439 2935 1601 2977 carne
1631 2927 1732 2991 est,

147 3002 234 3059 sed
261 3004 316 3059 in
343 3004 572 3079 spiritu.

1838 1863 1957 1915 nos,
1988 1846 2210 1920 quando
2239 1847 2496 1903 attollens
2525 1850 2626 1902 nos
2659 1845 2726 1902 de
2755 1846 2868 1902 imo
2896 1846 3108 1915 tartari,
3133 1846 3357 1904 induxit
3378 1847 3437 1904 in

1838 1937 2005 1994 coelos
2032 1954 2157 1994 cum
2190 1953 2320 1993 vero
2351 1936 2494 1993 Filio
2525 1953 2644 1992 suo.
2681 1935 2799 1992 Jam
2821 1936 2967 1992 enim
2997 1953 3188 1993 omnes
3213 1938 3437 1994 creden-

1838 2034 1939 2096 tes,
1971 2026 2066 2100 qui
2093 2025 2203 2082 ﬁxa
2224 2035 2405 2082 mente
2435 2026 2621 2082 devoti
2652 2034 2800 2095 sunt,
2823 2034 3085 2082 exeuntes
3115 2027 3182 2084 de
3211 2029 3435 2096 saeculo,

1840 2118 1977 2174 duce
2027 2117 2233 2174 dextrae
2284 2117 2462 2174 Patris
2506 2118 2737 2191 Angelo,
2783 2118 3126 2175 inducuntur
3156 2118 3215 2174 in
3245 2120 3432 2189 caelos,

1842 2205 1989 2280 quod
2015 2215 2139 2262 ante
2169 2206 2442 2263 devictam
2469 2214 2702 2263 mortem
2732 2223 3051 2264 concessum
3084 2224 3195 2265 non
3226 2216 3362 2265 erat.

1918 2297 2097 2369 (Vers.
2137 2297 2248 2367 14.)
2298 2321 2316 2344 ι
2351 2297 2413 2352 In
2445 2313 2553 2370 quo
2601 2297 2866 2354 habemus
2898 2299 3352 2371 redemptionem,
3382 2305 3439 2356 et

1844 2385 2226 2442 remissionem
2246 2394 2614 2458 peccatorum.
2638 2411 2657 2435 ι
2691 2388 2753 2443 In
2773 2387 2938 2460 hujus
2954 2388 3084 2444 Filii
3105 2389 3192 2444 sui
3206 2405 3436 2461 regnum

1845 2476 2130 2530 transtulit
2158 2492 2259 2530 nos
2285 2478 2453 2543 Deus,
2478 2492 2574 2548 per
2593 2492 2753 2548 quem
2778 2493 2876 2532 nos
2897 2477 3152 2546 redemit,
3175 2487 3228 2534 et
3247 2495 3438 2535 manu-

1848 2563 2033 2630 misit;
2081 2564 2334 2620 remissio
2354 2563 2500 2620 enim
2522 2572 2867 2636 peccatorum
2897 2566 3101 2623 liberos
3121 2567 3272 2636 facit,
3294 2576 3356 2623 ut
3378 2569 3439 2624 li-

1846 2651 2020 2708 berati
2050 2652 2274 2721 debitis,
2306 2652 2484 2710 teneri
2512 2653 2743 2708 obnoxii
2770 2670 2879 2709 non
2903 2653 3132 2726 possint.
3155 2656 3292 2711 Nam
3322 2655 3440 2711 sine

1846 2740 1954 2798 ﬁde
2002 2741 2209 2799 Christi
2259 2742 2445 2798 nullus
2500 2758 2748 2814 egressus
2793 2741 2861 2798 de
2889 2741 3109 2799 inferno
3152 2752 3268 2811 est;
3311 2744 3439 2816 quia

1847 2830 2120 2903 obligatus
2161 2833 2398 2904 peccatis
2442 2831 2595 2887 exire
2632 2830 2828 2903 januas
2858 2833 3068 2888 Tartari
3098 2850 3207 2890 non
3238 2841 3436 2906 potest.

1859 2945 1877 2967 ε
1901 2920 2007 2989 Qui
2030 2929 2111 2977 est
2129 2921 2308 2994 imago
2329 2919 2631 2977 invisibilis
2652 2920 2796 2976 Dei.-
2814 2920 3122 2979 Invisibilis
3139 2924 3239 2980 Dei
3259 2925 3439 2998 imago

1843 3010 2083 3069 visibilis
2100 3028 2213 3068 esse
2231 3029 2340 3067 non
2363 3018 2540 3083 potest
2565 3010 2705 3084 (74),
2727 3011 2974 3086 alioquin
2997 3028 3097 3069 nec
3115 3013 3296 3086 imago
3315 3023 3396 3071 est
3419 3034 3433 3083 ;

209 3101 379 3175 (Vers.
412 3105 476 3173 9,
510 3102 624 3174 10.)
673 3125 692 3150 ι
722 3099 933 3160 Idcirco
954 3109 1008 3158 et
1036 3118 1138 3160 nos
1164 3119 1234 3160 ex
1267 3120 1375 3178 qua
1404 3103 1493 3162 die
1521 3105 1734 3162 audivi-
1769 3125 1812 3186 ρ
1845 3103 1992 3178 quod
2021 3102 2167 3160 enim
2192 3101 2475 3159 invisibile
2496 3110 2598 3170 est,
2621 3101 2771 3173 pingi
2798 3119 2908 3157 non
2933 3109 3140 3176 potest;
3167 3121 3268 3162 nec
3287 3105 3436 3162 enim

145 3206 272 3260 mus,
312 3210 420 3250 non
474 3209 750 3250 cessamus
783 3210 884 3266 pro
914 3192 1072 3249 vobis
1099 3203 1317 3252 orantes
1354 3202 1407 3251 et
1438 3196 1732 3268 postulan-

145 3285 249 3346 tes;
297 3289 357 3338 ut
410 3281 768 3354 impleamini
824 3281 1104 3355 agnitione
1159 3283 1463 3340 voluntatis
1511 3282 1628 3354 ejus
1675 3283 1734 3340 in

144 3369 283 3424 omni
335 3371 614 3444 sapientia
661 3380 716 3428 et
767 3371 1057 3429 intellectu
1101 3371 1336 3445 spiritali
1388 3373 1447 3428 in
1493 3371 1620 3442 hoc,
1674 3381 1735 3430 ut

143 3459 418 3518 ambuletis
446 3461 619 3534 digne
648 3477 712 3518 eo
727 3460 797 3517 ad
825 3477 987 3517 omne
1016 3460 1282 3535 placitum
1311 3461 1368 3517 in
1397 3462 1549 3517 omni
1571 3479 1734 3534 opere

143 3544 294 3606 bono.
336 3575 353 3597 ι
411 3549 668 3607 Audiens
708 3550 1007 3623 Apostolus
1050 3550 1306 3606 devotam
1335 3566 1398 3608 ac
1424 3558 1732 3624 promptam

145 3635 474 3695 voluntatem
501 3638 722 3695 illorum
753 3638 897 3696 circa
916 3638 1081 3695 ﬁdem
1105 3638 1334 3708 Christi,
1356 3647 1475 3696 orat
1496 3656 1595 3712 pro
1616 3640 1694 3696 eis
1716 3659 1730 3709 ;

143 3731 198 3780 ut
251 3727 580 3802 prOpensius
641 3728 827 3801 agnita
882 3729 1170 3785 voluntate
1228 3729 1348 3797 Dei,
1414 3728 1733 3786 rationabili

144 3829 290 3885 opere
305 3819 597 3892 explerent
617 3819 991 3888 devotionem,
1008 3835 1172 3892 quam
1194 3818 1382 3876 audita
1401 3819 1508 3876 ﬁde
1525 3819 1733 3878 Christi

145 3899 459 3975 didicerant,
508 3922 577 3962 ne
632 3912 744 3962 tam
799 3904 909 3961 ﬁda
962 3906 1166 3962 mentis
1219 3905 1426 3964 dicatio
1480 3907 1622 3980 (73),
1680 3915 1734 3964 et

149 3991 303 4049 robur
350 3995 505 4066 ﬁdei,
561 3994 695 4052 dum
750 3996 1060 4054 inconsulte
1107 3996 1318 4070 aliquid
1369 4004 1422 4054 et
1479 3997 1734 4070 imperite

144 4084 448 4155 conﬁceret,
484 4086 690 4143 laboris
717 4087 801 4143 sui
834 4086 1076 4144 fructum
1105 4088 1403 4145 amitteret.
1438 4089 1553 4146 Hoc
1582 4089 1732 4146 enim

149 4169 370 4230 libenter
414 4182 638 4247 accepto
689 4176 882 4244 fertur,
915 4173 1064 4249 quod
1105 4176 1305 4234 devoto
1348 4176 1412 4234 ﬁt
1441 4178 1646 4247 animo,
1679 4186 1734 4236 et

147 4261 457 4329 prudenter.

209 4359 392 4432 (Vers.
431 4362 519 4430 11,
560 4361 646 4431 12,
680 4363 793 4436 13.)
838 4386 856 4411 α
889 4363 1306 4422 Fructiﬁcantes
1347 4373 1402 4423 et
1431 4377 1732 4428 crescentes

1844 3194 2083 3251 visibilis
2112 3200 2289 3264 potest
2319 3191 2662 3248 invisibilem
2697 3190 2919 3260 videre;
2954 3199 3049 3247 aut
3063 3192 3211 3248 enim
3237 3210 3438 3265 corpus

1844 3293 1945 3352 est,
1983 3283 2131 3356 quod
2160 3283 2402 3351 videtur,
2433 3289 2527 3337 aut
2568 3281 2762 3352 ﬁgura,
2794 3289 2888 3336 aut
2931 3280 3116 3353 aliqua
3144 3281 3440 3339 informata

1844 3372 2169 3441 substantia,
2203 3388 2367 3445 quam
2407 3371 2514 3427 fert
2541 3369 2682 3426 acies
2713 3370 3020 3438 oculorum,
3047 3377 3225 3426 totum
3253 3379 3438 3429 tamen

1844 3481 2042 3537 corpus
2067 3471 2148 3519 est
2187 3482 2197 3519 :
2231 3463 2376 3518 Deus
2407 3468 2609 3529 autem,
2633 3460 2726 3533 qui
2756 3460 2824 3515 ab
2859 3459 2927 3515 iis
2947 3460 3206 3518 omnibus
3225 3461 3439 3518 alienus

1843 3561 1944 3621 est,
1994 3551 2272 3627 quomodo
2311 3558 2490 3623 potest
2540 3548 2834 3620 imaginem
2883 3548 3082 3605 habere
3113 3549 3439 3608 visibilem?

1843 3643 1949 3699 Sed
1969 3642 2092 3698 ideo
2113 3641 2190 3698 sic
2219 3640 2444 3708 dicitur,
2472 3647 2534 3694 ut
2560 3639 2687 3695 talis
2711 3638 2885 3694 Filius
2917 3639 3281 3710 intelligatur,
3305 3655 3436 3712 qua-

1843 3735 1912 3791 lis
1939 3742 2020 3790 est
2049 3734 2243 3802 Pater;
2292 3741 2353 3790 ut
2383 3731 2512 3806 quia
2541 3730 2606 3788 de
2639 3732 2757 3805 ipso
2783 3737 2884 3800 est,
2912 3739 2966 3788 et
2996 3731 3139 3788 nihil
3173 3732 3339 3788 distat
3368 3733 3437 3791 ab

1841 3841 1905 3881 eo
1926 3825 1982 3882 in
2004 3825 2297 3882 divinitate
2319 3831 2553 3891 naturae,
2577 3821 2756 3893 imago
2776 3820 2892 3892 ejus
2912 3820 3131 3877 dicatur
3150 3828 3204 3876 et
3224 3822 3400 3877 forma
3421 3841 3434 3891 ;

1843 3931 1910 3972 ne
1935 3915 2077 3972 alius
2104 3917 2250 3972 Deus
2277 3930 2308 3968 a
2335 3911 2559 3985 perﬁdis
2579 3911 2913 3977 crederetur,
2939 3909 3192 3982 quamvis
3212 3909 3438 3967 nomine

1843 4007 1961 4079 ipso
2001 4005 2109 4063 hoc
2155 4004 2543 4069 contineatur;
2593 4001 2716 4057 ideo
2759 4001 2907 4056 enim
2938 4016 3104 4057 verus
3131 4001 3232 4059 Dei
3261 4001 3438 4060 Filius

1841 4095 2067 4164 dicitur,
2123 4102 2186 4150 ut
2252 4094 2319 4150 de
2373 4093 2494 4164 ipso
2548 4107 2663 4147 esse
2723 4090 2999 4147 credatur.
3057 4089 3161 4147 Sed
3215 4100 3438 4166 propter

1842 4185 2042 4243 malam
2089 4182 2510 4256 intelligentiam
2560 4182 2726 4238 etiam
2786 4180 2892 4238 hoc
2933 4180 3184 4239 additum
3231 4192 3332 4254 est,
3374 4194 3438 4243 ut

1841 4282 1894 4331 et
1940 4274 2120 4346 imago
2162 4271 2280 4344 ejus
2325 4271 2573 4339 dicatur;
2620 4279 2683 4328 ut
2735 4287 2862 4329 cum
2910 4280 3151 4345 apparet,
3205 4273 3336 4332 licet
3375 4273 3435 4332 in

1840 4363 2013 4438 ﬁgura
2056 4362 2317 4432 humana,
2363 4369 2458 4418 aut
2505 4369 2651 4418 certe
2696 4361 2756 4417 in
2800 4362 2942 4435 igne,
2994 4372 3055 4420 ut
3096 4363 3164 4421 ad
3207 4365 3434 4438 Moysen

146 4445 198 4503 in
221 4450 565 4523 agnitionem
597 4452 721 4518 Dei,
752 4453 808 4508 in
838 4453 992 4509 omni
1022 4453 1229 4510 virtute
1266 4454 1436 4512 robur
1463 4457 1734 4530 capientes
1761 4484 1811 4544 D
1843 4453 2046 4526 (Exod.
2089 4469 2173 4520 ui,
2205 4453 2286 4522 2),
2317 4468 2428 4507 non
2463 4450 2577 4524 ipse
2604 4450 2764 4507 Pater
2801 4451 3142 4525 intelligatur
3169 4469 3306 4523 esse,
3338 4453 3435 4510 sed

148 4540 438 4597 secundum
477 4541 783 4614 potentiam
814 4541 1003 4615 glorias
1031 4540 1148 4614 ejus
1180 4543 1235 4599 in
1266 4560 1482 4602 omnem
1514 4548 1736 4620 patien-

149 4625 267 4684 tiam
315 4637 369 4686 et
415 4629 919 4704 longanimitatem,
956 4647 1083 4688 cum
1110 4631 1308 4706 gaudio
1335 4635 1532 4708 gratias
1559 4653 1735 4710 agen—

150 4725 221 4775 tes
263 4723 373 4780 Deo
419 4730 475 4779 et
520 4723 689 4793 Patri,
725 4725 819 4797 qui
849 4724 1069 4781 vocavit
1098 4741 1194 4781 vos
1235 4726 1294 4781 in
1333 4735 1538 4799 partem
1569 4729 1733 4786 sortis

151 4815 454 4866 sanctorum
500 4808 560 4866 in
604 4810 838 4880 lumine,
870 4810 966 4885 qui
995 4809 1251 4868 liberavit
1282 4829 1382 4870 nos
1410 4830 1440 4869 a
1468 4822 1732 4886 potsstate

151 4895 508 4968 tenebrarum,
544 4906 597 4955 et
626 4899 910 4956 transtulit
941 4899 1000 4954 in
1029 4915 1255 4972 regnum
1287 4901 1418 4958 Filii
1449 4901 1734 4960 charitatis

151 4997 292 5042 suae.»
321 4987 727 5046 Incrementum
750 5005 979 5062 operum
1000 5004 1191 5045 eorum
1212 5007 1338 5047 cum
1361 4992 1592 5048 scientia
1611 4993 1733 5047 vult

151 5068 277 5142 ﬁeri,
320 5083 381 5132 ut
426 5093 542 5134 non
580 5077 836 5152 ignorent
876 5077 1005 5134 ﬁdei
1045 5095 1156 5135 suae
1199 5096 1389 5152 spem;
1422 5089 1556 5136 tunc
1583 5081 1730 5136 enim

151 5156 282 5218 ﬁrmi
327 5171 380 5221 et
421 5165 648 5223 stabiles
695 5175 844 5235 sunt,
891 5166 937 5222 si
983 5167 1271 5225 advertant
1327 5185 1448 5241 quae
1487 5185 1585 5241 pro
1625 5167 1733 5226 ﬁde

153 5250 405 5315 promissa
432 5262 582 5324 sunt,
615 5263 671 5312 et
696 5262 901 5329 quanta
926 5254 998 5312 sit
1029 5256 1276 5328 potentia
1307 5256 1495 5329 gloria:
1525 5257 1735 5332 majes-

217 5412 326 5488 (70)
365 5417 524 5475 Rom.
562 5417 694 5475 edit.
727 5418 862 5488 sola,
894 5418 1156 5476 credentes
1184 5418 1313 5491 quia
1336 5436 1436 5493 per
1459 5419 1593 5476 hanc
1612 5436 1732 5494 spes

344 5494 482 5642 εἴεᾷ
515 5559 746 5642 aliquot,
787 5561 879 5642 hos
908 5577 1146 5617 recreare
1175 5567 1224 5616 et
1248 5561 1506 5642 fructum,
1537 5569 1644 5618 etc.

239 5627 326 5701 72)
353 5627 626 5690 Nonnulli
655 5627 811 5703 mss,
840 5632 1097 5712 bonorum
1125 5627 1343 5706 operam
1369 5627 1622 5690 aliorum.

1843 4544 2019 4601 Filius
2052 4561 2064 4600 :
2101 4551 2154 4600 et
2197 4560 2292 4616 per
2320 4543 2378 4599 id
2407 4541 2553 4616 quod
2582 4541 2761 4616 imago
2786 4541 2905 4614 ejus
2933 4543 3159 4612 dicitur,
3193 4542 3335 4598 nihil
3366 4540 3435 4597 ab

1841 4651 1903 4690 eo
1955 4635 2158 4691 distare
2213 4633 2484 4692 credatur.
2547 4632 2700 4689 Unde
2753 4631 2892 4687 dicit
2937 4631 3005 4686 ad
3047 4631 3366 4701 Philippum
3417 4645 3430 4684 :

1855 4750 1873 4773 ι
1903 4724 2178 4797 Philippe,
2202 4723 2296 4794 qui
2318 4739 2404 4777 me
2429 4720 2603 4787 videt,
2625 4719 2777 4774 videt
2806 4729 2860 4775 et
2883 4719 3120 4774 Patrem.
3146 4715 3434 4785 Quomodo

1840 4822 1903 4870 tu
1949 4813 2088 4870 dicis
2123 4830 2134 4866 :
2169 4811 2406 4866 Ostende
2454 4808 2614 4864 nobis
2643 4809 2857 4862 Patrem
2878 4807 2907 4862 Ῡ
2942 4807 3063 4862 Non
3101 4807 3280 4863 credis
3306 4807 3438 4880 quia

1841 4919 1939 4974 ego
1968 4901 2027 4956 in
2058 4899 2236 4965 Patre,
2268 4904 2322 4952 et
2350 4898 2509 4952 Pater
2537 4895 2595 4948 in
2625 4910 2712 4948 me
2733 4901 2813 4948 est
2841 4894 3021 4963 (Joan.
3049 4894 3242 4962 x1v,9,
3276 4895 3420 4967 i0)?-

1842 4991 1970 5046 Hzec
2017 4996 2096 5044 est
2140 4985 2322 5042 unitas
2352 4992 2406 5040 et
2441 4981 2875 5039 substantialitas
2905 4982 3081 5039 Patris
3113 4991 3168 5040 et
3193 4985 3342 5054 Filii,
3371 4993 3436 5043 ut

1841 5079 2082 5136 invicem
2106 5076 2218 5133 sint
2239 5094 2252 5143 ;
2285 5082 2346 5130 ut
2366 5073 2460 5148 qui
2483 5071 2635 5128 videt
2655 5071 2881 5141 Filium,
2906 5072 3092 5129 videat
3111 5082 3166 5130 et
3195 5075 3430 5132 Patrem.

1839 5170 1999 5227 Nunc
2030 5165 2315 5223 videamus
2342 5161 2618 5238 quomodo
2646 5161 2800 5218 visus
2828 5170 2908 5219 est
2938 5161 3149 5229 Filius;
3193 5171 3254 5219 ut
3296 5179 3434 5235 pro-

1843 5258 1971 5316 inde
2019 5257 2392 5329 intelligamus
2437 5269 2546 5328 qua
2597 5253 2810 5310 ratione
2855 5251 3146 5325 Philippus
3193 5251 3434 5309 videndo

1915 5420 2032 5495 (73)
2064 5420 2267 5495 Omnes
2298 5417 2550 5495 _edit.___et
2595 5414 2818 5490 quidam
2840 5431 3010 5495 _ms_s.,
3041 5411 3228 5495 ruentis
3256 5409 3434 5485 cedi/i-

1840 5487 1975 5546 catio
2010 5487 2023 5559 ξ
2055 5490 2379 5546 concinnius
2408 5487 2504 5545 alii
2532 5487 2662 5546 mss.
2691 5489 2875 5544 mentis
2910 5487 3124 5559 dicatio.

1916 5555 2032 5632 (74)
2075 5561 2342 5617 Nonnulli
2389 5576 2547 5624 mss.,
2599 5561 2781 5633 Imago
2835 5559 2935 5618 Dei
2980 5555 3268 5613 invisibilis
3329 5571 3435 5612 esse

1840 5648 1946 5686 non
1958 5639 2147 5704 potest.
