3908 6192
456 313 559 369 447

1463 317 1559 372 ΑΙ)
1597 315 1831 373 OPERA
1868 315 1924 374 S.
1971 315 2304 375 AMBROSII
2339 315 2720 373 APPENDIX.

3667 321 3782 381 448

457 439 683 507 Filium,
715 437 900 495 videat
946 444 1000 493 et
1045 437 1282 496 Patrem.
1309 439 1600 496 Intellectu
1638 445 1783 496 certe
1826 456 2051 512 operum
2081 444 2129 503 A
2169 442 2266 498 ﬁat
2304 442 2360 497 in
2401 441 2659 498 omnibus
2703 441 2817 514 ipse
2864 441 3160 514 primatum
3189 449 3404 498 tenens.
3440 467 3459 491 ι
3504 443 3782 504 Ecclesia

455 528 776 585 divinorum
806 525 1068 583 viderunt
1106 527 1334 596 Filium,
1370 545 1482 584 non
1513 529 1826 585 carnalibus
1854 531 2050 588 oculis.

456 619 589 687 Quae
617 624 874 690 operatus
901 625 982 673 est
1020 616 1216 686 Filius,
1248 617 1394 674 dixit
1419 635 1535 674 esse
1563 618 1774 687 Patris;
1809 629 1872 675 ut
1918 622 2055 676 uni-

456 717 625 766 tatem
674 707 898 764 virtutis
945 709 1274 768 ostenderet.
1310 708 1517 764 Eodem
1564 726 1757 782 genere
1793 711 1947 768 visus
1975 722 2056 770 est

457 813 510 861 et
533 821 566 860 a
593 801 760 860 Iacob
783 820 796 869 ;
833 802 976 857 unde
1003 818 1205 858 nomen
1225 802 1438 874 accepit
1468 803 1654 871 Israel,
1680 804 1734 860 id
1763 811 1865 872 est,
1887 804 2053 860 homo

469 919 488 942 ε
519 893 714 949 videns
739 893 913 948 Deum
947 892 1103 962 (Gen.
1136 908 1318 959 xxxu,
1343 891 1436 964 28)
1468 916 1485 939 ι
1508 936 1520 948 .
1549 893 1775 964 Propter
1795 893 1899 951 hoc
1927 911 2053 966 ergo

457 982 636 1054 imago
665 988 749 1036 est
775 979 960 1037 dictus
989 979 1292 1038 invisibilis
1327 982 1424 1038 Dei
1451 1001 1465 1050 ;
1499 991 1561 1038 ut
1591 982 1706 1056 ipse
1734 1000 1848 1040 esse
1879 985 2054 1041 intel—

458 1071 736 1143 ligeretur,
795 1069 889 1144 qui
951 1086 1048 1142 per
1105 1069 1447 1127 intellectum
1504 1070 1656 1128 visus
1713 1080 1794 1128 est
1838 1074 1983 1129 Deus
2037 1091 2048 1130 :

455 1163 670 1218 Patrem
727 1167 910 1214 autem
971 1174 1255 1218 nunquam
1315 1160 1432 1216 ullo
1487 1161 1652 1218 modo
1713 1164 2049 1235 apparuisse,

454 1249 599 1306 sicut
635 1247 846 1304 dictum
876 1256 960 1304 est
987 1246 1045 1303 in
1076 1247 1379 1320 Evangelia
1408 1265 1420 1304 :
1469 1271 1488 1295 ε
1515 1249 1691 1304 Deum
1720 1265 1880 1305 nemo
1910 1249 2052 1306 vidit

453 1353 694 1411 unquam
730 1337 912 1406 (Joan.
946 1353 986 1404 ι,
1032 1335 1144 1406 18).
1183 1360 1202 1384 ι

527 1427 710 1500 (Vers.
763 1424 877 1496 16.)
927 1448 945 1471 ι
980 1424 1386 1497 Primogenitus
1417 1425 1687 1484 universa;
1707 1436 1990 1486 creaturae.
2018 1455 2036 1478 ι

454 1518 598 1574 Ante
627 1532 846 1572 omnem
875 1523 1206 1584 creaturam,
1241 1516 1487 1589 genitum
1517 1517 1720 1574 Filium
1753 1535 1864 1574 non
1893 1537 2054 1578 crea-

453 1614 594 1677 tum,
649 1612 918 1674 testatur;
978 1612 1042 1662 ut
1097 1615 1405 1663 secerneret
1460 1607 1808 1666 nativitatem
1861 1610 1979 1682 ejus
2021 1629 2054 1668 a

453 1704 716 1753 creaturae
766 1693 980 1752 factura
1033 1710 1045 1750 :
1106 1701 1161 1750 et
1214 1703 1276 1751 ut
1328 1694 1436 1752 hoc
1491 1697 1710 1770 penitus
1766 1701 2050 1769 clarescat,

453 1782 688 1856 subjecit
720 1801 732 1840 :

539 1895 557 1920 ι
602 1873 739 1941 Quia
770 1873 827 1928 in
874 1872 994 1946 ipso
1031 1872 1254 1931 condita
1278 1881 1408 1930 sunt
1438 1875 1623 1931 omnia
1653 1876 1710 1932 in
1733 1877 1888 1935 cmlis
1912 1885 1965 1934 et
1991 1879 2052 1936 in

453 1971 617 2021 terra.
664 1962 922 2022 Visibilia
977 1970 1032 2021 et
1087 1962 1413 2033 invisibilia,
1470 1965 1588 2021 sive
1645 1965 1875 2037 Throni,
1935 1969 2053 2026 sive

451 2053 890 2123 Dominationes,
955 2052 1072 2110 sive
1126 2054 1496 2127 Principatus,
1554 2056 1672 2111 sive
1727 2057 2047 2128 Potestates,

453 2143 640 2199 omnia
686 2159 781 2216 per
823 2143 1002 2215 ipsum
1056 2150 1110 2198 et
1157 2142 1216 2198 in
1266 2142 1385 2215 ipso
1430 2143 1654 2200 condita
1686 2153 1835 2201 sunt.
1870 2172 1887 2194 ι
1929 2149 2050 2203 Non

452 2231 633 2288 solum
693 2231 752 2286 in
795 2248 860 2287 eo
909 2230 1260 2302 magniﬁcum
1319 2241 1373 2288 et
1427 2232 1728 2304 gloriosum
1777 2235 2051 2308 signiﬁcat

453 2319 772 2388 Christum;
805 2321 936 2395 quia
959 2330 1254 2396 antequam
1283 2321 1478 2379 ﬁerent
1497 2324 1704 2394 omnia,
1733 2334 1895 2382 natus
1921 2335 2004 2383 est
2033 2346 2044 2384 :

451 2410 547 2467 sed
562 2419 616 2467 et
635 2411 694 2467 in
715 2410 834 2483 ipso
853 2411 991 2468 dicit
1005 2414 1192 2468 omnia
1211 2412 1454 2481 condita,
1473 2411 1578 2470 hoc
1598 2423 1699 2483 est,
1715 2424 1778 2471 ut
1796 2415 2046 2473 omnium

450 2499 697 2574 potentia
735 2500 791 2556 in
836 2516 901 2556 eo
947 2517 1062 2557 esse
1091 2503 1366 2572 credatur,
1394 2510 1448 2559 et
1476 2503 1600 2559 ideo
1630 2504 1872 2576 profecta
1905 2506 2045 2579 (75),

449 2591 580 2648 dum
630 2589 817 2646 omnia
862 2589 1004 2648 ﬁunt
1033 2608 1129 2664 per
1164 2591 1344 2664 ipsum
1381 2611 1392 2650 :
1426 2592 1532 2650 hoc
1561 2601 1643 2650 est
1671 2603 1854 2651 autem
1887 2602 2050 2666 caput

448 2696 564 2736 esse
593 2679 764 2737 totius
805 2689 1105 2749 creaturae;
1150 2683 1280 2756 quia
1309 2684 1428 2756 ipso
1458 2692 1519 2740 ut
1547 2684 1679 2752 sint,
1710 2699 1826 2739 esse
1860 2699 2049 2754 coepe-

449 2776 598 2824 runt.
621 2768 749 2824 Ideo
778 2777 959 2826 autem
991 2786 1111 2842 quae
1138 2769 1206 2825 ab
1234 2771 1352 2842 ipso
1382 2771 1523 2828 facta
1555 2779 1704 2840 sunt,
1741 2788 1836 2842 per
1867 2772 2046 2843 ipsum

450 2857 593 2912 facta
613 2855 896 2924 dicuntur,
925 2857 1054 2928 quia
1074 2857 1143 2912 ad
1168 2857 1273 2913 hoc
1297 2865 1460 2914 natus
1479 2869 1561 2916 est
1584 2865 1728 2920 265
1758 2867 1818 2914 ut
1846 2859 2049 2916 faceret

447 2959 750 3010 creaturam
787 2971 798 3008 :
833 2952 940 3008 hoc
968 2961 1068 3022 est,
1101 2953 1293 3011 fecisse
1325 2956 1382 3010 in
1414 2973 1477 3012 eo
1523 2957 1663 3029 (76),
1694 2965 1748 3014 et
1777 2974 1872 3030 per
1897 2974 2044 3015 eum.

447 3041 559 3098 Nec
587 3038 734 3095 enim
764 3038 870 3096 sibi
896 3041 1158 3098 nativitas
1177 3059 1275 3097 sua
1299 3043 1536 3115 proﬁcit,
1567 3045 1662 3101 sed
1694 3045 1853 3102 nobis
1877 3065 1890 3114 ;
1919 3048 2048 3119 quia

449 3144 564 3186 non
610 3128 762 3201 eguit
791 3129 961 3199 nasci,
995 3130 1090 3204 qui
1120 3130 1177 3187 in
1222 3130 1310 3188 his
1347 3141 1462 3189 erat
1492 3134 1632 3207 (77).
1665 3133 1950 3202 Quomodo
1979 3144 2041 3192 ut

449 3219 647 3277 unicus
675 3219 775 3276 Dei
822 3220 1000 3278 Patris
1043 3220 1239 3290 Filius,
1273 3223 1550 3295 quomodo
1590 3225 1704 3296 ipse
1733 3224 1891 3279 novit
1921 3241 2042 3297 quae

447 3309 693 3384 ingenita
720 3318 850 3366 sunt
869 3310 967 3368 Dei
989 3311 1210 3368 Patris?
1238 3313 1371 3368 Erat
1392 3313 1541 3370 enim
1568 3313 1624 3369 in
1651 3315 1785 3383 Deo,
1805 3314 1899 3387 qui
1920 3331 2041 3388 pro-

447 3400 612 3458 cessit
639 3400 707 3456 de
737 3403 871 3470 Deo,
903 3401 981 3458 ita
1019 3411 1082 3458 ιιι
1110 3419 1255 3460 unus
1284 3412 1424 3461 esset
1454 3406 1599 3461 Deus
1632 3423 1644 3460 :
1677 3421 1740 3461 ac
1767 3405 1846 3461 sic
1867 3405 1948 3473 ﬁt,
1981 3404 2044 3460 ﬁt

447 3505 627 3562 neque
657 3489 957 3546 diminutio
1007 3491 1080 3546 sit
1126 3491 1321 3561 Patris,
1352 3509 1528 3566 neque
1564 3494 1841 3566 profectus
1889 3495 2039 3564 Filii,

446 3576 580 3631 dum
629 3577 893 3632 nascitur.
924 3579 996 3632 Et
1027 3586 1090 3633 ut
1117 3579 1359 3649 apertius
1389 3582 1566 3638 tradat
1600 3599 1719 3654 quae
1752 3591 1806 3638 et
1839 3593 2045 3656 quanta

445 3663 519 3720 sit
569 3663 815 3737 potentia
867 3665 1018 3734 Filii,
1069 3666 1311 3722 ostendit
1365 3685 1486 3740 qua;
1534 3686 1630 3740 per
1676 3671 1856 3742 ipsum
1907 3673 2040 3743 sint,

446 3768 641 3827 nempe
667 3753 896 3825 Throni,
929 3754 1345 3812 Dominationes
1373 3764 1427 3812 et
1453 3757 1820 3830 Principatus,
1851 3777 1916 3818 ac
1943 3762 2041 3818 Po-

446 3852 704 3914 testates;
738 3853 799 3902 ut
827 3845 1058 3921 proinde
1089 3845 1319 3902 omnino
1345 3846 1531 3903 minus
1567 3847 1711 3904 nihil
1743 3849 1802 3906 in
1830 3866 1896 3907 eo
1926 3868 2042 3909 esse

441 3935 696 3992 credatur
723 3953 886 4010 quam
910 3936 969 3992 in
999 3936 1176 3992 Patre.

518 4026 701 4098 (Vers.
731 4027 845 4100 17.)
883 4052 901 4074 ι
925 4027 997 4082 Ει
1019 4025 1134 4099 ipse
1154 4031 1234 4083 est
1255 4034 1380 4082 ante
1399 4043 1610 4084 omnes.
1635 4047 1663 4081 »
1686 4029 1830 4085 Ante
1851 4047 2042 4088 omnes

442 4114 536 4172 hic
568 4123 684 4181 est;
717 4116 848 4187 quia
879 4115 972 4172 hic
1018 4117 1167 4172 solus
1196 4116 1264 4172 de
1293 4119 1406 4174 Deo
1436 4118 1594 4174 Patre
1630 4126 1792 4174 natus
1835 4129 1936 4187 est,
1973 4119 2040 4176 de

446 4201 689 4272 ingenita
727 4205 918 4274 utique
963 4203 1273 4260 substantia
1312 4206 1433 4261 Dei.
1468 4207 1593 4264 llaec
1620 4217 1803 4264 autem
1835 4208 2040 4266 virtute

443 4289 585 4362 ejus,
613 4306 776 4362 quam
809 4307 904 4362 per
942 4292 1346 4364 generationem
1386 4295 1551 4352 habet
1594 4313 1626 4352 a
1670 4298 1846 4366 Patre,
1898 4300 2042 4356 sub-

443 4380 742 4449 stiterunt;
773 4398 884 4438 non
916 4391 976 4438 ut
1005 4385 1323 4441 communio
1356 4387 1434 4442 eis
1461 4388 1782 4443 substantias
1811 4390 1884 4446 sit
1919 4390 2036 4462 (78)

441 4486 567 4528 cum
597 4485 681 4539 eo,
707 4469 803 4528 sed
832 4488 901 4527 ex
932 4470 1112 4527 nihilo
1155 4482 1297 4530 nutu
1336 4475 1431 4530 Dei
1465 4475 1640 4531 Patris
1670 4478 1813 4534 Filio
1846 4487 2038 4552 agente

439 4566 743 4632 coeperunt.
786 4583 805 4608 ι
838 4561 910 4617 Ει
937 4568 1137 4618 cuncta
1174 4560 1231 4617 in
1283 4561 1398 4634 ipso
1435 4572 1706 4621 constant.
1739 4589 1757 4613 ι
1809 4569 1872 4623 In
1916 4569 2036 4641 ipso

439 4655 714 4719 constant,
747 4649 878 4722 quia
927 4649 1046 4707 sine
1089 4667 1154 4707 eo
1197 4649 1342 4707 nihil
1385 4661 1552 4721 sunt;
1588 4653 1696 4710 nisi
1725 4655 1871 4711 enim
1905 4656 2036 4716 huic

439 4740 649 4796 fuerint
676 4740 919 4810 subdita,
951 4756 1134 4799 errore
1181 4740 1361 4812 devia,
1392 4743 1546 4817 quasi
1577 4743 1874 4816 perditioni
1901 4747 2036 4805 ﬁent

437 4828 698 4886 obnoxia.

511 4920 693 4992 (Vers.
734 4919 849 4993 18.)
885 4944 904 4969 ι
934 4921 1008 4976 Ει
1035 4918 1150 4993 ipse
1178 4929 1260 4978 est
1287 4928 1452 4993 caput
1475 4922 1723 4994 corporis
1747 4923 2031 4992 Ecclesiae,

436 5008 532 5083 qui
571 5017 654 5066 est
699 5010 1058 5084 principium,
1106 5011 1509 5086 primogenitus
1541 5027 1610 5067 ex
1650 5013 1921 5083 mortuis;
1971 5021 2033 5070 ut

505 5232 625 5305 (75)
658 5233 784 5317 Yet.
809 5232 943 5317 edit.
979 5249 1055 5317 ag
1073 5250 1202 5291 mss.
1224 5233 1456 5317 aliquot,
1476 5241 1524 5291 et
1538 5235 1660 5317 ‘Deo
1680 5233 1989 5317 eqperfecta
2010 5255 2031 5301 ;

433 5303 610 5385 llam.
638 5303 798 5385 edit,
837 5312 886 5362 et
928 5324 964 5361 a
1005 5305 1115 5362 Deo
1143 5303 1418 5378 perfecta;
1441 5303 1646 5364 melius
1678 5303 1774 5364 alii
1805 5303 1935 5363 mss.
1970 5317 2031 5364 ut

435 5383 495 5431 in
521 5383 808 5433 contextu.

507 5445 625 5517 (76)
667 5447 825 5504 Rom.
876 5443 1034 5515 edit.,
1079 5453 1128 5504 et
1172 5448 1266 5503 hoc
1311 5454 1387 5503 est
1416 5449 1586 5504 Deum
1627 5447 1810 5518 fecisse
1848 5449 1907 5504 in
1934 5467 2029 5516 eo;

433 5515 564 5596 alia;
588 5515 652 5574 ac
677 5533 806 5574 mss.
838 5519 1105 5596 omittunt
1130 5520 1320 5596 Deum,
1351 5527 1406 5574 et
1431 5535 1530 5591 pro
1554 5515 1696 5575 ineo
1725 5521 1952 5578 Amerb.
1975 5515 2031 5576 et

433 5585 658 5657 quidam
686 5603 817 5644 mss.
852 5589 1108 5656 efferunt,
1136 5591 1194 5644 in
1215 5606 1352 5646 eum.

507 5655 625 5726 (77)
656 5657 863 5714 Eadem
893 5659 1054 5716 Rom.
1084 5655 1220 5718 edit.
1250 5661 1389 5727 sola,
1409 5659 1502 5732 qui
1529 5665 1664 5716 erat.

2162 539 2328 604 caput
2355 539 2436 586 est
2482 529 2753 598 Christus,
2793 530 2838 586 si
2879 537 3063 587 tamen
3098 547 3289 588 omnes
3317 548 3493 588 unum
3527 535 3781 593 sentiant

2163 622 2411 678 caelestes
2421 630 2475 677 et
2489 621 2712 688 terreni;
2729 628 2789 676 ut
2800 619 2910 676 sint
2922 619 3298 688 Ecclesia,hoc
3313 623 3600 687 est,unius
3621 624 3776 695 ﬁdei,

2163 709 2208 766 si
2239 710 2536 782 quominus
2582 709 2822 766 truncati
2851 710 3028 781 capite
3067 711 3238 766 totius
3265 712 3542 783 corporis,
3579 713 3640 770 id
3671 723 3777 785 est,

2163 815 2194 853 a
2217 798 2472 856 Creatore
2501 816 2600 855 suo
2629 799 2884 871 sejuncti,
2922 799 3162 856 amentia
3189 799 3425 872 quadam
3454 809 3511 858 et
3542 805 3776 861 vanita-

2167 896 2215 944 te
2236 888 2595 945 bacchantur.
2633 913 2649 934 ι
2673 889 2778 956 Qui
2798 897 2879 945 est
2901 888 3257 962 principium,
3275 889 3688 963 primogenitus
3705 912 3777 952 ex

2163 980 2423 1046 mortuis;
2455 987 2516 1035 ut
2542 979 2636 1035 ﬁat
2667 979 2725 1035 in
2756 979 3014 1035 omnibus
3036 979 3150 1051 ipse
3178 979 3482 1052 primatum
3516 990 3758 1041 tenens.-

2160 1071 2430 1138 Quoniam
2471 1070 2660 1127 omnia
2702 1087 2798 1142 per
2829 1072 3007 1144 ipsum
3036 1079 3195 1139 sunt;
3227 1087 3325 1142 per
3353 1071 3540 1144 ipsum
3585 1072 3772 1132 denuo

2161 1161 2492 1234 negligentia
2537 1160 2770 1234 quadam
2801 1161 2945 1217 facto
2986 1161 3212 1230 caduca,
3241 1159 3600 1219 reformanda
3643 1164 3772 1221 fue-

2117 1269 2122 1274 ·
2162 1257 2327 1317 ι·ιιιιι;
2380 1266 2449 1305 ne
2493 1249 2560 1306 ad
2607 1249 2867 1321 injuriam
2897 1249 3016 1321 ejus
3047 1249 3366 1321 pertineret,
3394 1251 3444 1307 si
3482 1269 3627 1324 opus
3654 1253 3770 1324 ejus

2161 1356 2256 1412 per
2285 1340 2518 1395 alterum
2550 1346 2912 1396 restauratum
2955 1339 3186 1407 fuisset;
3219 1347 3282 1395 ut
3317 1341 3604 1412 quomodo
3645 1352 3770 1400 ante

2161 1444 2352 1484 omnes
2384 1437 2546 1484 natus
2573 1439 2678 1498 est,
2709 1430 2790 1485 sic
2820 1429 3018 1485 iterum
3055 1437 3182 1484 ante
3207 1445 3400 1486 omnes
3431 1431 3651 1502 primus
3674 1449 3768 1488 es-

2161 1526 2242 1574 set
2289 1533 2359 1574 ex
2407 1517 2808 1575 resurrectione
2847 1525 3215 1586 mortuorum,
3265 1519 3486 1576 reddita
3535 1520 3770 1592 pristina

2161 1607 2309 1675 vita;
2343 1615 2470 1664 ante
2508 1607 2694 1663 omnia
2737 1607 2882 1664 enim
2914 1616 3074 1663 natus
3104 1614 3185 1663 est
3215 1608 3282 1664 de
3309 1610 3446 1678 Deo,
3476 1616 3542 1665 ut
3571 1618 3770 1666 cuncta

2160 1705 2387 1766 crearet,
2411 1715 2530 1771 qua:
2559 1713 2672 1753 non
2702 1705 2876 1754 erant.
2901 1698 3106 1753 Iterum
3140 1705 3324 1753 autem
3353 1705 3580 1771 accepta
3604 1716 3769 1756 carne

2075 1805 2121 1866 Β
2159 1786 2226 1842 de
2274 1787 2488 1858 virgine
2528 1795 2690 1843 natus
2718 1795 2818 1855 est,
2852 1795 2914 1843 ut
2941 1794 3226 1859 peccatum
3257 1786 3402 1860 quod
3433 1804 3504 1844 ex
3549 1789 3767 1862 virgine

2161 1876 2278 1932 Eva
2321 1876 2623 1931 intraverat
2670 1876 2727 1931 in
2775 1875 3065 1945 mundum,
3096 1875 3355 1933 aboleret.
3396 1878 3577 1936 Natus"
3615 1896 3762 1952 ergo,

2160 1973 2214 2021 et
2270 1973 2520 2021 mortuus
2572 1965 2893 2034 resurrexit,
2961 1973 3023 2021 ut
3078 1981 3199 2039 qua
3247 1959 3500 2037 primum.
3530 1967 3764 2038 fecerat,

2160 2062 2347 2127 postea
2392 2055 2593 2110 iterum
2637 2062 2941 2120 recrearet;
2995 2054 3126 2128 quia
3150 2072 3241 2128 per
3269 2071 3508 2111 errorem
3538 2056 3767 2114 fuerant

2160 2144 2316 2200 velut
2346 2153 2584 2213 mortua,
2613 2152 2676 2200 ut
2705 2160 2919 2218 semper
2947 2144 3006 2200 in
3035 2145 3188 2201 omni
3220 2145 3333 2201 vita
3361 2145 3433 2200 sit
3461 2146 3687 2218 primus
3714 2155 3766 2203 et

2159 2236 2433 2309 princeps.

2233 2325 2416 2396 (Vers.
2442 2323 2556 2395 19.)
2594 2349 2612 2372 ι
2631 2323 2771 2390 Quia
2794 2323 2850 2378 in
2872 2323 2992 2395 ipso
3012 2325 3346 2397 complacuit
3365 2325 3512 2381 Patri
3534 2342 3758 2383 omnem

2159 2415 2566 2488 plenitudinem
2606 2413 2933 2470 inhabitare.
2978 2438 2996 2461 ι
3051 2414 3344 2471 Plenitudo
3393 2417 3452 2472 in
3503 2417 3624 2488 ipso
3680 2424 3762 2473 est

2159 2511 2212 2560 et
2256 2511 2478 2570 manet;
2529 2503 2659 2576 quia
2686 2503 2874 2558 omnia
2904 2511 3082 2574 potest
3110 2520 3347 2576 semper,
3378 2513 3442 2560 ut
3476 2505 3621 2561 nihil
3653 2522 3760 2561 ex-

2158 2601 2376 2665 ceptum
2422 2592 2514 2660 sit,
2560 2592 2709 2664 quod
2752 2608 2862 2648 non
2901 2608 2996 2664 per
3023 2609 3147 2649 eum
3183 2595 3354 2665 possit
3381 2594 3666 2665 praestari;
3701 2601 3762 2649 ut

2159 2691 2213 2738 et
2260 2681 2482 2748 faceret,
2514 2689 2566 2736 et
2613 2681 2954 2750 reformaret,
2985 2691 3038 2738 et
3067 2683 3217 2754 lapsa
3243 2684 3495 2755 erigeret,
3528 2691 3583 2739 et
3617 2700 3760 2739 moro

2157 2781 2252 2828 tua
2279 2770 2607 2826 viviﬁcaret.
2642 2770 2797 2828 Unde
2825 2771 2904 2826 ait
2929 2789 2940 2826 :
2977 2795 2995 2817 ι
3018 2771 3174 2828 Sicut
3203 2771 3369 2828 habet
3397 2773 3556 2828 Pater
3585 2772 3758 2829 vitam

2158 2861 2216 2916 in
2265 2860 2591 2931 semetipso;
2648 2859 2724 2914 ita
2769 2859 2923 2916 dedit
2971 2867 3024 2915 et
3066 2861 3209 2917 Filio
3256 2861 3427 2916 vitam
3467 2861 3671 2918 habere
3701 2863 3759 2918 in

2159 2952 2453 3022 semetipso
2478 2950 2660 3022 (Joan.
2685 2965 2741 3017 v,
2760 2949 2876 3018 26),
2911 2974 2928 2997 ι
2970 2957 3024 3004 et
3058 2967 3069 3004 :
3115 2973 3135 2996 ‹
3162 2949 3316 3006 Sicut
3345 2952 3504 3007 Pater
3527 2951 3762 3008 suscitat

2157 3048 2408 3096 mortuos
2447 3047 2500 3094 et
2539 3037 2809 3106 viviﬁcat,
2851 3037 2932 3094 sic
2960 3046 3014 3094 et
3046 3038 3222 3095 Filius
3268 3055 3406 3112 quos
3443 3041 3568 3097 vult
3598 3040 3759 3098 vivi-

2155 3128 2304 3186 ﬁcat.
2354 3129 2462 3184 Nec
2504 3127 2652 3182 enim
2702 3128 2862 3182 Pater
2888 3125 3101 3200 judicat
3131 3145 3486 3202 quemquam,
3515 3130 3613 3187 sed
3639 3147 3796 3250 om}

2155 3234 2220 3250 nn
2268 3216 2536 3250 ἶιτιιῖηἶηηη
2571 3215 2719 3250 Anuli}
2770 3215 2911 3250 Πίιῖη
2941 3217 3083 3250 [ηιςλ
3131 3217 3190 3250 CH
3252 3218 3344 3250 φοι
3401 3243 3417 3250 -
3458 3219 3605 3250 n..:.1
3635 3227 3753 3250 Cum

2152 3234 2220 3274 ne
2263 3216 2538 3289 judicium
2571 3215 2723 3272 dedit
2769 3215 2912 3272 Filio
2941 3217 3102 3288 (Ibid.
3131 3217 3219 3285 21,
3252 3218 3368 3289 22).
3401 3243 3419 3267 ι
3458 3219 3609 3286 Quid
3635 3227 3757 3276 tam

2146 3307 2382 3378 justum,
2405 3305 2514 3362 nisi
2536 3311 2597 3360 ut
2618 3303 2817 3360 horum
2839 3322 2959 3378 quae
2979 3306 3111 3362 fecit
3132 3323 3228 3378 per
3246 3307 3428 3377 illum,
3461 3308 3568 3380 ipsi
3598 3309 3759 3365 daret

2147 3395 2446 3468 judicium,
2479 3403 2541 3450 ut
2569 3395 2751 3451 omnis
2778 3395 3063 3467 plenitudo
3093 3397 3405 3454 divinitatis
3437 3399 3559 3469 (79)
3594 3398 3752 3455 habi-

2152 3493 2294 3541 taret
2314 3485 2370 3540 in
2393 3486 2511 3557 ipso
2533 3501 2627 3557 per
2648 3484 2704 3539 id
2725 3486 2870 3558 quod
2887 3485 3154 3552 diximus,
3177 3503 3396 3542 omnem
3420 3487 3583 3544 illum
3604 3497 3755 3560 pote~

2151 3582 2345 3631 statem
2376 3575 2434 3629 in
2465 3591 2522 3630 se
2547 3573 2746 3629 habere
2773 3593 2784 3630 :
2810 3575 2916 3631 hoc
2943 3585 3044 3641 est,
3066 3577 3240 3632 Deum
3272 3593 3387 3633 esse
3408 3579 3751 3649 perfectum;

2151 3665 2245 3738 qui
2273 3664 2420 3720 enim
2453 3664 2570 3720 haec
2597 3665 2785 3720 omnia
2813 3681 2925 3720 non
2956 3665 3142 3734 habet,
3170 3683 3282 3722 non
3301 3675 3383 3722 est
3411 3669 3581 3725 Deus.

2225 3753 2406 3825 (Vers.
2441 3753 2557 3823 20.)
2604 3777 2621 3800 ι
2649 3754 2719 3808 Ει
2759 3770 2854 3825 per
2904 3770 3029 3809 eum
3074 3755 3429 3812 reconciliare
3469 3756 3659 3813 omnia
3698 3757 3755 3814 in

2151 3842 2353 3915 ipsum,
2405 3841 2699 3915 paciﬁcans
2747 3858 2843 3913 per
2879 3843 3201 3914 sanguinem
3249 3844 3432 3900 crucis
3463 3844 3602 3917 ejus,
3635 3846 3754 3902 sive

2150 3947 2271 4004 qua:
2307 3930 2364 3985 in
2395 3929 2568 3987 caelis
2597 3939 2727 3986 sunt
2777 3931 2920 4003 (80),
2954 3931 3072 3987 sive
3114 3948 3234 4004 quae
3278 3933 3336 3988 in
3363 3932 3545 3989 terris.
3579 3958 3597 3980 ι
3638 3935 3756 3990 Hoc

2150 4028 2233 4075 est
2268 4020 2415 4094 quod
2445 4035 2608 4092 supra
2639 4019 2988 4088 memoravit,
3021 4018 3152 4093 quia
3190 4029 3252 4076 ut
3299 4036 3362 4076 ea
3391 4021 3598 4090 omnia,
3630 4039 3756 4096 qua

2150 4109 2301 4178 fecit,
2335 4125 2430 4181 per
2477 4109 2637 4165 illum
2690 4117 3039 4179 restauraret,
3095 4125 3222 4166 cum
3273 4126 3458 4166 errore
3512 4111 3752 4184 quodam

2149 4197 2460 4270 discrepare
2486 4195 2598 4269 jam
2631 4198 2923 4269 coepissent
2947 4197 3016 4254 ab
3045 4196 3309 4266 invicem,
3340 4215 3441 4256 nec
3470 4216 3586 4256 non
3604 4209 3659 4257 et
3683 4201 3753 4258 ab

2147 4295 2369 4344 auctore
2411 4289 2516 4357 (est
2563 4288 2710 4342 enim
2749 4287 2930 4343 adhuc
2958 4302 3110 4343 error
3138 4286 3196 4343 in
3225 4288 3540 4345 carnalibus
3569 4290 3749 4361 caelis)

2148 4374 2469 4432 humiliavit
2502 4392 2648 4443 eum,
2682 4375 3020 4432 incarnando
3059 4375 3240 4443 illum,
3272 4385 3335 4431 ut
3360 4375 3532 4433 homo
3573 4379 3753 4436 factus

2148 4464 2458 4521 ostenderet
2495 4480 2558 4522 ac
2598 4464 2819 4522 doceret
2848 4464 3125 4536 quomodo
3154 4471 3375 4536 possent
3411 4481 3496 4531 ea,
3538 4483 3660 4540 qua
3692 4467 3752 4524 in

2145 4555 2493 4611 ﬁrmamento
2522 4563 2670 4623 sunt,
2701 4563 2756 4611 et
2784 4572 2947 4628 super
2975 4563 3176 4612 terram
3209 4557 3559 4615 reconciliari
3591 4559 3751 4616 Crea-

2143 4643 2273 4700 tori.
2322 4644 2481 4711 Quod
2527 4651 2588 4700 ut
2633 4644 2700 4700 ad
2748 4645 3052 4717 perfectum
3100 4645 3444 4718 perduceret,
3484 4649 3667 4705 occidi
3693 4665 3754 4705 se

2142 4753 2332 4812 passus
2378 4745 2460 4792 est
2501 4742 2723 4808 propter
2763 4736 3044 4804 homines;
3079 4744 3141 4792 ut
3171 4753 3307 4809 quos
3335 4738 3484 4811 apud
3523 4755 3754 4812 superos

2141 4828 2423 4895 docuerat,
2447 4834 2714 4882 exeuntes
2744 4825 2876 4883 hinc
2904 4843 2935 4882 a
2964 4833 3140 4882 morte
3165 4825 3407 4883 secunda
3434 4828 3614 4884 teneri
3635 4845 3750 4884 non

2140 4915 2388 4988 possint;
2436 4922 2498 4970 ut
2546 4913 2798 4971 doctrina
2847 4913 2966 4986 ejus
3013 4914 3255 4972 fructum
3296 4913 3526 4971 haberet
3556 4917 3752 4988 prima;

2141 5003 2532 5074 institutionis,
2573 5011 2627 5060 et
2671 5003 2856 5060 omnia
2885 5003 3028 5060 facta
3056 5019 3153 5076 per
3181 5003 3365 5076 ipsum
3393 5003 3657 5062 viverent
3687 5005 3747 5060 in

2212 5235 2330 5308 (78)
2361 5235 2526 5308 Romi
2552 5231 2713 5308 edit.,
2743 5246 2849 5286 non
2877 5231 3011 5308 quia
3037 5230 3269 5308 eiusdem
3285 5235 3589 5308 communio
3613 5235 3749 5308 sub-

2138 5303 2336 5381 stantia
2384 5307 2471 5361 sit.
2505 5304 2836 5381 In_fra_rvero_
2864 5319 2962 5381 pro
2992 5303 3049 5358 in
3079 5303 3194 5373 ipso
3223 5311 3486 5373 constant,
3520 5305 3582 5364 in
3608 5307 3748 5381 qui-

2138 5379 2368 5435 busdam
2403 5393 2530 5432 mss.
2564 5373 2784 5446 legitur,
2815 5373 2920 5445 ipsi
2946 5381 3208 5430 constant.

2212 5450 2328 5522 (79)
2374 5449 2454 5503 Ita
2486 5444 2637 5522 _vet.'
2667 5444 2798 5522 edit.
2833 5444 2905 5522 ac
2935 5462 3085 5522 _mss._
3103 5463 3116 5512 ;
3149 5446 3285 5522 edit.
3337 5455 3526 5504 autem
3559 5451 3746 5522 Rom”

2137 5527 2186 5576 et
2213 5515 2271 5576 ιιι
2298 5515 2416 5592 ipsa
2438 5515 2805 5592 patiunda...
2839 5517 3038 5592 injpso
3062 5519 3090 5573 ἵ
3136 5523 3184 5572 et
3209 5518 3267 5574 id
3291 5524 3390 5585 est,
3418 5522 3566 5589 quod

2136 5587 2342 5648 mus”;
2374 5587 2512 5645 ἰήιε
2540 5587 2747 5658 habere,
2762 5589 2919 5658 Aquod
2942 5587 3038 5656 cst,
3070 5593 3176 5658 etc.

2210 5662 2326 5735 (80)
2357 5660 2485 5721 Mss.
2519 5655 2802 5728 nonnulli;
2829 5659 2936 5716 sive
2963 5655 3080 5730 qua:
3104 5657 3162 5713 in
3189 5655 3407 5712 excelsis
3435 5662 3587 5714 sunt.
