3908 6192
155 305 260 370 tte
1206 301 1568 384 COMMENT.
1609 328 1682 387 IN
1717 309 1936 389 EPIST.
1979 335 2074 390 AD
2113 325 2392 397 COLOSS.
3348 344 3452 413 tso

138 455 235 511 pso
263 441 418 513 quasi
449 441 506 498 in
541 455 785 514 auctore,
815 447 960 504 sicut
978 449 1172 507 Petrus
1197 451 1399 509 fatetur
1425 453 1485 509 in
1507 454 1740 539 Actibus
1769 462 1821 521 Α
1850 466 1931 514 est
1959 467 2013 515 et
2041 461 2324 530 colendus,
2359 482 2458 524 nec
2499 467 2568 526 ad
2606 469 2754 529 hunc
2781 476 3139 536 aestimandus
3168 486 3255 535 est
3283 481 3448 552 quis-

133 532 507 602 apostolorum
540 534 687 605 (Act.
719 552 860 604 xvn,
891 536 997 604 28;
1032 541 1264 638 111,}5).
1331 629 1342 638 ο
1559 532 1576 539 ⁷
1634 632 1644 638 ⁸
1697 633 1706 638 _
1848 561 2012 618 quam
2045 549 2222 638 ;quia
2251 551 2345 623 qui
2375 563 2538 626 caput
2562 566 2732 629 tenet,
2765 532 3272 638 reliquamvpart—em
3293 532 3446 624 Qui}.

204 619 390 688 (Vers.
421 622 511 691 2i,
543 623 658 694 22.)
705 649 723 671 ι
750 625 822 679 Et
851 641 951 682 vos
966 628 1243 700 quondam
1272 629 1538 687 alienatos
1557 641 1611 688 et
1631 632 1734 688 ini-
1836 638 2046 711 jectam
2076 619 2423 696 habet—Nam
2441 619 2552 715 qui
2599 664 2656 703 se
2680 619 3272 725 subject‘isvhumﬁiliat,‘
3293 619 3444 713 tvo—tus

126 708 306 767 micos
358 716 723 771 consiliorum
757 715 878 786 ejus
929 717 987 772 in
1027 721 1285 792 operibus
1324 722 1550 795 iniquis,
1588 741 1736 781 nunc
1843 733 2023 793 errat;
2071 728 2198 799 quia
2245 746 2357 785 non
2407 739 2598 790 tenens
2645 748 2806 809 caput
2837 748 3065 799 truncus
3093 753 3197 812 est,
3232 760 3302 800 ex
3333 762 3441 819 quo

121 811 314 860 autem
347 806 735 864 reconciliatos
768 807 826 863 in
857 827 1084 883 corpore
1113 814 1294 870 carnis
1322 815 1439 885 ejus
1467 833 1564 888 per
1593 834 1733 873 mor-
1845 819 2026 868 totum
2057 833 2254 888 corpus
2283 821 2602 879 continetur
2630 826 2697 881 ad
2724 827 2916 885 vitam.

117 901 258 965 tem,
292 899 561 959 exhibere
599 913 812 975 oportet
855 922 952 961 vos
999 915 1216 964 sanctos
1257 917 1311 965 et
1350 909 1732 966 immaculatos
1917 904 2098 975 (Vers.
2143 907 2232 977 25,
2280 909 2396 982 26.)
2439 936 2457 959 ι
2490 912 2659 984 Cujus
2689 916 2865 973 factus
2896 935 3014 974 sum
3063 936 3162 992 ego
3190 922 3441 980 minister

111 992 171 1040 et
208 986 632 1060 irreprehensos
659 993 717 1048 in
763 1003 1059 1067 conspectu
1089 1013 1206 1052 suo.
1241 1022 1258 1044 ι
1313 997 1482 1063 Quale
1520 999 1698 1055 donum

1841 993 2142 1050 secundum
2175 996 2638 1069 dispensationem
2669 1005 2790 1073 Dei,
2815 1023 2934 1078 quae
2963 1007 3090 1064 data
3113 1017 3195 1066 est
3215 1010 3354 1066 mihi
3386 1011 3442 1066 in

108 1075 220 1132 Dei
249 1079 326 1134 sit
365 1097 490 1152 erga
529 1093 714 1154 gentes
743 1093 1031 1153 memorat,
1068 1095 1131 1143 ut
1161 1088 1412 1145 ostendat
1440 1106 1533 1145 eos
1564 1089 1732 1145 debi-
1840 1095 1960 1171 V93»
1993 1082 2060 1136 ad
2111 1084 2456 1157 implendum
2486 1091 2715 1148 Verbum
2764 1075 2861 1149 De—i
2902 1095 2960 1150 ίη
3000 1098 3266 1170 mysterio
3296 1098 3440 1171 ‘1“0d

107 1169 289 1234 tores,
321 1174 376 1222 et
407 1169 628 1241 quidem
662 1173 922 1242 multum,
963 1174 1021 1228 in
1069 1176 1367 1247 gratiarum
1415 1178 1730 1235 actionibus

105 1252 218 1310 Dei
250 1273 264 1322 ;
287 1255 384 1328 qui
405 1271 531 1312 cum
557 1257 771 1315 inimici
792 1270 971 1318 essent
990 1263 1350 1320 consiliorum
1368 1264 1506 1336 ejus,
1529 1265 1730 1338 quibus

104 1339 367 1400 decrevit
394 1345 618 1402 visitare
633 1363 803 1419 genus
826 1348 1134 1407 humanum
1152 1369 1246 1424 per
1261 1353 1532 1410 famulum
1565 1370 1728 1410 suum

100 1428 367 1503 Moysen,
407 1433 567 1506 cujus
595 1435 911 1494 doctrinam
957 1445 1010 1493 et
1059 1447 1380 1512 potestatem
1422 1458 1535 1497 non
1566 1459 1729 1498 rece-

100 1528 338 1591 perunt,
383 1520 568 1579 devoti
625 1524 792 1581 idolis
835 1527 972 1596 suis,
1020 1526 1135 1584 imo
1187 1529 1446 1601 operibus
1476 1532 1723 1605 iniquis;

101 1608 493 1668 adoraverunt
535 1614 684 1669 enim
723 1631 888 1688 opera
929 1633 1047 1683 sua,
1084 1634 1204 1691 quae
1250 1620 1499 1679 fecerunt
1531 1640 1542 1677 :
1580 1628 1724 1686 266

96 1705 500 1764 misericordia
549 1717 731 1766 autem
780 1721 834 1768 et
880 1713 1229 1784 providentia
1274 1717 1374 1772 Dei
1431 1719 1724 1792 requisivit

1838 1167 2222 1231 absconditum
2257 1176 2365 1233 fuit
2398 1194 2430 1233 a
2455 1182 2671 1237 saeculis
2697 1167 3132 1254 saeculorum,“
3161 1204 3192 1242 a
3220 1203 3439 1258 genera-

1838 1255 2106 1316 tionibus.
2129 1286 2148 1309 ι
2192 1264 2509 1324 Ministrum
2531 1269 2736 1328 factum
2759 1289 2815 1329 se
2838 1290 2953 1330 esse
2980 1255 3267 1348 Evangelii
3293 1276 3438 1332 inter

1838 1357 2022 1418 gentes
2051 1366 2081 1404 a
2109 1352 2224 1408 Deo
2252 1369 2349 1425 per
2373 1355 2654 1415 Christum
2686 1377 2812 1418 cum
2843 1361 3047 1421 ﬁducia
3079 1364 3344 1438 loquitur,
3380 1374 3436 1421 ut

1837 1438 2163 1507 mysterium
2193 1453 2434 1514 emptum
2477 1462 2509 1501 a
2545 1449 2784 1506 Domino
2813 1467 2909 1523 per
2936 1452 3198 1509 idoneum
3227 1462 3281 1509 et
3309 1453 3439 1509 eﬁi-

1835 1538 2016 1580 cacem
2047 1544 2267 1586 servum
2314 1535 2488 1604 possit
2535 1535 2776 1610 impleri,
2816 1541 2964 1612 quod
2992 1542 3242 1614 ignotum
3271 1542 3378 1599 fuit
3404 1559 3438 1599 a

1835 1614 2070 1673 saeculis.

1907 1702 2090 1772 (Vers.
2109 1707 2201 1777 27,
2232 1710 2348 1783 28.)
2385 1736 2404 1759 ι
2431 1712 2592 1771 Nunc
2611 1731 2742 1774 vero
2761 1718 3096 1776 declaratum
3118 1730 3200 1780 est
3227 1725 3434 1781 sanctis

93 1809 239 1850 eos:
291 1807 358 1854 ut
404 1799 642 1871 gratuito
669 1801 769 1857 Dei
811 1801 1039 1873 gratiam
1087 1789 1572 1878 consequerentur,
1622 1825 1698 1866 re-

1830 1789 1966 1879 ejus,
1999 1796 2201 1867 quibus
2235 1801 2415 1858 voluit
2458 1806 2606 1861 Deus
2634 1805 3008 1866 demonstrare
3045 1827 3166 1884 quae
3193 1812 3307 1868 sint
3334 1811 3431 1868 di-

92 1882 346 1944 deuntes
392 1889 461 1947 ad
494 1906 620 1947 eum
669 1893 728 1948 in
766 1893 1102 1950 conscientia
1131 1896 1380 1966 munda;
1432 1906 1494 1955 ut
1534 1898 1591 1956 in
1625 1900 1714 1956 die

82 1973 304 2045 judicii
336 1977 467 2035 dum
500 1981 644 2038 nihil
673 1984 875 2040 erroris
903 1985 1106 2042 veteris
1137 1986 1484 2046 inveniretur
1514 1991 1570 2046 in
1602 1990 1711 2060 his,

87 2063 598 2139 adcorporarentur
627 2069 870 2128 Creatori
900 2091 1019 2142 suo,
1053 2075 1150 2147 qui
1187 2084 1251 2131 ut
1282 2078 1564 2149 prodesset
1597 2079 1714 2136 hu-

87 2167 270 2210 mano
301 2158 511 2227 generi,
551 2158 866 2216 incarnatus
894 2161 1060 2218 homo
1085 2162 1262 2219 factus
1288 2175 1392 2234 est,
1418 2177 1481 2223 ut
1508 2167 1567 2222 in
1598 2185 1710 2224 car-

85 2257 156 2298 ne
188 2259 305 2298 sua
332 2245 581 2301 vinceret
611 2255 865 2304 mortem.

161 2330 367 2403 (Vers.
416 2332 506 2401 23,
539 2333 655 2407 24.)
723 2362 740 2384 ι
772 2337 829 2392 Si
874 2337 1097 2411 quidem
1127 2342 1487 2412 perseveratis
1521 2343 1577 2399 in
1607 2343 1714 2400 ﬁde

87 2420 349 2491 fundati,
382 2423 608 2480 stabiles
632 2435 686 2481 et
707 2427 1020 2484 immobiles
1048 2446 1080 2485 a
1108 2446 1201 2502 spe
1234 2432 1542 2506 Evangelii,
1569 2436 1714 2508 quod

89 2511 367 2581 audistis,
397 2513 544 2585 quod
572 2515 930 2588 praedicatum
961 2526 1045 2574 est
1072 2521 1130 2575 in
1161 2523 1420 2579 universa
1440 2533 1708 2596 creatura,

92 2617 222 2674 quae
275 2599 381 2656 sub
429 2604 568 2660 coelo
612 2613 713 2662 est.
748 2605 919 2678 Cujus
965 2610 1144 2668 factus
1191 2628 1311 2668 sum
1362 2630 1460 2687 ego
1507 2616 1711 2674 Paulus

90 2687 383 2757 minister,
413 2692 506 2763 qui
534 2708 682 2751 nunc
702 2696 910 2767 gaudeo
935 2697 993 2752 in
1024 2700 1374 2771 passionibus
1407 2720 1504 2776 pro
1525 2705 1706 2774 vobis,

87 2787 144 2835 et
174 2780 421 2851 suppleo
467 2782 727 2856 reliquias
771 2801 1147 2857 pressurarum
1198 2791 1406 2850 Christi
1453 2794 1511 2849 in
1541 2811 1710 2852 carne

85 2882 219 2924 mea
268 2885 373 2941 pro
409 2887 637 2946 corpore
665 2873 802 2946 ejus,
833 2878 980 2952 quod
1027 2889 1108 2937 est
1136 2881 1402 2939 Ecclesia.
1437 2910 1455 2933 ι
1508 2887 1571 2942 In
1599 2887 1705 2943 tri-

89 2955 512 3030 bulationibus,
545 2979 680 3036 quas
708 2966 1036 3037 patiebatur,
1065 2973 1340 3028 exsultare
1369 2990 1428 3030 se
1456 2974 1659 3033 fatetur
1689 2995 1704 3045 ;

89 3051 230 3123 quia
253 3053 566 3123 profectum
596 3073 757 3112 suum
779 3058 933 3116 videt
969 3061 1028 3117 in
1057 3062 1165 3120 ﬁde
1198 3064 1560 3122 credentium.
1579 3067 1701 3124 Non

83 3149 168 3196 est
223 3142 383 3197 enim
433 3143 612 3202 inanis
663 3147 970 3220 tribulatio,
1017 3152 1236 3224 quando
1278 3170 1404 3210 eum
1459 3173 1556 3227 pro
1597 3173 1706 3230 quo
1739 3181 1784 3242 ρ

81 3233 332 3304 patitur,
379 3235 616 3307 acquirit
654 3239 723 3295 ad
761 3239 954 3298 vitam.
998 3243 1142 3310 Quas
1183 3248 1458 3317 passiones
1489 3249 1708 3307 Christo

81 3319 234 3378 dicit
266 3321 490 3392 inferri,
520 3325 677 3397 cujus
706 3331 898 3403 utique
927 3330 1236 3389 doctrinam
1267 3347 1701 3410 persequuntur;

79 3417 143 3464 ut
170 3416 238 3465 et
276 3411 520 3482 perﬁdos
555 3425 743 3486 gravet
773 3419 1077 3491 impietatis
1125 3439 1236 3479 sum
1265 3425 1613 3496 credulitate,
1653 3435 1707 3484 et

79 3497 362 3555 ﬁdelibus
389 3503 487 3558 Dei
513 3506 772 3576 praedicet
800 3508 1151 3581 charitatem,
1172 3513 1330 3585 cujus
1352 3515 1529 3573 Filius
1557 3534 1706 3575 nunc

79 3608 272 3666 usque
306 3592 542 3665 injurias
572 3599 784 3670 patitur
812 3615 911 3671 pro
937 3603 1117 3659 nobis.
1150 3603 1310 3660 Nunc
1338 3605 1508 3678 igitur
1535 3607 1700 3665 intel-

81 3683 179 3755 ligi
236 3683 370 3740 vult
402 3700 507 3758 qua
538 3703 701 3745 causa
742 3691 936 3747 scribit
975 3692 1044 3749 ad
1074 3710 1186 3764 eos,
1226 3711 1353 3751 cum
1383 3695 1548 3754 dicit:
1598 3724 1616 3747 ι
1646 3699 1703 3756 Si

81 3782 281 3830 tamen
314 3779 677 3847 perseveratis
705 3780 763 3836 in
783 3781 890 3839 ﬁde
911 3783 1126 3840 fundati
1151 3802 1165 3853 ;
1187 3810 1205 3834 ι
1249 3793 1311 3842 ut
1337 3787 1543 3845 scirent
1569 3797 1703 3849 tunc

82 3863 364 3935 prodesse
409 3865 515 3923 sibi
545 3869 855 3942 passionem
895 3872 1127 3942 Christi,
1171 3877 1217 3932 si
1250 3876 1309 3932 in
1337 3887 1558 3951 accepta
1592 3880 1702 3938 ﬁde

79 3961 406 4010 manerent.
440 3955 652 4015 Idcirco
682 3959 828 4015 enim
862 3963 1264 4035 omnipotentia
1299 3968 1699 4040 magnitudinis

77 4049 301 4114 quanta
341 4043 416 4099 sit
464 4043 696 4116 Christi,
727 4055 783 4104 et
812 4066 978 4122 quam
1008 4051 1248 4123 inﬁnita,
1294 4055 1362 4111 ab
1401 4056 1564 4113 initio
1592 4057 1700 4114 de—

76 4132 353 4199 claravit,
397 4141 461 4190 ut
485 4134 707 4191 doceret
746 4136 803 4191 in
845 4137 964 4209 ipso
992 4141 1110 4196 solo
1141 4156 1293 4212 spem
1339 4143 1648 4214 ponendam
1681 4163 1694 4214 ;

77 4226 205 4298 quia
271 4224 458 4296 ipsius
509 4233 639 4280 sunt
686 4227 892 4297 omnia,
949 4239 1003 4285 et
1051 4230 1182 4303 quia
1225 4233 1369 4287 nihil
1415 4239 1535 4289 sine
1579 4237 1700 4308 ipso

78 4320 270 4387 potest
305 4311 524 4381 vivere,
556 4328 733 4385 neque
762 4314 823 4370 in
851 4316 1025 4386 coelis,
1060 4334 1239 4389 neque
1261 4319 1318 4374 in
1347 4321 1526 4378 terris.
1557 4323 1700 4379 Ante

80 4420 283 4462 omnes
321 4404 476 4460 enim
513 4412 616 4474 est,
649 4413 703 4462 et
731 4414 927 4464 cuncta
955 4407 1013 4462 in
1042 4408 1163 4481 ipso
1191 4419 1463 4481 constant,
1495 4414 1622 4486 quia
1641 4415 1698 4470 in

80 4496 359 4552 omnibus
386 4492 502 4566 ipse
532 4495 837 4568 primatum
859 4504 1007 4554 tenet
1031 4517 1046 4566 ;
1080 4508 1141 4556 ut
1172 4501 1219 4556 si
1249 4501 1372 4576 quis
1401 4503 1566 4560 alicui
1595 4505 1698 4560 ele-

81 4599 412 4647 mentorum
444 4598 540 4647 aut
571 4593 916 4666 angelorum,
949 4596 1037 4652 vel
1064 4596 1399 4656 Potestatum
1433 4599 1694 4660 devotum

81 4702 136 4743 se
176 4685 388 4743 debere
439 4701 555 4742 esse
612 4694 786 4760 putet,
844 4704 1022 4747 errare
1077 4707 1133 4748 se
1189 4693 1341 4752 sciat.
1402 4695 1505 4753 Hic
1549 4697 1695 4753 enim

80 4784 231 4827 unus
288 4778 376 4826 est
432 4773 610 4830 Filius
663 4774 784 4842 Dei,
834 4784 1001 4847 caput
1046 4779 1231 4836 omnis
1267 4782 1605 4856 principatus
1642 4795 1697 4843 et

81 4867 376 4942 principii,
408 4868 568 4941 cujus
599 4871 964 4945 Evangelium
992 4877 1348 4947 praedicatum
1383 4891 1463 4939 est
1493 4882 1550 4938 in
1580 4890 1696 4939 toto

82 4965 320 5033 mundo,
356 4964 628 5040 incipiens
647 4985 678 5024 a
706 4969 913 5042 Moyse,
949 4974 1045 5045 qui
1074 4973 1220 5030 dixit
1241 4976 1444 5034 Iudaeis
1470 4995 1482 5033 ε
1524 4977 1698 5044 «Quia

82 5052 422 5128 Prophetam
453 5057 609 5116 vobis
637 5061 926 5120 suscitabit
953 5065 1226 5124 Dominus
1248 5071 1394 5126 Deus
1423 5077 1603 5126 vester
1627 5086 1696 5126 ex

83 5141 357 5202 fratribus
386 5148 606 5218 vestris,
637 5157 896 5224 tanquam
929 5171 1035 5212 me.
1078 5159 1261 5229 Ipsum
1295 5160 1557 5228 audietis;
1591 5159 1696 5217 erit

83 5234 258 5302 enim,
311 5235 630 5311 quicunque
676 5255 787 5296 non
847 5243 1084 5301 audierit
1133 5248 1456 5320 prophetam
1509 5251 1691 5321 illum,

83 5323 557 5410 exterminabitur
597 5327 664 5384 de
706 5329 863 5400 plebe
913 5332 1092 5404 (Deut.
1135 5352 1301 5405 xvm,
1364 5339 1451 5407 15,
1505 5339 1617 5410 19).
1663 5365 1682 5389 ι

83 5408 243 5467 Unde
293 5413 570 5471 Dominus
608 5415 686 5471 ait
732 5417 974 5476 ludatis:
1021 5447 1039 5470 ‹
1068 5421 1209 5490 Quia
1248 5426 1466 5498 Moyses
1511 5408 1580 5484 de
1609 5444 1694 5483 me

82 5500 310 5573 scripsit
341 5502 526 5574 (Joan.
560 5521 618 5574 v,
663 5505 783 5579 46).
816 5533 834 5558 ι
875 5509 1066 5583 Itaque
1095 5511 1189 5569 hic
1217 5529 1362 5570 unus
1389 5515 1694 5573 audiendus

154 5605 522 5695 (84)”0mnes
549 5609 687 5695 edit.
728 5620 782 5669 et
811 5615 1034 5695 quidam
1069 5634 1247 5695 mss,
1272 5620 1383 5695 pitu
1411 5621 1692 5695 inﬁdelita-

83 5677 192 5744 tis;
224 5677 322 5736 alii
352 5682 539 5753 plures
573 5677 948 5759 potioresque,
978 5689 1120 5747 victa
1153 5677 1462 5764 inﬁdelitas.

1829 1877 1978 1938 vitiat
2013 1885 2312 1958 majestatis
2365 1894 2616 1966 mysterii
2651 1897 2750 1952 Dei
2797 1897 2857 1952 in
2910 1877 3248 1969 nationibus,
3279 1901 3426 1974 quod

1824 1977 1904 2026 est
1938 1971 2192 2034 Christus
2223 1979 2281 2034 in
2310 1981 2471 2038 vobis
2499 1999 2623 2056 spes
2651 1985 2860 2057 glorize,
2893 2002 3053 2060 quem
3085 2005 3185 2045 nos
3214 1971 3424 2046 annun-

1823 2058 2044 2120 tiaznus.
2077 2090 2096 2116 ι
2150 2067 2475 2139 Mysterium
2511 2072 2658 2146 quod
2703 2074 2865 2130 latuit
2905 2058 2937 2130 ἐι
2983 2078 3225 2146 saeculis,
3259 2078 3424 2135 modo

1821 2151 2124 2211 1'evelatum
2139 2158 2350 2229 asserit,
2370 2159 2427 2215 id
2447 2169 2548 2230 est,
2571 2169 2816 2236 tempore
2836 2167 3209 2237 apostolorum
3231 2175 3423 2226 osten-

1822 2255 1977 2309 sum;
2027 2246 2156 2317 quia
2199 2253 2252 2300 et
2299 2256 2485 2320 gentes
2532 2249 2886 2309 admittenda
2935 2265 3114 2312 essent
3169 2255 3288 2312 sine
3317 2257 3421 2314 cir-

1822 2330 2163 2389 cumcisione
2199 2335 2382 2390 carnis
2420 2337 2490 2393 ad
2519 2337 2684 2395 ﬁdem
2723 2339 2953 2410 Christi,
2985 2343 3080 2416 qui
3119 2346 3422 2416 promissus

1824 2425 1942 2472 erat
1983 2418 2205 2477 Iudaeis.
2250 2423 2409 2480 Prius
2452 2425 2601 2481 enim
2642 2435 2771 2484 ante
2816 2430 3262 2502 praedicationem
3292 2432 3421 2490 ﬁdei

1823 2510 2152 2566 circumcidi
2178 2513 2498 2571 mandatum
2529 2527 2610 2573 est
2654 2520 2903 2590 gentiles,
2935 2522 2983 2576 si
3010 2522 3317 2579 voluissent
3352 2525 3421 2581 ad

1824 2597 2002 2670 legem
2044 2599 2338 2659 accedere:
2373 2619 2520 2661 nunc
2546 2615 2729 2662 autem
2774 2609 3152 2668 misericordia
3187 2612 3310 2681 Dei,
3343 2613 3420 2669 ita

1821 2697 1883 2745 ut
1908 2701 2059 2762 sunt,
2091 2695 2295 2766 suscipi
2307 2695 2448 2767 jussi
2479 2705 2608 2753 sunt
2639 2699 2707 2755 ad
2736 2699 2921 2756 ﬁdem.
2944 2702 3103 2770 Quod
3129 2703 3420 2777 indignum

1821 2781 2118 2851 putabatur
2158 2783 2382 2853 Iudaeis,
2443 2795 2505 2842 ut
2557 2788 2808 2847 Christus
2861 2792 2921 2847 in
2967 2809 3076 2866 quo
3130 2811 3253 2867 spes
3305 2804 3420 2852 erat

1819 2867 2155 2944 Iudaeorum,
2211 2875 2375 2934 etiam
2425 2887 2613 2952 gentes
2657 2881 2952 2956 participes
2979 2883 3183 2941 faceret
3228 2884 3415 2956 glorias

1815 2977 1949 3021 811$.

1895 3052 2080 3123 (Vers.
2113 3055 2229 3128 29.)
2274 3081 2292 3105 ι
2321 3059 2605 3118 Monentes
2633 3080 2851 3122 omnem
2883 3061 3187 3138 hominem,
3216 3077 3272 3126 et
3299 3065 3413 3126 do—

1815 3149 2001 3197 centes
2046 3143 2105 3199 in
2153 3145 2305 3202 omni
2355 3151 2643 3222 sapientia,
2693 3163 2755 3210 ut
2806 3157 3164 3214 exhibeamus
3191 3175 3412 3216 omnem

1817 3226 2099 3289 hominem
2156 3235 2458 3306 perfectum
2502 3239 2562 3294 in
2609 3240 2830 3298 Christo
2873 3263 2884 3300 :
2940 3245 3000 3300 in
3043 3262 3153 3318 quo
3200 3246 3411 3316 laboro,

1815 3325 2032 3376 certans
2055 3323 2360 3379 secundum
2380 3329 2752 3398 operationem
2782 3329 2976 3402 ipsius,
3006 3349 3128 3407 quae
3155 3342 3412 3407 operatur

1815 3407 1875 3464 in
1904 3425 1994 3466 me
2039 3413 2098 3469 in
2129 3414 2354 3473 virtute.
2388 3442 2407 3467 ι
2451 3418 2604 3477 Hanc
2644 3421 2783 3479 dicit
2810 3439 2996 3480 veram
3042 3441 3158 3482 esse
3184 3426 3410 3498 sapien-

1813 3500 1968 3572 tiam,
2001 3519 2122 3576 quas
2151 3516 2235 3564 est
2261 3509 2318 3565 in
2349 3509 2644 3584 disciplina
2670 3514 2981 3586 Dominica,
3011 3533 3136 3574 cum
3165 3522 3408 3592 agnosci-

1813 3596 1905 3644 tur
1933 3590 2206 3655 Christus.
2243 3599 2402 3667 Quod
2421 3618 2479 3659 se
2497 3603 2679 3675 ipsum
2697 3605 3024 3679 Apostolum
3053 3590 3250 3683 magna
3276 3627 3402 3668 cum

1813 3700 1943 3742 cura
1983 3702 2139 3759 agere
2182 3697 2452 3761 testatur;
2495 3703 2557 3750 ut
2584 3695 2842 3754 erudiens
2873 3715 3094 3756 omnem
3123 3700 3403 3759 hominem

1811 3773 1870 3829 in
1899 3773 2004 3834 hac
2029 3779 2316 3850 sapientia,
2365 3793 2811 3842 consummatum
2840 3803 2967 3844 eum
2995 3789 3256 3846 exhibeat
3291 3792 3404 3847 Deo

1810 3869 1870 3924 in
1911 3870 2248 3931 intellectum
2289 3875 2516 3946 Christi,
2542 3887 2604 3935 ut
2631 3883 2957 3952 mysterium
3004 3883 3311 3940 nativitatis
3334 3901 3404 3941 ex

1808 3959 1941 4027 Deo,
1994 3971 2047 4017 et
2081 3963 2389 4021 nativitatis
2435 3983 2505 4022 ex
2546 3969 2715 4024 Maria
2761 3977 2816 4025 et
2860 3971 3035 4027 totius
3061 3970 3242 4044 operis
3285 3972 3403 4044 ejus

1809 4048 2112 4108 ccelestium
2141 4061 2195 4108 et
2223 4054 2564 4110 terrestrium
2604 4067 2941 4130 assequatur.
2972 4059 3141 4133 Cujus
3169 4063 3248 4118 rei
3288 4079 3399 4121 cer-

1808 4142 1991 4194 tamen
2011 4143 2212 4197 contra
2237 4141 2474 4214 perﬁdos
2503 4143 2702 4202 habere
2730 4161 2788 4202 se
2817 4148 3084 4222 loquitur,
3114 4151 3397 4224 adjuvan-

1809 4230 1959 4288 tibus
1985 4233 2158 4306 signis
2198 4235 2469 4294 virtutum
2503 4255 2515 4294 :
2548 4245 2610 4294 ut
2638 4254 2734 4311 per
2763 4237 2880 4297 hac
2905 4243 3052 4300 victa
3096 4243 3396 4303 inﬁdelitas

1811 4323 1927 4396 (81)
1959 4326 2370 4399 comprimatur.
2393 4328 2499 4397 Qui
2529 4330 2676 4388 enim
2710 4333 2892 4392 verbis
2919 4335 3224 4395 subtilitate
3252 4355 3398 4412 qua-

1806 4413 1931 4470 dam
1955 4415 2243 4475 diabolica;
2272 4420 2526 4478 versutias
2554 4437 2719 4480 ausus
2753 4433 2834 4483 est
2860 4429 3256 4499 contradicere,
3290 4445 3394 4502 pu-

1804 4505 1936 4564 dore
1963 4519 2259 4583 correctus,
2289 4529 2507 4572 necesse
2535 4523 2616 4572 est
2643 4516 2802 4574 cedat
2827 4519 3047 4579 virtuti.

2352 4674 2496 4735 267
2525 4668 2754 4730 CAPUT
2781 4670 2851 4731 II.

1879 4793 2058 4866 (Vers.
2095 4793 2144 4860 1,
2193 4793 2247 4861 2,
2287 4793 2367 4863 3.)
2419 4820 2437 4842 ι
2465 4795 2608 4851 Volo
2638 4797 2785 4851 enim
2815 4812 2916 4853 vos
2943 4797 3105 4866 scire,
3135 4803 3394 4871 quantam

1804 4880 2233 4937 sollicitudinem
2278 4880 2506 4938 habeam
2559 4899 2658 4953 pro
2711 4884 2890 4955 vobis,
2931 4895 2984 4941 et
3030 4903 3130 4958 pro
3180 4885 3267 4941 his
3297 4887 3393 4960 qui

1804 4969 2082 5026 Laodicea:
2133 4975 2282 5036 sunt,
2337 4977 2390 5024 et
2436 4978 2705 5042 quotquot
2750 4988 2861 5027 non
2902 4971 3162 5029 viderunt
3200 4973 3394 5032 faciem

1804 5075 1979 5115 meam
2021 5060 2079 5115 in
2125 5074 2324 5126 carne;
2372 5068 2433 5116 ut
2463 5059 2892 5117 consolationem
2931 5063 3204 5135 accipiant
3231 5065 3396 5122 corda

1805 5164 2013 5216 eorum,
2041 5163 2166 5205 cum
2197 5147 2404 5204 fuerint
2432 5147 2692 5204 instructi
2725 5149 2782 5205 in
2811 5150 3078 5208 charitate
3115 5151 3174 5207 in
3203 5169 3395 5210 omnes

1803 5236 2026 5294 divitias
2056 5237 2418 5310 plenitudinis
2446 5238 2779 5311 intellectus,
2810 5241 2877 5298 ad
2907 5240 3244 5314 agnitionem
3278 5260 3394 5315 my-

1800 5332 1951 5390 sterii
1981 5333 2079 5389 Dei
2129 5333 2185 5388 in
2217 5331 2435 5390 Christo
2455 5334 2605 5407 '(82),
2640 5337 2696 5394 in
2725 5355 2836 5412 quo
2878 5347 3007 5396 sunt
3049 5355 3239 5395 omnes
3281 5338 3392 5396 the-

1799 5424 1947 5481 sauri
1994 5425 2274 5499 sapientiae
2327 5433 2382 5482 et
2430 5427 2672 5485 scientiae
2724 5429 3054 5488 absconditi.
3089 5454 3108 5480 ι
3172 5429 3293 5487 Non
3337 5446 3393 5487 se

1799 5519 1986 5576 minus
2021 5519 2320 5577 sollicitum
2350 5537 2450 5594 pro
2488 5520 2576 5578 his
2608 5539 2744 5595 quos
2772 5524 2831 5580 in
2857 5540 3018 5582 carne
3055 5524 3284 5581 minime
3311 5526 3390 5582 vi-

1873 5625 1993 5700 (82)
2027 5628 2184 5686 Rom.
2217 5627 2351 5685 edit.
2383 5629 2618 5700 mysterii
2645 5630 2745 5688 Dei
2773 5637 2821 5688 et
2853 5631 3037 5689 Patris
3068 5632 3124 5688 in
3159 5631 3390 5690 Christo.

1806 5695 1889 5753 Et
1907 5695 2074 5768 infra,
2101 5700 2417 5755 sacramenti
2438 5695 2548 5757 'Dei
2580 5707 2628 5757 et
2655 5703 2860 5760 Patris.
