3908 6192
495 389 597 460 431

1521 384 1618 447 AD
1657 387 1891 445 OPERA
1927 388 1984 443 S.
2025 379 2358 443 AMBROSII
2397 369 2778 437 APPENDIX.

3702 365 3812 429 L52

499 536 600 603 dit,
636 549 798 607 quam
831 547 927 604 pro
958 529 1071 585 illis
1103 532 1219 583 erat
1249 522 1449 597 quibus
1475 534 1712 592 praesens
1743 515 2091 588 praedicabat,
2129 524 2177 581 Α
2207 511 2399 567 mundi
2429 517 2544 564 arte
2573 506 2802 580 quadam
2853 511 2907 560 et
2951 501 3205 558 minutiis
3251 498 3706 598 disputationum
3750 499 3817 555 ir.

499 605 732 682 testatur
759 639 771 688 ;
808 628 869 676 ut
897 619 1100 675 scirent
1135 629 1245 669 non
1285 613 1498 668 minore
1527 609 1730 664 affectu
1759 605 1914 678 diligi
1944 622 2000 661 se
2028 605 2096 660 ab

499 735 586 786 eo,
619 714 747 788 quia
776 728 868 769 eos
906 725 1018 765 non
1047 706 1280 772 viderat,
1315 719 1477 776 quam
1508 707 1734 756 caeteros
1778 697 1924 771 apud
1962 713 2098 770 quos

500 787 651 873 erat,
669 800 933 872 diligebat
951 816 971 863 ;
1002 805 1063 852 ut
1106 796 1316 850 foveret
1362 793 1576 848 animos
1613 806 1804 846 eorum
1835 788 1893 844 in
1922 787 2096 844 chari~

501 905 631 964 tate,
663 901 717 948 et
748 889 991 963 prompti
1012 887 1206 943 ﬁerent
1226 901 1322 957 per
1343 881 1652 955 epistolam,
1680 888 1734 936 et
1763 877 2098 950 agnitionem

498 986 809 1058 acciperent
850 980 1175 1039 sacramenti
1214 978 1312 1036 Dei
1359 978 1418 1034 in
1466 975 1707 1042 Christo,
1755 971 2100 1028 advertentes

499 1075 598 1131 has
626 1091 742 1131 esse
773 1073 1055 1146 sapientiae
1101 1078 1156 1128 et
1201 1070 1444 1128 scientia
1475 1067 1720 1136 divitias,
1769 1064 1816 1120 si
1846 1077 2098 1136 agnosca-

498 1178 590 1226 tur
619 1168 872 1227 Christus
902 1168 959 1222 in
997 1163 1218 1222 deitatis
1247 1180 1357 1219 sua
1388 1157 1733 1234 plenitudine
1763 1152 2097 1212 adorandus.

500 1260 675 1318 Omne
705 1258 876 1333 igitur
905 1257 1232 1331 mysterium
1280 1251 1608 1313 sacramenti
1635 1250 1735 1307 Dei
1782 1248 1840 1303 in
1881 1245 2101 1304 Christo

500 1360 601 1409 est.
635 1352 739 1409 Hic
768 1357 849 1406 est
878 1349 1027 1406 enim
1072 1365 1235 1418 unus,
1271 1348 1329 1404 in
1367 1363 1477 1420 quo
1507 1344 1688 1402 omnis
1715 1349 1962 1400 creatura
1993 1337 2102 1394 nisi

501 1441 826 1515 speraverit,
868 1441 1108 1514 peribit;
1142 1447 1203 1496 ut
1246 1438 1496 1495 omnium
1529 1434 1775 1508 potentia
1814 1432 1874 1488 in
1915 1447 1980 1486 eo
2009 1428 2100 1496 sit,

500 1541 564 1588 ut
592 1531 686 1605 qui
717 1531 998 1603 cognoscit
1025 1529 1218 1598 istum,
1235 1535 1563 1585 cunctorum
1586 1538 1925 1598 quacunque
1951 1525 2102 1586 sunt,

502 1624 875 1698 cognitionem
935 1622 1191 1678 videatur
1236 1619 1457 1687 habere,
1508 1633 1611 1674 nec
1656 1615 1923 1674 colendus
1965 1612 2106 1668 alius

501 1724 700 1791 prater
727 1715 879 1771 hunc
908 1713 1221 1786 requiratur
1249 1731 1263 1778 ;
1296 1713 1427 1786 quia
1453 1712 1703 1768 omnium
1734 1705 2103 1781 potentiarum

504 1809 686 1865 virtus
717 1808 775 1862 in
805 1823 869 1862 eo
916 1813 1035 1874 est;
1070 1821 1141 1862 ex
1185 1805 1304 1878 ipso
1332 1803 1481 1860 enim
1510 1801 1714 1858 habent
1743 1815 1932 1856 omnes
1963 1796 2103 1869 (83).

511 1905 665 1962 Unus
694 1904 842 1960 enim
872 1919 998 1959 cum
1047 1901 1142 1968 sit,
1175 1900 1363 1957 omnia
1392 1905 1572 1973 potest
1604 1916 1615 1953 :
1649 1912 1816 1970 quare
1859 1902 1914 1951 et
1945 1899 2110 1964 caput
2135 1893 2182 1953 B

506 1996 756 2050 omnium
789 1992 1015 2062 dicitur,
1046 2001 1109 2049 ut
1137 2008 1234 2064 per
1261 1991 1442 2063 ipsum
1473 2003 1662 2046 omnes
1689 1985 1982 2043 subsistere
2011 1983 2109 2038 vi-

507 2083 759 2141 deantur.
812 2084 988 2157 Digne
1031 2100 1158 2156 ergo
1206 2097 1396 2139 omnes
1440 2077 1686 2135 thesauri
1737 2074 2017 2147 sapientia
2055 2080 2111 2129 et

506 2178 750 2237 scientiae
794 2179 851 2234 in
904 2194 969 2234 eo
1022 2176 1288 2234 dicuntur
1333 2171 1666 2229 absconditi.
1723 2167 1918 2225 Omnis
1961 2165 2106 2221 enim

507 2269 750 2327 scientiae
793 2268 935 2324 ratio
981 2267 1154 2324 totius
1200 2271 1465 2322 creatura
1513 2274 1763 2333 supernae
1797 2264 1851 2314 et
1881 2264 2111 2312 terrena

507 2361 566 2419 in
594 2379 659 2419 eo
688 2363 762 2419 sit
788 2365 1020 2434 oportet,
1054 2359 1147 2432 qui
1170 2357 1418 2414 omnium
1448 2370 1639 2412 eorum
1670 2358 1834 2425 caput
1861 2358 1963 2418 est,
1995 2348 2112 2406 sive

508 2454 848 2525 angelorum,
883 2449 997 2506 sive
1027 2449 1180 2518 solis,
1211 2448 1327 2504 sive
1351 2448 1518 2515 luna,
1550 2445 1666 2501 sive
1691 2442 1994 2509 stellarum,
2019 2447 2114 2496 aut

509 2551 827 2600 caterarum
866 2557 1070 2610 rerum,
1098 2539 1279 2596 omnis
1308 2538 1551 2596 scientia
1573 2534 1771 2609 peritia
1800 2533 1858 2589 in
1889 2538 2113 2588 auctore

509 2633 732 2688 illorum
768 2639 883 2699 est;
913 2639 976 2687 ut
1022 2630 1119 2704 qui
1151 2630 1300 2686 hunc
1346 2627 1612 2700 agnoscit,
1660 2623 1803 2680 nihil
1841 2622 1990 2678 ultra
2033 2635 2111 2674 re-

509 2722 713 2794 quirat,
757 2737 859 2778 nec
888 2719 1234 2793 sapientiam,
1265 2735 1366 2776 nec
1393 2717 1680 2784 virtutem,
1724 2713 1856 2788 quia
1883 2711 2110 2785 agnovit

515 2834 663 2884 eum,
697 2819 754 2870 in
798 2833 907 2888 quo
958 2816 1197 2888 perfecta
1226 2815 1424 2881 virtus,
1456 2815 1802 2884 perfectaque
1846 2808 2115 2881 sapientia

511 2914 611 2961 est.
669 2903 952 2975 Quidquid
1009 2906 1158 2960 enim
1215 2903 1350 2958 alibi
1405 2917 1462 2956 se
1506 2900 1784 2972 putaverit
1839 2897 2112 2965 invenire,

511 2995 672 3066 plene
720 2993 778 3046 in
808 2999 863 3046 et
879 2992 984 3048 hoc
1011 2992 1227 3048 abunde
1262 2991 1527 3046 inveniet.
1559 2990 1696 3044 Nam
1740 2988 1874 3061 quid
1903 2987 2113 3060 sapien-

512 3085 627 3141 tius
672 3083 1018 3140 Salomone?
1064 3084 1199 3156 quid
1246 3080 1573 3153 prudentius
1613 3081 1887 3136 Daniele?
1915 3079 2114 3153 quibus

515 3175 725 3234 idcirco
771 3176 918 3232 Deus
965 3191 1074 3248 pra
1105 3174 1314 3231 cateris
1358 3172 1683 3246 sapientiam
1721 3172 1895 3242 dedit,
1927 3181 1990 3229 ut
2017 3188 2112 3228 no-

2206 600 2371 656 retire
2400 597 2640 670 gestiunt
2668 593 3002 668 simplicium
3033 591 3245 647 animos
3275 607 3288 656 ;
3313 595 3375 644 ut
3405 587 3629 644 ratione
3662 605 3818 644 mun-

2205 689 2472 746 danarum
2518 701 2702 743 rerum
2751 681 3071 739 ahstrahant
3109 695 3202 735 eos
3241 695 3271 733 a
3304 691 3419 749 spe,
3456 693 3585 750 qua
3637 683 3726 733 est
3766 677 3815 732 in

2207 779 2445 839 Christo.
2478 775 2633 832 Unde
2662 773 2960 847 Apostolus
2989 771 3188 844 spiritu
3216 785 3272 826 se
3294 768 3412 824 illic
3439 767 3642 824 adesse
3663 765 3814 834 dicit,

2207 877 2269 924 ut
2313 865 2675 924 reverentiam
2730 862 2848 934 ejus
2893 868 3018 917 ante
3064 860 3254 916 oculos
3296 856 3590 925 habentes,
3641 856 3818 912 absti-

2209 964 2402 1014 nerent
2432 971 2487 1011 se
2513 954 2581 1010 ab
2610 951 2932 1024 hujusmodi
2962 948 3302 1006 hominibus.
3327 946 3383 1003 Si
3403 947 3559 1002 enim
3590 946 3818 1020 spiritus

2209 1045 2392 1103 Elisai
2422 1043 2699 1116 propheta
2739 1041 2881 1099 vidit
2912 1039 3162 1096 fraudem
3189 1037 3339 1094 Giezi
3369 1036 3558 1094 euntis
3589 1036 3663 1092 ad
3693 1037 3816 1092 Naao

2211 1151 2337 1191 man
2386 1134 2608 1206 Syrum,
2641 1138 2704 1187 ut
2731 1129 3001 1202 acciperet
3032 1127 3134 1183 sub
3164 1126 3388 1183 nomine
3418 1125 3563 1198 ejus,
3594 1141 3724 1198 qua
3744 1124 3817 1180 illi

2211 1223 2466 1280 mandata
2514 1237 2626 1277 non
2684 1219 2922 1288 fuerant,
2971 1224 3026 1273 et
3079 1214 3505 1272 descendentem
3566 1223 3817 1288 prompto

2210 1312 2397 1368 animo
2438 1311 2678 1367 Naaman
2708 1308 2759 1363 ei
2789 1307 2914 1380 plus
2949 1305 3186 1375 dedisse,
3219 1320 3380 1378 quam
3414 1304 3599 1360 fuerat
3639 1311 3816 1376 postu-

2212 1405 2355 1460 latus
2385 1403 2493 1475 (IV
2528 1403 2653 1474 Reg.
2685 1417 2741 1469 v,
2775 1400 2868 1472 26)
2897 1416 2910 1467 ;
2963 1405 3171 1471 quanto
3201 1396 3373 1470 magis
3403 1397 3717 1469 Apostolus
3743 1412 3815 1464 ea,

2212 1509 2334 1566 qua
2387 1491 2552 1558 dixit,
2594 1497 2806 1563 poterat
2855 1487 2914 1542 in
2953 1486 3153 1559 spiritu
3206 1485 3432 1542 videre!
3463 1483 3648 1556 Major
3675 1484 3813 1539 enim

2215 1581 2388 1656 gratia
2418 1581 2525 1637 fuit
2572 1579 2629 1635 in
2659 1577 2942 1652 apostolis,
2987 1591 3150 1649 quam
3194 1574 3253 1630 in
3299 1573 3609 1647 prophetis.
3647 1573 3721 1630 Et
3765 1581 3818 1629 ut

2212 1672 2578 1746 promptiores
2608 1668 2734 1725 illos
2774 1668 2978 1724 faceret
3005 1666 3154 1722 circa
3191 1663 3550 1720 traditionem
3590 1679 3815 1736 evange-

2217 1761 2401 1828 licam,
2462 1758 2695 1832 gaudere
2741 1773 2797 1814 se
2845 1755 2983 1814 dicit
3031 1754 3091 1810 in
3145 1752 3505 1826 dispositione
3535 1767 3816 1810 conversa-

2216 1847 2387 1906 tionis
2417 1847 2640 1904 illorum
2673 1864 2687 1914 ;
2723 1854 2786 1902 ut
2827 1845 3065 1903 scientes
3100 1841 3248 1899 unde
3285 1845 3397 1899 Deo
3424 1843 3734 1914 placeatur,
3767 1841 3818 1896 in

2216 1955 2281 1996 eo
2312 1937 2505 1994 ﬁerent
2535 1935 2826 2008 firmiores,
2853 1951 2950 2007 per
2979 1931 3127 2007 quod
3156 1931 3306 2004 digni
3344 1931 3524 1988 effecti
3552 1931 3624 1988 ad
3656 1930 3821 1989 utili—

2216 2027 2346 2086 tatis
2376 2027 2680 2102 profectum
2712 2025 2842 2082 ﬁdei
2867 2041 2979 2080 sua
3006 2023 3342 2080 addiscerent
3374 2037 3625 2078 sensum.

2292 2154 2476 2227 (Vers.
2523 2153 2576 2222 6,
2613 2152 2691 2225 7.)
2756 2176 2774 2200 ι
2803 2148 3279 2219 Quemadmodum
3320 2146 3487 2220 igitur
3532 2147 3818 2221 accepistis

2218 2245 2499 2306 Christum
2547 2245 2730 2300 Jesum
2774 2241 3095 2310 Dominum,
3137 2241 3196 2296 in
3244 2239 3362 2312 ipso
3391 2237 3695 2308 ambulate,
3743 2256 3819 2295 ra~

2222 2336 2391 2395 dicati
2422 2341 2475 2390 et
2503 2331 2759 2390 adiﬁcati
2809 2331 2868 2387 in
2899 2330 3042 2404 ipso,
3086 2339 3141 2386 et
3169 2327 3479 2386 conﬁrmati
3507 2326 3642 2395 ﬁde,
3685 2327 3823 2384 sicut

2219 2434 2274 2483 et
2299 2424 2449 2482 docti
2471 2423 2623 2492 estis,
2651 2421 2996 2476 ambulantes
3025 2420 3082 2475 in
3108 2419 3206 2474 illa
3229 2417 3345 2491 (86)
3377 2433 3505 2474 cum
3526 2416 3822 2489 gratiarum

2221 2517 2464 2574 actione.
2501 2541 2519 2564 ›
2562 2513 2678 2570 Hoc
2705 2519 2894 2569 monet
2921 2518 2975 2567 et
3001 2510 3255 2566 hortatur
3283 2525 3350 2564 ne
3383 2507 3608 2564 devotio
3635 2523 3820 2563 eorum

2221 2607 2587 2674 minueretur,
2646 2612 2700 2660 et
2758 2601 3073 2658 recederent
3131 2615 3164 2654 a
3217 2597 3325 2654 ﬁde
3379 2612 3544 2670 quam
3613 2596 3823 2652 fuerant

2223 2695 2481 2763 assecuti,
2529 2700 2584 2748 et
2623 2692 2810 2766 pravis
2849 2689 3052 2746 fabulis
3098 2687 3299 2757 eversi,
3347 2686 3511 2742 aliter
3540 2683 3818 2742 Christum

2221 2786 2555 2857 acciperent,
2585 2798 2750 2856 quam
2795 2779 3127 2838 didicerant.
3154 2783 3300 2840 268
3330 2775 3490 2834 Multi
3520 2775 3672 2831 enim
3701 2792 3822 2832 cor-

2225 2892 2476 2956 ruptores
2505 2881 2637 2938 ﬁdei
2668 2878 3037 2937 circumibant
3064 2875 3135 2932 ad
3164 2873 3503 2932 seducendos
3526 2873 3823 2946 simplices,

2224 2972 2413 3028 dolose
2440 2979 2494 3027 et
2539 2987 2664 3027 cum
2695 2967 3046 3025 simulatione
3096 2965 3488 3022 annuntiantes
3521 2962 3822 3026 Christum,

2223 3079 2360 3137 quos
2406 3062 2602 3118 evitari
2643 3069 2829 3118 monet
2874 3074 3072 3131 magna
3119 3058 3373 3124 cautela;
3404 3064 3467 3111 ut
3508 3053 3736 3112 stabiles
3775 3061 3823 3108 et

2224 3152 2372 3209 ﬁrmi
2401 3169 2566 3226 supra
2596 3151 3020 3208 fundamentum
3043 3146 3350 3215 Trinitatis,
3381 3161 3477 3219 spe
3507 3145 3819 3202 futurorum

512 3274 632 3323 tum
665 3267 871 3325 faceret
899 3266 1220 3323 inﬁdelibus
1249 3266 1420 3322 totius
1442 3282 1498 3321 se
1528 3263 1811 3338 sapientia
1837 3279 1951 3321 esse
1988 3281 2110 3323 auc-
2141 3268 2183 3328 Ο
2223 3242 2424 3316 gratias
2452 3242 2645 3298 “heres
2672 3248 2893 3315 δεθιθηι
2924 3253 3087 3310 super
3111 3234 3493 3293 misericordia
3519 3233 3646 3290 Dei-

513 3365 709 3415 torem.
781 3357 1030 3431 Denique
1092 3355 1601 3415 Nabuchodonosor
1677 3355 1816 3412 dicit
1873 3355 2108 3425 Danieli,

514 3451 793 3508 admirans
833 3467 996 3521 super
1024 3450 1350 3522 sapientiam
1399 3450 1554 3523 ejus:
1613 3472 1633 3497 ‹
1658 3449 1798 3507 Vere
1847 3451 1992 3507 Deus
2021 3465 2111 3506 ve-

515 3547 627 3595 ster
655 3542 771 3611 ipse
817 3547 898 3595 est
946 3541 1090 3594 Deus
1119 3541 1284 3597 vivus
1315 3543 1456 3614 (81’s),
1486 3552 1541 3599 et
1572 3543 1821 3614 aperiens
1851 3542 2112 3614 mysteria

519 3627 688 3698 (Dan.
725 3644 788 3694 ιι,
819 3626 935 3697 47).
982 3653 1001 3675 ι
1043 3628 1204 3694 Quod
1247 3630 1468 3701 quidem
1513 3647 1732 3687 omnem
1762 3631 2111 3688 iucredulum

516 3716 649 3773 latet
694 3715 752 3771 in
789 3715 1009 3774 Christo
1037 3733 1153 3774 esse
1197 3734 1417 3775 omnem
1465 3719 1790 3790 sapientiam
1834 3728 1888 3776 et
1924 3721 2113 3777 scien-

515 3806 682 3875 tiam;
716 3805 846 3880 quia
875 3823 987 3863 non
1035 3806 1225 3880 legunt
1271 3807 1330 3864 in
1376 3808 1694 3880 Evangeliis
1739 3809 2110 3883 astrologiam,

516 3912 626 3952 non
643 3897 702 3953 in
731 3897 996 3970 Apostolo
1017 3897 1390 3970 geometriam,
1420 3898 1612 3953 nonin
1634 3897 1915 3970 prophetis
1943 3899 2112 3955 arith-

515 3985 773 4043 meticam
821 4001 925 4044 nec
968 3987 1238 4043 musicam
1266 4005 1278 4044 :
1311 4003 1432 4061 qua
1461 3987 1670 4044 idcirco
1698 3987 1966 4060 despecta‘
1986 3998 2112 4046 sunt

513 4097 546 4136 a
584 4081 809 4148 nostris,
842 4079 972 4153 quia
1019 4079 1087 4136 ad
1131 4081 1363 4138 salutem
1391 4097 1504 4137 non
1546 4080 1845 4153 pertinent,
1879 4077 1972 4136 sed
2001 4097 2110 4136 ma~

515 4167 597 4238 gis
635 4168 866 4224 mittunt
897 4170 955 4224 in
983 4185 1247 4239 errorem,
1293 4179 1348 4226 et
1373 4178 1607 4228 avocant
1641 4186 1673 4225 a
1704 4171 1854 4237 Deo;
1888 4175 1951 4224 ut
1977 4168 2110 4226 dum

515 4254 604 4310 his
630 4255 855 4312 student
883 4257 1366 4316 ratiocinationum
1397 4259 1884 4332 disputationibus,
1914 4259 2111 4315 anima

513 4361 624 4400 sua
655 4360 844 4401 curam
878 4361 988 4401 non
1035 4355 1217 4417 agant.
1249 4347 1381 4414 Qua
1409 4349 1557 4405 enim
1587 4357 1700 4405 tam
1730 4365 1860 4406 vera
1888 4349 2074 4422 sapien

515 4433 591 4489 tia
638 4442 740 4502 est,
771 4449 935 4505 quam
964 4435 1288 4505 cognovisse
1318 4437 1462 4508 quod
1494 4438 1686 4507 prosit,
1719 4447 1773 4494 et
1798 4437 2112 4510 despexisse

513 4522 662 4596 quod
693 4522 836 4579 obsit
862 4523 890 4578 ‘?
917 4522 1084 4579 Obest
1116 4523 1263 4580 enim
1293 4542 1305 4591 ;
1340 4525 1470 4597 quia
1497 4525 1729 4596 impedit
1756 4527 2018 4594 animam,
2043 4543 2111 4584 ne

2296 3359 2478 3428 (Vers.
2527 3357 2582 3427 8,
2634 3357 2717 3428 9.)
2779 3379 2799 3404 ι
2825 3354 3023 3413 Videte
3066 3368 3136 3409 ne
3173 3351 3298 3424 quis
3329 3366 3428 3405 vos
3481 3347 3824 3421 depradetur

2221 3466 2317 3523 per
2348 3448 2779 3521 philosophiam,
2822 3454 2876 3502 et
2906 3446 3125 3502 inanem
3153 3441 3430 3500 fallaciam
3462 3439 3585 3513 (87)
3616 3455 3819 3497 secun—

2221 3539 2354 3596 dum
2402 3537 2759 3595 traditionem
2819 3533 3132 3615 hominum,
3189 3531 3492 3589 secundum
3548 3531 3822 3587 elementa

2222 3627 2390 3700 hujus
2420 3626 2637 3695 mundi,
2684 3633 2739 3683 et
2767 3642 2881 3682 non
2907 3624 3211 3683 secundum
3241 3622 3564 3688 Christum;
3597 3620 3732 3693 quia
3767 3620 3820 3675 in

2221 3718 2340 3791 ipso
2383 3717 2658 3774 inhabitat
2703 3715 2884 3772 omnis
2927 3713 3213 3788 plenitudo
3263 3711 3582 3769 divinitatis
3633 3725 3819 3782 corpo-

2221 3809 2429 3866 raliter.
2462 3833 2482 3857 ι
2547 3805 2962 3878 Philosophiam
3005 3803 3143 3862 dicit
3190 3812 3485 3870 terrenam,
3532 3815 3632 3873 per
3657 3814 3817 3872 quam

2221 3899 2400 3955 solent
2455 3895 2663 3966 seduci,
2719 3895 2816 3968 qui
2853 3893 3086 3966 cupiunt
3130 3890 3428 3965 prudentes
3467 3887 3713 3961 judicari
3763 3887 3817 3942 iu

2221 3987 2450 4045 mundo.
2501 3987 2629 4044 Hac
2659 3982 2996 4058 argumentis
3024 3991 3079 4040 et
3115 3979 3424 4039 subtilitate
3450 3976 3816 4034 minutiarum

2221 4076 2581 4152 quarumdam
2621 4075 2992 4148 componitur,
3024 4072 3180 4146 quasi
3212 4070 3470 4144 physicas
3506 4067 3818 4140 investiga-

2221 4168 2365 4224 verit
2392 4168 2651 4234 rationes,
2683 4164 2934 4238 quadam
2957 4162 3166 4220 habens
3195 4160 3453 4226 admista,
3483 4173 3607 4231 qua
3635 4155 3816 4214 horta-

2221 4264 2407 4314 menta
2434 4256 2547 4313 sint
2574 4256 2732 4313 bona
2762 4254 2892 4311 vita
2922 4252 3009 4310 vel
3038 4251 3389 4318 documenta,
3419 4245 3726 4320 aliquando
3753 4245 3818 4302 de

2221 4346 2513 4414 mensuris,
2565 4360 2668 4402 nec
2714 4360 2826 4401 non
2873 4348 2927 4398 et
2973 4341 3041 4398 de
3089 4339 3356 4407 numeris,
3405 4333 3710 4409 aliquando
3753 4332 3818 4389 de

2219 4436 2610 4493 elementorum
2644 4433 3001 4509 qualitatibus
3029 4439 3083 4488 et
3110 4427 3514 4504 quantitatibus
3545 4425 3817 4484 ordinata.

2219 4528 2280 4584 In
2311 4527 2467 4600 cujus
2497 4525 2965 4600 disputationibus
3011 4523 3108 4597 qui
3138 4519 3419 4589 inciderit,
3451 4518 3554 4574 vix
3598 4527 3655 4574 et
3695 4531 3818 4573 raro

512 4629 700 4670 curam
745 4612 831 4668 sui
876 4621 1017 4684 agat.
1055 4613 1176 4668 Non
1225 4613 1500 4669 immerito
1530 4629 1657 4685 ergo
1706 4616 1800 4688 qui
1829 4614 2108 4672 Christum
2137 4631 2188 4690 D
2219 4618 2414 4674 evadet
2467 4617 2616 4690 (88);
2666 4617 2946 4673 detinetur
2989 4615 3136 4672 enim
3181 4609 3586 4668 verisimilibus
3613 4608 3816 4676 causis,

510 4702 758 4776 agnovit,
808 4701 1024 4758 invenit
1069 4701 1390 4758 thesaurum
1420 4702 1699 4776 sapientia
1743 4712 1796 4760 et
1824 4705 2103 4772 scientia;

509 4794 736 4868 agnovit
765 4794 915 4850 enim
945 4792 1092 4868 quod
1120 4794 1170 4850 ei
1201 4794 1274 4851 sit
1303 4795 1458 4852 utile.

583 4885 764 4958 (Vers.
797 4883 853 4953 4,
893 4886 970 4957 5.)
1015 4908 1033 4932 ε
1064 4884 1180 4943 Hoc
1207 4885 1354 4956 dico,
1387 4893 1448 4942 ut
1476 4902 1640 4944 nemo
1666 4902 1764 4943 vos
1792 4885 2103 4944 circumve-

510 4973 626 5030 niat
653 4974 713 5029 in
754 4975 1062 5032 subtilitate
1109 4978 1398 5033 sermonis.
1431 4976 1566 5033 Nam
1597 4977 1701 5033 etsi
1742 4991 1968 5049 corpore
1998 4973 2105 5029 ab-

510 5077 634 5118 sens
682 5079 826 5132 sum,
879 5064 1079 5135 spiritu
1123 5072 1309 5121 tamen
1347 5064 1634 5122 vobiscum
1673 5080 1816 5133 sum,
1866 5062 2106 5135 gaudens

508 5164 564 5212 et
607 5155 803 5213 videns
847 5157 1254 5214 ordinationem
1288 5165 1527 5215 vestram
1560 5157 1696 5230 (85),
1747 5164 1802 5213 et
1845 5156 2106 5228 supplens

507 5245 566 5302 id
611 5247 757 5320 quod
795 5246 946 5304 deest
973 5249 1205 5304 utilitati
1252 5248 1380 5304 ﬁdei
1409 5257 1603 5306 vestra
1632 5249 1691 5303 in
1736 5246 2038 5306 Christum.
2072 5272 2090 5296 ι

507 5335 834 5394 Commonet
862 5354 931 5394 ne
960 5337 1020 5393 in
1067 5339 1337 5394 malorum
1371 5339 1664 5411 colloquiis
1688 5347 1741 5396 et
1768 5338 1971 5396 astutia
2000 5339 2102 5395 ini-

507 5427 736 5498 quitatis
754 5444 949 5485 sensus
961 5444 1149 5485 eorum
1173 5427 1616 5485 transduceretur
1638 5447 1653 5496 ;
1686 5428 1816 5501 quia
1835 5428 2104 5501 sapientes

605 5542 697 5614 83)
730 5545 888 5599 Rom.
920 5543 1079 5613 edit.,
1110 5544 1298 5600 habent
1324 5561 1498 5599 omnes
1522 5545 1581 5600 id
1607 5545 1747 5614 quod
1774 5545 1979 5602 habent.

607 5612 700 5687 84)
731 5612 1126 5687 EademRom.
1161 5615 1318 5684 edit.,
1349 5616 1454 5687 ipse
1487 5623 1560 5670 est
1589 5612 1729 5671 Deus
1758 5632 1932 5671 verus.

731 5685 860 5766 ἕω.
893 5685 1122 5766 aliquot,
1151 5693 1200 5766 et
1227 5682 1407 5766 videas
1430 5687 1667 5766 ordiuem
1690 5692 1940 5743 vestrum.

607 5753 702 5826 86)
732 5755 895 5814 Rom.
927 5753 1084 5827 edit.,
1107 5753 1437 5814 abundantes
1465 5759 1524 5814 in
1543 5758 1662 5814 illa.

2215 4717 2270 4768 et
2297 4708 2696 4766 commentitiis
2733 4708 2920 4776 rebus,
2961 4705 3104 4762 nihil
3133 4713 3245 4761 tam
3282 4717 3479 4759 verum
3515 4699 3815 4764 astimans,

2215 4812 2377 4870 quam
2406 4794 2552 4868 quod
2589 4793 2929 4866 conspicitur
2957 4800 3011 4850 et
3039 4791 3373 4863 intelligitur
3402 4787 3462 4842 in
3502 4784 3815 4841 elementis.

2213 4887 2286 4942 Et
2312 4888 2443 4960 quia
2471 4901 2592 4959 qua
2620 4884 2690 4941 ad
2723 4901 2959 4958 prasens
2988 4889 3138 4950 sunt,
3169 4889 3224 4937 et
3268 4884 3576 4937 cernuntur
3615 4873 3817 4941 oculis,

2213 4975 2404 5032 suavia
2421 4983 2474 5032 et
2489 4975 2841 5032 oblectabilia
2859 4972 3148 5037 videntur;
3179 4969 3493 5041 aliquantos
3520 4964 3816 5030 seducunt,

2214 5066 2309 5140 qui
2352 5064 2656 5138 spiritalem
2700 5064 2968 5122 rationem
2999 5056 3405 5133 despiciendam
3437 5063 3492 5111 et
3525 5052 3816 5111 ridendum

2212 5165 2406 5229 putant
2435 5154 2812 5227 desperatione
2840 5151 3036 5220 futuri,
3069 5163 3289 5205 omnem
3336 5146 3453 5201 vim
3489 5143 3661 5200 astris
3687 5141 3816 5197 assi-

2212 5254 2438 5320 gnantes
2468 5244 2674 5303 carnali
2703 5242 2903 5300 rationi
2933 5239 3196 5309 obnoxii;
3230 5255 3298 5295 ne
3327 5235 3516 5310 gravia
3542 5231 3818 5293 credenda

2211 5318 2323 5394 sint
2367 5334 2585 5392 sustolli
2631 5333 2688 5389 in
2726 5333 2926 5390 coelum
2976 5346 3151 5404 posse,
3200 5329 3289 5386 vel
3330 5325 3475 5383 levia
3521 5323 3718 5381 venire
3749 5318 3816 5378 ad

2210 5432 2402 5496 terras,
2456 5431 2549 5482 aut
2603 5421 2817 5497 aliquid
2855 5435 3178 5494 corporeum
3225 5419 3344 5475 sine
3397 5430 3589 5472 rerum
3639 5411 3816 5470 admi-

2285 5541 2402 5685 (87;
2436 5539 2642 5597 Eadem
2669 5537 2827 5619 edit.,
2857 5543 2906 5620 et
2933 5535 3144 5616 inanem
3162 5533 3536 5616 seductioueu}.
3615 5601 3629 5613 ο
3766 5599 3781 5612 ο

2285 5612 2377 5685 (88
2430 5613 2590 5669 Rom.
2621 5609 2778 5685 edit.,
2825 5609 3206 5681 disputationes
3259 5621 3355 5679 qut
3397 5603 3672 5672 madent,
3721 5618 3781 5658 υι

2283 5603 2400 5685 (88)
2430 5613 2590 5669 Rom.
2621 5609 2778 5685 edit.,
2812 5603 3206 5681 disputationes
3259 5605 3355 5679 qui
3397 5603 3672 5672 inciderit,
3721 5603 3818 5658 vix

2210 5681 2309 5741 aut
2336 5681 2610 5758 nunquam
2635 5681 2833 5739 evadet.
