3908 6192
138 383 236 444 433

1160 383 1521 444 COMMENT.
1564 387 1635 443 IN
1674 385 1894 443 EPIST.
1939 387 2033 441 AD
2072 385 2352 444 COLOSS.

3319 378 3428 452 454

129 517 300 571 stione
315 516 580 588 generari,
605 523 972 587 repugnantes
995 514 1255 587 potentiae
1276 531 1338 570 ac
1359 513 1720 586 providentiae
1750 517 1798 574 A
1827 519 2020 567 tenens
2051 512 2246 584 pignus
2268 515 2579 587 exemplum
2627 516 2950 587 Salvatoris,
2985 519 3080 593 qui
3113 522 3425 578 resurrexit

131 606 239 662 Dei.
272 605 465 662 Sciunt
491 607 639 662 enim
671 605 777 678 legi
817 606 873 661 in
918 605 1129 662 divinis
1159 606 1438 662 veteribus
1469 605 1718 661 Hebraeo-

129 713 240 752 rum
273 697 662 753 voluminibus
692 699 868 752 multa
897 706 1044 770 gesta
1069 713 1164 769 per
1192 698 1438 769 Moysen,
1472 713 1590 769 quae
1620 696 1718 752 hu-

126 802 279 842 mana
332 787 476 843 ratio
519 803 632 842 non
690 786 871 859 capit:
925 786 1095 842 simili
1145 785 1307 842 modo
1342 794 1394 841 et
1452 787 1507 840 in
1559 787 1718 842 novis

124 873 277 931 libris
306 873 452 931 facta
480 891 511 929 a
542 875 808 943 Domino,
843 882 936 930 aut
968 890 1064 946 per
1100 875 1394 945 apostolos,
1443 891 1566 946 quas
1595 882 1718 929 ιτα-

121 971 299 1020 ctatus
352 965 589 1021 carnalis
635 963 889 1038 prohibet
917 963 1086 1019 credi.
1118 964 1268 1019 Hanc
1293 979 1421 1035 ergo
1451 963 1717 1019 traditio-

119 1068 241 1108 nem
266 1054 353 1108 vel
384 1053 792 1126 philosophiam
825 1053 1072 1108 fallacem
1101 1060 1155 1107 et
1182 1052 1402 1107 inanem
1429 1053 1667 1125 appellat
1698 1071 1710 1120 ;

119 1140 239 1214 quia
272 1156 384 1196 non
421 1157 452 1195 a
501 1141 744 1212 potentia
793 1141 890 1196 Dei
920 1139 1173 1196 ordinata
1202 1147 1301 1208 est,
1333 1139 1400 1196 ed
1431 1139 1499 1195 ab
1531 1139 1714 1195 imbe-

117 1230 343 1287 cillitate
373 1229 814 1286 ratiocinationis
839 1229 1116 1300 humanae,
1147 1247 1267 1304 quae
1290 1230 1590 1303 potentiam
1614 1230 1712 1284 Dei

119 1318 258 1374 intra
310 1317 597 1376 scientiam
647 1336 800 1375 suam
847 1327 1109 1389 coarctat,
1156 1338 1225 1376 ne
1272 1321 1432 1376 aliter
1461 1318 1714 1376 credatur

119 1407 309 1476 facere,
347 1425 508 1480 quam
556 1409 795 1466 carnalis
846 1426 902 1465 se
932 1410 1180 1465 continet
1225 1411 1403 1476 ratio;
1450 1408 1544 1482 qui
1587 1409 1712 1464 sin-

118 1496 253 1569 gulis
285 1497 574 1554 elementis
604 1497 916 1555 divinitatis
945 1499 1318 1555 diversitatem
1348 1498 1612 1570 deputant
1644 1496 1711 1552 ad

117 1586 406 1657 culturam,
443 1594 505 1642 ut
535 1586 785 1660 obligent
822 1587 1036 1644 animos
1083 1587 1506 1660 imperitorum;
1558 1603 1624 1642 ne
1655 1602 1710 1641 se

117 1672 178 1729 ad
203 1676 382 1732 Deum
413 1691 607 1732 verum
657 1676 976 1733 extendant.
1012 1677 1376 1744 Quamobrem
1407 1675 1705 1732 cavendam

119 1772 298 1819 monet
349 1764 702 1822 traditionem
744 1765 942 1834 istam;
971 1766 1100 1839 quia
1127 1765 1321 1821 mundi
1354 1765 1562 1822 cultrix
1603 1771 1704 1832 est,

1827 619 1897 659 ex
1918 602 2170 680 mortuis.
2208 603 2334 659 Haec
2363 603 2530 674 igitur
2549 617 2886 673 commonet,
2909 615 2970 663 ut
2990 617 3344 680 perseverent
3364 610 3423 668 in

1829 678 2310 748 abrenuntia'tione
2339 709 2550 766 pompm
2581 701 2634 749 et
2679 696 2971 768 praestigiis
2993 678 3256 756 Satanas.
3315 700 3422 768 Qui

1829 781 2054 838 idcirco
2106 781 2500 837 elementorum
2557 783 2745 838 suadet
2797 786 3090 855 culturam,
3140 796 3202 844 ut
3251 791 3423 847 aDeo

1826 887 2038 948 avocet,
2072 875 2214 934 269
2259 880 2552 953 participes
2591 881 2878 953 apostasiaa
2909 899 3018 938 suae
3062 885 3254 940 volens
3298 886 3425 943 efﬁ-

1825 989 1948 1028 cere
1981 973 2253 1030 homines.
2284 974 2424 1042 Quia
2455 975 2601 1030 enim
2634 975 2735 1031 sub
2763 975 2987 1031 nomine
3018 993 3116 1032 suo
3150 978 3423 1036 culturam

1825 1063 2053 1118 suadere
2101 1081 2212 1120 non
2254 1071 2452 1135 potest,
2494 1063 2752 1120 horretur
2800 1063 2948 1120 enim
3002 1065 3120 1139 ipso
3161 1067 3386 1124 nomine
3410 1113 3423 1136 ,

1824 1153 1926 1209 sub
1956 1155 2185 1212 alterius
2230 1155 2456 1212 nomine
2485 1173 2640 1213 suam
2687 1164 2918 1214 conatur
2960 1156 3189 1230 implere
3231 1159 3424 1215 volun-

1823 1250 2015 1299 tatem.

1896 1333 2076 1404 (Vers.
2114 1333 2199 1404 13,
2237 1335 2321 1404 14,
2365 1335 2478 1408 15.)
2524 1360 2543 1383 ι
2571 1335 2643 1392 Et
2668 1351 2768 1392 vos
2811 1351 2936 1392 cum
2980 1335 3186 1392 mortui
3237 1335 3426 1392 essetis

1821 1422 1880 1478 in
1911 1423 2148 1493 delictis,
2180 1433 2234 1481 et
2261 1426 2528 1498 praeputio
2548 1426 2731 1483 carnis
2760 1433 2977 1494 vestra,
3002 1425 3425 1482 convivificavit

1820 1512 1986 1569 simul
2017 1531 2143 1570 cum
2167 1514 2284 1584 illo,
2318 1515 2530 1572 donans
2569 1516 2728 1571 nobis
2767 1515 2953 1572 omnia
2992 1514 3215 1584 delicta,
3245 1515 3424 1572 deleto

1817 1605 2206 1678 chirographo,
2258 1605 2404 1678 quod
2449 1606 2744 1663 adversum
2795 1622 2896 1663 nos
2957 1614 3075 1662 erat
3117 1605 3422 1676 decretum,

1817 1694 1968 1767 quod
1998 1695 2341 1751 contrarium
2367 1703 2480 1751 erat
2509 1694 2670 1751 nobis
2695 1712 2706 1749 :
2731 1702 2784 1750 et
2807 1693 2948 1750 illud
2978 1694 3108 1750 tulit
3128 1694 3195 1751 de
3216 1694 3419 1764 medio,

1813 1790 1870 1838 et
1905 1782 2087 1838 atﬁxit
2127 1783 2299 1852 cruci,
2331 1791 2384 1839 et
2413 1800 2622 1840 exuens
2649 1783 2994 1856 principatus
3024 1790 3076 1839 et
3106 1790 3420 1855 potestates,

118 1868 236 1946 φη-
265 1854 407 1946 θείῃ
441 1854 558 1946 qui
592 1871 735 1946 unus
779 1862 896 1911 θεῖε
948 1871 1048 1911 nec
1093 1854 1160 1910 ad
1209 1852 1645 1946 Christum:_sed
1674 1869 1705 1908 ³
1737 1877 1784 1938 Β
1819 1873 2120 1929 ostentavit
2151 1873 2207 1928 in
2237 1874 2585 1943 auctoritate,
2636 1852 2988 1946 triumphans
3034 1852 3160 1928 illos
3209 1873 3266 1929 in
3302 1852 3421 1946 ipso

116 1941 330 2000 Christo
361 1944 649 2013 abstrahit,
693 1945 750 2001 in
797 1961 905 2019 quo
953 1946 1220 2018 perfectio
1256 1944 1568 2002 divinitatis
1597 1952 1696 2000 est.

117 2031 307 2088 Omnia
328 2033 475 2089 enim
506 2051 626 2107 quas
647 2033 813 2091 habet
829 2037 1006 2104 Pater,
1030 2035 1183 2092 dedit
1205 2036 1368 2104 Filio,
1389 2052 1516 2092 cum
1541 2034 1700 2089 illum

116 2120 167 2177 in
208 2122 578 2195 plenitudinis
630 2125 818 2196 genuit
865 2124 1159 2182 divinitate
1214 2125 1704 2197 corporaliter;ut

115 2209 237 2282 quia
286 2211 404 2282 ipse
459 2219 622 2283 caput
679 2219 780 2280 est,
811 2221 1057 2268 creatura
1101 2221 1282 2269 autem
1338 2213 1456 2284 ejus
1506 2229 1705 2284 corpus

117 2309 205 2368 est,
253 2300 530 2373 quidquid
577 2308 801 2373 putatur
846 2317 1002 2375 posse
1043 2303 1277 2359 caelestis
1305 2310 1572 2369 creatura,
1600 2301 1706 2359 hoc

119 2396 284 2445 totum
334 2390 497 2462 plene
546 2389 603 2445 in
650 2389 873 2446 Christo
927 2407 1042 2447 esse
1085 2390 1380 2458 credatur;
1428 2399 1490 2446 ut
1519 2392 1706 2449 nullus

120 2477 404 2534 arbitretur
452 2495 782 2551 quemquam
841 2479 1013 2534 alium
1059 2479 1373 2536 colendum.
1423 2478 1705 2552 Quidquid

120 2568 253 2624 enim
282 2569 337 2624 in
369 2569 559 2641 aliquo
588 2585 845 2641 magnum
870 2570 1166 2642 putaverit,
1200 2571 1324 2642 plus
1345 2569 1401 2624 in
1425 2569 1525 2626 illo
1555 2569 1705 2625 inve-

121 2655 257 2723 niet;
305 2657 438 2729 quia
478 2673 669 2714 omnes
713 2673 781 2713 ex
830 2658 949 2730 ipso
987 2658 1212 2727 habent,
1247 2659 1389 2715 sicut
1419 2674 1488 2714 ex
1526 2658 1703 2732 capite

121 2747 381 2804 membra:
417 2747 537 2821 ipse
562 2756 742 2804 autem
775 2750 972 2822 plenus
997 2757 1078 2806 est
1107 2765 1344 2822 semper.

181 2856 350 2929 (Vers.
379 2858 497 2931 10.)
547 2881 565 2905 ι
595 2859 667 2916 Et
687 2859 818 2916 estis
848 2859 906 2914 in
937 2859 1034 2914 illo
1057 2859 1271 2931 repleti,
1301 2860 1394 2933 qui
1427 2868 1507 2916 est
1536 2869 1702 2933 caput

117 2947 280 3004 omnis
342 2947 699 3022 Principatus
745 2957 799 3005 et
843 2949 1154 3006 Potestatis.
1187 2976 1204 2998 ι
1264 2951 1395 3006 Plus
1429 2951 1702 3023 signiﬁcat

117 3036 449 3097 credentibus
505 3039 644 3109 dari,
701 3057 863 3113 quam
909 3049 1086 3114 potest
1136 3041 1195 3097 in
1223 3042 1511 3099 elementis
1541 3060 1702 3100 com-

120 3127 358 3196 prehendi
385 3149 398 3199 ;
431 3130 572 3204 quia
605 3131 699 3202 qui
731 3130 789 3187 in
821 3129 1040 3188 Christo
1071 3140 1173 3201 est,
1215 3133 1456 3205 repletus
1500 3139 1580 3188 est
1609 3132 1705 3188 di-

1824 1963 1967 2035 (89).
2001 1989 2019 2012 »
2061 1964 2310 2020 Mortuos
2338 1963 2476 2020 dicit
2511 1963 2742 2037 gentiles
2770 1962 2980 2019 fuisse:
3015 1962 3258 2036 primum
3287 1963 3422 2036 qui-

1815 2051 1960 2121 dem,
1983 2053 2113 2126 quia
2142 2054 2336 2126 legem,
2361 2071 2480 2127 quae
2509 2052 2578 2109 ad
2599 2054 2980 2110 testimonium
3011 2052 3139 2109 data
3157 2060 3239 2109 est
3260 2051 3418 2110 Crea-

1815 2149 1976 2218 toris,
2008 2158 2063 2206 et
2091 2151 2159 2208 ad
2189 2152 2327 2208 vitia
2352 2152 2788 2222 condemnanda,
2822 2151 3064 2225 recipere
3096 2153 3414 2208 noluerunt:

1817 2236 1883 2294 de
1903 2238 2030 2295 inde
2061 2240 2361 2314 impietatis
2380 2250 2726 2314 peccatorum
2756 2258 2984 2297 suorum
3006 2258 3168 2299 causa
3198 2241 3416 2316 indigni

1815 2336 1972 2384 erant
2016 2329 2151 2397 vita;
2199 2331 2430 2403 ideoque
2471 2330 2740 2388 discrevit
2763 2331 2866 2387 hos
2897 2347 2929 2387 a
2971 2330 3212 2388 Iudaeis:
3261 2332 3416 2406 quasi

1817 2429 1911 2500 qui
1942 2426 2150 2482 fuerint
2178 2427 2392 2484 inimici
2419 2429 2521 2484 Dei
2551 2429 2738 2485 unius.
2771 2427 2945 2485 Judaai
2992 2445 3123 2485 vero
3153 2429 3213 2485 in
3251 2431 3418 2488 unius

1818 2516 1918 2571 Dei
1946 2515 2288 2572 confessione
2317 2516 2594 2588 degentes,
2623 2516 2952 2573 adveniente
2978 2516 3220 2586 Christo,
3249 2518 3419 2576 addi-

1817 2611 1978 2659 scunt
2008 2603 2332 2675 mysterium
2364 2604 2483 2672 Dei,
2516 2604 2663 2676 quod
2711 2605 3100 2676 exspectabant
3143 2605 3211 2660 ad
3243 2605 3418 2677 justi-

1816 2689 2129 2749 ﬁcationem
2180 2707 2374 2748 suam:
2420 2699 2480 2747 ut
2527 2693 2584 2747 in
2631 2707 2696 2747 eo
2736 2691 2884 2765 quod
2937 2692 3261 2765 subreptum
3305 2694 3419 2751 illis

1814 2780 2019 2849 fuerat,
2061 2781 2191 2854 quia
2232 2781 2575 2853 impossibile
2605 2790 2687 2837 est
2725 2797 2840 2838 esse
2885 2781 3004 2837 sine
3034 2791 3275 2854 peccato,
3317 2799 3418 2841 ac—

1820 2872 2066 2944 ciperent
2093 2871 2498 2928 remissionem.
2533 2871 2687 2928 Unde
2713 2879 2835 2944 post
2874 2887 3092 2928 causam
3123 2873 3413 2944 gentilium

1814 2960 2033 3018 inducit
2081 2969 2133 3017 et
2178 2961 2415 3030 Iudaeos,
2463 2961 2682 3018 dicens:
2722 2985 2741 3008 ι
2774 2961 2995 3018 Donans
3036 2961 3198 3018 nobis
3228 2965 3414 3020 omnia

1817 3047 2051 3118 delicta;
2095 3077 2113 3098 ι
2165 3058 2227 3106 ut
2271 3058 2392 3123 post
2440 3049 2730 3122 specialem
2768 3049 3063 3122 subjiceret
3090 3060 3143 3108 et
3172 3067 3412 3124 genera-

1817 3139 1957 3206 lem;
2006 3140 2134 3212 quia
2171 3141 2385 3196 cunctis
2423 3139 2653 3195 donavit
2683 3139 2870 3194 omnia
2892 3138 3113 3196 delicta.
3147 3140 3251 3195 Sed
3282 3141 3411 3214 quia

118 3215 345 3274 vinitatis
387 3218 758 3289 abundantia,
806 3236 970 3293 quam
1020 3221 1291 3276 elementa
1341 3238 1451 3276 non
1478 3220 1702 3277 habent.
1742 3239 1786 3299 α
1818 3228 1963 3285 sicut
1992 3229 2129 3285 dicit
2159 3229 2465 3284 Dominus:
2494 3228 2599 3285 Cui
2625 3229 2750 3299 plus
2784 3227 3048 3283 donatum
3082 3229 3270 3297 fuerit,
3301 3247 3410 3286 am-

117 3303 340 3380 Denique
369 3309 426 3364 in
456 3309 814 3365 credentibus
860 3309 1100 3382 Spiritus
1145 3317 1366 3366 sanctus
1406 3310 1699 3381 inhabitat,

116 3397 244 3467 quod
273 3398 568 3455 elementis
600 3400 827 3456 concedi
857 3417 968 3455 non
1002 3399 1220 3473 potuit;
1255 3400 1384 3473 quia
1414 3401 1701 3474 indignum

116 3492 215 3540 erat
243 3495 294 3542 et
322 3488 718 3560 incongruum,
751 3498 812 3546 ut
843 3489 1146 3545 invisibilis
1175 3488 1448 3546 habitaret
1478 3490 1535 3546 in
1564 3490 1703 3547 sub-

117 3574 299 3630 stantia
333 3576 576 3646 visibili,
610 3585 662 3633 et
694 3577 1052 3650 incorporeus
1082 3577 1140 3633 in
1172 3577 1242 3634 iis
1271 3595 1391 3652 qua)
1420 3577 1704 3636 sensibilia

116 3672 246 3721 sunt.
280 3668 535 3724 Audiant
565 3685 691 3740 ergo
725 3675 779 3724 et
825 3668 1052 3725 veniant
1101 3669 1342 3725 cultores
1391 3685 1601 3738 eorum,
1650 3676 1703 3725 et

117 3753 320 3810 credant
347 3757 408 3812 in
438 3756 753 3827 Christum,
782 3767 842 3816 ut
864 3758 999 3816 ﬁant
1029 3757 1262 3831 majores
1307 3774 1521 3828 eorum,
1553 3773 1698 3832 quos

117 3855 248 3901 nunc
283 3845 500 3903 colunt.

179 3939 351 4009 (Vers.
377 3944 467 4014 il,
514 3945 626 4018 12.)
673 3968 691 3992 ι
723 3945 786 4001 In
820 3962 928 4019 quo
951 3953 1005 4002 et
1035 3945 1353 4004 circumcisi
1400 3946 1534 4002 estis
1580 3945 1701 4003 cir-

116 4031 436 4090 cumcisione
457 4049 574 4089 non
603 4033 936 4102 manufacta,
959 4034 1016 4091 in
1033 4035 1489 4108 exspoliationem
1505 4052 1698 4108 corpo-

118 4117 182 4173 ris
204 4122 405 4191 carnis,
439 4123 504 4177 in
546 4122 965 4179 circumcisione
1007 4124 1234 4193 Christi,
1275 4142 1387 4180 una
1431 4143 1557 4182 cum
1603 4126 1700 4182 illo

118 4211 300 4282 sepulti
331 4215 391 4266 in
425 4211 733 4282 baptismo;
767 4212 825 4267 in
851 4231 960 4286 quo
988 4222 1043 4268 et
1071 4214 1237 4270 simul
1281 4216 1568 4272 surexistis
1607 4235 1701 4289 per

119 4293 266 4352 ﬁdem
295 4298 641 4372 operationis
672 4299 793 4367 Dei,
832 4300 926 4372 qui
961 4301 1248 4357 suscitavit
1278 4303 1439 4357 illum
1472 4320 1536 4358 ex
1561 4321 1699 4359 mor-

122 4384 233 4443 tuis.
263 4413 281 4436 -
326 4386 399 4442 Hi
431 4386 912 4444 circumciduntur
941 4389 998 4443 in
1031 4388 1269 4457 Christo,
1302 4391 1396 4464 qui
1427 4401 1703 4463 amputata

120 4475 271 4532 totius
300 4476 624 4533 traditionis
654 4477 908 4534 humanae
938 4479 1174 4548 cultura,
1208 4479 1427 4537 Christo
1446 4481 1701 4556 jungun—

121 4566 216 4630 tur,
241 4565 405 4622 corde
446 4583 560 4622 non
591 4583 754 4623 carne
783 4567 1115 4637 circumcisi,
1166 4569 1222 4624 id
1270 4579 1350 4627 est
1379 4571 1435 4627 in
1480 4573 1698 4645 spiritu,
1729 4603 1776 4661 Β

124 4663 219 4707 non
247 4653 304 4710 in
336 4673 504 4712 carne
538 4657 871 4725 servientes;
905 4666 965 4714 ut
999 4677 1030 4714 a
1059 4660 1290 4717 terrenis
1329 4661 1395 4717 ad
1433 4664 1694 4732 coelestia,

123 4735 180 4792 ab
207 4739 459 4800 humanis
503 4744 569 4800 ad
599 4744 811 4816 divina,
862 4746 930 4803 ah
972 4765 1154 4806 errore
1199 4759 1593 4809 convertantur
1629 4754 1695 4810 ad

124 4829 412 4902 veritatem,
446 4835 615 4907 capiti
651 4843 704 4892 et
731 4839 943 4894 auctori
974 4856 1074 4895 suo
1102 4841 1344 4912 copulati
1378 4859 1476 4914 per
1505 4843 1697 4898 chari-

125 4923 292 4977 tatem.
328 4925 466 4981 Cum
504 4943 612 4999 quo
639 4928 840 5000 sepulti
874 4937 1004 4985 sunt
1036 4929 1093 4984 in
1125 4929 1486 5002 baptismate:
1523 4948 1696 4987 resur-

125 5023 367 5071 rexerunt
389 5011 571 5072 autem
604 5035 699 5090 per
728 5019 890 5075 ﬁdem
921 5021 1042 5089 Dei,
1069 5019 1135 5076 de
1160 5038 1267 5094 quo
1298 5023 1530 5078 credunt
1551 5021 1698 5094 quod

125 5106 355 5176 exemplo
386 5106 594 5164 Christi
636 5109 983 5166 resuscitabit
1017 5109 1144 5165 illos
1178 5126 1246 5166 ex
1285 5110 1538 5166 mortuis.
1579 5110 1700 5167 Illic

127 5194 254 5250 enim
287 5196 454 5255 homo
502 5209 659 5256 vetus
694 5201 1010 5274 deponitur,
1045 5210 1099 5258 et
1129 5219 1308 5258 novus
1356 5201 1694 5258 assumitur:

128 5286 341 5350 peccatis
371 5289 626 5357 moritur,
660 5300 721 5347 ut
750 5292 903 5346 vivat
927 5291 1159 5364 justitiae
1184 5309 1194 5346 :
1231 5292 1519 5347 elementis
1549 5291 1699 5346 abre-

130 5375 346 5444 nuntiat,
396 5386 459 5433 ut
508 5377 730 5437 Christo
757 5381 1016 5450 societur,
1049 5381 1468 5438 resurrectionis
1498 5381 1698 5437 futura:

191 5514 300 5598 (δὴ
331 5519 414 5575 Ita
441 5527 549 5598 vet.
581 5522 800 5598 edit_._et
820 5539 950 5580 mss.
978 5523 1086 5598 nisi
1110 5523 1256 5598 quod
1276 5524 1383 5579 illae
1402 5523 1703 5598 praeferunt

131 5581 412 5666 decreti...”
444 5592 568 5647 illos
595 5594 652 5648 in
676 5595 928 5666 Aidips-um,
973 5596 1070 5651 ubi
1112 5581 1308 5650 liorum
1342 5581 1583 5666 potiores
1612 5594 1702 5666 le-

133 5666 268 5735 ειωι,
296 5662 822 5738 decret_um.....'il[os
864 5662 922 5720 an
958 5667 1092 5738 ipso.
1145 5667 1302 5723 Rom.
1345 5662 1533 5720 autem
1560 5662 1699 5738 edit.

133 5734 199 5783 sic
259 5734 522 5806 reposuit,
583 5736 788 5794 donans
841 5734 993 5795 vobis
1041 5738 1221 5794 omnia
1276 5738 1484 5806 delicta,
1538 5735 1702 5792 deleto

1811 3321 1959 3393 plius
1987 3321 2149 3377 debet
2177 3321 2406 3393 diligere
2439 3320 2590 3391 (Luc.
2624 3335 2726 3386 vn,
2759 3317 2886 3389 43):
2921 3317 3128 3375 idcirco
3157 3335 3412 3375 commo-

1811 3417 1905 3467 net
1953 3419 2161 3482 gentes,
2211 3417 2274 3464 ut
2302 3407 2710 3468 considerantes
2740 3423 2930 3463 causas
2975 3407 3245 3463 malorum
3275 3424 3414 3464 suo-

1814 3515 1960 3569 rum,
1987 3508 2040 3555 et
2070 3499 2284 3572 qualem
2304 3497 2534 3571 gratiam
2555 3501 2880 3568 acceperunt
2904 3511 2935 3550 a
2952 3497 3064 3551 Deo
3088 3493 3147 3550 in
3169 3495 3411 3564 Christo,

1812 3598 1927 3647 tota
1953 3591 2248 3647 devotione
2277 3588 2506 3646 solliciti
2545 3587 2658 3644 sint
2692 3586 2839 3644 circa
2867 3585 3192 3660 obsequium
3221 3585 3357 3659 ejus,
3381 3605 3413 3645 a

1810 3696 1920 3753 quo
1953 3697 1985 3736 a
2014 3679 2242 3742 diversa
2259 3680 2452 3734 mortis
2480 3691 2642 3750 pmna
2684 3684 2814 3732 sunt
2844 3675 3082 3732 liberati.
3119 3674 3412 3743 Quomodo

1810 3787 1937 3843 ergo
1965 3769 2194 3828 donavit
2213 3768 2374 3826 nobis
2399 3766 2586 3825 omnia
2607 3765 2809 3822 delicta
2837 3764 2866 3820 ?
2908 3788 2926 3814 ι
2955 3765 3169 3832 Deleto,
3194 3765 3400 3839 inquit,

1810 3858 2198 3933 chirographo,
2275 3857 2423 3932 quod
2495 3864 2612 3913 erat
2681 3852 3058 3911 adversarium
3139 3850 3323 3908 nobis.
3378 3877 3396 3898 ι

1809 3951 1881 4006 Et
1930 3949 2064 4021 quid
2113 3955 2196 4004 est
2251 3947 2455 4013 delere,
2505 3942 2739 4014 subjecit
2805 3940 3030 3997 dicens:
3088 3962 3108 3987 ι
3141 3940 3229 3996 .Et
3271 3939 3410 3996 illud

1811 4038 1946 4095 tulit
1984 4038 2052 4093 de
2101 4035 2302 4092 medio.
2338 4060 2356 4084 ο
2426 4034 2518 4091 Sic
2556 4048 2684 4105 ergo
2732 4030 2957 4099 delevit,
3007 4045 3134 4087 cum
3179 4027 3309 4085 tulit
3337 4028 3406 4086 de

1812 4127 2015 4184 medio.
2047 4125 2138 4182 Sic
2168 4133 2358 4186 autem
2397 4123 2528 4180 tulit
2566 4122 2633 4179 de
2663 4120 2864 4190 medio,
2907 4136 3030 4178 cum
3070 4118 3262 4192 afﬁcit,
3309 4118 3407 4190 ait,

1809 4216 1972 4272 cruci.
2033 4214 2267 4287 Aﬂigere
2313 4222 2496 4270 autem
2544 4211 2718 4282 cruci,
2770 4209 2877 4268 hoc
2919 4209 3066 4268 dixit
3111 4224 3226 4266 esse
3275 4223 3411 4281 spo-

1811 4305 1944 4361 liare
2005 4304 2346 4379 principatus
2402 4310 2456 4360 et
2518 4309 2810 4377 potestates
2888 4300 3130 4375 publice,
3189 4307 3244 4356 et
3320 4300 3410 4357 de-

1809 4394 2151 4467 triumphare
2179 4393 2305 4450 illos
2352 4394 2409 4449 in
2457 4393 2699 4452 Christo.
2744 4393 2890 4461 Haec,
2937 4391 3080 4450 sicut
3123 4389 3407 4458 videntur,

1810 4483 2042 4541 obscura
2091 4491 2242 4554 sunt,
2291 4501 2354 4540 ac
2401 4499 2498 4557 per
2553 4483 2658 4542 hoc
2715 4481 2963 4539 adhibita
3025 4495 3158 4537 cura
3213 4478 3408 4534 diluci-

1809 4570 1989 4629 danda
2019 4581 2165 4630 sunt.
2197 4573 2313 4630 Hoc
2343 4580 2426 4629 est
2455 4573 2773 4645 praesidium
2805 4569 2926 4638 Dei,
2951 4567 3097 4642 quod
3118 4583 3214 4638 per
3242 4565 3408 4636 signi-

1811 4661 2086 4718 ficantiam
2118 4661 2461 4717 diversarum
2493 4674 2783 4716 causarum
2813 4657 3046 4726 exponit
3089 4653 3406 4724 Apostolus.

1806 4753 1979 4808 Multa
2017 4751 2164 4805 enim
2191 4751 2311 4806 acta
2342 4757 2628 4816 memorat,
2678 4763 2786 4818 quo
2821 4759 2990 4816 genus
3019 4740 3306 4796 hominum
3340 4739 3408 4796 ad

1807 4838 2208 4909 indulgentiam
2262 4837 2611 4907 perveniret;
2667 4843 2730 4888 ut
2780 4846 2890 4885 non
2951 4830 3130 4884 solum
3189 4828 3410 4898 propria

1809 4929 2116 4984 remitteret
2147 4925 2309 4980 nobis
2339 4925 2562 4991 delicta,
2594 4921 2689 4976 sed
2717 4927 2772 4974 et
2803 4919 2943 4974 illud
2970 4918 3188 4974 tolleret
3218 4933 3406 4989 pecca-

1807 5027 1950 5085 tum,
1973 5015 2120 5089 quod
2150 5031 2218 5069 ex
2249 5014 2380 5068 Adae
2400 5020 2515 5068 erat
2537 5009 2989 5082 prmvaricatione
3013 5007 3182 5080 (quod
3211 5009 3408 5081 appel-

1810 5107 1946 5164 lavit
1974 5103 2400 5176 chirographum
2431 5101 2487 5157 in
2519 5098 2778 5170 decretis)
2809 5097 2956 5172 quod
2988 5114 3088 5154 nos
3111 5114 3142 5153 a
3173 5099 3407 5156 mortuis

1810 5210 2088 5268 resurgere
2136 5210 2248 5250 non
2297 5191 2544 5260 sinebat;
2589 5189 2718 5264 quia
2745 5189 2791 5245 si
2821 5197 2875 5245 et
2903 5187 3008 5244 hoc
3036 5204 3146 5242 non
3191 5188 3407 5244 tulisset

1809 5285 1876 5341 de
1907 5282 2110 5352 medio,
2143 5290 2407 5338 exeuntes
2436 5281 2589 5349 hinc,
2627 5279 2721 5351 qui
2750 5284 3071 5350 acceperant
3097 5275 3402 5347 remissam,

1811 5375 1929 5433 illic
1971 5380 2292 5430 tenerentur
2335 5372 2482 5444 apud
2529 5369 2755 5425 inferos.
2807 5368 2979 5424 Porro
3042 5375 3226 5424 autem
3283 5364 3408 5422 ideo

1809 5519 1950 5592 quod
1977 5517 2258 5592 adversum
2283 5533 2380 5592 nos
2407 5521 2542 5579 erat,
2583 5510 2934 5592 chirographo
2961 5509 3019 5592 in
3048 5509 3330 5592 decretis._..
3361 5515 3410 5564 et

1811 5581 2114 5663 exspoliari:
2137 5589 2474 5663 principatus
2501 5592 2550 5641 et
2573 5581 2874 5663 potestates,
2898 5582 3178 5641 ostentavit
3198 5581 3406 5656 palam,

1814 5659 2154 5734 triumphans
2177 5661 2240 5718 de
2265 5659 2379 5716 illis
2400 5676 2500 5732 per
2523 5672 2576 5712 se
2594 5659 2788 5726 ipsum.
