3908 6192
461 369 567 437 435

1476 362 1571 423 ΑΙ)
1610 362 1844 423 OPERA
1880 362 1935 419 S.
1979 350 2311 419 AMBROSII
2354 345 2733 414 APPENDIX.

3676 340 3789 405 456

460 504 649 560 omnia
679 502 880 559 delicta
908 511 1168 556 concessa
1199 501 1350 562 sunt,
1389 500 1451 549 ut
1476 496 1823 562 resurgerent
1850 504 1881 543 a
1910 504 2054 543 mor-
2088 491 2139 549 Α
2170 486 2511 551 futurorum,
2560 491 2624 537 ut
2669 484 2966 552 apparente
3010 473 3261 540 veritate,
3294 470 3470 543 ﬁgura
3510 478 3786 526 cessaret.

461 592 592 648 tuis.
639 591 781 660 Quia
820 588 967 645 enim
1015 604 1083 643 ex
1125 591 1345 659 peccato
1374 598 1541 648 mors,
1582 580 1797 635 sublato
1840 585 2061 649 peccato

461 681 525 738 ﬁt
571 679 898 738 resurrectio
948 683 1324 733 mortuorum:
1362 670 1508 744 quod
1549 669 1771 743 quidem
1811 666 1931 722 ﬁeri
1963 665 2061 721 mi-

462 769 612 825 nime
634 769 920 841 potuisset,
953 765 1061 821 nisi
1084 770 1365 835 peccatum
1406 759 1671 815 aﬁixisset
1699 755 1871 814 cruci.
1914 756 2060 810 Dum

462 860 606 914 enim
641 874 752 913 non
780 853 1056 929 peccando
1091 853 1341 908 Salvator
1368 851 1545 907 vincit
1576 856 1881 922 peccatum,
1913 844 2061 920 quod

463 948 743 1003 hominem
808 944 1027 1001 tenebat
1067 942 1395 1011 obnoxium,
1427 941 1654 1013 insuper
1682 947 1736 995 et
1782 936 2056 994 occiditur

461 1035 529 1091 ab
553 1052 616 1091 eo
644 1035 948 1103 innocens;
998 1034 1079 1091 sic
1116 1032 1402 1090 cruciﬁxit
1432 1040 1738 1105 peccatum.
1768 1027 2059 1086 Devictum

462 1124 610 1182 enim
650 1133 953 1197 peccatum,
1003 1122 1399 1179 mortiﬁcatum
1447 1120 1684 1188 dicitur;
1739 1134 1878 1175 crux
1914 1115 2063 1172 enim

461 1230 575 1270 non
624 1213 926 1270 Salvatoris
987 1230 1134 1269 mors
1189 1221 1290 1282 est,
1340 1210 1434 1268 sed
1508 1208 1737 1283 peccati.
1796 1208 2065 1263 Innocens

463 1302 611 1359 enim
667 1302 747 1359 sic
800 1302 894 1376 qui
938 1302 1231 1371 occiditur,
1282 1317 1401 1357 reos
1449 1300 1572 1355 illos
1622 1297 1755 1355 facit
1806 1313 1835 1351 a
1865 1295 2066 1369 quibus

464 1393 753 1451 occiditur.
803 1395 1091 1451 Peccatum
1135 1402 1319 1449 autem
1364 1391 1639 1465 principes
1682 1400 1736 1446 et
1773 1397 2067 1462 potestates

464 1483 859 1557 intelligamus,
893 1501 1128 1558 quorum
1158 1481 1340 1540 studio
1370 1481 1617 1554 peccavit
1636 1481 1847 1553 primus
1866 1478 2063 1535 Adam.

466 1573 551 1629 Ad
578 1581 827 1630 auctores
857 1575 1005 1630 enim
1038 1573 1386 1630 referendum
1417 1581 1497 1629 est
1526 1587 1729 1627 nomen
1758 1569 1883 1640 hoc,
1921 1585 2069 1642 quo-

468 1679 592 1719 rum
640 1671 878 1720 mortem
930 1664 988 1720 in
1044 1663 1445 1737 exspoliatione
1492 1660 1872 1734 signiﬁcavit;
1921 1674 2070 1714 mors

475 1752 624 1809 enim
668 1753 913 1826 ipsorum
944 1752 1063 1811 bac
1092 1761 1194 1823 est,
1220 1753 1351 1827 quia
1378 1752 1513 1808 victi
1543 1767 1573 1806 a
1602 1750 1903 1816 Salvatore,
1934 1748 2067 1804 dum

2170 575 2326 631 Sicut
2354 573 2501 630 enim
2545 570 2768 627 absente
2816 568 3165 640 imperatore,
3223 562 3403 632 imago
3453 558 3578 632 ejus
3616 559 3789 615 habet

2170 663 2581 729 auctoritatem,
2614 665 2879 732 prasente
2912 670 3023 711 non
3052 652 3255 720 habet;
3301 649 3377 706 ita
3402 658 3459 706 et
3500 648 3627 705 hac
3654 656 3785 704 ante

2170 753 2471 810 adventum
2500 749 2722 807 Domini
2745 756 2991 819 tempore
3022 760 3122 800 suo
3152 737 3493 797 observanda
3523 737 3781 809 fuerunt,

2173 851 2436 916 prasente
2455 847 2664 908 autem,
2686 845 2875 895 carent
2894 833 3237 892 auctoritate.
3260 826 3551 901 Numquid
3571 827 3785 900 aliquis

2170 932 2348 988 vicem
2380 928 2594 986 domini
2628 943 2815 1000 agens,
2850 925 2969 999 ipso
3000 928 3285 996 prasente,
3313 917 3687 975 dominatur?
3725 917 3783 972 Si

2171 1020 2555 1094 prafectorum
2584 1014 2803 1083 vicarii,
2838 1011 3199 1086 praesentibus
3238 1007 3318 1064 eis
3360 1005 3571 1080 privati
3601 1012 3737 1061 sunt
3767 1024 3779 1071 ;

2172 1118 2377 1185 quanto
2408 1109 2578 1180 magis
2607 1106 2776 1171 servi,
2808 1108 3073 1176 prasente
3102 1099 3351 1167 domino,
3379 1097 3550 1153 etiam
3594 1097 3705 1169 ipsi
3725 1096 3783 1152 in

2173 1199 2435 1273 obsequio
2464 1196 2665 1254 debent
2690 1194 2870 1250 videri
2893 1193 2905 1248 l

2249 1289 2430 1362 (Vers.
2466 1288 2551 1356 18,
2588 1285 2701 1357 19.)
2760 1308 2778 1331 ι
2806 1285 2978 1340 Nemo
3028 1297 3127 1337 vos
3170 1277 3433 1351 decipiat,
3476 1276 3679 1333 volens
3726 1274 3783 1330 in

2174 1380 2494 1437 humilitate
2520 1376 2715 1445 animi,
2745 1381 2799 1431 et
2816 1371 3205 1445 superstitione
3225 1369 3548 1441 angelorum
3579 1383 3644 1423 ea
3664 1382 3782 1439 qua

2176 1471 2349 1539 videt,
2401 1468 2672 1525 extollens
2723 1481 2779 1520 se
2828 1464 3050 1529 frustra,
3095 1459 3319 1516 inflatus
3364 1465 3549 1513 mente
3603 1456 3783 1513 carnis

2175 1578 2307 1629 sua,
2329 1568 2384 1616 et
2413 1575 2525 1615 non
2549 1566 2741 1614 tenens
2770 1561 2934 1626 caput
2968 1550 3129 1619 illud,
3159 1567 3230 1608 ex
3266 1564 3375 1623 quo
3397 1562 3563 1603 omne
3585 1561 3784 1618 corpus

2176 1666 2273 1725 per
2301 1648 2650 1722 compagines
2675 1653 2729 1703 et
2757 1641 3178 1715 conjunctiones
3217 1636 3700 1696 subministratum
3727 1641 3783 1690 et

2177 1740 2619 1813 compaginatum
2673 1735 2787 1809 (90)
2841 1732 3040 1790 crescit
3090 1730 3149 1786 in
3178 1734 3535 1801 augmentum
3582 1724 3706 1781 Dei.
3752 1750 3771 1770 ι

471 1813 853 1915 exspoliantur
871 1813 1340 1915 animabus,'q‘uas
1358 1840 1617 1896 tenebant
1644 1838 1700 1893 in
1722 1813 2061 1909 captivitate,
2089 1857 2135 1917 Β
2177 1829 2335 1898 Quod
2374 1827 2627 1902 superius
2673 1824 2776 1881 sub
2806 1822 3030 1881 nomine
3060 1817 3421 1894 philosophia
3463 1813 3783 1872 cavendum

479 1938 906 1996 mortiﬁcantur.
958 1940 1053 1997 Rei
1101 1939 1249 1996 enim
1298 1938 1428 1995 facti
1458 1944 1622 1994 sunt:
1656 1934 1784 2008 quia
1808 1950 1935 1991 cum
1965 1932 2069 1991 hac

474 2030 801 2086 auctoritate
848 2029 1059 2085 animas
1084 2037 1359 2097 tenerent,
1395 2027 1525 2099 quia
1552 2031 1932 2098 peccaverant,
1964 2021 2070 2095 ipsi

470 2117 685 2174 inventi
737 2126 867 2174 sunt
922 2118 1160 2192 amplius
1208 2126 1539 2191 peccatores,
1601 2114 1733 2171 dum
1774 2114 1933 2169 illum
1974 2112 2071 2185 qui

476 2208 604 2263 illos
635 2223 746 2263 non
776 2207 1053 2280 peccando
1084 2207 1314 2273 vicerat,
1348 2205 1689 2263 occiderunt.
1722 2205 1794 2260 Et
1820 2202 1900 2259 sic
1922 2201 2070 2274 juste

472 2297 765 2368 exspoliati
792 2305 941 2367 sunt,
972 2299 1117 2354 sicut
1145 2297 1314 2366 dixit,
1340 2296 1567 2367 publice,
1600 2295 1657 2351 id
1676 2302 1779 2363 est,
1803 2293 1861 2348 in
1886 2306 2066 2356 cruce;

473 2385 622 2458 quod
651 2393 729 2441 est
760 2387 940 2457 palam
967 2385 1371 2457 detriumphari
1400 2403 1429 2442 a
1460 2387 1574 2442 Deo
1606 2385 1662 2441 in
1694 2382 1938 2441 Christo.
1972 2381 2071 2436 Ille

474 2474 621 2530 enim
672 2474 1120 2546 detriumphatur
1166 2475 1259 2547 qui
1310 2476 1487 2547 palam
1519 2473 1784 2541 vincitur,
1817 2480 1871 2528 et
1898 2469 2075 2543 spolia

475 2563 594 2636 ejus
623 2565 1014 2637 publicantur:
1062 2565 1370 2621 ostenditur
1410 2565 1557 2622 enim
1616 2562 1874 2619 omnibus
1910 2576 2076 2633 pros-

476 2661 677 2723 tratus,
728 2654 823 2728 qui
883 2655 1097 2711 cateris
1162 2655 1483 2712 insultabat.
1542 2657 1834 2711 Decretum
1892 2658 2074 2706 autem

479 2743 628 2816 quod
648 2743 808 2812 dicit,
830 2760 945 2799 non
976 2754 1057 2801 est
1074 2744 1180 2801 hoc
1200 2744 1346 2818 quod
1364 2743 1558 2817 pagani
1580 2744 1754 2799 fatum
1776 2740 2071 2812 appellant;

478 2832 609 2903 quia
636 2832 780 2887 illud
808 2849 923 2888 non
952 2833 1212 2889 omnibus
1239 2833 1581 2889 contrarium
1622 2836 1871 2887 asserunt
1898 2846 1912 2896 ;
1946 2827 2078 2900 quia

479 2920 745 2991 quosdam
776 2919 971 2975 dicunt
1008 2936 1078 2975 ex
1114 2921 1221 2976 hoc
1247 2921 1455 2987 felices,
1486 2921 1624 2975 alios
1656 2920 1924 2976 infelices.
1962 2918 2079 2975 Hoc

482 3007 632 3062 enim
677 3007 961 3063 decretum
1006 3008 1267 3064 omnibus
1316 3008 1455 3065 dicit
1498 3008 1666 3064 fuisse
1695 3007 2071 3075 contrarium;

483 3094 756 3152 sententia
784 3095 933 3152 enim
958 3104 1074 3154 erat
1096 3097 1311 3155 cunctis
1339 3097 1567 3154 adversa
1595 3096 1935 3153 hominibus.

557 3212 741 3285 (Vers.
775 3211 862 3278 16,
898 3210 1010 3284 17.)
1056 3234 1074 3258 ι
1095 3211 1267 3269 Nemo
1294 3211 1464 3285 igitur
1485 3211 1699 3285 judicet
1720 3228 1816 3268 vos
1846 3211 1904 3266 in
1929 3209 2075 3279 cibo,
2114 3219 2157 3280 ο

485 3303 572 3361 vel
604 3302 662 3359 in
684 3312 839 3376 potu,
860 3309 954 3358 aut
984 3301 1043 3357 in
1072 3310 1224 3375 parte
1244 3302 1355 3359 diei
1377 3303 1523 3373 festi,
1547 3312 1641 3359 aut
1662 3301 1720 3358 in
1749 3300 2075 3367 neomeniis,

486 3402 581 3449 aut
610 3393 668 3448 in
698 3392 965 3449 Sabbato:
1006 3408 1127 3464 qua
1149 3402 1278 3450 sunt
1297 3393 1493 3449 umbra
1517 3392 1851 3460 futurorum,
1883 3406 2081 3461 corpus

485 3492 669 3540 autem
692 3483 918 3541 Christi.
954 3507 972 3529 ι
1017 3483 1289 3549 Quoniam
1319 3485 1500 3539 omnis
1528 3500 1651 3556 spes
1678 3483 1811 3538 vita
1839 3482 1897 3537 in
1925 3480 2083 3538 Chri-

486 3581 572 3628 sto
619 3580 721 3639 est,
755 3587 818 3627 ac
850 3570 1071 3637 ﬁducia,
1106 3572 1249 3625 nulli
1279 3572 1655 3644 superstitioni
1686 3579 1781 3626 aut
1808 3569 1913 3641 legi
1944 3568 2084 3625 sub-

482 3659 663 3732 jacere
700 3675 801 3715 nos
848 3658 1046 3715 debere
1097 3660 1375 3731 praecepit.
1431 3659 1795 3726 Quamobrem
1840 3668 2086 3730 perstre-

494 3764 704 3830 pentes,
727 3764 822 3813 aut
849 3754 994 3812 270
1024 3758 1239 3832 aliquid
1267 3757 1415 3832 quod
1442 3758 1512 3814 ad
1541 3757 1706 3813 ﬁdem
1736 3756 1942 3813 Christi
1972 3772 2084 3811 non

494 3845 733 3921 pertinet
762 3854 1131 3918 susurrantes,
1183 3845 1648 3905 contemnendos:
1689 3844 1854 3900 istum
1902 3853 2084 3901 autem

493 3939 672 3995 solum
700 3938 1039 4013 sequendum
1070 3954 1166 4012 per
1212 3954 1375 4012 quem
1422 3936 1642 3993 devicta
1687 3950 1834 3991 mors
1879 3944 1980 4003 est,
2033 3944 2087 3992 et

488 4028 706 4086 reddita
722 4029 1053 4087 resurrectio
1073 4038 1440 4085 mortuorum.
1459 4024 1694 4094 Quidam
1713 4023 1860 4080 enim
1876 4022 2086 4079 Judao-

488 4135 612 4174 rum
639 4120 820 4174 solent
847 4119 1097 4190 judicare
1126 4119 1337 4189 ﬁdeles,
1365 4117 1513 4192 quod
1543 4133 1605 4173 ea
1642 4132 1762 4188 qua
1792 4114 2087 4171 interdicta

489 4222 586 4279 per
628 4208 856 4278 Moysen
881 4216 1031 4276 sunt,
1062 4208 1227 4264 edant
1269 4208 1337 4264 de
1366 4207 1528 4273 cibis,
1558 4223 1682 4264 cum
1715 4204 1904 4262 omnia
1940 4206 2089 4261 Deus

493 4295 701 4351 munda
729 4294 923 4351 fecerit
948 4314 959 4352 :
996 4296 1213 4369 indigni
1244 4305 1424 4353 autem
1450 4296 1687 4368 judicati
1716 4295 1891 4351 Judai
1912 4294 1979 4350 de
2001 4294 2089 4349 his

492 4384 673 4455 edere,
726 4383 999 4456 prohibiti
1048 4392 1179 4441 sunt
1227 4402 1259 4441 a
1296 4383 1639 4440 melioribus.
1672 4384 1862 4439 Solent
1890 4382 2087 4438 iterum

492 4473 892 4547 reprehendere
933 4489 1053 4542 nos,
1112 4473 1243 4546 quia
1290 4472 1408 4529 dies
1454 4473 1595 4529 festo
1639 4487 1827 4527 eorum
1881 4470 2087 4544 sperni-

494 4582 641 4635 mus,
662 4572 758 4621 aut
786 4564 916 4636 quia
944 4562 1107 4619 initia
1128 4562 1400 4619 mensium
1430 4577 1543 4618 non
1563 4561 1936 4628 observamus,
1968 4576 2087 4631 qua
2116 4577 2164 4636 D

493 4657 813 4718 neomenias
841 4663 1071 4713 vocant:
1124 4654 1364 4711 maxime
1413 4660 1594 4710 autem
1629 4652 1776 4725 quod
1822 4652 1939 4709 dies
1971 4652 2088 4709 sab-

490 4750 745 4807 batorum
772 4764 886 4804 non
916 4746 1281 4814 custodimus,
1316 4753 1379 4802 ut
1406 4742 1522 4800 otio
1550 4750 1605 4799 et
1632 4741 1808 4815 epulis
1836 4758 1961 4800 cum
1993 4742 2090 4798 lu—

490 4839 653 4898 xuria
677 4838 1087 4911 transigantur:
1125 4835 1272 4910 quod
1301 4833 1474 4907 magis
1525 4832 1592 4889 ad
1628 4831 1886 4888 offensam
1915 4832 2088 4904 perti-

495 4939 608 4996 net,
664 4946 828 5003 quam
886 4928 956 4985 ad
1012 4927 1263 5001 gratiam.
1322 4925 1451 4981 Hac
1490 4932 1672 4980 autem
1720 4921 1907 4979 omnia
1960 4928 2091 4977 sunt

493 5036 697 5092 corpus
728 5018 959 5087 Christi,
992 5017 1124 5090 quia
1150 5017 1550 5073 elementorum
1580 5029 1675 5084 per
1703 5010 1929 5067 effectus
1959 5016 2089 5065 sunt

494 5108 782 5166 vocabula.
821 5108 965 5164 Hinc
991 5114 1073 5163 est
1102 5105 1249 5162 unde
1277 5104 1336 5161 in
1368 5101 1671 5175 Evangelio
1699 5099 1837 5156 dicit
1862 5116 1872 5153 :
1922 5123 1940 5145 ι
1970 5099 2091 5154 Βο-

495 5199 681 5255 minus
695 5205 776 5254 est
804 5198 953 5254 enim
974 5195 1149 5251 Filius
1168 5193 1414 5250 hominis
1432 5192 1596 5249 etiam
1620 5189 1841 5247 Sabbati
1873 5190 2087 5261 (Matth.

494 5305 599 5360 χιι,
632 5289 690 5360 8)
717 5307 731 5358 ;
763 5314 781 5337 ι
824 5302 922 5360 per
963 5284 1143 5357 ipsum
1171 5284 1319 5340 enim
1350 5282 1556 5350 omnia,
1599 5297 1721 5354 qua
1749 5277 1972 5351 quidem
2013 5277 2091 5335 sic

497 5377 622 5435 data
649 5385 779 5435 sunt
807 5392 905 5450 per
930 5376 1180 5449 Moysen,
1220 5379 1282 5429 ut
1321 5372 1517 5428 umbra
1563 5377 1763 5439 essent,
1797 5368 1884 5425 vel
1918 5367 2092 5439 ﬁgura

570 5548 689 5620 (90)
720 5548 893 5629 .Ror'n.
939 5544 1095 5629 edit.,
1144 5542 1490 5629 irinhisoquw
1997 5552 2093 5629 per:

495 5611 969 5691 coiitpdginationes
1020 5611 1089 5673 eti
1118 5614 1475 5687 colligationes
1536 5611 1995 5667 subministratum
2044 5613 2093 5662 et

496 5704 605 5744 com
645 5696 844 5745 actum.

569 5707 687 5833 (81)
720 5761 881 5816 Rom.
913 5756 1071 5825 edit.,
1116 5757 1337 5812 redeunt
1369 5756 1441 5812 ad
1481 5752 1671 5821 Deum,
1710 5749 1803 5823 qui
1847 5762 1964 5806 eum
1996 5767 2093 5821 per

2178 1920 2415 1988 monuit,
2458 1934 2607 1975 nunc
2634 1915 2879 1989 apertius
2928 1913 3089 1970 docet
3135 1906 3535 1966 observandum
3581 1904 3655 1960 ab
3691 1903 3783 1971 iis,

2181 2008 2276 2083 qui
2320 2016 2553 2064 terrena
2593 2003 2873 2079 sapientia
2920 2000 3219 2065 studentes,
3262 1995 3378 2053 hac
3420 1992 3662 2051 colenda
3705 2009 3783 2049 as-

2179 2108 2388 2169 serunt,
2438 2116 2558 2173 qua
2599 2095 2885 2153 obtutibus
2924 2090 3191 2163 adjacent,
3240 2088 3326 2143 vel
3372 2091 3682 2159 apparent;
3723 2090 3784 2137 ut

2180 2189 2633 2247 horum‘detenta
2663 2185 2896 2244 culturis
2927 2182 3127 2239 anima
3165 2178 3267 2236 sub
3305 2176 3656 2233 ﬁrmamento
3688 2174 3781 2231 ob-

2182 2282 2360 2353 ligata
2386 2286 2697 2346 teneantur,
2730 2290 2798 2331 ne
2829 2290 2888 2330 se
2910 2286 3075 2345 supra
3108 2269 3517 2325 ﬁrmamentum
3548 2263 3780 2321 tendant

2180 2370 2249 2427 ad
2278 2369 2585 2443 superiores
2624 2368 2792 2425 caelos
2816 2365 2885 2422 ad
2922 2365 3096 2420 Deum
3139 2359 3373 2417 omniun
3414 2354 3779 2413 adorandum.

2183 2460 2343 2529 Quod
2374 2476 2536 2533 opera
2583 2459 2820 2515 efﬁcitur
2850 2453 3089 2521 inimici,
3117 2460 3180 2508 ut
3209 2464 3422 2522 semper
3447 2447 3661 2503 animas
3690 2462 3776 2501 su-

2184 2569 2280 2626 per
2308 2560 2483 2609 terras
2511 2549 2831 2606 humiliatas
2881 2545 3143 2608 detineat,
3170 2540 3268 2597 ubi
3297 2556 3355 2597 se
3384 2538 3487 2595 scit
3528 2536 3595 2594 de
3623 2536 3779 2593 caelis

2184 2641 2457 2714 dejectum
2494 2655 2707 2711 semper
2751 2636 3004 2693 futurum
3026 2632 3179 2705 justo
3220 2628 3435 2702 judicio
3481 2626 3603 2695 Dei,
3648 2626 3774 2682 reli-

2187 2729 2404 2803 gionem
2456 2729 2748 2793 simulans,
2788 2741 2914 2783 cum
2945 2722 3018 2779 sit
3048 2720 3358 2777 maximum
3403 2714 3774 2787 sacrilegium.

2186 2818 2459 2876 Inﬂantur
2488 2816 2635 2873 enim
2666 2822 2879 2871 motum
2902 2809 3253 2885 pervideutes
3282 2805 3615 2871 stellarrum,
3643 2820 3779 2876 quas

2186 2908 2407 2980 angelos
2435 2914 2617 2975 vocat,
2651 2919 2763 2961 non
2793 2900 3118 2960 auctoritate
3149 2896 3363 2966 divina,
3386 2893 3482 2952 sed
3510 2893 3784 2966 supersti-

2186 2998 2339 3054 tione
2388 2996 2647 3064 humana,
2692 3010 2813 3068 qua
2860 2991 2929 3048 ad
2975 2988 3220 3047 nihilum
3263 2984 3503 3059 proﬁcit,
3552 2982 3662 3038 nisi
3718 2982 3783 3039 ad

2188 3091 2490 3149 damnum:
2543 3088 2795 3145 nolentes
2839 3093 3019 3142 tenere
3059 3081 3225 3138 ﬁdem
3260 3078 3491 3148 Christi,
3525 3076 3619 3150 qui
3654 3091 3785 3132 om-

2191 3181 2347 3238 nium
2377 3186 2588 3237 creator
2614 3186 2667 3235 et
2700 3174 2969 3233 Dominus
2993 3180 3094 3230 est.
3126 3172 3215 3226 Ex
3246 3170 3364 3241 ipso
3394 3167 3544 3224 enim
3594 3180 3783 3223 omnes

2192 3270 2461 3344 originem
2490 3268 2731 3335 habent;
2763 3280 2930 3339 quare
2959 3269 3014 3319 et
3049 3274 3249 3333 corpus
3278 3257 3395 3330 ejus
3427 3255 3710 3322 dicuntur,
3743 3254 3785 3309 si

2187 3369 2372 3418 tamen
2418 3364 2722 3433 agnoscunt
2768 3370 2916 3412 eum.
2971 3350 3057 3409 Ad
3112 3351 3294 3424 ipsum
3341 3347 3491 3404 enim
3538 3343 3786 3403 conversi

2191 3457 2619 3525 readiﬁcantur,
2650 3452 3018 3528 compaginati
3040 3448 3170 3506 ﬁdei
3190 3446 3309 3521 ejus
3336 3444 3789 3503 subministrante

2192 3547 2494 3620 Evangelio
2524 3544 2737 3603 cunctis
2766 3544 2921 3618 quasi
2951 3541 3201 3597 membra
3240 3535 3485 3610 corporis
3517 3534 3577 3590 in
3614 3533 3785 3590 chari-

2191 3642 2300 3692 tate
2329 3636 2557 3704 Christi,
2580 3642 2642 3691 ut
2661 3641 3013 3707 augmentum
3040 3629 3246 3685 faciant
3282 3628 3417 3682 Deo.
3460 3622 3605 3682 Cum
3633 3621 3777 3678 enim

2194 3727 2427 3783 redeunt
2443 3726 2511 3782 ad
2543 3726 2725 3793 illum,
2745 3723 2839 3796 qui
2862 3738 2957 3795 per
2977 3735 3219 3777 errorem
3248 3716 3604 3773 deseruerant
3633 3711 3787 3767 illum

2195 3817 2506 3872 minuentes
2530 3813 2836 3887 (91)copias
2859 3810 3183 3868 divitiarum
3211 3804 3349 3879 ejus,
3371 3803 3507 3859 dum
3524 3800 3789 3872 denegant

2194 3911 2312 3984 ejus
2350 3926 2407 3966 se
2434 3924 2570 3979 esse,
2601 3914 2941 3965 crementum
2983 3904 3196 3962 faciunt
3233 3902 3367 3969 Deo,
3398 3896 3531 3972 quia
3567 3912 3641 3951 ex
3682 3910 3791 3967 per-

2194 3982 2330 4058 ditis
2383 4000 2767 4074 acquiruntur.
2822 3997 2948 4053 Haec
3004 3995 3071 4052 de
3125 3992 3390 4066 paganis:
3447 4001 3675 4043 rursum
3732 3982 3792 4038 de

2193 4090 2398 4147 Judais
2449 4072 2588 4146 dicit
2643 4089 2774 4163 quia
2817 4094 2871 4144 et
2910 4084 3017 4158 ipsi
3071 4083 3175 4140 sub
3203 4077 3491 4138 elementis
3519 4072 3791 4140 serviunt,

2197 4195 2311 4237 non
2340 4178 2648 4235 elementis.

2269 4269 2452 4341 (Vers.
2479 4267 2596 4340 20.)
2641 4291 2660 4315 ι
2688 4264 2746 4323 Si
2772 4280 2898 4339 ergo
2932 4260 3136 4320 mortui
3166 4258 3298 4318 estis
3315 4276 3443 4317 cum
3474 4254 3701 4317 Christo
3729 4252 3790 4311 ab

2196 4360 2484 4419 elementis
2520 4358 2688 4431 hujus
2723 4355 2939 4425 mundi,
2968 4354 3103 4428 quid
3122 4352 3324 4420 adhuc,
3356 4351 3515 4406 velut
3542 4349 3788 4406 viventes

2196 4451 2255 4507 in
2284 4449 2391 4507 hoc
2419 4448 2627 4504 mundo
2669 4444 3009 4504 decernitis?
3039 4470 3058 4496 ι
3119 4441 3316 4499 Omnis
3358 4438 3454 4512 qui
3486 4436 3795 4511 baptizatur

2198 4541 2257 4597 in
2286 4539 2529 4607 Christo,
2556 4536 2791 4593 moritur
2820 4533 3029 4594 mundo
3054 4551 3070 4601 ;
3100 4531 3315 4589 cunctis
3344 4529 3497 4586 enim
3535 4523 3793 4599 supersti-

2196 4633 2414 4691 tionum
2443 4628 2723 4688 erroribus
2762 4624 3137 4693 abrenuntiat,
3165 4629 3228 4679 ut
3256 4621 3431 4677 solam
3460 4619 3611 4675 colat
3636 4615 3793 4672 ﬁdem

2197 4724 2425 4783 Christi.
2452 4719 2670 4778 Amotis
2692 4719 2839 4775 enim
2857 4734 2977 4792 qua
2994 4713 3235 4773 naturali
3250 4710 3487 4786 justitia
3506 4706 3797 4772 accedunt,

2198 4812 2532 4887 relinquitur
2559 4808 2854 4881 disciplina
2882 4807 3010 4864 data
3037 4821 3070 4861 a
3099 4806 3234 4873 Deo,
3268 4818 3365 4875 per
3393 4814 3559 4873 quam
3586 4794 3801 4851 vivitur

2198 4909 2311 4965 Deo
2342 4920 2438 4978 per
2462 4918 2635 4976 spem,
2675 4916 2796 4973 qua
2820 4904 2901 4955 est
2931 4897 2991 4952 in
3018 4894 3277 4959 Christo;
3334 4888 3573 4946 moritur
3615 4891 3797 4941 autem

2199 4996 2288 5052 his
2312 4973 2513 5069 quibus
2541 4989 2818 5062 subjectus
2856 4987 3034 5043 fuerat
3061 5000 3157 5058 per
3185 4995 3450 5046 errorem,
3476 4976 3612 5033 dum
3642 4973 3801 5069 negat

2199 5061 2346 5155 illos,
2377 5100 2513 5158 quos
2540 5061 2671 5139 deos
2708 5080 3126 5152 prasumpserat
3153 5087 3270 5129 esse
3316 5070 3458 5144 (92).
3511 5068 3583 5158 Et
3632 5061 3799 5158 ita

2198 5184 2262 5233 ut
2314 5192 2410 5249 per
2464 5170 2815 5231 inimicitiam
2863 5149 3364 5224 abrenuntiationis
3417 5155 3663 5214 invicem
3693 5149 3797 5208 sibi

2199 5245 2403 5322 mor-tui
2456 5264 2713 5321 dicantur
2760 5258 2925 5315 homo
2983 5258 3038 5311 et
3091 5254 3494 5310 elementorum
3551 5245 3793 5301 cultura.

2198 5340 2465 5415 Mundum
2514 5353 2662 5410 enim
2709 5350 2916 5417 dicens,
2962 5359 3204 5404 errorem
3250 5338 3436 5399 carnis
3487 5332 3792 5408 signiﬁcat,

2199 5543 2434 5588 errorem
2462 5527 2821 5592 deseruerant,
2852 5520 3162 5583 minuentes,
3193 5521 3301 5569 etc.

2273 5579 2648 5673 (9'2')m_()vmnes
2685 5579 2842 5673 editz,
2908 5606 3037 5662 quos
3068 5579 3511 5673 .pfasgvﬂsftqt
3552 5593 3699 5643 esse;
3753 5579 3805 5629 at

2200 5662 2391 5732 vocem
2419 5671 2541 5728 deos
2569 5684 2601 5724 θ
2626 5665 2751 5724 cod.
2784 5679 2896 5720 non
2922 5662 3111 5734 paucis
3139 5662 3512 5713 restituimus.
