3908 6192
222 333 318 391 457

1252 335 1615 396 COMMENT.
1657 339 1728 396 IN
1766 339 1982 396 EPIST.
2024 342 2118 398 AD
2158 342 2435 403 COLOSS.

3400 359 3508 419 458

220 477 372 518 omne
411 462 558 518 enim
603 463 749 535 quod
795 463 1035 533 videtur,
1096 467 1246 522 carni
1296 467 1609 539 deputatur.
1660 471 1802 529 Hinc
1829 472 1878 530 Α
1916 471 2108 527 mundi
2154 473 2484 544 clarissima;
2535 494 2636 535 nec
2662 482 2870 553 requiri
2915 483 3111 542 debere
3153 487 3502 560 spiritualia;

217 562 292 609 est
344 553 490 609 unde
548 562 601 608 et
651 553 888 609 Joannes
943 557 1254 626 apostolus:
1302 581 1319 604 ι
1350 558 1552 626 Nolite,
1601 560 1802 633 inquit,

214 640 434 714 diligere
483 642 777 710 mundum,
831 659 1008 716 neque
1055 661 1117 700 ea
1164 662 1283 719 quae
1330 645 1387 701 in
1425 648 1632 705 mundo
1679 658 1808 706 sunt

215 728 272 801 (I
289 731 446 786 Joan.
489 733 700 805 ΙΙ,15),
731 757 749 780 ›
794 733 851 788 id
898 743 1003 802 est,
1047 750 1222 808 neque
1267 738 1555 805 elementa,
1607 739 1807 812 quibus

209 831 528 894 compactus
553 832 635 879 est
667 824 929 893 mundus,
959 842 1136 899 neque
1162 842 1371 884 errores
1400 845 1536 901 quos
1566 829 1807 886 humana

207 910 495 967 adinvenit
516 912 757 977 traditio,
787 914 1116 986 diligamus:
1161 915 1254 973 sed
1285 919 1462 975 solum
1497 919 1802 991 Christum,

207 999 302 1070 qui
344 1010 592 1058 mortuus
632 1011 712 1059 est
742 1019 840 1074 pro
871 1003 1050 1073 nobis,
1083 1013 1144 1060 ut
1187 1007 1404 1078 corpori
1433 1025 1534 1063 suo
1576 1025 1675 1065 nos
1703 1027 1802 1067 so-

204 1087 372 1144 ciaret
405 1106 473 1144 ex
501 1090 750 1162 perditis.
776 1091 1027 1165 Quiergo
1057 1096 1365 1167 consepulti
1395 1105 1525 1153 sunt
1554 1097 1798 1169 Christo,

203 1177 405 1232 mortui
454 1188 582 1235 sunt
613 1183 924 1251 elementis,
956 1193 1018 1240 ut
1047 1185 1190 1241 nihil
1223 1199 1419 1246 curent
1445 1207 1513 1245 ex
1542 1190 1663 1259 his;
1696 1209 1800 1248 su-

201 1281 367 1336 perna
394 1267 539 1323 enim
571 1268 889 1328 didicerunt
919 1275 1180 1343 tenenda,
1212 1293 1333 1349 quae
1365 1287 1594 1350 possunt
1624 1281 1796 1338 vitam

200 1353 399 1412 donare
429 1369 765 1430 perpetuam.
803 1362 930 1418 Haec
960 1363 1110 1419 enim
1149 1381 1251 1421 nec
1283 1377 1608 1438 praesentem
1640 1369 1794 1439 dant,

198 1452 251 1501 et
278 1445 610 1518 impediunt,
641 1465 709 1504 ne
739 1451 1223 1522 apprehendantur
1244 1455 1452 1512 futura.
1477 1458 1583 1524 Qui
1613 1467 1794 1515 autem

196 1543 316 1622 post
344 1534 680 1609 baptismum
725 1539 957 1612 ambigit
987 1541 1054 1599 de
1082 1543 1383 1617 aliquibus,
1416 1555 1615 1618 putans
1649 1566 1792 1622 quae-

194 1620 317 1679 dam
377 1625 443 1680 de
493 1628 775 1684 veteribus
824 1631 1156 1701 veneranda,
1215 1633 1402 1690 vivere
1459 1652 1516 1692 se
1554 1620 1795 1694 ostendit

193 1717 332 1775 271
368 1715 676 1787 elementis,
725 1735 845 1792 quae
891 1719 1137 1778 decernit
1170 1724 1419 1792 colenda,
1453 1735 1548 1782 aut
1575 1725 1792 1784 dubitat

188 1814 596 1870 contemnenda
621 1835 632 1871 :
671 1815 764 1872 hic
792 1819 1096 1876 remanebit
1127 1821 1272 1878 intra
1301 1823 1539 1880 circulos
1569 1826 1784 1895 mundi,
1823 1841 1867 1900 Β

188 1903 404 1960 alienus
433 1923 462 1961 a
485 1908 620 1976 Deo,
648 1909 776 1980 quia
802 1911 974 1968 veteri
1005 1910 1235 1970 indutus
1265 1915 1513 1987 homine,
1543 1918 1786 1976 carnalia

189 1995 420 2051 transire
445 2013 556 2052 non
588 1999 810 2070 poterit.

257 2093 443 2166 (Vers.
490 2096 582 2165 21,
633 2098 751 2170 22.)
816 2124 834 2147 ι
881 2100 960 2157 Ne
1011 2103 1324 2174 tetigeritis,
1374 2121 1442 2160 ne
1481 2107 1785 2164 attamina-

184 2183 403 2252 veritis,
428 2201 496 2241 ne
517 2188 890 2257 gustaveritis,
904 2207 972 2246 ne
992 2196 1486 2265 contrectaveritis,
1514 2214 1635 2270 qua;
1654 2205 1785 2254 sunt

182 2272 376 2328 omnia
408 2273 467 2328 in
498 2271 784 2331 interitum
821 2278 960 2349 (93),
987 2287 1042 2335 et
1071 2283 1482 2353 corruptionem
1531 2302 1626 2356 per
1653 2285 1783 2340 abu-

181 2361 391 2418 sionem
425 2364 728 2420 secundum
753 2377 1021 2439 przecepta
1049 2377 1102 2425 et
1131 2370 1412 2426 doctrinas
1432 2372 1770 2430 hominum»

183 2449 445 2508 Prohibet
491 2453 644 2508 omni
693 2470 888 2526 genere
932 2458 1000 2513 ab
1032 2474 1127 2530 spe
1182 2460 1611 2530 mundanorum,
1660 2464 1787 2533 quia

182 2537 358 2596 inanis
405 2549 511 2610 est,
566 2557 636 2598 ne
687 2545 891 2613 colant,
944 2562 1012 2601 ne
1049 2547 1374 2618 assentiant,
1422 2566 1491 2606 ne
1520 2551 1782 2622 cogitent,

182 2630 305 2701 quia
333 2647 457 2703 quae
487 2633 839 2704 promittunt,
873 2637 1248 2708 corruptionis
1287 2645 1434 2695 sunt.
1465 2640 1606 2695 Usus
1635 2641 1781 2695 enim

181 2724 232 2772 et
275 2720 496 2776 cultura
536 2721 782 2792 ipsorum
812 2723 1100 2781 interitum
1142 2735 1422 2798 generant,
1454 2728 1584 2801 quia
1632 2745 1782 2799 prae-

180 2817 328 2880 cepta
372 2820 427 2867 et
478 2810 744 2868 doctrinae
792 2829 905 2869 non
930 2815 1053 2883 Dei,
1092 2815 1188 2871 sed
1218 2816 1505 2872 hominum
1538 2827 1690 2886 sunt,
1721 2817 1780 2873 in

180 2898 371 2970 quibus
398 2917 549 2956 vana
577 2918 699 2973 spes
745 2910 861 2959 est:
904 2905 1107 2976 quippe
1137 2922 1263 2961 cum
1313 2905 1578 2962 adversus
1607 2907 1780 2965 Crea-

161 2996 344 3050 _torem
394 2990 680 3048 invenerit
706 2991 823 3049 haec
862 3009 1016 3049 error
1058 2993 1356 3066 humanus,
1386 3006 1448 3053 ut
1479 2996 1778 3069 prohibens

175 3077 239 3136 ab
275 3081 442 3137 unius
494 3083 594 3138 Dei
637 3081 768 3150 ﬁde,
815 3085 1119 3141 multorum
1159 3084 1387 3142 deorum
1416 3087 1778 3160 superstitio—

177 3182 293 3222 nem
321 3169 579 3228 inducat.

240 3267 417 3338 (Vers.
457 3267 579 3342 23.)
612 3293 630 3316 ε
653 3269 784 3338 Quae
803 3278 933 3327 sunt
959 3270 1229 3328 rationem
1259 3272 1486 3346 quidem
1515 3273 1775 3331 habentia

173 3357 446 3429 sapientiae
477 3359 834 3416 simulatione
867 3361 1176 3434 religionis,
1206 3371 1260 3420 et
1287 3363 1606 3421 humilitate
1643 3366 1774 3422 ani-

171 3446 240 3501 mi
285 3448 398 3523 (94)
431 3449 512 3506 ad
567 3451 918 3508 vexationem
975 3451 1240 3524 corporis,
1300 3469 1412 3508 non
1465 3453 1524 3508 in
1567 3453 1773 3509 honore

169 3535 346 3611 aliquo
373 3540 443 3596 ad
497 3541 838 3597 saturitatem
869 3549 924 3598 et
949 3541 1294 3614 diligentiam
1333 3540 1534 3598 carnis.
1566 3567 1584 3590 ι
1631 3543 1773 3600 Hinc

166 3642 218 3682 se
246 3629 538 3701 sapientiae
562 3631 831 3689 rationem
884 3632 1086 3688 habere
1114 3640 1329 3706 putant,
1363 3633 1492 3706 quia
1520 3633 1768 3690 traditio-

168 3716 221 3771 ni
265 3717 530 3776 humanaa
571 3736 770 3777 nomen
814 3722 1100 3795 religionis
1144 3722 1441 3794 applicant,
1477 3730 1539 3778 ut
1574 3722 1769 3794 religio

166 3808 494 3878 appelletur,
544 3826 670 3865 cum
711 3810 782 3865 sit
811 3810 1198 3884 sacrilegium;
1240 3811 1371 3884 quia
1401 3811 1548 3883 quod
1576 3821 1768 3868 contra

166 3905 442 3954 auctorem
470 3905 577 3966 est,
608 3897 869 3972 sacrilega
890 3907 1072 3956 mente
1100 3900 1388 3957 inventum
1421 3909 1520 3957 est.
1553 3901 1765 3957 Nomen

165 3998 286 4057 ergo
331 3986 520 4058 ﬁngit,
562 3996 624 4044 ut
670 3987 804 4044 falsa
845 4005 965 4062 quae
1015 3997 1165 4059 sunt,
1219 3998 1402 4063 posset
1451 4005 1582 4046 vera
1624 4007 1763 4048 asse-

164 4087 305 4142 rere;
354 4084 411 4131 et
457 4076 730 4132 humanas
774 4088 984 4134 mentes
1036 4079 1093 4134 in
1125 4086 1267 4135 terra
1296 4079 1578 4150 humiliat,
1609 4097 1677 4136 ne
1705 4095 1762 4136 se

163 4163 375 4234 erigant
405 4164 478 4219 ad
508 4180 743 4236 superna
773 4183 785 4220 :
813 4174 908 4221 aut
935 4175 1154 4222 terrena
1177 4169 1418 4226 colentes
1447 4169 1706 4226 excidant
1729 4185 1763 4225 a

159 4251 422 4320 supernis
451 4251 786 4320 coalestibus,
817 4262 871 4309 et
919 4255 1106 4311 obsint
1134 4257 1375 4327 corpori,
1405 4255 1563 4327 cujus
1598 4267 1762 4330 caput

159 4335 420 4395 ChriStus
453 4347 536 4395 est
564 4339 867 4396 secundum
898 4343 1178 4414 primam}:
1207 4343 1438 4399 rationis
1472 4344 1756 4404 facturam.

159 4426 297 4485 Hinc
344 4428 502 4484 enim
549 4430 828 4501 aggravati
886 4445 996 4486 non
1051 4439 1305 4503 poterant
1349 4449 1562 4489 sursum
1599 4433 1758 4507 jungi

160 4518 322 4588 capiti
381 4534 508 4587 suo,
539 4526 601 4574 ut
632 4526 1010 4576 restaurentur
1038 4520 1096 4575 in
1127 4521 1226 4576 illo
1263 4521 1515 4578 honorati
1546 4524 1751 4582 eﬂ'ecti:
1785 4559 1834 4617 D

160 4607 248 4663 sed
296 4610 459 4682 quasi
509 4609 691 4682 prima
748 4620 898 4684 parte
941 4611 1190 4684 corporis
1218 4612 1476 4682 truncati,
1507 4621 1651 4671 totos
1697 4632 1754 4672 se

160 4694 344 4755 dantes
373 4701 587 4756 mundo
617 4699 687 4756 ad
711 4716 931 4756 sensum
960 4703 1141 4759 carnis
1170 4704 1524 4775 explendum.
1557 4705 1755 4777 Sagina

160 4787 299 4843 enim
329 4790 574 4845 carnalis
614 4805 806 4846 sensus
832 4790 1056 4846 traditio
1097 4790 1337 4848 humana
1364 4801 1467 4862 est,
1498 4810 1618 4866 qua:
1648 4794 1754 4850 hoc

159 4872 288 4930 dicit
341 4877 618 4946 suiiicere,
676 4878 826 4952 quod
881 4881 1061 4936 carnis
1126 4879 1353 4936 tradidit
1406 4881 1753 4954 providentia

160 4961 304 5036 (95);
369 4968 643 5024 rationem
701 4969 850 5025 enim
907 4970 1128 5026 videtur
1188 4969 1388 5027 habere
1444 4972 1750 5043 sapientiae,

153 5051 302 5122 juxta
352 5076 602 5130 carnem,
645 5061 776 5133 quia
802 5078 870 5117 ex
909 5063 1196 5119 elementis
1241 5072 1324 5120 est
1353 5063 1534 5120 omnis
1562 5080 1749 5135 corpo-

157 5144 280 5201 ralis
317 5149 612 5207 nativitas:
662 5167 726 5207 ac
773 5167 868 5224 per
917 5151 1024 5210 hoc
1067 5168 1176 5209 non
1227 5170 1343 5209 esse
1385 5154 1750 5226 incongruum

158 5228 416 5305 inquiunt
443 5237 533 5293 his
565 5239 846 5311 inclinari,
878 5258 1115 5316 quorum
1149 5243 1535 5315 gubernaculis
1561 5242 1749 5297 huma-

157 5332 282 5378 num
331 5326 544 5399 regitur
591 5344 779 5401 genus,
826 5339 888 5387 ut
932 5330 1020 5387 his
1048 5349 1104 5389 se
1134 5331 1414 5404 subjiciat,
1449 5348 1569 5405 quas
1598 5327 1751 5386 videt

222 5483 336 5558 (93)
370 5489 534 5565 Rom.
570 5490 728 5565 edit.,
775 5509 840 5546 ne
873 5493 1232 5565 gustauimus,
1269 5509 1386 5564 quae
1423 5497 1547 5547 sunt
1571 5489 1750 5545 omnia

154 5555 898 5643 αάέξιῖνὲνέρεεειαηιέρεδαδμῖ
1003 5636 1012 5643 .
1133 5636 1146 5643 -
1715 5630 1726 5641 .

242 5629 332 5703 94)
361 5629 572 5689 Eadem
603 5629 761 5692 Rom.
792 5635 951 5704 edit.,
991 5636 1049 5692 in
1096 5635 1455 5693 observatione
1480 5630 1751 5705 religionis

155 5704 199 5757 et
221 5704 520 5760 humilitate
545 5706 736 5764 cordis.

392 5807 638 5868 ΡΑτιιοι..
679 5810 836 5870 XVII

1914 559 2042 631 quia
2067 560 2154 615 his
2181 563 2334 631 solis,
2365 565 2644 636 inquiunt,
2665 569 2901 628 ducibus
2932 575 3012 630 uti
3042 559 3367 636 concessum
3398 588 3503 646 est,

1915 657 1968 706 et
1995 666 2092 723 per
2120 650 2262 710 hanc
2289 654 2557 712 rationem
2575 660 2858 731 negligunt
2881 673 3176 724 auctorem.

2541 800 2766 859 CAPUT
2794 806 2887 862 III.

1987 925 2167 997 (Vers.
2204 927 2282 1000 1.)
2329 951 2348 976 α
2377 927 2433 984 Si
2465 928 2611 984 enim
2641 932 3064 989 consurrexistis
3101 949 3226 991 cum
3257 937 3502 1006 Christo,

1911 1032 2031 1089 qua;
2060 1034 2274 1074 sursum
2308 1025 2438 1075 sunt
2467 1020 2716 1092 quaerite,
2746 1020 2843 1076 ubi
2884 1021 3135 1078 Christus
3164 1033 3245 1079 est
3275 1026 3342 1080 ad
3371 1027 3499 1084 dex-

1909 1113 2079 1162 teram
2126 1107 2224 1164 Dei
2269 1109 2482 1166 sedens.
2516 1136 2534 1159 ›
2579 1111 2689 1167 Hos
2729 1129 2855 1168 cum
2888 1112 3106 1169 Christo
3139 1117 3500 1174 resurrexisse

1908 1199 2101 1254 asserit
2131 1200 2187 1255 in
2215 1199 2510 1273 baptismo,
2534 1202 2626 1274 qui
2659 1203 3067 1274 supercoalestia
3092 1205 3356 1276 cogitant,
3401 1207 3498 1262 ubi

1907 1286 2060 1343 sedes
2107 1296 2186 1344 est
2219 1289 2447 1357 Christi,
2479 1292 2574 1348 ubi
2603 1294 2748 1349 Deus
2777 1294 2935 1350 Pater
2965 1295 3108 1350 Filio
3146 1313 3246 1352 suo
3274 1297 3502 1354 tradidit

1906 1375 2211 1448 dexteram,
2264 1388 2327 1436 ut
2378 1391 2567 1453 regnet
2617 1391 2672 1437 et
2707 1382 2947 1455 judicet;
2987 1385 3194 1456 judicis
3243 1387 3392 1444 enim
3442 1388 3500 1442 in

1905 1465 2127 1524 sinistra
2179 1468 2365 1524 sedere
2420 1487 2532 1526 non
2588 1479 2688 1527 est.
2741 1473 3089 1531 Resurrectio
3145 1482 3329 1530 tamen
3365 1474 3500 1530 duas

1904 1552 2071 1611 habet
2098 1556 2323 1627 formas,
2353 1567 2414 1614 ut
2443 1559 2623 1631 primo
2655 1562 2840 1618 anima
2871 1561 2939 1618 de
2969 1564 3130 1620 terris
3156 1572 3403 1636 resurgat
3430 1564 3501 1622 ad

1902 1644 2090 1714 ccelos,
2147 1646 2345 1702 deinde
2409 1657 2627 1722 recepto
2689 1666 2936 1724 corpore,
3002 1661 3250 1726 resurgat
3313 1662 3500 1726 raptus

1901 1732 2121 1789 obviam
2153 1735 2392 1792 Christo.

1973 1822 2155 1894 (Vers.
2206 1824 2287 1896 2.)
2346 1848 2365 1872 ι
2399 1825 2530 1892 Quae
2582 1835 2712 1884 sunt
2769 1843 3009 1898 sursum,
3049 1831 3244 1902 sapite,
3284 1847 3396 1887 non
3434 1848 3497 1888 ea

1895 1928 2016 1985 quae
2073 1931 2237 1986 super
2292 1924 2514 1973 terram.
2554 1941 2574 1965 ι
2635 1918 3008 1990 Supernorum
3059 1920 3346 1989 caelorum,
3399 1922 3494 1994 qui

1895 2003 2110 2059 [Eterni
2157 2013 2289 2062 sunt
2319 2005 2653 2076 habitacula,
2686 2023 2786 2064 nos
2812 2017 2994 2080 petere
3023 2009 3388 2078 exhortatur;
3422 2011 3490 2066 ab

1894 2092 1981 2163 his
2009 2101 2190 2150 autem
2235 2095 2514 2164 omnibus,
2547 2112 2668 2169 qua)
2710 2097 2769 2152 in
2796 2096 3144 2155 ﬁrmamento
3173 2105 3227 2154 et
3253 2099 3356 2155 sub
3386 2098 3495 2154 ﬁr-

1893 2191 2169 2239 mamento
2214 2193 2362 2252 sunt,
2394 2184 2879 2242 dissimulandum.
2931 2187 3192 2261 Quisquis
3219 2188 3368 2244 enim
3401 2187 3489 2244 his

1893 2285 1948 2324 se
1978 2271 2464 2342 superstitionibus
2504 2275 2875 2344 occupaverit,
2911 2275 3370 2348 impedimentum
3400 2292 3491 2348 pa-

1893 2357 2097 2425 tietur;
2133 2376 2241 2415 non
2272 2361 2419 2415 enim
2451 2362 2654 2432 poterit
2685 2362 2802 2420 hac
2849 2364 3258 2434 transcendere,
3289 2365 3492 2438 quibus

1893 2461 1950 2501 se
1980 2445 2294 2518 inclinavit,
2325 2457 2386 2504 ut
2415 2449 2677 2508 dominis.
3357 2513 3364 2520 _

1968 2534 2148 2605 (Vers.
2205 2536 2283 2609 3.)
2346 2560 2365 2584 ι
2393 2539 2593 2595 Mortui
2647 2541 2793 2596 enim
2849 2542 3000 2608 estis,
3051 2550 3105 2598 et
3152 2544 3269 2599 vita
3308 2552 3491 2601 vestra

1892 2623 2214 2680 abscondita
2258 2634 2339 2682 est
2385 2643 2512 2682 cum
2541 2628 2762 2685 Christo
2791 2628 2849 2684 in
2878 2632 3007 2686 Deo.
3039 2654 3058 2677 ι
3102 2633 3264 2703 Apud
3293 2634 3488 2689 mundi

1890 2729 2110 2770 sensum
2148 2723 2400 2772 mortuus
2429 2715 2683 2774 Christus
2712 2718 2952 2788 videtur,
2975 2729 3028 2775 et
3057 2720 3314 2793 discipuli
3345 2721 3485 2793 ejus,

1889 2821 2012 2862 cum
2045 2815 2258 2862 constet
2287 2808 2473 2864 vivere
2502 2809 2663 2864 illum
2692 2825 2817 2865 cum
2848 2809 2936 2865 his
2964 2811 3240 2868 omnibus.
3275 2812 3485 2869 Idcirco

1887 2896 2202 2954 carnalibus
2231 2914 2294 2956 ac
2346 2898 2640 2954 mundanis
2665 2900 2987 2957 abscondita
3023 2911 3105 2959 est
3132 2901 3247 2958 vita
3273 2901 3482 2960 Christi

1887 2997 1941 3044 et
1983 3005 2208 3045 suorum
2265 2989 2323 3044 in
2371 2990 2485 3045 Deo
2529 2997 2687 3046 extra
2729 2990 3019 3060 mundum,
3057 2991 3116 3046 in
3149 3007 3316 3065 regno
3361 2989 3480 3062 ejus

1884 3080 2112 3148 caelesti,
2144 3080 2201 3135 in
2235 3096 2345 3152 quo
2374 3080 2591 3136 vivunt.

1959 3169 2238 3242 (Vers.&.)
2274 3194 2293 3218 ι
2315 3170 2453 3228 Cum
2480 3170 2732 3227 Christus
2777 3172 3089 3244 apparuerit
3127 3171 3244 3229 vita
3269 3180 3476 3240 vestra,

1882 3270 2018 3319 tunc
2063 3269 2118 3317 et
2154 3277 2253 3318 vos
2299 3260 2630 3334 apparebitis
2670 3278 2795 3318 cum
2829 3261 2926 3317 illo
2955 3263 3015 3317 in
3058 3261 3249 3333 gloria.
3282 3287 3302 3313 ι
3344 3263 3475 3320 Vita

1884 3359 2072 3408 nostra
2120 3351 2374 3408 Christus
2398 3360 2517 3420 est;
2549 3351 2677 3425 quia
2716 3351 2950 3422 legimus
2990 3350 3049 3405 in
3078 3350 3236 3408 Actis
3263 3359 3473 3424 aposto-

1884 3440 2063 3496 lorum
2110 3440 2260 3496 hunc
2301 3456 2416 3497 esse
2447 3441 2575 3496 vitae
2613 3448 2892 3496 auctorem
2938 3439 3083 3510 (Act.
3116 3457 3199 3508 in,
3232 3441 3346 3512 15),
3382 3440 3475 3514 qui

1881 3544 1912 3584 a
1941 3529 2163 3600 perﬁdis
2208 3545 2320 3586 non
2363 3527 2607 3586 creditur
2633 3529 2853 3585 futurus
2878 3527 3072 3599 judex.
3104 3528 3242 3586 Cum
3291 3536 3472 3584 autem

1878 3618 2164 3674 advenerit
2218 3619 2277 3674 in
2333 3618 2540 3674 virtute
2581 3617 2808 3686 caelesti,
2841 3625 2896 3674 et
2941 3617 3092 3674 visus
3122 3617 3289 3674 fuerit
3335 3634 3470 3686 esse,

1877 3708 2024 3780 quod
2054 3708 2282 3764 minime
2310 3707 2657 3777 credebatur,
2689 3717 2824 3765 tunc
2851 3708 3193 3781 apparebunt
3212 3725 3339 3765 cum
3372 3708 3471 3764 illo

1875 3797 2040 3852 etiam
2083 3797 2178 3869 qui
2231 3797 2585 3854 crediderunt
2613 3797 2670 3852 in
2702 3797 2900 3853 illum:
2943 3805 2997 3852 et
3025 3795 3471 3852 manifestabitur

1875 3888 2027 3945 omni
2074 3887 2335 3959 perﬁdiae,
2365 3888 2495 3960 quia
2526 3886 2669 3942 vivit
2694 3903 2821 3942 cum
2850 3886 2966 3942 suis
3015 3886 3073 3940 in
3104 3885 3294 3955 gloria.
3341 3885 3468 3942 Haec

1873 3979 2176 4036 consolatio
2222 3977 2482 4033 ﬁduciam
2525 3977 2640 4048 spei
2682 3975 2846 4049 parit,
2873 3982 2936 4031 ut
2963 3973 3140 4030 securi
3185 3972 3252 4028 de
3281 3972 3468 4030 futura

1872 4067 2008 4137 vita,
2040 4067 2228 4124 omnia
2255 4072 2664 4140 postponentes,
2697 4063 2981 4121 Christum
3006 4079 3320 4137 sequamur.

1945 4155 2128 4224 (Vers.
2161 4155 2242 4224 5.)
2290 4177 2307 4201 ε
2326 4153 2653 4210 Mortiﬁcate
2681 4152 2926 4208 membra
2955 4161 3157 4221 vestra,
3179 4167 3300 4224 quae
3333 4158 3464 4207 sunt

1870 4259 2034 4315 super
2091 4252 2312 4312 terram,
2367 4242 2811 4312 fornicationem,
2858 4241 3294 4310 immunditiam,
3337 4240 3460 4296 libi-

1869 4331 2075 4401 dinem,
2107 4332 2610 4406 concupiscentiam
2636 4332 2878 4402 ‘malam,
2911 4338 2965 4387 et
2995 4331 3305 4398 avaritiam,
3338 4347 3461 4402 quae

1866 4432 1947 4480 est
2010 4423 2284 4481 idolorum
2341 4425 2595 4480 servitus.
2637 4449 2656 4473 ι
2710 4422 2982 4491 Quoniam
3039 4422 3226 4479 omnia
3292 4419 3458 4475 simul

1864 4524 2082 4587 peccata
2109 4533 2307 4588 corpus
2348 4532 2464 4572 esse
2503 4515 2562 4570 in
2591 4515 2838 4586 Epistola
2874 4513 2943 4569 ad
2988 4514 3264 4570 Romanos
3291 4509 3457 4580 signi-

1861 4604 1988 4661 ﬁcat
2050 4607 2224 4675 (Rom.
2285 4624 2367 4674 vr,
2411 4606 2494 4677 6),
2521 4603 2728 4659 idcirco
2781 4618 2930 4658 nunc
2983 4601 3202 4672 singula
3255 4597 3458 4652 delicta

1864 4693 2199 4761 describens,
2249 4695 2492 4750 membra
2537 4708 2600 4746 ea
2627 4692 2902 4762 appellat;
2943 4695 3007 4742 ut
3033 4697 3155 4759 post
3179 4691 3454 4752 acceptam

1863 4791 1916 4838 et
1962 4794 2229 4840 servatam
2277 4781 2646 4852 evangelicam
2686 4779 2753 4832 de
2783 4775 3082 4832 Salvatoris
3111 4769 3457 4844 plenitudine

1863 4874 2152 4938 rationem,
2199 4871 2356 4926 bonas
2396 4869 2524 4923 vitae
2581 4882 2799 4936 operam
2861 4864 3077 4928 darent,
3133 4865 3277 4924 272
3320 4859 3455 4915 abs-

1862 4970 2101 5024 tinentes
2130 4983 2186 5021 se
2218 4966 2286 5021 ab
2331 4964 2481 5020 omni
2513 4962 2857 5032 turpitudine
2885 4967 2940 5014 et
2971 4959 3244 5016 desiderio
3285 4959 3454 5028 malo,

1861 5075 1971 5133 quo
2019 5055 2230 5129 possint
2259 5053 2466 5127 peritiae
2514 5050 2718 5106 divinas
2751 5050 2990 5105 fructum
3025 5066 3137 5106 non
3177 5049 3454 5110 amittere.

1861 5150 2095 5205 Multum
2128 5145 2274 5202 enim
2306 5143 2460 5200 obest
2489 5141 2626 5198 scire
2654 5139 2772 5196 veri
2816 5137 3105 5208 rationem,
3139 5146 3193 5195 et
3223 5138 3452 5195 minime

1861 5240 2021 5298 factis
2050 5239 2201 5294 illam
2233 5234 2688 5310 prosequentibus
2715 5233 3006 5290 afﬁrmare.
3027 5231 3168 5288 Hinc
3197 5238 3278 5286 est
3307 5228 3454 5285 unde

1860 5339 1914 5387 et
1941 5327 2211 5386 Dominus
2240 5326 2386 5384 inter
2423 5333 2616 5382 caetera
2645 5323 2749 5380 ait:
2794 5346 2812 5369 ι
2844 5320 2950 5388 Qui
2980 5331 3163 5378 autem
3205 5319 3310 5377 scit
3343 5334 3456 5376 vo-

1957 5487 2050 5558 95)
2082 5489 2241 5543 Rom.
2265 5487 2407 5566 edit.
2434 5487 2582 5566 _s_ola,
2611 5487 2776 5542 tradit
2815 5483 3102 5566 prudentia
3123 5503 3151 5566 ;_
3182 5481 3282 5566 sed
3309 5481 3455 5539 infra

1858 5556 2046 5636 eadem
2077 5558 2356 5636 cum__aliis
2389 5559 2522 5636 edit.
2567 5566 2622 5613 et
2643 5576 2794 5636 _r_nss.
2817 5556 3038 5629 aliquot
3066 5556 3312 5636 eahihet,
3343 5572 3450 5636 qm;

1857 5631 1942 5684 nis
1969 5629 2268 5697 carpo-ralis
2299 5630 2572 5697 nativitas,
2603 5629 2699 5684 ubi
2730 5646 2861 5686 mss.
2907 5629 3185 5697 nonnulli,
3227 5629 3455 5684 hominis

1858 5696 2154 5773 corporalis
2179 5699 2450 5755 nativitas.

3060 5801 3128 5856 15
