3908 6192
401 374 505 434 ιόθ

1411 372 1506 426 ΑΙ)
1544 367 1777 425 OPERA
1815 367 1872 422 S.
1914 365 2246 424 AMBROSII
2285 362 2665 420 APPENDIX.

3601 357 3706 417 5.60

401 503 672 559 luntatem
702 499 915 555 domini
953 499 1058 565 sui,
1106 506 1159 553 et
1201 513 1310 552 non
1342 495 1582 568 paruerit
1611 495 1684 560 ei,
1712 491 1998 562 vapulabit
2027 495 2076 552 A
2106 500 2230 547 actu
2277 490 2739 546 incontaminatos
2785 503 2840 543 se
2887 485 3156 554 videntes,
3205 495 3260 543 et
3297 485 3431 541 novi
3471 485 3608 544 facti
3662 488 3720 544 in

403 593 595 648 multis
626 592 777 662 (Luc.
800 606 902 655 x11,
924 587 1036 658 47).
1063 612 1081 634 ι
1124 586 1429 642 Avaritiam
1456 591 1638 638 tamen
1670 581 1994 637 idololatria;

402 681 765 754 comparavit,
821 689 882 734 ut
937 677 1078 732 nihil
1110 677 1205 731 illa
1257 675 1540 732 scelestius
1568 673 1991 728 demonstraret.

402 773 517 829 Sub
573 789 685 826 uno
716 769 936 825 nomine
965 766 1074 820 duo
1119 766 1352 837 pessima
1381 773 1434 818 et
1466 762 1633 834 impia
1683 779 1877 834 genera
1906 762 1996 817 de-

403 863 663 934 signavit,
713 875 831 930 quae
875 856 1023 912 omni
1080 853 1291 908 ratione
1333 861 1518 908 monet
1549 852 1840 923 fugienda:
1889 852 1995 924 pri-

403 966 552 1006 mum
590 948 736 1003 enim
764 952 817 1001 et
847 959 1107 1016 pergrave
1139 941 1346 998 crimen
1378 950 1460 998 est
1489 940 1818 998 idololatria.
1851 940 1997 1008 Quid

401 1039 547 1097 enim
596 1047 706 1092 tam
765 1035 1156 1109 perniciosum,
1210 1041 1431 1106 tamque
1478 1032 1777 1100 funestum,
1833 1048 1995 1104 quam

400 1127 467 1184 ad
515 1125 774 1197 injuriam
825 1124 1085 1180 creatoris
1130 1124 1228 1179 Dei
1279 1123 1442 1195 lignis
1489 1130 1542 1179 et
1586 1121 1862 1193 lapidibus
1910 1123 1996 1177 vel

399 1215 525 1271 aliis
570 1213 806 1270 metallis
845 1212 1278 1270 honoriﬁcentia;
1314 1211 1432 1284 ejus
1479 1228 1680 1268 nomen
1714 1211 1996 1278 tribuere;

399 1322 522 1362 cum
557 1304 658 1375 ipsi
694 1320 800 1358 non
856 1303 1154 1376 patiantur,
1188 1312 1247 1357 ut
1294 1319 1487 1358 servus
1522 1301 1745 1379 nomine
1785 1300 1998 1357 domini

398 1403 766 1466 nuncupatur,
800 1409 961 1464 quem
994 1408 1102 1447 non
1135 1400 1328 1447 natura
1361 1392 1569 1464 utique,
1603 1390 1696 1447 sed
1746 1389 1998 1464 qualem

398 1483 644 1541 conditio
685 1481 911 1552 subjicit
957 1481 1214 1537 servituti
1243 1481 1270 1536 ?
1299 1480 1468 1536 Aliud
1494 1497 1522 1534 e
1552 1487 1741 1535 contra
1789 1479 2000 1535 crimen

399 1580 480 1628 est
515 1573 780 1639 avaritiae,
831 1586 942 1627 non
991 1571 1175 1641 dispar
1229 1569 1460 1637 malitia,
1502 1569 1596 1625 sed
1627 1567 1908 1624 diversum
1941 1569 1999 1624 in

399 1663 642 1719 nomine.
702 1660 856 1717 Unde
908 1659 976 1714 ad
1031 1658 1380 1715 Timotheum
1415 1659 1533 1714 ait:
1579 1684 1598 1705 ι
1629 1657 1806 1714 Radix
1851 1657 1999 1712 enim

398 1752 646 1806 omnium
702 1752 970 1805 malorum
1021 1756 1102 1804 est
1149 1748 1381 1804 avaritia
1410 1749 1466 1816 (Ι
1501 1747 1637 1804 Tim.
1669 1764 1748 1816 vr,
1801 1747 1889 1814 10)
1920 1765 1934 1813 ;
1967 1769 1985 1794 ι

398 1841 649 1897 omnium
689 1838 836 1895 enim
890 1853 1062 1909 capax
1093 1845 1175 1892 est
1222 1838 1575 1905 delictorum,
1609 1844 1669 1892 ut
1715 1835 2000 1892 avuditatis

399 1947 528 1998 suae,
564 1928 710 2002 quod
743 1927 1081 1999 impossibile
1110 1936 1213 1995 est,
1246 1929 1470 1999 impleat
1491 1925 1999 1993 desiderium,sem-

397 2035 493 2091 per
521 2019 734 2086 bibens,
765 2025 819 2073 et
849 2035 1062 2089 semper
1107 2018 1321 2074 sitiens.
1373 2017 1494 2073 Non
1543 2016 1822 2072 immerito
1869 2031 1999 2086 ergo

389 2109 500 2164 sub
552 2125 664 2164 uno
719 2109 944 2163 nomine
974 2115 1273 2179 utrumque
1303 2106 1508 2161 malum
1549 2105 1827 2171 ostendit;
1862 2120 1999 2176 pene

397 2198 546 2254 enim
593 2213 706 2253 uno
750 2198 1046 2268 explentur
1095 2213 1294 2268 opere:
1343 2197 1471 2269 quia
1501 2202 1644 2251 Sicut
1684 2194 2001 2250 idololatria

398 2284 494 2341 uni
539 2287 651 2341 Deo
697 2286 912 2341 auferre
944 2286 1144 2341 nititur
1197 2285 1448 2357 gloriam,
1481 2301 1548 2340 ne
1579 2282 1725 2355 quod
1756 2282 1874 2353 ejus
1911 2299 1997 2354 pe-

397 2374 603 2431 culiare
631 2382 734 2442 est,
763 2376 915 2431 solus
944 2376 1140 2431 habeat
1171 2391 1371 2430 nomen
1403 2374 1717 2430 divinitatis
1745 2372 1848 2428 sibi
1894 2371 1998 2428 soli

395 2464 755 2535 condignum,
815 2465 889 2521 ita
940 2474 993 2521 et
1037 2466 1266 2521 avaritia
1300 2466 1355 2520 in
1386 2465 1482 2521 Dei
1514 2481 1570 2520 se
1601 2480 1684 2520 res
1724 2461 1996 2530 extendit,

396 2563 460 2612 ut
487 2555 533 2611 si
566 2562 742 2626 potest
772 2554 912 2623 fieri,
948 2573 1089 2612 unus
1128 2565 1181 2611 et
1213 2556 1362 2612 solus
1410 2562 1714 2611 creaturam
1746 2552 1865 2623 ejus
1893 2551 2000 2607 sibi

396 2651 640 2715 usurpet,
700 2661 863 2717 quam
921 2647 1067 2702 Deus
1121 2661 1470 2702 communem
1534 2642 1793 2700 omnibus
1844 2640 1995 2698 fecit.

397 2733 550 2790 Unde
572 2734 708 2791 dicit
725 2736 870 2791 Deus
896 2753 991 2807 per
1018 2736 1338 2807 prophetam
1367 2754 1378 2792 :
1418 2761 1436 2783 ι
1456 2735 1636 2790 Meum
1658 2740 1740 2789 est
1779 2748 1996 2799 aurum,

396 2831 450 2879 et
478 2842 660 2882 meum
691 2836 772 2882 est
802 2836 1086 2898 argentum
1122 2829 1326 2898 (Aggai
1355 2846 1414 2895 ιι,
1445 2829 1525 2895 9).
1568 2852 1586 2874 ι
1630 2827 1869 2898 Utraque
1902 2824 1998 2896 igi-

397 2917 490 2966 tur
510 2913 624 2968 Deo
651 2923 734 2970 est
755 2915 1018 2982 inimica;
1047 2915 1222 2971 ambae
1249 2917 1399 2970 enim
1423 2916 1538 2970 Deo
1562 2914 1853 2987 abnegant,
1877 2929 1999 2986 quae

400 2999 520 3071 ejus
549 3010 697 3058 sunt.

470 3127 654 3202 (Vera.
699 3127 780 3200 6.)
827 3153 846 3176 α
883 3127 1113 3201 Propter
1163 3143 1282 3202 quae
1319 3129 1474 3186 venit
1506 3128 1588 3185 ira
1615 3130 1735 3186 Dei.
1767 3154 1784 3177 ι
1829 3129 1994 3184 Malo-

2104 579 2322 636 Christo
2353 594 2448 650 per
2493 576 2826 649 agnitionem
2867 574 3136 642 veritatis,
3186 591 3306 648 quae
3336 573 3472 631 olim
3527 575 3720 647 latuit,

2106 669 2268 725 modo
2302 678 2483 725 autem
2535 667 2876 724 manifestata
2902 682 2998 738 per
3024 681 3224 722 novam
3256 665 3428 737 legem
3478 666 3723 723 creden-

2104 759 2282 815 tibus:
2339 767 2401 815 ut
2447 759 2657 815 similes
2703 757 2837 813 ﬁant
2890 755 3148 828 imaginis
3193 754 3331 826 ejus,
3365 757 3462 829 qui
3509 757 3721 815 creavit

2108 848 2254 904 illos.
2288 849 2470 921 Imago
2502 847 2617 904 haec
2641 847 2695 903 in
2726 847 3148 903 conversatione
3166 845 3325 902 bona;
3357 845 3489 902 vita
3513 846 3718 903 intelli-

2109 938 2279 1011 genda
2297 947 2399 1006 est,
2417 937 2710 996 sicutdicit
2731 936 2795 992 ad
2815 933 3136 991 Corinthios
3158 934 3214 990 in
3237 935 3486 1006 Epistula
3504 938 3715 1008 prima:

2121 1053 2138 1075 ι
2170 1027 2649 1095 Quemadmodum
2684 1025 3024 1098 portavimus
3054 1023 3351 1096 imaginem
3375 1023 3498 1095 ejus
3526 1025 3624 1098 qui
3657 1025 3720 1084 de

2107 1128 2249 1177 terra
2302 1128 2403 1185 est,
2459 1121 2533 1176 ita
2581 1129 2862 1190 portemus
2912 1125 2966 1172 et
3013 1116 3309 1187 imaginem
3357 1114 3478 1188 ejus
3510 1119 3609 1190 qui
3657 1117 3720 1175 de

2107 1211 2245 1266 cmlo
2293 1218 2374 1265 est
2429 1211 2486 1281 (Ι
2537 1210 2664 1266 Cor.
2713 1225 2809 1276 xv,
2840 1207 2956 1279 49).
2992 1232 3010 1254 ›
3055 1207 3175 1278 Ipse
3213 1213 3296 1262 est
3338 1223 3468 1278 ergo
3510 1218 3721 1266 creator

2109 1297 2376 1367 hominis,
2407 1299 2566 1372 cujus
2597 1298 2889 1371 imaginem
2925 1303 3141 1368 portare
3180 1311 3282 1351 nos
3301 1294 3461 1368 jubet
3497 1297 3555 1352 in
3584 1313 3719 1354 san-

2108 1388 2297 1444 ctitate
2326 1398 2379 1444 et
2407 1388 2567 1445 bonis
2594 1387 2874 1460 operibus,
2907 1401 3027 1459 quae
3058 1383 3124 1440 de
3159 1385 3284 1440 Filii
3307 1385 3407 1442 Dei
3433 1386 3719 1459 agnitione

2109 1477 2470 1534 descendunt.
2503 1479 2674 1534 Nemi»
2719 1477 2868 1534 enim
2919 1481 3096 1547 potest
3135 1473 3336 1531 bonam
3370 1482 3424 1531 et
3456 1475 3718 1532 mundam

2109 1565 2312 1623 habere
2347 1567 2542 1636 vitam,
2570 1567 2677 1622 nisi
2710 1565 2908 1622 habeat
2935 1565 3023 1620 cui
3062 1564 3204 1622 hanc
3233 1563 3517 1632 exhibeat,
3550 1581 3583 1620 a
3613 1581 3718 1638 quo

2109 1658 2156 1714 si
2211 1675 2322 1714 non
2363 1657 2674 1730 praemium,
2734 1664 2881 1713 certe
2913 1655 3002 1713 vel
3034 1655 3250 1712 laudem
3282 1665 3584 1730 exspectet.
3616 1655 3718 1715 Sed

2109 1749 2250 1822 apud
2297 1753 2469 1808 Deum
2529 1758 2584 1807 et
2629 1751 2748 1807 laus
2795 1757 2850 1806 et
2897 1749 3185 1822 praemium
3231 1757 3543 1820 sperantur,
3592 1748 3718 1823 quia

2029 1863 2073 1922 Β
2109 1856 2218 1895 non
2252 1840 2457 1912 patitur
2487 1840 2586 1896 Dei
2601 1839 2822 1912 justitia
2843 1855 2992 1906 eum,
3019 1839 3114 1911 qui
3133 1838 3313 1894 carnis
3334 1838 3472 1895 vitia
3498 1837 3716 1901 vicerit,

2111 1930 2338 1986 minime
2374 1931 2647 1985 coronari.
2681 1930 2742 1985 In
2773 1927 2876 1986 hac
2907 1928 3090 2001 itaque
3119 1926 3398 2000 agnitione
3436 1927 3632 1984 nullus
3660 1933 3721 1982 ut

2110 2019 2373 2092 indignus
2402 2019 2700 2090 excipitur,
2732 2018 2884 2091 quasi
2918 2033 3028 2073 non
3063 2024 3334 2074 mereatur
3357 2015 3621 2072 accedere
3651 2013 3722 2071 ad

2111 2107 2277 2164 ﬁdem
2316 2107 2522 2166 Christi
2558 2125 2570 2172 ;
2605 2122 2796 2162 omnes
2826 2107 2974 2161 enim
3007 2104 3322 2163 accedentes
3343 2119 3514 2160 unum
3548 2101 3718 2172 fiunt,

2108 2198 2274 2256 deleti
2299 2198 2434 2272 quid
2466 2197 2767 2262 fuerint,et
2787 2197 2976 2269 scripti
3010 2195 3147 2268 quid
3175 2211 3289 2252 esse
3310 2200 3630 2266 coeperunt:
3659 2202 3719 2250 ut

2111 2290 2242 2360 quia
2272 2289 2441 2344 unius
2479 2287 2604 2343 fidei
2639 2293 2788 2354 sunt,
2829 2284 2885 2340 in
2927 2300 2992 2341 eo
3022 2283 3139 2356 ipso
3168 2283 3334 2340 unius
3363 2293 3474 2340 sint
3511 2292 3566 2340 et
3594 2299 3716 2341 me-

2109 2377 2224 2445 riti,
2259 2384 2319 2432 ut
2348 2393 2484 2449 quos
2526 2377 2661 2432 fides
2684 2374 2890 2448 jungit,
2912 2391 3021 2430 non
3055 2375 3265 2445 possint
3295 2372 3560 2440 discerni,
3597 2389 3714 2443 pro-

2109 2476 2230 2538 pter
2263 2464 2411 2539 quod
2462 2464 2666 2522 diversi
2718 2473 2914 2520 natura
2961 2473 3014 2519 et
3055 2471 3212 2536 gente
3259 2461 3376 2518 sive
3401 2460 3717 2519 conditione

2109 2563 2256 2610 sunt.
2290 2554 2492 2610 Omnia
2521 2554 2668 2609 enim
2703 2560 2757 2610 et
2803 2553 2860 2608 in
2888 2552 3148 2608 omnibus
3190 2551 3276 2607 his
3307 2551 3561 2610 Christus
3590 2561 3672 2610 est
3700 2574 3714 2622 ;

2110 2647 2238 2718 quia
2267 2646 2412 2701 enim
2443 2644 2632 2701 cuncti
2663 2643 2781 2717 ejus
2818 2643 3062 2700 membra
3078 2650 3228 2699 sunt.
3250 2643 3440 2699 omnia
3467 2642 3719 2702 Christus

2109 2741 2224 2796 est;
2252 2741 2313 2788 ut
2345 2733 2472 2789 dum
2507 2748 2616 2789 una
2648 2732 2921 2789 confessio
2951 2747 3143 2810 eorum
3182 2739 3263 2788 est
3295 2731 3365 2789 de
3394 2749 3489 2806 spe
3514 2732 3634 2806 ejus
3662 2735 3716 2792 in

2109 2821 2368 2881 omnibus
2417 2823 2709 2880 Christus:
2757 2830 2810 2880 et
2839 2823 2918 2880 sic
2947 2821 3134 2878 omnia
3170 2838 3370 2895 corpus
3418 2821 3540 2895 ejus
3569 2833 3715 2892 sunt,

2108 2919 2169 2967 ut
2204 2912 2478 2984 professio
2535 2928 2725 2970 eorum
2769 2919 2823 2966 et
2869 2921 3068 2969 natura
3103 2910 3421 2968 concordet.
3471 2911 3601 2968 Alia
3642 2922 3720 2970 est

2106 3010 2290 3058 tamen
2338 3002 2519 3076 imago
2568 3001 2708 3072 haec,
2769 3018 2931 3076 quam
2982 3001 3049 3058 de
3101 3001 3380 3074 agnitione
3418 3000 3720 3059 Salvatoris

2107 3087 2240 3147 dicit
2273 3091 2476 3160 creari,
2511 3098 2564 3146 et
2593 3092 2701 3147 alia
2733 3093 2929 3164 imago.
2961 3089 3031 3146 ad
3059 3106 3221 3164 quam
3257 3091 3432 3147 factus
3462 3099 3547 3147 est
3577 3095 3716 3155 2'73

397 3189 521 3274 rum
578 3189 1011 3274 memoratarum
1034 3189 1197 3276 causa
1227 3227 1519 3275 venturum
1561 3217 1698 3275 dicit
1722 3217 1994 3291 judicium
2026 3225 2076 3289 C
2107 3205 2318 3260 prmus
2367 3189 2557 3291 δοωρ-
2610 3191 2717 3246 Ῑ⁸ῖ³
2763 3190 2910 3291 θηξω
2956 3195 3262 3291 Πηδεομθδί
3284 3195 3455 3291 inf."
3487 3189 3714 3260 femina:

395 3309 517 3378 Dei,
573 3316 635 3365 ut
685 3308 1000 3366 vindicetur
1046 3308 1103 3365 in
1135 3309 1254 3380 hos,
1302 3312 1395 3383 qui
1431 3319 1747 3384 contempto
1776 3311 1891 3366 Deo
1933 3317 1987 3366 et

392 3398 507 3470 lege
536 3396 674 3469 ejus,
707 3398 1000 3456 interdicta
1029 3401 1184 3472 sequi
1216 3400 1554 3458 maluerunt.

465 3520 647 3594 (Vers.
701 3523 778 3592 7.)
827 3548 844 3569 ι
875 3524 938 3578 In
987 3522 1188 3594 quibus
1245 3531 1298 3580 et
1351 3539 1449 3578 vos
1500 3521 1824 3580 ambulastis
1881 3522 1994 3578 all-

392 3609 636 3681 quando,
680 3625 804 3664 cum
852 3611 1113 3675 viveretis
1161 3610 1219 3665 in
1255 3611 1426 3666 illis.-
1467 3612 1740 3678 Quantum
1780 3610 1997 3667 beneﬁ-

393 3698 542 3752 cium
570 3695 685 3750 iilis
710 3699 1025 3768 praestiterit
1048 3697 1224 3771 gratia
1252 3700 1346 3755 Dei
1369 3714 1460 3769 per
1483 3699 1664 3754 Iesum
1691 3699 1992 3767 Christum,

393 3802 505 3844 non
562 3794 724 3856 tacet,
773 3797 836 3844 ut
890 3791 1232 3862 gratulentur
1276 3788 1510 3845 evasisse
1565 3807 1622 3846 se
1669 3790 1827 3858 iram,
1877 3808 1997 3864 quae

393 3885 628 3934 ventura
661 3886 744 3934 est
796 3887 1017 3951 repente
1078 3897 1241 3952 super
1296 3878 1547 3936 inﬁdeles
1603 3880 1772 3936 totius
1815 3886 1994 3949 terrai,

393 3975 447 4023 et
509 3968 648 4024 tales
704 3968 1027 4041 semetipsos
1079 3969 1377 4043 praebeant,
1439 3976 1500 4024 ut
1549 3984 1736 4041 parere
1785 3969 2000 4041 possint

395 4057 685 4130 praceptis
734 4057 852 4130 ejus
898 4074 930 4115 a
976 4074 1086 4132 quo
1128 4075 1161 4114 a
1208 4065 1385 4117 morte
1411 4057 1651 4116 secunda
1693 4065 1823 4115 sunt
1850 4059 1998 4116 libe-

395 4145 518 4202 rati.

471 4270 656 4346 (Vers.
688 4270 863 4349 8-H.)
903 4303 921 4326 ε
940 4276 1098 4338 Nunc
1127 4292 1262 4337 vero
1290 4273 1547 4354 deponite
1576 4284 1630 4336 et
1657 4294 1756 4341 vos
1785 4273 1996 4346 omnia,

396 4359 539 4419 iram
584 4371 638 4419 et
683 4363 1120 4438 indignationem
1170 4368 1363 4436 animi,
1397 4368 1687 4438 malitiam,
1730 4367 2002 4453 b'asphe—

393 4454 583 4512 miam.
641 4454 1063 4531 Turpiloquium
1112 4459 1180 4515 de
1219 4476 1311 4515 ore
1337 4469 1520 4516 vestro
1558 4476 1670 4515 non
1717 4459 1996 4531 procedat-

392 4543 573 4600 Nolite
608 4545 831 4602 mentiri
865 4545 1126 4604 invicem.
1159 4547 1364 4604 Exuite
1393 4564 1492 4603 vos
1541 4555 1781 4604 veterem
1809 4549 2000 4606 homi-

394 4649 521 4689 nem
553 4649 676 4692 cum
719 4636 932 4693 actibus
962 4636 1098 4710 ejus,
1131 4645 1185 4693 et
1214 4636 1428 4692 induite
1457 4653 1685 4704 novum,
1717 4639 1812 4710 qui
1843 4656 1998 4696 reno-

392 4731 555 4780 vatur
584 4725 641 4782 in
671 4726 1008 4799 agnitionem
1044 4728 1160 4800 (96)
1203 4726 1503 4784 secundum
1534 4725 1825 4799 imaginem
1859 4727 1996 4800 ejus,

392 4811 488 4883 qui
517 4813 768 4871 condidit
802 4816 959 4872 illum
987 4834 998 4872 :
1033 4816 1127 4871 ubi
1159 4832 1267 4871 non
1309 4824 1390 4872 est
1409 4815 1639 4873 Graecus
1671 4824 1724 4872 et
1755 4816 1993 4887 Iudaeus,

392 4900 744 4960 circumcisio
775 4913 828 4961 et
860 4908 1210 4978 praeputium,
1252 4905 1523 4962 Barbarus
1549 4915 1603 4961 et
1631 4905 1855 4977 Scytha,
1888 4924 1996 4964 ser-

393 5009 496 5049 vus
525 5005 579 5051 et
611 4999 748 5055 liber
776 5019 786 5055 :
840 5001 932 5056 sed
973 5001 1158 5055 omnia
1201 5007 1253 5055 et
1284 5000 1341 5055 in
1380 5000 1638 5057 omnibus
1663 4999 1932 5057 Christus.
1963 5028 1980 5052 ι

389 5083 551 5141 Nunc
571 5087 639 5142 ab
669 5088 756 5143 his
786 5089 1197 5162 prohibet,quae
1227 5090 1442 5146 minora
1472 5100 1690 5161 peccata
1712 5089 1989 5156 videntur;

391 5186 460 5228 ne
490 5172 653 5247 forte,
686 5180 816 5250 quia
860 5179 1110 5250 superius
1142 5196 1260 5251 quae
1319 5181 1568 5250 graviora
1599 5189 1747 5246 sunt,
1792 5180 1994 5236 morti-

389 5267 609 5325 ﬁcanda
666 5267 969 5335 mandavit,
1025 5269 1139 5325 haec
1168 5268 1532 5337 admittenda,
1570 5277 1664 5325 aut
1693 5269 1847 5342 quasi
1883 5287 1992 5326 non

391 5357 719 5428 periculosa,
778 5375 886 5414 non
939 5356 1195 5429 fugienda
1236 5366 1596 5430 putarentur:
1631 5360 1794 5414 simul
1825 5360 1991 5416 etiam

391 5451 454 5499 ut
481 5446 634 5502 exuti
663 5456 904 5503 veterem
931 5446 1236 5515 hominem,
1269 5447 1324 5502 id
1353 5455 1455 5513 est,
1488 5455 1597 5502 tam
1628 5448 1798 5504 verbo
1827 5466 1990 5522 quam

466 5653 582 5726 (96)
614 5653 742 5710 Post
783 5657 842 5710 in
885 5658 1224 5727 agnitionem,
1260 5660 1514 5716 nonnulli
1549 5675 1678 5715 mss.
1722 5677 1848 5717 cum
1887 5661 1992 5717 Bi—

392 5725 522 5787 bliis
565 5733 805 5802 vulgatis
855 5725 1065 5791 addunt
1099 5740 1158 5790 τὸ
1188 5739 1326 5805 Dei;
1363 5738 1458 5794 sed
1503 5737 1810 5794 redundare
1848 5739 1991 5798 hanc

2109 3296 2232 3337 cum
2288 3283 2536 3354 agnoscit
2567 3298 2717 3350 eum,
2757 3281 2852 3354 qui
2882 3297 2938 3338 se
2967 3280 3196 3347 creavit,
3247 3287 3301 3336 et
3330 3279 3714 3354 obtemperans

2104 3373 2379 3428 voluntati
2411 3371 2531 3444 ejus
2560 3372 2801 3429 abstinet
2829 3389 2860 3428 a
2888 3371 3004 3428 vita
3034 3369 3182 3444 turpi
3203 3380 3256 3426 et
3285 3381 3409 3427 actu
3434 3388 3714 3455 perverso;

2105 3461 2201 3517 illa
2245 3472 2426 3519 autem
2476 3463 2657 3536 imago
2707 3463 2765 3518 in
2797 3463 2915 3518 solo
2944 3461 3066 3517 viro
3091 3469 3193 3529 est,
3225 3459 3367 3518 sicut
3397 3461 3545 3518 idem
3582 3464 3718 3521 dicit

2105 3549 2162 3605 in
2194 3551 2440 3623 Epistola
2469 3551 2540 3608 ad
2571 3551 2890 3609 Corinthios
2921 3553 3132 3623 prima:
3181 3575 3199 3598 ι
3220 3551 3321 3606 Vir
3349 3551 3576 3624 quidem
3609 3569 3716 3611 non

2106 3640 2268 3696 debet
2315 3641 2499 3698 velare
2545 3649 2728 3713 caput,
2779 3657 2905 3698 cum
2963 3641 3034 3697 sit
3081 3641 3260 3714 imago
3300 3649 3352 3697 et
3381 3642 3560 3714 gloria
3620 3644 3716 3701 Dei

2109 3731 2166 3802 (Ι
2182 3731 2306 3787 Cor.
2327 3749 2403 3800 χι,
2427 3733 2504 3803 7).
2527 3756 2546 3779 ι
2582 3732 2635 3788 Si
2665 3739 2844 3789 autem
2865 3739 2919 3788 et
2942 3730 3141 3787 mulier
3166 3747 3275 3787 non
3299 3729 3507 3787 velaret
3529 3742 3710 3806 caput,

2107 3828 2246 3876 esset
2300 3828 2353 3876 et
2404 3822 2520 3892 ipsa
2551 3821 2730 3895 imago
2760 3822 2880 3879 Dei.
2927 3819 3032 3878 Sed
3064 3821 3428 3894 incongruum
3460 3831 3602 3892 erat,
3657 3828 3716 3879 ut

2107 3909 2250 3966 facta
2286 3909 2408 3966 viro
2437 3911 2703 3985 subjecta,
2733 3911 3008 3969 diceretur
3050 3927 3168 3968 esse
3197 3910 3376 3984 imago
3407 3910 3544 3977 Dei;
3587 3927 3711 3970 nam

2107 4017 2162 4064 et
2190 4007 2248 4063 in
2279 4009 2472 4066 Genesi
2519 4008 2598 4066 ita
2630 4008 2744 4067 ait:
2791 4033 2810 4057 ι
2849 4009 2919 4066 Εῐ
2948 4007 3078 4065 fecit
3123 4008 3269 4065 Deus
3299 4006 3605 4077 hominem,
3647 4006 3714 4064 ad

2108 4101 2401 4174 imaginem
2451 4103 2551 4161 Dei
2600 4103 2730 4161 fecit
2775 4118 2899 4162 eum
2955 4102 3111 4174 (Gen.
3155 4118 3196 4169 ι,
3229 4100 3364 4172 27);
3400 4126 3420 4151 ι
3463 4111 3530 4160 ut
3571 4102 3718 4159 sicut

2106 4194 2254 4250 Deus
2302 4208 2448 4250 unus
2497 4201 2597 4262 est,
2641 4210 2786 4252 unus
2829 4192 2897 4250 ab
2943 4209 3006 4250 eo
3034 4191 3188 4250 ﬁeret
3219 4191 3419 4261 homo;
3451 4199 3517 4249 ut
3568 4207 3714 4265 quo-

2109 4282 2274 4339 modo
2305 4299 2374 4340 ex
2405 4285 2520 4342 Deo
2549 4300 2661 4341 uno
2690 4283 2898 4352 omnia,
2933 4283 3006 4340 ita
3035 4298 3107 4340 ex
3137 4298 3249 4340 uno
3296 4280 3524 4339 homine
3553 4297 3717 4339 omne

2109 4387 2278 4446 genus
2322 4382 2462 4430 esset
2499 4390 2662 4446 super
2706 4372 2900 4429 faciem
2930 4373 3103 4428 totius
3137 4381 3317 4428 terrae.
3363 4370 3518 4428 Unus
3548 4371 3718 4446 igitur

2108 4478 2280 4518 unum
2308 4462 2458 4530 fecit,
2489 4462 2585 4535 qui
2618 4462 2850 4519 unitatis
2879 4460 2998 4534 ejus
3039 4461 3262 4518 haberet
3290 4460 3617 4534 imaginem.
3645 4459 3717 4516 Et

2109 4551 2225 4623 ipsa
2250 4551 2308 4606 in
2340 4552 2462 4606 viro
2486 4557 2539 4606 et
2570 4551 2801 4607 muliere
2831 4549 3142 4607 similitudo
3173 4548 3422 4623 mysterii
3453 4548 3634 4605 Patris
3662 4555 3716 4604 et

2107 4640 2234 4698 Filii
2260 4659 2274 4708 ;
2320 4639 2620 4696 Barbarum
2654 4649 2836 4696 tamen
2865 4639 2934 4697 ab
2963 4639 3168 4713 Scytha
3216 4638 3542 4710 segregavit,
3573 4638 3717 4694 sicut

2106 4745 2326 4788 servum
2381 4744 2411 4783 a
2467 4727 2662 4795 libero,
2715 4744 2828 4784 non
2873 4728 3065 4802 utique
3120 4727 3176 4784 in
3216 4726 3463 4796 Christo,
3514 4726 3570 4782 in
3607 4742 3715 4799 quo

2105 4834 2296 4877 omnes
2340 4832 2514 4873 unum
2556 4824 2706 4885 sunt,
2762 4817 2856 4875 sed
2903 4820 2960 4874 in
3010 4834 3225 4875 morum
3282 4815 3501 4873 feritate
3549 4822 3604 4871 et
3656 4813 3714 4870 in

2106 4912 2282 4985 gentis
2329 4910 2691 4966 immanitate.
2743 4908 2959 4981 Pejores
3005 4910 3154 4967 enim
3196 4909 3296 4965 bos
3324 4908 3586 4966 Barbaris
3621 4908 3718 4963 in-

2103 5002 2280 5074 telligi
2335 5001 2536 5069 voluit,
2587 5007 2875 5073 antequam
2925 5000 3169 5066 credent,
3221 5015 3346 5056 cum
3391 4998 3716 5055 Graecorum

2103 5093 2231 5149 libri
2258 5092 2531 5164 justitiam
2559 5108 2744 5149 eorum
2772 5090 3087 5163 praedicent,
3111 5107 3294 5164 quam,
3321 5089 3461 5146 duce
3487 5098 3712 5170 natura,

2102 5184 2507 5257 sequebantur:
2545 5185 2596 5240 in
2630 5191 2840 5241 tantum
2886 5190 2945 5238 ut
2975 5199 3232 5255 magnum
3275 5181 3420 5252 apud
3449 5197 3548 5239 eos
3576 5196 3716 5254 pec-

2099 5285 2282 5332 catum
2332 5275 2464 5332 furti
2516 5275 2802 5341 habeatur,
2831 5274 2980 5346 quod
3028 5273 3202 5330 Graeci
3247 5289 3464 5342 magna,
3500 5273 3715 5345 inquit,

2101 5381 2224 5420 cum
2266 5364 2538 5420 industria
2582 5372 2634 5419 et
2661 5362 2912 5418 doctrina
2934 5362 3168 5433 justitiae
3201 5361 3426 5419 semitas
3459 5360 3711 5418 investi-

2101 5461 2316 5525 garunt,
2336 5453 2500 5510 hosce
2523 5451 2846 5509 naturaliter
2863 5452 3342 5524 comprehendisse
3363 5451 3716 5516 collaudant.

2101 5686 2289 5728 vocem
2341 5687 2467 5729 cum
2514 5674 2814 5729 multorum
2846 5671 3244 5745 exemplarium
3285 5687 3577 5730 sacrorum
3604 5687 3712 5731 au-

2098 5745 2371 5813 ctoritate,
2404 5752 2518 5800 tum
2552 5745 2719 5816 hujus
2756 5745 2930 5817 ipsius
2959 5744 3065 5804 loci
3093 5744 3526 5802 demonstratur.
