3908 6192
539 419 646 477 463

1548 419 1643 473 AD
1684 418 1919 474 OPERA
1959 419 2014 474 S.
2055 417 2386 476 AMBROSII
2426 415 2813 474 APPENDIX.

3736 415 3850 476 461.

538 545 649 614 Qui
676 548 825 602 enim
857 545 924 601 ad
954 547 1174 601 oculum
1208 545 1397 610 servit,
1429 544 1486 598 in
1526 546 1744 598 occulto
1775 543 1924 598 aliud
1957 544 2087 600 facit
2114 562 2124 597 :
2159 551 2205 607 A
2234 561 2526 616 corporum
2559 545 2728 610 enim,
2761 559 2871 599 non
2898 543 3210 599 animorum
3241 552 3367 599 sunt
3386 541 3631 601 domini.
3678 547 3845 606 Solus

539 637 636 710 qui
675 645 860 694 autem
890 653 957 691 ex
990 634 1194 701 animo,
1227 635 1351 690 talis
1380 641 1460 688 est
1498 633 1633 688 foris
1665 633 1844 705 qualis
1873 642 1925 687 et
1955 634 2122 689 intus.

539 727 584 783 si
615 743 745 799 ergo
783 726 840 780 in
876 725 980 780 hoc
1006 724 1269 795 obsequio
1299 722 1467 778 fuerit
1507 722 1708 790 ﬁdelis,
1728 722 2128 793 promerebitur

535 820 859 884 Dominum,
893 817 1021 889 quia
1052 817 1165 887 ipse
1204 814 1382 870 dixit:
1447 840 1464 861 ι
1490 815 1593 881 Qui
1628 816 1683 870 in
1719 816 1951 870 minimo
1982 815 2126 871 ﬁde-

535 905 605 960 lis
631 915 733 972 est,
767 915 820 959 et
849 905 906 958 in
939 920 1134 975 magno
1165 903 1345 959 ﬁdelis
1383 911 1463 959 est
1495 905 1646 974 (Luc.
1697 921 1817 969 xvr,
1854 905 1964 974 l0).
2006 930 2023 952 ι
2068 905 2124 960 Si

528 994 677 1048 enim
731 994 802 1060 ei,
841 993 932 1064 qui
975 992 1043 1048 ad
1079 1009 1316 1064 praesens
1345 993 1593 1048 vindicat
1619 995 1768 1063 (99),
1803 993 1980 1049 ﬁdelis
2013 1010 2123 1048 non

526 1081 719 1149 fuerit,
751 1080 844 1154 qui
877 1081 994 1137 ﬁeri
1027 1085 1226 1154 poterit
1259 1091 1319 1137 ut
1348 1082 1430 1137 illi
1463 1082 1624 1137 fidem
1657 1082 1935 1150 exhibeat,
1961 1097 2121 1153 quem

525 1179 651 1244 post
713 1180 943 1227 mortem
993 1171 1150 1227 audit
1198 1171 1628 1243 judicaturum?
1686 1171 1897 1226 Idcirco
1938 1171 1995 1225 in
2029 1169 2120 1225 do-

525 1261 669 1316 mini
725 1261 960 1318 carnalis
1015 1277 1177 1316 causa
1225 1259 1435 1332 justum
1479 1263 1600 1316 vult
1636 1278 1751 1316 esse
1793 1276 2012 1316 servum
2068 1269 2122 1316 et

525 1348 937 1422 obsequentem,
995 1360 1053 1406 ut
1090 1351 1262 1423 possit
1319 1359 1372 1406 et
1419 1350 1477 1405 in
1529 1351 1626 1406 Dei
1669 1350 1830 1405 rebus
1859 1357 1913 1404 et
1943 1347 2120 1403 ﬁdelis

527 1457 644 1499 esse
695 1450 750 1496 et
803 1442 1126 1513 obsequens.
1187 1441 1244 1497 Si
1301 1441 1449 1495 enim
1501 1441 1559 1496 in
1602 1440 1856 1513 praesenti
1887 1439 2121 1494 idoneus

523 1531 714 1600 fuerit,
744 1530 839 1587 ubi
868 1531 973 1587 scit
1003 1530 1155 1586 nulla
1183 1546 1297 1585 esse
1319 1530 1425 1584 nisi
1456 1529 1840 1602 corruptibilia
1869 1529 2113 1601 praemia,

520 1627 728 1695 quanto
774 1620 948 1691 magis
997 1620 1319 1692 propensior
1371 1619 1476 1674 erit
1529 1619 1586 1673 in
1643 1617 1742 1674 Dei
1801 1617 2114 1685 devotione,

520 1725 684 1782 quem
708 1707 813 1764 scit
843 1706 1099 1762 ﬁdelibus
1130 1707 1463 1762 immortalia
1493 1707 1748 1763 daturum
1782 1706 2004 1778 praemia
2029 1707 2039 1760 l

594 1801 776 1872 (Vers.
813 1797 900 1866 23,
929 1798 1017 1866 24,
1051 1799 1167 1870 25.)
1238 1826 1256 1848 ι
1285 1799 1566 1872 Quidquid
1597 1799 1798 1866 facitis,
1830 1814 1898 1851 ex
1928 1796 2115 1851 animo

2237 635 2384 688 enim
2412 634 2700 701 Dominus,
2719 643 2772 689 et
2799 641 2990 688 auctor
3019 649 3200 688 rerum
3232 631 3535 689 invisibilis
3559 635 3714 692 Deus
3727 644 3842 694 tam

2236 723 2558 795 corporibus
2609 740 2771 796 quam
2803 722 3008 778 animis
3032 721 3370 790 dominatur,
3399 729 3462 778 ut
3490 721 3615 781 haec
3647 726 3842 782 consi-

2236 813 2507 882 derantes,
2537 813 2686 886 justa
2715 813 2783 868 ab
2813 813 2891 868 eis
2919 812 3146 885 exigant
3173 811 3402 868 servitia
3435 830 3446 868 :
3479 813 3621 869 talia
3649 815 3842 888 utique

2236 903 2419 976 qualia
2473 913 2526 958 et
2557 919 2588 957 a
2617 919 2672 958 se
2715 903 2861 973 exigi
2911 903 3109 957 volunt
3154 917 3186 956 a
3233 901 3472 958 Domino
3525 905 3834 960 communi.

2233 983 2367 1047 Nam
2416 1009 2538 1048 cum
2583 992 2685 1064 ipsi
2744 1008 2854 1046 non
2886 999 2948 1046 ut
3004 990 3234 1063 dignum
3265 1000 3370 1058 est,
3421 993 3538 1047 Deo
3567 993 3837 1063 serviant,

2233 1097 2391 1154 quem
2445 1099 2553 1137 non
2585 1091 2786 1153 negant
2815 1081 3062 1137 omnium
3097 1088 3417 1152 potestatem
3468 1079 3702 1151 habere,
3729 1101 3837 1140 cu-

2226 1170 2425 1244 jusque
2473 1170 2794 1244 quotidiana
2850 1169 2994 1226 dona
3051 1186 3147 1242 per
3202 1169 3512 1226 ministeria
3565 1181 3833 1228 creatura

2232 1259 2490 1316 humanis
2547 1260 2738 1317 usibus
2781 1259 3055 1326 exhiberi,
3105 1275 3136 1315 a
3176 1259 3400 1331 paribus
3447 1261 3564 1316 suis
3608 1262 3830 1333 (utnon

2229 1351 2410 1407 dicam
2466 1351 2753 1421 fratribus)
2801 1358 2911 1405 tam
2969 1350 3156 1422 gravia
3211 1350 3443 1422 exigunt
3480 1353 3737 1419 servitia,
3771 1361 3834 1409 ut

2228 1439 2360 1495 ferri
2406 1457 2512 1496 non
2546 1440 2790 1512 possint:
2838 1455 2949 1494 non
2988 1445 3255 1510 ponentes
3285 1437 3343 1493 in
3374 1439 3583 1507 animo,
3621 1441 3751 1512 quia
3776 1449 3832 1496 et

2226 1531 2332 1603 ipsi
2365 1532 2541 1587 velint
2573 1530 2772 1598 nolint,
2803 1529 2948 1585 servi
2969 1535 3117 1596 sunt,
3150 1535 3205 1582 et
3232 1526 3477 1584 viderint
3529 1529 3692 1601 cujus
3721 1546 3830 1587 me-

2228 1621 2342 1676 riti.

2300 1711 2481 1781 (Vers.
2523 1712 2576 1778 2,
2609 1710 2661 1778 3,
2693 1709 2775 1780 4.)
2841 1733 2860 1756 ι
2891 1707 3143 1765 Orationi
3179 1707 3402 1778 instate,
3433 1709 3733 1782 vigilantes
3769 1709 3825 1766 in

2226 1799 2323 1856 illa
2354 1817 2477 1856 cum
2529 1799 2827 1872 gratiarum
2874 1798 3126 1865 actione;
3178 1808 3394 1855 orantes
3446 1799 3616 1856 simul
3646 1808 3702 1855 et
3733 1817 3826 1872 pro

517 1885 846 1960 operamini,
877 1895 937 1941 ut
964 1887 1200 1942 Domino
1220 1895 1273 1942 et
1293 1903 1404 1941 non
1426 1887 1764 1942 hominibus:
1799 1885 1929 1940 certi
1965 1882 2111 1956 quod
2140 1909 2187 1969 Β
2224 1889 2404 1956 nobis,
2447 1897 2506 1944 ut
2563 1890 2708 1944 Deus
2756 1888 2965 1960 aperiat
2995 1886 3155 1942 nobis
3185 1887 3380 1943 ostium
3413 1888 3568 1945 verbi
3599 1889 3671 1945 ad
3703 1889 3826 1945 elo—

517 1993 552 2034 θ.
603 1975 842 2034 Domino
878 1976 1156 2049 recipietis
1190 1977 1609 2033 retributionem
1641 1976 1979 2032 haereditatis
2006 1977 2110 2031 Do-

514 2067 657 2123 mini
709 2065 939 2135 Christi,
996 2068 1090 2122 cui
1135 2068 1377 2122 servitis.
1413 2067 1518 2134 Qui
1551 2066 1699 2122 enim
1729 2065 1919 2139 inique
1949 2065 2109 2137 gerit,

509 2155 620 2213 fert
660 2155 716 2212 id
763 2155 913 2229 quod
952 2157 1116 2228 gessit
1160 2157 1383 2230 inique:
1415 2163 1469 2210 et
1500 2171 1614 2210 non
1646 2162 1728 2210 est
1755 2171 2108 2226 personarum

513 2245 760 2317 acceptio
802 2245 946 2316 apud
994 2247 1188 2301 Deum.
1220 2270 1238 2292 ι
1287 2246 1356 2301 Ut
1387 2253 1668 2317 promptos
1707 2244 1833 2299 illos
1862 2243 1919 2298 in
1958 2243 2108 2298 obse-

510 2333 641 2405 quio
692 2341 746 2388 et
792 2333 898 2390 ﬁde
955 2334 1142 2402 faciat,
1175 2334 1479 2390 mercedem
1525 2333 1652 2390 illos
1681 2332 1955 2389 bonorum
1985 2349 2108 2404 ope-

510 2436 635 2476 rum
674 2433 993 2495 accepturos
1047 2424 1324 2495 promittit
1378 2439 1409 2478 a
1455 2424 1568 2478 Deo
1597 2423 1653 2477 in
1685 2439 1852 2496 regno
1877 2421 2103 2479 Christi.

509 2509 668 2578 Quod
713 2520 774 2567 ut
826 2513 1116 2585 probatum
1175 2513 1246 2569 sit
1285 2521 1340 2568 et
1365 2520 1670 2584 acceptum,
1711 2511 1790 2568 sic
1835 2511 1960 2567 illos
1989 2511 2107 2566 vult

511 2604 737 2678 obsequi
767 2606 911 2662 sicut
948 2605 1208 2674 Domino,
1242 2621 1396 2678 aquo
1426 2603 1732 2660 mercedem
1765 2610 2101 2674 exspectant.

508 2696 584 2750 At
638 2695 684 2750 si
741 2711 931 2751 servus
983 2695 1174 2767 inique
1211 2696 1402 2768 egerit,
1453 2711 1564 2750 non
1614 2695 1793 2750 solum
1825 2693 2106 2748 hominem

511 2782 771 2851 oﬁ'endet,
829 2783 923 2839 sed
973 2791 1028 2838 et
1072 2786 1268 2852 Deum,
1329 2801 1489 2855 quem
1538 2785 1596 2838 in
1651 2783 1886 2838 admissa
1917 2781 2106 2836 fraude

509 2872 752 2928 carnalis
799 2872 1011 2926 domini
1059 2875 1409 2943 contempsit.
1445 2875 1501 2929 Si
1531 2883 1713 2928 autem
1749 2873 1886 2928 bene
1912 2873 2104 2944 egerit,

512 2973 624 3012 non
663 2958 768 3012 erit
808 2958 953 3028 apud
999 2960 1174 3012 Deum
1213 2975 1404 3015 servus
1432 2960 1697 3028 hominis,
1729 2962 1883 3033 quasi
1916 2961 2104 3032 despe-

507 3045 686 3100 ctior:
720 3045 815 3101 sed
845 3046 1464 3121 remunerabitur,quasi
1493 3049 1630 3104 liber
1653 3049 1800 3106 inter
1829 3050 2101 3118 homines,

507 3146 702 3192 servus
750 3142 934 3192 autem
963 3135 1191 3206 Christi,
1233 3137 1380 3211 quod
1426 3137 1711 3211 dignitatis
1749 3145 1830 3193 est
1874 3154 2098 3194 nomen.

1131 3292 1361 3352 CAPUT
1401 3292 1497 3350 IV.

579 3420 763 3494 (Vers.
807 3420 887 3493 1.)
940 3446 958 3469 ι
987 3419 1234 3489 Domini,
1276 3418 1425 3492 quod
1448 3418 1661 3490 justum
1692 3426 1773 3475 est
1800 3427 1855 3476 et
1883 3433 2100 3492 aequum

506 3512 682 3568 servis
715 3507 971 3580 praebete,
1014 3509 1248 3564 scientes
1277 3508 1424 3579 quod
1455 3517 1510 3563 et
1551 3524 1648 3562 vos
1676 3507 1976 3563 Dominum
2011 3507 2101 3562 ha-

505 3599 649 3654 betis
710 3599 770 3653 in
828 3597 1001 3652 ccelis.
1051 3619 1069 3642 ι
1130 3597 1208 3651 Ne
1234 3596 1447 3650 domini
1478 3598 1806 3667 temporales
1849 3597 2104 3666 superbia

508 3684 872 3751 extollantur,
931 3689 1322 3754 praesumentes
1364 3681 1432 3737 de
1463 3681 1770 3750 dominatu,
1805 3683 2021 3754 mitigat
2050 3691 2103 3738 et

507 3772 730 3832 cohibet
753 3772 968 3828 animos
998 3771 1242 3836 illorum,
1283 3777 1344 3825 ut
1375 3769 1624 3824 adhibita
1665 3771 2103 3829 consideratione

507 3861 737 3919 humani
760 3857 1444 3936 generis,animadvertant
1473 3866 1752 3914 auctorem
1784 3861 1958 3915 Deum
1994 3878 2102 3918 non

510 3968 695 4010 servos
744 3958 799 4008 et
839 3949 1060 4018 liberos,
1127 3947 1223 4005 sed
1253 3964 1446 4004 omnes
1477 3948 1742 4020 ingenuos
1770 3948 2100 4006 condidisse.

507 4043 614 4102 Sed
643 4043 750 4099 hoc
779 4041 972 4097 mundi
1004 4040 1299 4114 iniquitate
1328 4039 1531 4096 factum
1565 4046 1668 4107 est,
1715 4047 1776 4095 ut
1806 4038 1936 4094 dum
1967 4041 2105 4096 alter

511 4130 741 4187 alterius
773 4129 912 4185 ﬁnes
942 4129 1179 4197 invadit,
1213 4138 1346 4185 tunc
1365 4128 1612 4200 captivos
1631 4126 1786 4184 ducit
1817 4127 2099 4199 ingenuos;

509 4216 658 4273 unde
718 4224 773 4272 et
836 4233 1002 4272 manu
1048 4216 1191 4289 capti
1255 4217 1390 4272 dicit
1421 4224 1551 4272 sunt
1602 4233 1633 4272 a
1671 4216 1946 4273 veteribus
1976 4215 2103 4274 inde

511 4305 815 4378 mancipia.
859 4305 962 4360 Hic
1000 4321 1158 4361 casus
1195 4313 1250 4361 et
1277 4305 1526 4362 conditio
1555 4305 1718 4362 etiam
1766 4324 1914 4364 nunc
1943 4325 2101 4380 appa-

511 4407 613 4467 ret,
672 4398 768 4454 alii
829 4397 1199 4466 redimuntur,
1258 4398 1353 4452 alii
1407 4407 1691 4454 remanent
1725 4399 1888 4456 servi.
1939 4397 2102 4470 Apud

507 4495 683 4552 Deum
724 4497 907 4547 autem
966 4489 1059 4548 hic
1119 4507 1310 4548 servus
1365 4487 1615 4560 habetur,
1666 4491 1759 4565 qui
1797 4490 2103 4564 peccaverit

510 4593 693 4660 (Joan.
750 4605 872 4658 vm,
923 4588 1036 4662 34).
1083 4587 1330 4661 Denique
1365 4590 1572 4662 peccati
1603 4605 1765 4645 causa
1792 4590 1965 4647 Cham
1991 4606 2097 4647 ser-

505 4700 613 4740 vus
665 4679 918 4738 audivit:
995 4704 1012 4726 ι
1051 4677 1374 4736 Maledictus
1433 4695 1568 4750 puer
1597 4677 1877 4748 Chanaan,
1908 4696 2098 4736 servus

506 4790 794 4834 servorum
859 4770 966 4827 erit
1005 4769 1268 4825 fratribus
1295 4769 1409 4825 suis
1443 4770 1597 4840 (Gen.
1633 4787 1712 4838 1x,
1745 4771 1861 4843 25).
1895 4798 1912 4820 ι
1957 4777 2100 4835 275

505 4871 606 4930 Cui
662 4870 947 4927 sententiae
1001 4875 1212 4925 veteres
1269 4885 1564 4938 assensere,
1605 4869 1682 4926 ita
1710 4879 1771 4927 ut
1806 4870 2099 4928 deﬁnirent

506 4977 699 5018 omnes
730 4959 1031 5033 prudentes
1059 4976 1175 5015 esse
1206 4959 1428 5028 liberos,
1475 4959 1673 5014 stultos
1697 4969 1878 5016 autem
1909 4978 2098 5018 omnes

503 5065 618 5104 esse
644 5064 831 5104 servos
855 5066 866 5104 :
913 5049 1042 5121 quia
1070 5047 1310 5121 prudens
1331 5048 1568 5103 abstinet
1606 5064 1635 5103 a
1664 5050 1986 5120 peccatis,ut
2006 5050 2095 5107 hic

504 5137 778 5210 ingenuus
805 5137 996 5209 sit,qui
1019 5148 1166 5194 recta
1186 5139 1654 5210 sequitur,servus
1675 5148 1855 5193 autem
1877 5139 1971 5210 qui
2003 5157 2095 5211 per

501 5227 750 5284 stultitiae
779 5227 1207 5298 imprudentiam
1256 5227 1482 5298 subjicit
1510 5244 1566 5283 se
1596 5235 1836 5299 peccato.
1868 5228 2020 5284 Unde
2040 5239 2094 5288 et

499 5316 674 5374 Cham
717 5325 939 5388 propter
967 5315 1279 5384 stultitiam,
1307 5317 1400 5388 qui
1431 5317 1553 5372 risit
1583 5317 1890 5374 nuditatem
1922 5319 2091 5390 patris

498 5405 685 5474 stulte,
727 5421 919 5460 servus
944 5411 1025 5459 est
1055 5404 1638 5476 appellatus.Ostendit
1666 5422 1794 5478 ergo
1824 5407 2085 5477 dominis,

494 5492 625 5564 quia
651 5510 764 5550 non
791 5509 919 5550 vere
947 5502 1076 5550 sunt
1105 5493 1438 5563 domini,sed
1458 5495 1613 5567 quasi
1643 5511 1740 5566 per
1767 5497 2081 5570 imaginem:

712 5714 980 5796 l‘fonnulli
1021 5733 1172 5783 mss.,
1204 5717 1296 5787 qui
1322 5717 1396 5796 and
1417 5733 1650 5796 praesens
1675 5718 1904 5796 judicet.

2132 3267 2182 3332 C

2132 4633 2181 4692 D

2223 1977 2502 2050 quendum
2553 1977 2881 2050 mysterium
2939 1975 3146 2033 Christi
3198 1977 3439 2048 (propter
3468 1977 3623 2050 quod
3655 1979 3820 2036 etiam

2222 2066 2442 2123 vinctus
2471 2068 2640 2136 sum),
2665 2075 2725 2121 ut
2756 2065 3103 2121 manifestem
3127 2065 3280 2132 illud,
3300 2075 3458 2137 prout
3479 2075 3713 2138 oportet
3745 2084 3824 2124 me

2220 2158 2394 2229 loqui.
2436 2183 2454 2205 ι
2499 2157 2616 2213 Jam
2650 2157 3020 2229 prudentibus
3052 2157 3371 2229 mysterium
3402 2157 3634 2212 Domini
3663 2157 3820 2216 Chri-

2220 2247 2310 2314 sti,
2363 2257 2416 2302 et
2467 2247 2642 2304 cautis
2691 2248 2772 2318 (1)
2832 2248 2890 2303 in
2947 2246 3223 2302 evitandis
3264 2246 3418 2302 vitiis
3463 2255 3818 2318 peccatorum

2221 2337 2460 2392 orationi
2493 2337 2812 2393 instandum
2857 2337 3122 2405 ostendit,
3179 2345 3241 2393 ut
3289 2336 3502 2392 meritis
3542 2346 3817 2405 crescant,

2217 2426 2604 2484 deﬁcientibus
2642 2427 3039 2484 tentationibus
3067 2426 3388 2483 adversarii.
3429 2427 3576 2494 Quos
3612 2428 3673 2484 in
3706 2436 3816 2484 tan-

2218 2525 2336 2573 tum
2389 2519 2585 2591 dignos
2625 2519 2810 2587 habet,
2843 2525 2903 2573 ut
2953 2516 3168 2588 judicet
3203 2535 3296 2574 eos
3339 2519 3508 2574 etiam
3547 2535 3605 2575 se
3661 2537 3814 2592 posse

2217 2609 2472 2679 precibus
2523 2609 2786 2682 adjuvare
2841 2607 2910 2664 ad
2966 2608 3317 2664 asserendum
3349 2609 3610 2667 audacter
3637 2609 3814 2668 Evan-

2217 2698 2445 2770 gelium,
2493 2699 2562 2755 ad
2605 2699 2752 2773 quod
2793 2697 3260 2754 manifestaudum
3293 2699 3622 2772 legationem
3653 2715 3814 2758 acce-

2215 2796 2388 2860 perat.

2291 2876 2472 2946 (Vers.
2533 2876 2587 2945 5,
2629 2875 2708 2946 6.)
2750 2901 2768 2924 ι
2800 2877 2862 2934 In
2893 2879 3162 2951 sapientia
3187 2877 3465 2936 ambulate
3495 2879 3564 2934 ad
3595 2895 3686 2935 eos
3719 2880 3808 2952 qui

2214 2965 2351 3022 foris
2397 2975 2547 3037 sunt,
2585 2975 2801 3041 tempus
2846 2970 3196 3027 redimeutes.
3246 2971 3438 3026 Sermo
3466 2979 3651 3027 vester
3678 2985 3811 3026 sem-

2214 3061 2310 3129 per
2360 3055 2418 3112 in
2465 3058 2638 3130 gratia
2667 3059 2776 3115 sale
2807 3059 2878 3116 sit
2908 3060 3185 3128 conditus,
3223 3068 3284 3116 ut
3313 3059 3507 3116 sciatis
3536 3058 3810 3133 quomodo

2214 3153 2463 3217 oporteat
2506 3164 2605 3203 vos
2662 3148 2896 3220 singulis
2940 3149 3284 3223 respondere.
3319 3175 3336 3199 ι
3388 3150 3666 3218 Quoniam
3707 3165 3808 3205 ne-

2213 3251 2358 3290 cesse
2389 3245 2469 3292 est
2499 3237 2779 3293 ambulare
2809 3255 2910 3295 nos
2939 3239 3083 3296 inter
3128 3238 3400 3308 inﬁdeles,
3450 3248 3507 3295 et
3537 3239 3809 3312 colloquia

2211 3324 2442 3381 miscere
2489 3343 2652 3383 causa
2702 3329 3139 3384 conversationis
3184 3329 3515 3384 mundanae:
3573 3329 3680 3385 hoc
3735 3335 3810 3383 est

2213 3415 2357 3486 quod
2387 3425 2719 3486 commonet,
2771 3426 2832 3473 ut
2871 3435 2997 3475 cum
3029 3419 3296 3492 sapientia
3325 3419 3396 3474 sit
3427 3418 3547 3491 ipsa
3574 3433 3809 3476 conver-

2212 3506 2352 3560 satio
2392 3514 2614 3578 propter
2656 3508 2975 3564 scandalum
3021 3509 3334 3580 gentilium,
3366 3524 3435 3565 ne
3464 3509 3806 3566 occasionem

2214 3617 2310 3672 per
2365 3619 2464 3658 nos
2503 3603 2777 3674 accipiant
2826 3601 3266 3675 blasphemandi,
3311 3611 3364 3659 et
3410 3604 3720 3660 incitentur
3745 3600 3805 3656 ad

2213 3695 2672 3765 persequendum.
2722 3695 2825 3762 Qui
2876 3697 3025 3753 enim
3065 3713 3204 3768 opus
3244 3705 3329 3752 est
3358 3695 3513 3768 loqui
3558 3712 3684 3752 cum
3725 3711 3803 3762 eo,

2213 3795 2374 3852 quem
2407 3783 2547 3839 scias
2577 3783 3004 3854 intractabilem,
3037 3793 3091 3840 et
3119 3785 3406 3842 obstinata;
3446 3784 3674 3852 mentis,
3708 3800 3805 3856 pa-

2214 3880 2392 3928 ratum
2422 3873 2488 3929 ad
2528 3875 2919 3931 contumeliam
2961 3875 3267 3932 faciendam
3291 3876 3318 3931 ?
3360 3876 3491 3932 Ideo
3542 3875 3661 3932 hzec
3689 3890 3803 3930 mo-

2215 3971 2326 4030 net,
2355 3971 2417 4019 ut
2447 3973 2752 4036 opportune
2779 3971 2834 4020 et
2863 3965 2984 4022 loco
3008 3974 3064 4022 et
3093 3975 3358 4038 tempore,
3392 3966 3656 4037 magistra
3683 3980 3806 4020 mo-

2213 4049 2408 4121 destia,
2467 4055 2752 4127 religionis
2790 4055 2959 4112 verba
2987 4065 3349 4128 promantur:
3379 4064 3475 4110 aut
3507 4054 3554 4110 si
3583 4071 3805 4128 persona

2212 4144 2339 4199 talis
2395 4144 2452 4200 in
2499 4145 2681 4202 medio
2734 4153 2834 4212 est,
2887 4161 3006 4218 quae
3056 4153 3384 4218 perstrepat,
3439 4144 3802 4202 reticendum.

2212 4234 2390 4290 Aliter
2417 4236 2563 4291 enim
2597 4254 2722 4293 cum
2753 4238 3072 4310 potentibus
3101 4238 3316 4307 mundi,
3348 4237 3512 4294 aliter
3537 4252 3665 4293 cum
3695 4249 3804 4289 me-

2212 4321 2512 4394 diocribus,
2571 4334 2625 4382 et
2679 4327 2840 4382 aliter
2885 4344 3010 4384 cum
3056 4327 3362 4384 humilibus
3402 4324 3677 4398 agendum
3707 4329 3805 4379 est.

2211 4413 2389 4470 Aliter
2413 4415 2613 4471 iterum
2648 4433 2771 4473 cum
2808 4417 3129 4485 mansuetis,
3161 4417 3322 4474 aliter
3346 4431 3473 4473 cum
3504 4411 3802 4479 iracundis,

2211 4503 2413 4575 quibus
2450 4505 2570 4560 cedi
2599 4515 2836 4579 oportet,
2869 4506 2975 4562 hoc
3005 4514 3086 4564 est
3115 4507 3384 4564 redimere
3422 4500 3803 4576 tempus.Cum

2210 4592 2355 4646 enim
2386 4593 2671 4649 insidianti
2697 4595 3004 4651 Dominicis
3034 4596 3218 4652 verbis
3233 4603 3286 4651 et
3316 4593 3523 4650 furenti
3547 4588 3807 4661 temporis

2209 4680 2450 4737 audaciae
2491 4682 2658 4751 cedis,
2692 4682 2925 4754 injurias
2953 4684 3139 4740 infesti
3182 4683 3447 4756 temporis
3478 4681 3620 4738 lucri
3649 4677 3801 4734 facis.

2208 4772 2341 4827 Nam
2375 4772 2420 4827 si
2451 4780 2634 4845 caput,
2669 4773 2721 4829 id
2751 4782 2852 4842 est,
2896 4792 2993 4831 rex
3023 4776 3250 4832 assentit
3287 4772 3530 4845 corpori,
3565 4779 3698 4826 tunc
3728 4774 3804 4823 est

2209 4859 2434 4918 libertas
2466 4861 2725 4933 loquendi
2759 4863 2926 4918 verba
2962 4863 3060 4919 Dei
3091 4881 3218 4920 cum
3265 4859 3715 4923 mansuetudine,
3749 4863 3804 4910 ut

2207 4959 2576 5024 provocentur
2622 4951 2691 5008 ad
2732 4953 2960 5009 bonum.
2998 4952 3478 5026 Perstrepentibus
3523 4959 3714 5007 tamen
3755 4956 3804 5004 et

2205 5042 2467 5098 animosis
2517 5042 2586 5099 ad
2640 5043 2892 5101 convicia
2945 5059 3158 5115 semper
3211 5041 3559 5100 cedendum:
3627 5037 3804 5096 vincis

2204 5131 2374 5200 enim,
2404 5131 2536 5187 dum
2558 5132 2726 5189 cedis.

2278 5230 2459 5302 (Vers.
2493 5232 2544 5300 7,
2574 5232 2630 5300 8,
2659 5231 2739 5302 9.)
2785 5255 2802 5277 ε
2825 5231 2955 5298 Quae
2984 5231 3130 5287 circa
3161 5245 3246 5284 me
3275 5234 3428 5295 sunt,
3461 5227 3655 5284 omnia
3674 5238 3800 5284 nota

2201 5318 2363 5375 faciet
2417 5320 2575 5376 vobis
2621 5319 2892 5392 Tychicus
2921 5319 3156 5375 dilectus
3185 5318 3370 5383 frater,
3403 5323 3459 5373 et
3486 5315 3670 5373 ﬁdelis
3698 5316 3798 5371 mi-

2198 5409 2391 5477 nister,
2431 5417 2484 5465 et
2525 5425 2822 5466 conservus
2841 5407 2899 5463 in
2930 5409 3204 5463 Domino:
3239 5423 3402 5479 quem
3441 5406 3572 5462 misi
3612 5406 3682 5462 ad
3707 5423 3799 5461 vos

2197 5500 2256 5557 in
2285 5498 2392 5556 hoc
2437 5497 2642 5572 ipsum,
2675 5505 2736 5554 ut
2762 5503 3052 5571 cognoscat
3087 5512 3206 5570 quae
3236 5494 3384 5553 circa
3413 5511 3520 5552 vos
3558 5505 3712 5564 sunt,
3748 5499 3795 5549 et

562 5785 667 5855 (1)
703 5788 777 5843 Et
825 5785 992 5840 cautis
1047 5803 1115 5841 ex
1158 5785 1288 5843 mss.
1337 5785 1572 5858 Reinig.,
1608 5785 1778 5843 Laud.
1829 5806 1893 5846 ac
1931 5791 2073 5850 Vall.
2127 5794 2456 5852 restituitur.
