3908 6192
189 346 284 404 tos
395 316 404 321 ’
684 308 692 312 ”
1156 347 1514 405 COMMENT.
1557 346 1629 404 IN
1664 347 1882 405 EPIST.
1927 350 1946 403 ι
1985 351 2080 404 AD
2119 349 2447 407 THESSAL.

3353 357 3457 415 466

187 475 482 532 consoletur
508 472 674 530 corda
701 481 902 542 vestra,
945 488 1070 530 cum
1119 474 1382 532 Onesimo
1425 475 1752 532 charissimo
1782 480 1832 539 Α
1859 477 1953 551 qui
1995 477 2270 534 Laodiceae
2316 487 2444 536 sunt
2485 487 2539 536 et
2575 479 2871 554 Hierapoli.
2906 507 2925 532 ι
2979 482 3050 540 Ut
3083 483 3354 541 sollicitos
3387 500 3453 542 eo

187 573 236 622 et
258 562 400 620 fideli
429 562 617 630 fratre,
666 561 761 634 qui
794 571 876 618 est
917 578 986 618 ex
1034 562 1212 631 vobis,
1267 565 1453 620 omnia
1491 581 1612 638 qua
1666 565 1758 620 hic
1865 567 2059 621 salutis
2087 583 2198 621 suae
2218 566 2400 635 faciat,
2432 569 2667 624 aliorum
2693 572 2982 642 vigilantia
3015 580 3220 646 quanta
3251 573 3322 630 sit
3352 589 3453 646 pro

185 659 320 718 sunt,
345 658 472 707 nota
509 651 676 707 faciet
706 651 884 708 vobis.
932 677 950 700 ›
1012 652 1096 707 Ad
1139 652 1244 709 hoc
1275 669 1331 707 se
1375 653 1513 710 dicit
1567 653 1760 709 fratres

185 741 406 809 misisse,
437 748 500 795 ut
550 739 791 796 invicem
835 740 940 796 sibi
984 750 1113 796 nota
1149 740 1360 808 fierent,
1391 757 1511 813 quae
1543 756 1760 813 ageren-

179 837 265 885 tur
293 829 360 885 ab
411 828 673 885 invicem.
707 828 972 896 Quamvis
1005 831 1255 903 superius
1289 830 1437 886 dicat
1475 832 1675 903 spiritu
1705 847 1762 886 se

177 925 492 992 praesentem
523 917 667 990 apud
695 934 809 985 eos,
841 925 894 974 et
918 919 1103 974 videre
1133 935 1251 991 quae
1305 928 1546 991 agerent,
1579 920 1763 975 inter-

175 1007 387 1064 nuntiis
421 1017 600 1064 tamen
631 1025 766 1080 opus
794 1017 892 1064 est.
926 1008 1229 1064 Sollicitior
1269 1009 1416 1063 enim
1474 1009 1567 1064 ﬁet
1615 1009 1757 1080 quis,

174 1100 390 1172 quando
420 1099 570 1156 videt
598 1100 665 1156 ad
693 1117 751 1156 se
780 1100 967 1156 venire
995 1100 1063 1156 ad
1109 1100 1562 1158 considerandam
1617 1117 1762 1157 con—

175 1187 532 1244 versationem
563 1205 715 1243 suam
741 1206 754 1243 :
779 1190 904 1261 plus
923 1189 1068 1245 enim
1093 1196 1335 1256 veretur,
1369 1190 1413 1245 si
1449 1192 1763 1261 speculetur

174 1294 228 1334 se
269 1277 445 1334 videri
493 1282 635 1340 2'76
681 1295 802 1351 quae
846 1288 986 1353 agat.
1039 1280 1172 1335 Nam
1224 1297 1349 1336 cum
1399 1281 1544 1336 Deus
1576 1283 1762 1337 omnia

176 1373 368 1440 videat,
402 1383 456 1430 et
483 1375 724 1431 sciamus
751 1375 941 1431 omnia
971 1375 1055 1430 illi
1089 1385 1220 1432 nota
1248 1392 1386 1444 esse,
1418 1375 1549 1449 quia
1575 1385 1760 1432 tamen

176 1479 281 1520 non
315 1463 568 1521 videmus
596 1481 696 1521 nos
722 1464 901 1520 videri
944 1465 1012 1521 ab
1055 1482 1139 1532 eo,
1185 1465 1462 1522 contraria
1506 1465 1758 1522 facimus.

243 1551 424 1624 (Vers.
460 1553 546 1620 10,
579 1553 692 1625 11.)
739 1577 760 1602 ι
787 1553 1001 1609 Salutat
1031 1570 1130 1610 vos
1166 1554 1523 1610 Aristarchus
1580 1570 1762 1609 comes

171 1641 503 1714 captivitatis
533 1659 688 1708 meae,
736 1651 791 1700 et
834 1644 1048 1700 Marcus
1093 1643 1456 1700 consobrinus
1500 1643 1762 1700 Barnabas

171 1733 258 1805 (de
287 1751 398 1808 quo
427 1735 717 1807 occepistis
745 1735 1088 1803 mandatum,
1119 1743 1182 1790 ut
1209 1735 1254 1791 si
1296 1735 1508 1790 venerit
1539 1734 1607 1790 ad
1641 1749 1759 1802 vos,

1869 655 1977 722 his,
2034 655 2326 710 ostendit:
2371 656 2667 713 sollicitior
2726 660 2872 714 enim
2927 661 3050 732 quis
3106 662 3169 716 fit
3219 663 3450 735 pudore,

1869 744 2087 818 quando
2121 745 2175 799 in
2203 760 2364 801 causa
2389 761 2487 799 sua
2515 746 2744 801 alterum
2781 746 2984 803 viderit
3012 749 3272 807 laborare.

1945 852 2123 921 (Vers.
2161 852 2273 924 14.)
2320 877 2336 898 ι
2368 852 2578 908 Salutat
2612 869 2710 908 vos
2738 853 2911 909 Lucas
2954 856 3196 911 medicus
3238 857 3455 915 charis-

1870 940 2062 1008 simus,
2093 949 2147 996 et
2175 942 2388 996 Demas.
2423 967 2442 989 ›
2485 942 2626 997 Vere
2654 941 3008 998 charissimus
3056 945 3316 1014 Apostolo
3350 945 3460 1002 fuit

1869 1031 2064 1099 Lucas,
2095 1032 2224 1103 quia
2253 1031 2440 1087 omnia
2493 1040 2845 1104 postponens,
2877 1033 3201 1104 Apostolum
3251 1050 3462 1107 semper

1870 1127 2088 1177 secutus
2116 1128 2197 1177 est
2233 1140 2242 1176 :
2283 1122 2378 1194 qui
2408 1129 2462 1176 et
2491 1123 2853 1194 Evangelium
2902 1131 2957 1179 et
3003 1123 3173 1180 Actus
3233 1131 3461 1196 aposto-

1873 1211 2051 1265 lorum
2082 1209 2364 1282 scripsisse
2395 1210 2732 1282 perhibetur.

1944 1317 2124 1388 (Vers.
2179 1319 2292 1388 15.)
2370 1343 2388 1365 ι
2435 1319 2674 1374 Salutate
2723 1335 2814 1376 eos
2871 1320 2966 1392 qui
3014 1329 3143 1376 sunt
3185 1319 3466 1376 Laodicea;

1870 1406 2085 1474 fratres,
2119 1414 2172 1461 et
2215 1407 2548 1479 Nympham,
2600 1416 2653 1463 et
2708 1409 3066 1465 domesticam
3115 1408 3231 1481 ejus
3280 1409 3466 1464 Eccle'

1871 1493 2028 1550 siam.
2062 1520 2079 1542 ι
2123 1494 2394 1561 Quoniam
2425 1496 2596 1552 simili
2629 1497 2791 1552 modo
2818 1504 2871 1552 et
2918 1514 3016 1569 pro
3059 1497 3127 1554 iis
3176 1497 3270 1570 qui
3315 1497 3466 1554 Lao-

1871 1583 2040 1641 diceae
2073 1593 2220 1651 sunt,
2267 1585 2538 1642 sollicitus
2572 1594 2706 1655 erat,
2759 1587 2816 1642 in
2848 1603 3038 1642 eorum
3090 1587 3322 1659 epistola
3363 1585 3467 1641 hos

1871 1673 2189 1730 salutandos
2217 1683 2549 1743 commonet,
2580 1676 2891 1750 Nympham
2923 1676 3226 1735 chariorem
3263 1674 3468 1732 existi-

1873 1781 2046 1832 mans,
2081 1764 2238 1837 cujus
2286 1771 2339 1819 et
2386 1765 2610 1820 domum
2655 1766 2860 1822 salutat
2891 1783 2902 1820 :
2938 1773 3048 1821 tam
3090 1766 3238 1822 enim
3267 1765 3469 1822 devota

167 1822 685 1926 °X°§Piaii§illum>3
714 1831 780 1923 ,θί
810 1825 982 1926 λθδξξν
1014 1823 1110 1926 (ἶξξί
1141 1823 1346 1926 dicitur
1366 1825 1577 1926 ﬂuf’ms
1613 1843 1624 1879 ⁵
1660 1823 1757 1922 qui
1783 1839 1830 1901 Β
1867 1822 2089 1910 videtur
2117 1822 2306 1922 fuisse,
2338 1861 2399 1909 ut
2436 1851 2617 1909 omnis
2645 1852 2841 1909 domus
2869 1851 2988 1924 ejus
3039 1852 3196 1926 signo
3245 1851 3468 1908 titulata

165 1919 290 1966 sunt
319 1927 390 1967 ex
414 1912 852 1970 circumcisione.
889 1913 956 1969 Hi
987 1914 1091 1970 soli
1140 1921 1270 1970 sunt
1318 1912 1598 1984 adjutores
1649 1911 1756 1968 mei

163 2000 217 2058 in
247 2018 416 2075 regno
443 2005 562 2073 Dei,
595 2005 689 2078 qui
725 2005 863 2060 mihi
893 2006 1092 2062 solatio
1120 2006 1363 2063 fuerunt.
1399 2031 1417 2055 ι
1468 2007 1572 2063 Hic
1618 2005 1758 2061 Ari-

164 2092 414 2148 starchus
472 2092 628 2149 bona;
683 2093 1120 2150 conversationis
1165 2110 1228 2150 ac
1272 2095 1456 2151 meriti
1514 2095 1756 2164 videtur,

161 2179 252 2253 qui
277 2179 578 2237 devotione
607 2181 898 2237 Dominica
942 2182 1215 2254 particeps
1261 2191 1315 2238 et
1363 2183 1544 2239 socius
1596 2184 1759 2239 labo—

159 2284 280 2323 rum
313 2268 570 2339 Apostoli
599 2268 937 2339 designatur.
986 2270 1232 2326 Marcum
1277 2280 1459 2327 autem
1500 2279 1562 2326 ut
1598 2289 1760 2328 com-

159 2355 400 2422 mendet,
435 2357 568 2430 quid
599 2357 690 2425 sit,
723 2372 835 2413 non
859 2365 1020 2426 tacet,
1053 2366 1118 2413 ut
1145 2374 1268 2413 cum
1313 2359 1607 2415 laudabilis
1655 2360 1761 2416 viri

161 2450 422 2508 Barnabae
475 2449 656 2506 afﬁnis
714 2450 1043 2518 addiscitur,
1076 2450 1419 2507 honorabilis
1473 2451 1758 2508 habeatur.

164 2538 326 2596 Addit
370 2547 426 2594 et
468 2539 676 2608 Jesum,
728 2555 890 2612 quem
941 2539 1162 2596 Justum
1205 2539 1429 2595 nomine
1457 2541 1643 2596 vocari
1673 2556 1761 2613 ap-

164 2630 338 2701 pellat.
373 2628 592 2697 Quibus
616 2628 752 2684 solis
780 2628 1162 2685 testimonium
1215 2629 1491 2701 perhibet,
1545 2629 1674 2702 quia
1703 2630 1761 2686 hi

163 2733 226 2774 ex
277 2719 707 2776 circumcisione
750 2717 1026 2790 adjutorio
1055 2718 1279 2773 fuerunt
1302 2719 1371 2784 ei,
1405 2720 1762 2775 assentientes

164 2816 211 2864 et
236 2808 536 2882 participes
564 2807 850 2866 sententia
881 2807 1018 2880 ejus,
1051 2816 1113 2863 ut
1130 2806 1244 2879 jam
1275 2807 1601 2864 circumcidi
1625 2809 1760 2864 ulte-

163 2897 272 2954 rius
297 2913 408 2955 non
439 2899 644 2956 debere
683 2898 1064 2970 praedicarent,
1115 2896 1239 2952 ideo
1286 2897 1579 2968 participes
1635 2896 1761 2952 illos

161 2985 290 3043 dicit
339 3005 472 3046 suos
535 2987 593 3043 in
649 3003 816 3059 regno
865 2986 986 3043 Dei.
1020 2985 1541 3043 Circumcidendum
1574 2995 1756 3042 autem

162 3090 286 3146 esse,
313 3086 366 3134 et
395 3077 641 3135 Sahbata
668 3083 721 3132 et
747 3076 1062 3133 neomenias
1096 3075 1391 3132 servandas
1437 3075 1755 3147 praedicare,

161 3182 262 3222 non
289 3169 548 3240 spiritale
576 3175 677 3235 est,
704 3168 798 3224 sed
821 3175 1125 3224 terrenum.

225 3257 401 3328 (Vers.
437 3259 562 3328 12.)
606 3280 624 3302 ι
653 3256 864 3312 Salutat
905 3274 1006 3314 vos
1056 3254 1360 3329 Epaphras,
1409 3254 1506 3326 qui
1559 3261 1640 3310 est
1687 3270 1756 3309 ex

156 3348 321 3416 vobis,
353 3365 559 3406 servus
585 3349 814 3406 Christi.
848 3373 866 3395 ι
930 3348 1249 3405 Chariorem
1302 3346 1416 3402 illis
1467 3346 1601 3402 facit
1645 3346 1754 3419 epi-

157 3438 362 3506 stolam,
408 3438 640 3515 quando
687 3440 737 3495 ei
767 3439 861 3511 qui
908 3454 978 3493 ex
1024 3437 1160 3508 ipsis
1227 3443 1327 3504 est,
1379 3435 1756 3490 testimonium

155 3525 345 3585 reddit.
399 3554 416 3576 ι
449 3530 680 3600 Semper
710 3527 986 3584 sollicitus
1015 3543 1114 3598 pro
1165 3524 1324 3580 vobis
1376 3524 1433 3579 in
1478 3523 1758 3579 orationi-

153 3612 268 3685 bus,
298 3625 361 3673 ut
382 3619 547 3675 stetis
579 3617 827 3690 perfecti,
875 3623 929 3672 et
967 3614 1187 3672 abunde
1235 3612 1442 3684 expleti
1493 3612 1550 3667 in
1605 3610 1758 3666 omni

154 3705 427 3765 voluntate
476 3706 604 3764 Dei.
646 3732 663 3755 ι
729 3707 860 3762 Tam
911 3705 1175 3762 salutaria
1221 3719 1276 3758 se
1325 3701 1440 3758 illis
1496 3709 1757 3774 exoptare

155 3800 395 3866 testatur,
422 3805 488 3853 ut
522 3796 682 3852 illum
715 3794 810 3868 qui
858 3794 1000 3851 civis
1045 3793 1269 3848 illorum
1316 3798 1420 3858 est,
1455 3798 1508 3845 et
1555 3790 1756 3846 affectu

155 3886 539 3942 unanimitatis
579 3885 957 3952 charissimus,
999 3882 1323 3955 participem
1354 3897 1464 3936 sua:
1493 3879 1757 3936 devotio-

153 3972 233 4027 nis
262 3975 346 4046 (2)
378 3975 441 4031 in
474 3974 786 4048 profectum
819 3989 1010 4029 eorum
1052 3971 1322 4027 ostendat.

220 4062 405 4135 (Vere.
464 4063 582 4130 13.)
647 4087 665 4110 ι
714 4060 1114 4118 Testimonium
1163 4059 1310 4116 enim
1357 4057 1596 4115 adhibeo
1648 4056 1754 4132 illi,

154 4150 274 4221 quia
302 4150 480 4208 habet
508 4151 749 4206 multum
801 4150 1045 4206 laborem
1094 4165 1192 4220 pro
1239 4148 1421 4215 vobis,
1451 4155 1506 4203 et
1551 4163 1649 4219 pro
1686 4146 1770 4214 iis,

213 4311 301 4383 (2)
346 4308 546 4388 Codex
571 4308 770 4378 Laud.,
796 4309 1105 4382 participem
1132 4327 1240 4366 sua:
1267 4307 1600 4378 defensionis.

1867 1969 2007 2018 esset
2035 1961 2236 2018 crucis.

1941 2051 2124 2123 (Vers.
2161 2050 2274 2122 16.)
2323 2074 2341 2096 ι
2369 2051 2595 2106 Etcum
2628 2051 2770 2106 lecta
2798 2048 2966 2108 fuerit
2993 2049 3140 2123 apud
3186 2065 3286 2106 vos
3344 2047 3464 2108 hac

1868 2141 2117 2214 epistola,
2159 2139 2320 2196 facite
2350 2146 2411 2195 ut
2432 2147 2486 2196 et
2512 2139 2567 2196 in
2621 2140 3040 2197 Laodicensium
3088 2139 3337 2198 Ecclesia
3378 2140 3468 2197 le-

1870 2240 2043 2303 gatur,
2075 2238 2129 2285 et
2159 2246 2256 2285 vos
2286 2237 2347 2285 ut
2376 2245 2493 2285 eam
2528 2246 2648 2302 quae
2678 2240 2758 2287 est
2804 2230 3247 2296 Laodicensium,
3309 2229 3465 2301 lega-

1869 2317 1960 2374 tis.
1995 2343 2012 2366 ι
2057 2318 2196 2384 Quia
2244 2319 2518 2391 generales
2564 2327 2694 2374 sunt
2746 2317 3142 2375 instructiones
3186 2316 3462 2390 Apostoli,

1871 2415 1923 2461 et
1952 2407 2019 2462 ad
2055 2406 2304 2461 omnium
2350 2407 2657 2478 profectum
2688 2406 3058 2462 Ecclesiarum
3091 2406 3307 2479 scriptae
3353 2404 3464 2478 epi-

1871 2494 2046 2560 stolae,
2083 2493 2290 2550 idcirco
2320 2495 2485 2550 etiam
2516 2494 2943 2550 Laodicensibus
2991 2494 3279 2565 epistolam
3323 2493 3468 2550 hanc

1875 2582 1981 2652 legi
2012 2581 2282 2652 praecipit,
2314 2590 2374 2637 ut
2405 2599 2498 2654 per
2523 2582 2667 2637 hanc
2693 2582 2827 2654 quid
2854 2582 3126 2653 agendum
3168 2581 3275 2636 sibi
3304 2589 3466 2648 esset,

1870 2670 2262 2738 addiscerent;
2325 2679 2378 2726 et
2432 2671 2783 2728 Colossenses
2835 2677 2898 2726 ut
2958 2685 3148 2726 eorum
3202 2671 3467 2740 legerent,

1863 2757 2026 2830 juxta
2051 2775 2271 2815 sensum
2303 2759 2702 2833 supradictum.

1943 2879 2125 2950 (Vere.
2160 2879 2271 2948 17.)
2320 2902 2337 2924 ι
2365 2879 2436 2933 Et
2465 2877 2635 2934 dicite
2663 2875 2944 2949 Archippo
2975 2893 2987 2932 :
3023 2875 3163 2932 Vide
3210 2873 3471 2930 ministe-

1870 2969 2014 3024 rium
2047 2968 2192 3040 quod
2223 2967 2512 3039 suscepisti
2542 2967 2600 3021 in
2630 2967 2887 3032 Domino,
2921 2972 2982 3020 ut
3006 2963 3146 3021 illud
3179 2964 3456 3036 impleas.»

1868 3056 2223 3128 Praepositum
2271 3056 2494 3111 illorum
2546 3071 2641 3126 per
2686 3071 2777 3110 eos
2827 3054 2972 3126 ipsos
3017 3061 3349 3121 commonet,
3403 3059 3466 3108 ut

1866 3145 1938 3200 sit
1962 3145 2235 3200 sollicitus
2262 3145 2329 3200 de
2362 3144 2538 3199 salute
2574 3144 2820 3214 ipsorum
2855 3159 2868 3208 ;
2911 3149 2963 3197 et
2999 3141 3130 3214 quia
3161 3141 3337 3212 plebis
3367 3157 3466 3196 so—

1868 3234 1976 3289 lius
2005 3248 2167 3287 causa
2204 3233 2434 3303 epistola
2461 3230 2743 3296 scribitur,
2784 3229 2907 3284 ideo
2938 3245 3048 3282 non
3097 3229 3167 3284 ad
3195 3236 3462 3284 rectorem

1867 3323 2110 3394 ipsorum
2133 3321 2402 3376 destinata
2430 3328 2534 3386 est,
2565 3317 2660 3373 sed
2696 3317 2766 3372 ad
2796 3317 3122 3372 Ecclesiam.
3154 3316 3284 3370 Post
3313 3315 3463 3370 enim

1865 3409 2201 3483 Epaphram,
2235 3409 2329 3481 qui
2359 3408 2485 3463 illos
2515 3406 2738 3472 imbuit,
2771 3405 2862 3461 hic
2911 3404 3120 3475 accepit
3171 3402 3464 3476 regendam

1868 3517 2056 3555 eorum
2086 3498 2412 3556 Ecclesiam.

1941 3609 2122 3680 (Vers.
2177 3607 2288 3676 18.)
2354 3629 2372 3652 ε
2416 3606 2537 3676 Ipsa
2581 3602 2838 3659 salutatio
2885 3617 3005 3658 mea
3061 3617 3230 3657 manu
3281 3601 3464 3658 Pauli.

1866 3699 2132 3754 Memores
2150 3703 2322 3752 estote
2343 3694 2692 3750 vinculorum
2724 3707 2992 3746 meorum.
3017 3689 3204 3745 Gratia
3232 3688 3462 3748 Domini

1864 3786 2038 3842 nostri
2070 3786 2196 3841 Jesu
2226 3784 2430 3841 Christi
2477 3782 2783 3838 vobiscum.
2818 3806 2836 3828 ι
2880 3780 2949 3835 Ut
2993 3778 3282 3835 confirmet
3331 3778 3459 3850 epi-

1864 3876 2059 3931 stolam
2093 3890 2258 3930 manu
2287 3890 2385 3928 sua
2432 3870 2794 3941 subscriptam
2843 3867 3001 3932 dicit,
3058 3882 3370 3920 memorans
3397 3875 3461 3922 ut

1867 3966 1923 4020 in
1955 3973 2136 4021 mente
2167 3963 2402 4018 habeant
2429 3962 2613 4017 exitus
2650 3958 2788 4029 ejus,
2820 3972 2956 4028 quos
3005 3953 3315 4026 patiebatur
3360 3970 3459 4025 pro

1867 4054 2040 4109 salute
2065 4051 2329 4124 gentium,
2363 4058 2417 4105 et
2442 4049 2580 4104 tales
2607 4063 2664 4102 se
2686 4044 3011 4116 praeberent,
3041 4049 3102 4099 ut
3136 4057 3250 4098 non
3287 4042 3459 4101 ferret

1866 4156 2005 4213 aegre
2042 4139 2154 4212 pati
2179 4154 2277 4210 pro
2307 4136 2394 4193 his
2423 4134 2674 4207 injurias.

154 4483 3453 4513 _____________________________________________

239 4672 356 4758 IN
431 4671 795 4758 EPIST.
877 4673 972 4760 B.
1049 4670 1377 4757 PAULI
1444 4671 1593 4756 AD
1663 4666 2792 4756 THESSALONICENSES
2858 4661 3338 4747 PRIMAM.

766 4977 1148 5036 PROLOGUS.

215 5067 284 5126 Ut
332 5068 567 5137 horum,
615 5068 672 5126 id
715 5076 818 5137 est,
869 5068 1439 5126 Thessalonicensium
1496 5069 1750 5140 exemplo

152 5155 282 5212 alios
311 5157 650 5215 exhortatur
675 5157 742 5214 ad
791 5157 919 5214 ﬁdei
967 5159 1325 5226 incrementa,
1360 5158 1494 5214 istos
1543 5157 1748 5226 laudat,

153 5259 210 5300 eo
237 5247 386 5320 quod
419 5249 479 5304 in
537 5256 758 5321 accepta
803 5248 975 5320 gratia
1011 5255 1412 5321 permanentes,
1461 5246 1528 5304 ad
1576 5247 1753 5319 profe-

153 5340 293 5392 ctum
325 5337 552 5410 pramii
581 5337 728 5395 aucti
757 5345 906 5406 sunt,
952 5337 1182 5394 meliora
1221 5336 1479 5394 sectando
1514 5354 1524 5390 :
1573 5336 1753 5391 horta-

153 5429 235 5479 tur
261 5441 396 5483 vero
427 5433 494 5483 ut
520 5426 592 5482 ad
625 5426 926 5499 perfectum
967 5426 1273 5492 tenderent,
1305 5434 1365 5481 ut
1394 5442 1583 5480 eorum
1628 5423 1754 5478 vir-

153 5514 358 5572 tutibus
384 5515 625 5589 quaesita
656 5515 896 5587 dignitas
934 5523 1158 5572 caeteros
1188 5521 1531 5587 provocaret.
1567 5513 1752 5568 Tantae

153 5601 290 5660 enim
321 5603 455 5661 fidei
484 5603 824 5660 imbiberant
852 5605 1133 5676 spiritum,
1163 5611 1226 5659 ut
1272 5620 1368 5675 spe
1413 5603 1752 5668 futurorum,

154 5691 306 5749 etiam
370 5692 594 5751 civium
647 5709 873 5750 suorum
934 5692 1293 5750 Macedonum
1352 5687 1756 5763 persecutiones

1784 4984 1834 5042 D
1864 4975 2044 5030 illatas
2072 4986 2169 5044 pro
2190 4969 2413 5023 nomine
2436 4963 2642 5022 Christi
2670 4965 2870 5020 devoto
2899 4961 3084 5017 animo
3113 4965 3452 5032 paterentur,

1859 5062 1929 5118 Ut
1958 5060 2155 5114 horum
2210 5071 2337 5126 ergo
2393 5052 2673 5118 meritum,
2705 5059 2758 5106 et
2811 5066 2963 5106 suam
2995 5065 3064 5102 ex
3094 5063 3284 5103 eorum
3316 5065 3454 5120 pro—

1861 5150 2007 5205 fectu
2041 5142 2290 5200 laetitiam
2323 5137 2522 5197 litteris
2550 5139 2746 5210 signet,
2781 5140 2858 5194 ita
2885 5137 3077 5193 scribit
3108 5135 3176 5192 ad
3204 5151 3297 5191 eos
3331 5156 3342 5193 :

2379 5277 2605 5336 CAPUT
2645 5280 2937 5340 PRIMUM.

1935 5414 2115 5486 (Vers.
2170 5411 2246 5480 1.)
2308 5432 2325 5454 ι
2380 5407 2602 5474 Paulus,
2656 5415 2712 5463 et
2749 5407 3027 5472 Silvanus,
3058 5413 3112 5461 et
3137 5403 3460 5461 Timotheus

1862 5503 2122 5561 Ecclesiae
2151 5493 2723 5556 Thessalonicensium
2772 5496 2831 5551 in
2879 5495 2992 5548 Deo
3033 5495 3192 5551 Patre
3246 5501 3461 5561 nostro,

1862 5594 2001 5650 etin
2031 5592 2268 5649 Domino
2318 5587 2445 5642 Iesu
2502 5581 2743 5651 Christo,
2795 5587 2941 5644 277
2991 5583 3167 5653 gratia
3214 5582 3375 5640 vobis
3411 5589 3467 5636 et

1866 5677 1992 5762 pax,
2028 5714 2046 5738 ›
2090 5686 2281 5742 Trium
2312 5679 2534 5754 quidem
2564 5678 2948 5752 episcoporum
3000 5681 3232 5739 nomina
3271 5679 3470 5736 litterae
