3908 6192
451 317 556 374 467

1449 312 1547 366 AD
1579 308 1814 366 OPERA
1852 305 1906 362 S.
1949 303 2282 362 AMBROSII
2318 300 2699 359 APPENDlX.

3655 298 3776 360 ιω

455 442 744 500 continent
773 439 880 512 (3),
910 435 1005 495 sed
1034 451 1224 493 sensus
1259 443 1313 492 et
1362 433 1526 491 verba
1571 434 1741 489 solius
1788 431 2039 504 Apostoli
2074 431 2124 490 A
2154 431 2341 502 Itaque
2371 443 2566 499 magna
2589 424 2905 482 exhortatio
2929 431 3011 481 est
3045 424 3114 482 ad
3143 425 3480 498 profectum,
3508 440 3648 484 cum
3685 428 3785 485 si-

455 542 605 592 sunt.
663 532 804 600 Quia
856 529 1002 586 enim
1058 525 1339 584 communi
1406 526 1605 598 gaudio
1657 524 1939 578 exsultant
1994 523 2051 579 in

459 625 713 699 profectu
744 623 990 686 illorum,
1024 633 1092 673 ex
1122 631 1393 672 consensu
1438 614 1506 670 ad
1560 611 1774 685 plebem
1823 611 2055 684 epistola

458 715 722 772 scribitur
762 712 818 766 in
846 707 1178 765 exaltatione
1207 705 1305 761 Dei
1353 702 1550 770 Patris,
1581 711 1634 758 et
1664 699 1888 758 Domini
1927 700 2055 756 Jesu

460 811 668 870 Christi
702 823 886 880 pacem
918 811 971 859 et
1001 802 1227 874 gratiam
1261 798 1348 854 his
1377 805 1662 870 exoptans.

534 910 718 980 (Vers.
752 907 806 973 2,
838 904 919 973 3)
966 927 983 948 ι
1021 901 1234 957 Gratias
1281 897 1494 969 agimus
1543 898 1657 953 Deo
1717 907 1931 965 semper
1959 907 2056 964 pro

459 998 719 1057 omnibus
750 992 926 1060 vobis,
959 990 1277 1047 memoriam
1312 986 1479 1061 vestri
1513 985 1774 1042 facientes
1818 982 1876 1038 in
1925 998 2058 1037 ora-

461 1083 710 1142 tionibus
741 1079 968 1147 nostris,
997 1078 1116 1134 sine
1157 1074 1587 1141 intermissione,
1620 1087 1889 1128 memores
1919 1085 2060 1142 ope-

461 1174 536 1230 ris
565 1171 694 1228 ﬁdei
724 1177 918 1224 vestrae
947 1177 1002 1224 et
1025 1167 1273 1222 laborum
1323 1164 1626 1225 charitatis.
1676 1169 1729 1217 et
1771 1168 2062 1232 exspecta-

461 1261 632 1320 tionis
681 1258 904 1317 Domini
950 1257 1125 1313 nostri
1175 1257 1331 1313 Jesus
1385 1253 1614 1321 Christi,
1647 1268 1831 1309 coram
1859 1251 1973 1306 Deo
2009 1255 2063 1303 et

462 1354 621 1410 Patre
649 1357 857 1407 nostro.
887 1373 906 1395 ν
951 1345 1224 1415 Quoniam
1255 1345 1444 1401 omnia
1473 1343 1618 1400 bona
1667 1359 1698 1396 a
1755 1342 1864 1396 Deo
1911 1346 2060 1407 sunt,

465 1441 673 1500 idcirco
697 1439 748 1495 ei
780 1439 1020 1511 primum
1053 1435 1252 1508 gratias
1282 1434 1527 1489 referunt
1559 1431 1616 1486 in
1646 1429 1897 1502 profectu
1927 1427 2066 1482 illo-

465 1549 610 1599 rum,
643 1529 738 1602 qui
770 1527 1025 1600 dignatus
1055 1532 1136 1581 est
1167 1539 1278 1580 non
1299 1524 1477 1579 solum
1505 1522 1712 1577 donum
1743 1534 1906 1574 suum
1936 1515 2065 1571 dare

465 1619 788 1680 hominibus
816 1616 918 1674 sub
947 1622 1166 1688 peccato
1195 1611 1532 1679 constitutis,
1565 1609 1658 1666 sed
1689 1610 1745 1664 in
1784 1607 1929 1663 ﬁlios
1967 1605 2068 1660 hos

467 1712 749 1784 adoptare,
784 1706 949 1763 simul
972 1703 1239 1776 adjuvans
1269 1718 1362 1758 eos
1394 1700 1463 1758 ad
1497 1699 1684 1755 omnia
1715 1697 1891 1754 exitia
1914 1695 2068 1752 tole-

2160 519 2318 575 miles
2351 518 2474 574 illos
2503 517 2674 574 factos
2703 516 2840 573 dicit
2867 523 2921 571 et
2953 514 3161 573 Christi
3191 522 3246 570 et
3277 517 3673 588 apostolorum
3706 517 3782 574 ad

2161 609 2391 664 formam
2426 606 2773 679 praebendam
2804 605 3016 662 caeteris
3046 603 3407 663 credentibus
3439 605 3559 664 illis
3587 607 3654 664 in
3684 609 3784 664 lo-

2162 701 2242 757 cis
2271 700 2476 772 quibus
2506 699 2651 755 fama
2685 698 2911 754 illorum
2945 696 3290 754 ambulabat.

2239 791 2420 862 (Vers.
2449 789 2531 859 8.)
2578 815 2595 836 ι
2627 789 2676 845 Α
2723 787 2882 844 vobis
2901 786 3049 843 enim
3098 786 3412 844 diffamatus
3460 794 3548 843 est
3592 803 3784 848 sermo

2164 879 2389 938 Domini
2421 896 2529 936 non
2557 880 2736 935 solum
2769 877 2824 932 in
2856 875 3178 933 Macedonia
3201 884 3260 932 et
3286 876 3348 932 in
3403 875 3650 944 Achaia,
3683 877 3786 936 sed

2167 978 2220 1028 et
2247 970 2303 1026 in
2333 985 2553 1026 omnem
2588 969 2769 1025 locum
2802 967 2940 1024 ﬁdes
2972 974 3176 1033 vestra,
3207 982 3331 1039 qua:
3362 974 3445 1022 est
3475 969 3544 1023 ad
3576 969 3780 1036 Deum,

2167 1061 2449 1134 processit.
2483 1087 2500 1108 ι
2539 1060 2668 1115 Tale
2697 1065 2779 1114 est
2805 1058 2928 1124 ho'c,
2961 1057 3120 1129 quale
3149 1065 3205 1112 et
3255 1055 3395 1112 illud
3451 1058 3522 1114 ad
3565 1058 3788 1115 Roma-

2168 1172 2289 1223 nos,
2316 1171 2442 1210 cum
2469 1152 2606 1208 dicit
2643 1170 2654 1208 :
2702 1175 2720 1197 σ
2754 1149 2895 1216 Quia
2937 1147 3078 1204 ﬁdes
3123 1155 3310 1204 vestra
3355 1148 3696 1220 praedicatur
3725 1149 3784 1206 in

2169 1248 2431 1304 universo
2470 1242 2679 1300 mundo
2710 1242 2886 1312 (Rom.
2923 1257 2964 1308 ι,
2992 1239 3072 1311 8).
3106 1263 3125 1287 ι
3167 1239 3270 1296 Sed
3304 1240 3363 1296 in
3397 1239 3490 1296 bis
3513 1241 3783 1314 amplius,

2169 1337 2300 1411 quia
2329 1351 2440 1391 non
2469 1333 2644 1390 solum
2678 1330 2833 1398 ﬁdes,
2859 1327 2955 1386 sed
2999 1345 3139 1401 opus
3179 1327 3313 1385 ﬁdei
3363 1329 3592 1388 illorum
3647 1346 3786 1404 per-

2171 1426 2325 1482 venit
2355 1425 2413 1480 in
2434 1438 2653 1479 omnem
2685 1423 2888 1478 locum.

2247 1514 2429 1586 (Vers.
2462 1513 2522 1579 9,
2557 1510 2670 1582 t0.)
2737 1534 2757 1558 ι
2805 1511 2884 1568 lla
2935 1516 2998 1565 ut
3049 1523 3162 1566 non
3209 1523 3431 1566 necesse
3483 1507 3786 1566 habeamus

2175 1621 2275 1662 nos
2303 1602 2522 1676 aliquid
2553 1600 2762 1674 eloqui.
2794 1599 2900 1671 Ipsi
2935 1598 3084 1654 enim
3114 1598 3182 1654 de
3210 1598 3375 1655 nobis
3417 1598 3783 1655 annuntiant,

2176 1693 2392 1768 qualem
2426 1690 2721 1747 introitum
2753 1688 3112 1746 habuerimus
3135 1687 3204 1743 ad
3234 1704 3334 1744 vos
3367 1706 3379 1744 ε
3423 1696 3478 1744 et
3504 1686 3785 1761 quomodo

467 1779 660 1868 randa,
693 1808 754 1855 ut
803 1796 1084 1869 digniores
1130 1792 1284 1848 ﬁant.
1329 1790 1697 1859 Quamobrem
1751 1785 2065 1843 meminisse
2094 1793 2141 1855 Β
2179 1783 2433 1843 conversi
2489 1783 2622 1839 estis
2663 1780 2732 1838 ad
2783 1783 2956 1837 Deum
3011 1780 3080 1836 ab
3111 1779 3300 1845 idolis,
3327 1780 3398 1836 ad
3425 1779 3784 1835 serviendum

469 1893 666 1948 horum
701 1888 896 1944 dicunt
923 1901 979 1941 se
1020 1885 1077 1939 in
1107 1881 1449 1938 orationibus
1496 1879 1629 1946 suis,
1667 1894 1730 1933 eo
1761 1875 1908 1950 quod
1938 1891 2066 1932 cre-

469 1981 785 2037 brescerent
814 1976 870 2031 in
906 1991 1068 2048 opere
1097 1972 1226 2029 ﬁdei
1254 1970 1466 2028 caeteris
1495 1968 1758 2025 Ecclesiis
1796 1985 1808 2022 :
1846 1975 1910 2022 ut
1930 1972 2071 2021 nutu

470 2069 572 2126 Dei
620 2066 946 2140 perﬁcerent
992 2081 1131 2136 opus
1178 2071 1442 2134 coeptum,
1487 2059 1726 2132 prompti
1767 2057 1823 2112 in
1887 2055 2072 2112 studio

471 2157 781 2224 charitatis,
811 2163 864 2211 et
893 2153 1190 2226 patientiae,
1219 2161 1271 2207 et
1292 2151 1404 2224 spei
1435 2149 1708 2206 adventus
1729 2147 1810 2220 (4)
1841 2143 2070 2203 Domini

473 2257 600 2305 ante
629 2251 826 2315 Deum,
857 2245 949 2317 qui
977 2243 1236 2323 dignatus
1260 2247 1341 2296 est
1370 2239 1572 2294 Filium
1597 2254 1758 2293 suum
1786 2237 2072 2293 incarnare

475 2355 575 2412 pro
607 2338 782 2393 salute
813 2334 1073 2389 humana.
1107 2331 1378 2388 Placitum
1407 2327 1554 2384 enim
1571 2327 1672 2384 Dei
1701 2333 1801 2394 est,
1834 2326 1880 2382 si
1911 2322 2073 2398 proﬁ-

475 2427 652 2484 ciatur
682 2426 740 2482 in
771 2423 1012 2482 Christo.

550 2526 731 2596 (Vers.
765 2523 818 2592 4,
871 2523 952 2593 5.)
1001 2546 1018 2568 ι
1048 2518 1315 2588 Scientes,
1360 2517 1557 2574 fratres
1613 2515 1801 2573 dilecti
1853 2531 1884 2572 a
1937 2516 2072 2584 Deo,

477 2615 801 2674 electionem
833 2619 1092 2678 vestram,
1126 2608 1256 2683 quia
1284 2608 1646 2680 Evangelium
1679 2613 1929 2662 nostrum
1965 2621 2076 2661 non

481 2705 590 2762 fuit
615 2704 682 2760 ad
715 2719 813 2758 vos
844 2702 901 2757 in
933 2701 1102 2756 verbo
1133 2700 1333 2765 solum,
1367 2696 1458 2753 sed
1491 2705 1544 2753 et
1573 2697 1629 2751 in
1661 2696 1889 2761 virtute,
1922 2704 1976 2751 et
2020 2695 2078 2750 in

482 2792 694 2863 Spiritu
724 2796 932 2855 sancto,
959 2796 1013 2844 et
1043 2790 1098 2842 in
1130 2787 1478 2858 plenitudine
1523 2786 1718 2853 multa,
1753 2783 1898 2840 sicut
1925 2781 2079 2838 scitis

481 2881 671 2953 quales
711 2877 982 2932 fuerimus
1020 2876 1077 2930 in
1135 2875 1294 2928 vobis
1341 2874 1511 2928 vestri
1555 2889 1736 2928 causa.
1770 2897 1788 2919 ι
1834 2871 2082 2928 Humiles

485 2987 542 3024 se
572 2969 743 3023 fuisse
774 2966 919 3018 inter
947 2980 1040 3019 eos
1093 2963 1426 3034 signiﬁcant,
1460 2970 1522 3017 ut
1569 2963 1678 3017 illis
1725 2963 1955 3019 formam
1989 2961 2080 3018 da-

483 3063 608 3113 rent
654 3051 1110 3120 mansuetudinis,
1159 3067 1268 3106 non
1313 3050 1461 3123 quod
1507 3051 1805 3120 defuerint,
1861 3068 1982 3124 quze
2013 3050 2082 3107 ad

2177 1881 2292 1936 Deo
2321 1877 2450 1932 vivo
2475 1882 2530 1930 et
2558 1887 2710 1940 vero,
2739 1879 2793 1927 et
2819 1870 2887 1927 ad
2917 1867 3348 1941 exspectandum
3409 1869 3624 1925 Filium
3669 1865 3787 1939 ejus

2180 1969 2247 2025 de
2304 1966 2477 2031 caelis,
2508 1979 2671 2036 quem
2729 1959 3020 2017 suscitavit
3071 1975 3104 2014 a
3149 1960 3386 2016 mortuis
3440 1960 3661 2026 Iesum,
3695 1955 3786 2029 qui

2182 2056 2386 2128 eripuit
2439 2070 2540 2110 nos
2595 2051 2663 2107 ab
2716 2051 2797 2106 ira
2843 2049 3121 2106 veniente.
3155 2074 3172 2098 ι
3209 2047 3296 2104 Sic
3351 2040 3682 2120 peragrasse
3712 2045 3788 2102 di-

2182 2154 2316 2204 cunt
2344 2146 2544 2201 famam
2595 2141 2858 2198 introitus
2902 2139 2987 2195 sui
3036 2145 3090 2195 et
3118 2136 3559 2195 conversationis
3592 2152 3783 2192 eorum

2181 2253 2308 2294 cum
2338 2230 2726 2307 praedicatione
2755 2227 3070 2300 Evangelii,
3102 2234 3166 2282 ut
3223 2242 3334 2282 non
3378 2233 3522 2283 esset
3568 2240 3787 2281 necesse

2183 2343 2246 2384 ea
2273 2326 2456 2382 dicere
2490 2340 2502 2380 :
2536 2319 2875 2394 superfluum
2909 2327 2992 2375 est
3021 2317 3165 2374 enim
3201 2334 3264 2374 ea
3321 2315 3447 2384 fari,
3503 2333 3625 2390 quae
3654 2325 3786 2372 nota

2183 2424 2331 2476 sunt.
2366 2413 2449 2471 Ad
2497 2426 2688 2469 omnes
2734 2407 2880 2465 enim
2931 2407 2989 2463 in
3047 2407 3286 2465 circuitu
3334 2413 3683 2480 pervenerat,
3711 2404 3788 2460 ita

2185 2515 2248 2564 ut
2279 2513 2333 2561 et
2361 2500 2758 2559 annuntiarent
2787 2497 3003 2554 caeteris
3041 2513 3149 2569 qua
3180 2495 3478 2553 devotione
3527 2509 3785 2567 suscepe-

2186 2601 2309 2652 rant
2339 2591 2636 2664 apostolos.
2693 2589 2765 2644 Et
2810 2587 2938 2661 quia
2975 2586 3044 2642 ad
3082 2587 3290 2654 omnia,
3329 2602 3453 2659 qua:
3501 2584 3788 2640 audierant

2185 2689 2255 2746 ab
2311 2686 2408 2754 eis,
2471 2685 2692 2740 fuerant
2766 2679 3154 2754 promptiores,
3220 2679 3596 2750 relinquentes
3657 2676 3787 2732 deos

2189 2785 2480 2834 mortuos:
2513 2778 2896 2845 exspectarent
2941 2776 3122 2824 autem
3167 2767 3451 2826 Christum
3502 2765 3571 2822 de
3612 2765 3784 2832 calis,

2191 2884 2355 2940 quem
2412 2865 2666 2921 humanae
2716 2861 2912 2918 salutis
2954 2876 3118 2918 causa
3165 2866 3443 2916 mortuum
3478 2856 3784 2922 audierant,

2191 2967 2245 3016 et
2272 2956 2633 3014 resurrexisse
2662 2954 2785 3011 devi
2828 2962 2879 3011 ta
2908 2962 3104 3022 morte,
3135 2961 3189 3009 et
3218 2969 3342 3009 cum
3375 2967 3540 3008 carne
3568 2964 3787 3006 assum-

2191 3056 2346 3122 ptum
2382 3047 2440 3103 in
2467 3048 2636 3104 caelos
2667 3044 2920 3101 ministra
2949 3042 3115 3112 nube,
3152 3041 3221 3098 ad
3257 3041 3642 3099 confusionem
3665 3054 3785 3112 pru-

488 3148 652 3206 ﬁdem
689 3146 814 3202 illos
848 3143 1220 3211 hortarentur,
1267 3142 1540 3215 magnalia
1573 3161 1584 3199 :
1635 3141 1763 3215 quia
1818 3142 2082 3198 doctrinas
2117 3149 2160 3210 ο
2192 3139 2440 3197 dentium
2476 3136 2694 3201 mundi,
2733 3135 2828 3208 qui
2857 3133 3298 3190 consideratione
3326 3131 3520 3187 habita
3547 3129 3786 3186 munda—

486 3237 815 3309 evangelicae
839 3234 1009 3292 robur
1037 3233 1216 3289 virtus
1245 3233 1533 3305 praestabat
1561 3235 1840 3305 signorum
1865 3239 1918 3287 et
1948 3248 2086 3304 pro-

485 3327 786 3401 digiorum,
817 3326 874 3382 in
905 3323 1116 3396 Spiritu
1150 3330 1360 3389 sancto,
1390 3319 1445 3376 id
1484 3328 1584 3386 est,
1618 3325 1748 3376 non'
1769 3319 1827 3376 in
1860 3319 2084 3393 phanta-

485 3417 588 3485 sia,
620 3417 714 3472 sed
745 3417 802 3471 in
831 3415 1061 3470 veritate
1091 3411 1478 3485 plenitudinis,
1531 3420 1592 3468 ut
1640 3409 1781 3467 nulli
1839 3409 2086 3467 necessi-

487 3506 589 3560 tati
621 3505 833 3559 deesset
881 3503 1205 3567 auxilium;
1265 3500 1358 3556 sed
1409 3499 1860 3571 superabundans
1913 3499 2086 3571 gratia

487 3591 771 3646 videretur
813 3597 867 3642 et
915 3587 972 3641 in
1024 3587 1295 3653 doctrina,
1354 3594 1409 3642 et
1462 3587 1520 3642 in
1563 3588 2002 3654 conversatione,
2033 3596 2087 3644 et

490 3680 550 3737 in
579 3679 745 3751 aegris
773 3677 1052 3743 curandis,
1085 3682 1148 3730 ut
1175 3675 1476 3748 perfectum
1511 3693 1652 3747 opus
1681 3677 1918 3747 Spiritus
1948 3694 2086 3733 san-

489 3769 563 3826 cti
594 3773 878 3840 appareret
908 3766 966 3820 in
997 3763 1568 3822 Thessalonicensium
1623 3765 1902 3833 Ecclesiis,
1935 3773 1996 3820 ut
2027 3766 2084 3822 in

487 3861 646 3918 nullo
699 3873 756 3914 se
812 3855 1056 3912 minores
1108 3854 1359 3910 videntes
1414 3853 1730 3910 Judatorum
1797 3855 2081 3924 Ecclesiis,

489 3950 788 4025 gauderent
816 3948 874 4004 in
905 3946 1052 4003 dono
1079 3945 1200 4013 Dei,
1235 3944 1330 4017 qui
1383 3945 1678 4018 participes
1724 3943 1852 4001 illos
1908 3945 2084 4002 facere

487 4039 743 4114 dignatus
772 4047 854 4095 est
882 4036 1266 4111 promissionis
1295 4035 1552 4092 Abrahae.

562 4139 746 4210 (Vers.
776 4138 830 4202 6,
864 4137 943 4205 7.)
977 4162 994 4183 ε
1024 4137 1094 4190 Et
1122 4152 1220 4190 vos
1242 4134 1546 4191 imitatores
1567 4132 1744 4190 nostri
1775 4132 1904 4191 facti
1928 4134 2081 4203 estis,

491 4234 544 4282 et
596 4225 770 4296 ipsius
824 4225 1072 4292 Domini,
1118 4225 1478 4297 suscipientes
1528 4224 1758 4281 verbum
1812 4225 1868 4280 in
1941 4241 2084 4296 pres-

490 4330 618 4370 sura
647 4313 821 4367 multa
848 4329 973 4368 cum
993 4312 1190 4382 gaudio
1225 4313 1461 4383 Spiritus
1490 4315 1685 4379 sancti,
1718 4315 1793 4370 ita
1819 4323 1881 4370 ut
1919 4315 2083 4370 fueri-

490 4403 564 4459 tis
600 4420 699 4458 vos
728 4403 1042 4474 exemplum
1090 4402 1351 4458 omnibus
1397 4402 1749 4461 credentibus
1794 4405 1851 4460 in
1897 4404 2086 4461 Mace-

2191 3246 2411 3297 norum,
2441 3228 2622 3285 carnis
2661 3233 2935 3292 naturam,
2967 3224 3094 3297 quia
3123 3224 3304 3295 gravis
3332 3229 3434 3289 est,
3467 3227 3664 3293 putant
3678 3234 3786 3274 non

2193 3337 2350 3395 posse
2379 3319 2522 3386 ﬁeri,
2552 3325 2615 3373 ut
2645 3317 2970 3373 sustollatur
3013 3315 3069 3369 in
3099 3313 3287 3370 ccelos.
3343 3312 3463 3368 Hoc
3505 3311 3704 3368 aﬁ‘ectu
3728 3309 3785 3366 ﬁt

2192 3413 2430 3487 Spiritus
2476 3410 2675 3478 sancti,
2723 3416 2786 3464 ut
2835 3407 3161 3464 erubescant
3203 3404 3495 3478 terrigenas
3541 3400 3785 3477 pruden-

2192 3518 2294 3566 tes.

2714 3595 2860 3655 278
2913 3589 3142 3649 CAPUT
3187 3591 3257 3647 II.

2267 3694 2449 3766 (Vere.
2493 3693 2546 3758 1,
2578 3690 2658 3761 2.)
2711 3689 2853 3761 «Ipsi
2885 3689 3029 3744 enim
3063 3685 3235 3754 scitis,
3268 3685 3467 3742 fratres
3499 3684 3783 3742 introitum

2192 3794 2442 3842 nostrum
2475 3781 2541 3838 ad
2573 3779 2826 3854 vos,quia
2853 3795 2964 3835 non
2992 3777 3171 3833 inanis
3201 3776 3328 3843 fuit,
3344 3776 3439 3832 sed
3469 3785 3599 3832 ante
3620 3777 3786 3833 multa

2191 3873 2357 3948 passi,
2375 3880 2428 3929 et
2453 3868 2806 3929 contumeliis
2834 3866 3186 3934 affecti,sicut
3213 3865 3388 3934 scitis,
3410 3866 3463 3920 in
3492 3865 3781 3938 Philippis,

2191 3975 2382 4024 exerta
2407 3967 2652 4022 libertate
2669 3964 2754 4020 usi
2784 3979 2974 4019 sumus
2996 3962 3052 4017 in
3075 3963 3185 4018 Deo
3214 3968 3404 4016 nostro
3427 3957 3703 4029 loquendo
3718 3956 3782 4012 ad

2191 4074 2294 4113 vos
2316 4055 2678 4127 Evangelium
2703 4053 2798 4110 Dei
2815 4054 2870 4108 in
2894 4069 3088 4124 magno
3107 4051 3450 4108 certamine.»
3468 4049 3623 4105 Hanc
3644 4063 3782 4120 pres-

2193 4164 2399 4213 suram,
2433 4162 2596 4220 quam
2632 4160 2779 4201 nunc
2833 4150 3122 4208 memorat,
3163 4157 3352 4214 passus
3380 4148 3461 4196 est
3492 4139 3550 4196 in
3581 4137 3783 4210 Philip.

2192 4238 2276 4310 pis
2303 4253 2426 4293 cum
2459 4236 2592 4301 Sila,
2625 4242 2847 4307 propter
2897 4231 3150 4304 spiritum
3202 4229 3503 4304 pythonem
3563 4246 3722 4303 quem
3752 4245 3781 4286 a

2191 4327 2376 4399 puella
2404 4324 2636 4396 ejecerat
2666 4323 2808 4394 (Act.
2841 4338 2962 4389 xvr,
2997 4320 3204 4392 16-24),
3227 4318 3371 4392 quod
3390 4317 3505 4388 jam
3538 4335 3637 4374 suo
3667 4319 3782 4374 loco

2191 4415 2402 4472 dictum
2435 4422 2535 4470 est.
2587 4411 2688 4470 Cui
2751 4427 3018 4483 pressurae
3061 4424 3170 4464 non
3222 4409 3403 4475 cessit,
3449 4405 3544 4462 sed
3594 4406 3783 4462 fortior

489 4493 656 4550 donia
685 4499 741 4547 et
769 4491 826 4546 in
856 4489 1082 4546 Achaia.
1116 4514 1135 4538 ι
1175 4489 1376 4560 Cupidi
1399 4490 1764 4559 credulitatis,
1796 4494 1998 4565 probra
2027 4501 2073 4550 et

2190 4505 2449 4560 inventus
2476 4509 2577 4562 est,
2610 4500 2741 4556 dum
2773 4498 2934 4554 audet
2956 4497 3270 4570 praedicare,
3299 4513 3399 4553 nec
3427 4496 3578 4568 loqui
3604 4495 3779 4561 timet,

487 4579 721 4653 injurias
750 4597 780 4636 a
802 4579 1018 4636 civibus
1046 4577 1161 4634 suis
1207 4579 1346 4650 passi
1395 4580 1702 4637 tolerarunt
1750 4580 1952 4638 ﬁducia
1982 4583 2082 4638 fu-

405 4744 408 4746 ,
484 4681 759 4730 turorum.
811 4670 966 4728 Unde
1023 4667 1209 4725 remuli
1251 4667 1517 4726 dicuntur
1571 4672 1964 4742 apostolorum,
2026 4681 2080 4729 et

486 4763 661 4836 ipsius
690 4762 935 4829 Domini,
965 4760 1095 4834 quia
1129 4767 1184 4816 et
1211 4760 1480 4816 Dominus
1527 4760 1715 4817 eadem
1765 4778 1956 4834 passus
1999 4771 2082 4819 est

489 4870 521 4909 a
550 4853 773 4921 Iudaeis,
802 4860 857 4908 et
884 4852 1116 4925 apostoli
1157 4861 1442 4924 sequentes
1471 4850 1631 4908 ﬁdem
1663 4852 1785 4918 Dei,
1817 4870 2080 4926 persecu-

483 4941 662 4998 tiones
711 4941 854 5013 passi
914 4949 1063 5009 sunt,
1106 4964 1125 4990 ι
1177 4941 1474 5012 gaudentes
1521 4943 1650 5016 quia
1696 4941 1848 5015 digni
1901 4942 2077 5000 habiti

483 5038 612 5086 sunt
640 5047 740 5102 pro
767 5030 992 5088 nomine
1036 5030 1260 5088 Domini
1304 5032 1669 5088 contumelias
1699 5033 1809 5105 pati
1839 5033 1983 5104 (Act.
2017 5049 2075 5102 v,

483 5117 600 5190 41),
641 5142 660 5166 ι
711 5119 947 5176 scientes
984 5137 1082 5193 pro
1112 5119 1200 5176 his
1230 5137 1428 5194 magna
1454 5121 1572 5179 fore
1601 5121 1825 5194 praemia
1878 5139 2077 5196 repro-

488 5209 683 5274 missa;
716 5209 947 5266 idoneus
976 5209 1122 5264 enim
1155 5227 1348 5267 servus
1385 5209 1666 5282 probatur,
1715 5211 1936 5284 quando
1969 5229 2070 5284 pro

480 5309 665 5354 amore
693 5297 906 5354 domini
939 5297 1023 5353 sui
1053 5296 1309 5355 inimicos
1339 5297 1456 5369 ejus
1503 5299 1754 5356 offendit.
1795 5299 1966 5372 Cujus
1997 5300 2074 5357 rei

480 5399 768 5453 memores,
816 5385 988 5459 gavisi
1018 5395 1147 5445 sunt
1182 5403 1276 5460 spe
1304 5387 1687 5461 promissionis
1715 5388 1774 5446 in
1802 5405 2074 5462 pressura.

540 5590 892 5674 _(3)‘Amerb.
915 5596 991 5674 et.
1025 5608 1154 5674 mss.
1195 5611 1305 5653 non
1352 5595 1530 5670 pauci,
1577 5597 1936 5670 episcoporum
1983 5614 2075 5657 no-

477 5661 613 5718 mine
641 5661 826 5718 littera:
850 5661 1209 5724 continentur.

2189 4609 2282 4664 spe
2311 4591 2502 4660 utique
2532 4588 2789 4660 promissi
2821 4587 3056 4661 praemii,
3089 4593 3148 4640 ut
3178 4593 3232 4640 et
3275 4583 3335 4638 hi
3375 4585 3557 4641 securi
3609 4592 3783 4640 essent

2189 4681 2247 4736 in
2300 4676 2809 4752 persecutionibus,
2877 4674 3171 4748 gaudentes
3252 4679 3472 4744 propter
3544 4673 3782 4729 futuram

2193 4769 2518 4825 mercedem.
2555 4765 2782 4835 Signum
2815 4781 2941 4836 ergo
2971 4763 3157 4820 devoti
3198 4770 3251 4818 et
3294 4760 3475 4818 ﬁdelis
3526 4760 3782 4834 praedica-

2187 4859 2324 4915 toris
2362 4856 2467 4913 hoc
2495 4855 2633 4913 dicit
2655 4870 2796 4923 esse,
2844 4855 2891 4910 si
2948 4854 3007 4910 in
3049 4868 3304 4925 pressura
3353 4850 3508 4925 liqui
3555 4851 3782 4907 verbum

2187 4949 2285 5006 Dei
2315 4963 2426 5004 non
2457 4947 2669 5015 timeat,
2703 4946 2921 5002 inanem
2955 4944 3112 5000 illum
3163 4942 3500 5016 signiﬁcans,
3536 4941 3632 5016 qui
3681 4948 3783 4997 ter-

2187 5055 2310 5096 rore
2339 5038 2593 5112 praesenti
2628 5036 2985 5094 formidinem
3017 5033 3234 5108 patitur
3277 5032 3642 5106 praedicandi.
3679 5030 3783 5099 Qui

2187 5128 2333 5186 enim
2373 5143 2626 5186 securum
2671 5134 2754 5185 est
2796 5127 2864 5186 de
2919 5123 3188 5199 promissa
3237 5139 3352 5197 spe,
3386 5137 3500 5179 non
3525 5121 3692 5188 cedit,
3721 5125 3780 5176 ut

2185 5225 2482 5277 coronetur
2489 5260 2501 5272 .

2260 5307 2443 5377 (Vers.
2470 5305 2523 5374 3,
2561 5305 2644 5376 4.)
2688 5327 2708 5352 ‹
2757 5304 2894 5363 Nam
2955 5300 3274 5359 exhortatio
3325 5308 3519 5358 nostra
3556 5316 3669 5358 non
3711 5314 3781 5356 ex

2186 5396 2429 5463 fallacia,
2459 5411 2635 5470 neque
2661 5411 2732 5453 ex
2768 5391 3147 5461 immunditia,
3179 5406 3358 5465 neque
3382 5389 3444 5448 in
3472 5389 3651 5457 idolo,
3687 5387 3785 5446 sed

2258 5603 2339 5678 (4)
2365 5604 2630 5662 Nonnulli
2661 5620 2820 5671 mss.,
2845 5606 2894 5658 et
2920 5600 3045 5674 ﬁdei
3071 5601 3351 5669 adventus,
3383 5605 3492 5658 etc.
