3908 6192
185 359 280 416 669

1155 317 1517 413 COMMENT.
1559 351 1632 408 IN
1665 349 1885 408 EPIST.
1926 352 1948 406 1
1984 352 2078 406 AD
2117 351 2446 412 THESSAL.

3373 354 3483 412 470

181 482 318 540 sicut
362 479 581 554 probati
628 495 823 537 sumus
871 496 904 536 a
953 482 1103 548 Deo;
1147 488 1210 538 ut
1253 478 1569 536 crederetur
1607 477 1766 535 nobis
1794 476 1846 538 Α
1880 475 2272 533 laboraverunt
2301 495 2493 536 manus
2512 481 2649 539 ista.
2675 506 2696 532 ι
2734 484 2890 541 Unde
2919 483 3062 541 etin
3091 480 3202 537 alia
3239 480 3478 552 epistola

181 569 534 642 Evangelium
569 611 587 634 ,
647 569 723 624 ita
779 568 1110 641 loquimur,
1167 585 1278 624 non
1336 576 1399 623 ut
1455 567 1773 623 hominibus

180 659 470 732 placentes,
501 657 596 714 sed
632 659 766 726 Deo,
801 657 897 730 qui
935 657 1127 730 probat
1155 657 1323 713 corda
1353 665 1558 712 nostra.
1594 682 1612 703 ι
1660 658 1774 713 Hoc

181 756 396 821 propter
426 747 910 820 pseudoapostolos
938 747 1094 808 dicit.
1136 747 1230 820 qui
1279 749 1334 802 in
1365 746 1494 803 dolo
1525 755 1579 803 et
1608 747 1775 803 falla-

178 837 261 894 cia
315 836 690 909 pradicabant
749 853 858 893 non
920 836 1122 903 missi,
1192 845 1252 891 ut
1305 836 1773 892 circumvenirent

178 933 364 999 gentes
415 924 484 981 ad
539 925 891 982 serviendum
948 925 1049 997 legi
1087 924 1376 981 factorum.
1431 926 1538 980 Iste
1587 933 1771 980 autem

178 1015 411 1072 electum
468 1032 524 1073 se
571 1023 626 1072 et
683 1016 907 1072 missum
974 1016 1268 1087 praedicare
1337 1016 1526 1070 multis
1581 1015 1774 1086 probat

178 1103 361 1171 rebus,
403 1104 532 1176 quia
576 1113 631 1161 et
675 1104 731 1160 in
763 1104 1029 1176 pressuris
1065 1103 1263 1161 fortior
1302 1101 1562 1160 inventus
1582 1113 1684 1172 est,
1717 1112 1772 1160 et

178 1195 234 1252 in
263 1195 681 1252 conversatione
711 1193 1212 1267 irreprebensibilis
1245 1213 1256 1250 :
1290 1205 1350 1251 ut
1382 1195 1524 1250 nihil
1546 1205 1685 1251 esset
1714 1195 1772 1250 in

177 1284 298 1352 hoc,
345 1283 492 1357 quod
543 1285 727 1341 minus
775 1286 888 1342 Deo
937 1286 1222 1342 videretur
1279 1285 1532 1356 dignum,
1577 1300 1773 1356 prose-

175 1374 470 1447 quentibus
496 1373 689 1444 signis.
727 1373 961 1442 Quidam
983 1375 1131 1431 enim
1163 1383 1406 1448 quaestus
1430 1391 1592 1432 causa
1617 1375 1770 1432 Chri-

178 1469 320 1517 stum
378 1460 798 1533 praedicabant,
857 1461 1034 1519 favori
1103 1463 1391 1520 hominum
1450 1466 1768 1534 servientes,

177 1549 304 1624 quia
332 1560 387 1608 et
423 1551 481 1608 in
511 1553 791 1626 arguendo
826 1553 1164 1612 remissiores
1193 1565 1380 1623 erant;
1409 1555 1609 1628 quippe
1647 1572 1772 1612 cum

174 1655 274 1699 nec
322 1642 625 1699 auctoritas
676 1650 836 1711 esset,
896 1650 950 1699 et
1006 1645 1064 1700 in
1122 1644 1482 1701 tribulatione
1537 1644 1766 1714 infirmi,

175 1730 305 1804 quia
335 1748 447 1789 non
490 1749 560 1790 ex
602 1732 786 1803 corde,
818 1733 913 1790 sed
955 1733 1014 1790 in
1050 1735 1267 1792 fallacia
1308 1744 1424 1792 erat
1449 1752 1627 1792 sermo
1669 1752 1773 1792 eo-

1881 565 2060 622 dicit:
2109 590 2126 613 ι
2156 567 2262 632 Qui
2315 585 2418 623 non
2456 572 2686 641 laborat,
2731 591 2832 631 nec
2865 573 3176 630 manducet.
3209 597 3229 621 ι
3271 573 3343 627 Et
3369 572 3474 628 hoc

1883 662 2076 711 contra
2115 657 2616 728 pseudoaposlolos,
2648 671 2707 718 ut
2738 665 2830 734 qui
2860 665 3022 720 otiosi
3053 664 3471 730 manducarent,

1883 744 2273 815 praedicatcres
2316 761 2370 800 se
2418 747 2696 818 ﬁngebant
2736 767 2868 807 esse.
2903 755 2974 808 Ut
3001 769 3128 823 ergo
3157 754 3472 824 exemplum

1883 833 2061 900 daret,
2110 835 2573 908 quemadmodum
2617 840 2967 910 gubernanda
3009 845 3083 896 sit
3134 843 3247 896 vita
3301 841 3472 900 Chri-

1883 923 2081 988 stiana,
2125 933 2179 979 et
2234 923 2450 981 fictores
2499 928 2773 998 proderet,
2831 929 3002 985 labori
3058 930 3340 986 insistebat
3364 931 3477 987 hu-

1884 1029 2069 1080 mano,
2130 1014 2405 1072 oﬂ'uscans
2459 1018 2945 1090 pseudoapostolos
2995 1037 3005 1074 :
3056 1026 3314 1090 praeterea
3350 1019 3478 1091 quia

1882 1102 1979 1175 qui
2014 1103 2182 1159 labori
2237 1104 2521 1173 insistunt,
2570 1124 2602 1163 a
2659 1109 2816 1164 malis
2861 1108 3286 1180 cogitationibus
3315 1109 3477 1166 decli-

1884 1202 2039 1260 nant,
2063 1204 2395 1266 occupantes
2449 1199 2696 1254 animum
2753 1216 2952 1270 suum,
3022 1208 3076 1256 et
3127 1217 3160 1255 a
3221 1199 3478 1272 periculis

1884 1283 2256 1354 prohibentes.

1959 1374 2140 1445 (Vers.
2177 1377 2263 1443 10,
2297 1377 2382 1442 11,
2421 1376 2534 1448 12.)
2581 1401 2598 1425 ι
2637 1378 3069 1435 Praedicavimus
3109 1377 3268 1434 vobis
3287 1379 3480 1434 Evan-

1884 1463 2084 1535 geltum
2119 1463 2236 1530 Dei,
2270 1481 2368 1520 vos
2397 1473 2561 1522 testes
2589 1468 2738 1535 estis,
2771 1475 2826 1523 et
2875 1471 3038 1536 Deus,
3089 1484 3252 1541 quam
3295 1474 3481 1523 sancte

1883 1563 1938 1611 et
1984 1553 2153 1626 juste,
2191 1563 2245 1610 et
2300 1555 2419 1610 sine
2474 1558 2694 1628 querela
2755 1557 3041 1615 vobiscum
3083 1559 3178 1631 qui
3230 1556 3477 1624 creditis,

1883 1643 2192 1700 conversati
2245 1660 2435 1700 sumus
2490 1646 2633 1701 sicut
2680 1647 2834 1703 scitis
2881 1666 2892 1702 :
2942 1656 2996 1702 et
3051 1647 3328 1720 quomodo
3355 1661 3482 1718 erga

1881 1748 2331 1807 unumquemque
2379 1741 2645 1801 vestrum,
2675 1745 2738 1791 ut
2768 1744 2919 1807 pater
2949 1736 3094 1792 ﬁlios
3134 1751 3281 1802 suos,
3313 1734 3481 1790 obse-

173 1836 320 1878 rum.
373 1821 565 1879 Omnis
608 1822 753 1880 enim
797 1823 892 1897 qui
941 1823 1155 1897 aliquid
1195 1824 1314 1882 sine
1341 1841 1436 1898 spe
1489 1826 1621 1898 agit,
1651 1833 1774 1883 orta
1801 1841 1846 1904 Β
1881 1829 2096 1878 orantes
2130 1839 2247 1886 vos,
2279 1831 2333 1878 et
2357 1825 2726 1891 consolantes,
2758 1834 2810 1880 et
2835 1825 3168 1881 obtestantes
3194 1823 3263 1881 ad
3287 1823 3391 1880 hoc
3418 1829 3481 1878 ut

172 1913 535 1972 tribulatione
561 1915 890 1974 succumbit.

245 2002 431 2071 (Vers.
461 2005 542 2077 5.)
589 2031 608 2053 α
635 2005 823 2080 Neque
867 2007 1018 2064 enim
1051 2023 1292 2082 unquam
1327 2007 1385 2064 in
1424 2007 1594 2066 verbo
1623 2008 1772 2066 adu-

175 2092 400 2150 lationis
436 2097 744 2153 conversati
791 2113 1000 2165 sumus,
1055 2099 1200 2156 sicut
1255 2099 1428 2168 scitis,
1479 2117 1654 2174 neque
1711 2101 1770 2157 in

172 2183 524 2240 occasionem
575 2185 838 2240 avaritiae.
879 2188 1024 2242 Deus
1067 2189 1224 2244 testis
1274 2196 1377 2243 est.
1407 2214 1425 2236 ι
1462 2189 1621 2246 Nunc
1649 2205 1772 2261 ape-

173 2271 251 2328 rit
279 2273 432 2347 quod
486 2289 650 2345 supra
700 2273 1054 2347 significavit,
1103 2293 1228 2334 cum
1287 2278 1467 2335 dicit:
1516 2281 1683 2336 «Non
1716 2281 1772 2335 in

171 2361 466 2419 occasione
491 2363 761 2433 avaritias,
788 2390 807 2413 -
847 2366 1022 2421 Deum
1051 2366 1187 2422 dans
1218 2373 1431 2432 testem,
1459 2367 1588 2440 quia
1628 2367 1773 2424 istud

172 2467 241 2508 ex
269 2451 440 2509 corde
467 2451 723 2522 faciebat,
745 2471 858 2510 non
901 2455 960 2511 in
991 2455 1296 2528 hypocrisi,
1323 2457 1477 2530 quasi
1516 2467 1774 2514 contem-

174 2557 308 2599 nens
359 2557 553 2615 pauca,
604 2552 666 2600 ut
725 2544 864 2602 forte
924 2546 1081 2618 plura
1133 2547 1480 2603 offerrentur.
1510 2547 1662 2605 Unde
1723 2556 1777 2605 et

177 2631 322 2706 ipsos
334 2633 628 2701 convenit,
645 2633 879 2692 scientes
893 2651 956 2692 ac
975 2637 1267 2708 probantes
1287 2639 1417 2710 quia
1438 2638 1577 2694 nulli
1601 2638 1776 2695 fuerat

175 2719 470 2790 adulatus;
504 2722 710 2794 pseudo
757 2724 905 2780 enim
959 2725 1193 2798 apostoli
1247 2726 1480 2785 formam
1529 2728 1777 2784 avaritiae

175 2811 289 2869 dari
337 2812 449 2869 sibi
505 2813 788 2887 optabant,
822 2822 884 2872 ut
931 2816 1049 2889 ipsa
1095 2816 1401 2886 occasione,
1453 2817 1584 2875 dum
1618 2834 1776 2877 veros

175 2903 454 2975 apostolos
511 2904 700 2959 omnia
755 2903 907 2960 illata
962 2903 1153 2962 vident
1211 2906 1489 2978 accipere,
1555 2916 1777 2981 possent

175 2991 273 3064 ipsi
334 2993 466 3050 sine
519 2992 734 3050 invidia
795 2994 1161 3068 simpliciores
1229 2996 1481 3054 homines
1557 2997 1777 3070 deprae-

174 3079 308 3140 dari.
1649 3160 1652 3164 ι

244 3172 428 3242 (Vers.
471 3172 528 3240 6,
551 3173 630 3245 7.)
675 3196 696 3222 ι
726 3174 838 3231 Nec
866 3183 1170 3247 quaerentes
1197 3192 1266 3232 ex
1296 3175 1618 3235 hominibus
1647 3180 1776 3252 glo-

167 3259 326 3330 riam,
356 3278 546 3331 neque
584 3279 617 3320 a
645 3262 822 3332 vobis,
856 3279 1032 3338 neque
1062 3265 1131 3321 ab
1159 3264 1303 3332 aliis,
1336 3283 1460 3322 cum
1494 3284 1774 3340 possemus

168 3349 304 3421 apud
327 3368 428 3408 vos
447 3352 608 3408 oneri
626 3368 742 3409 esse
775 3352 883 3424 (5),
915 3360 976 3409 ut
1002 3353 1207 3412 Christi
1237 3357 1490 3426 apostoli.
1514 3383 1530 3405 ι
1567 3359 1628 3413 1η
1657 3366 1776 3413 tan-

168 3443 280 3494 tum
330 3447 534 3514 gravat
585 3441 1170 3514 pseudoapostolorum
1212 3459 1453 3514 causam,
1496 3454 1557 3503 ut
1602 3463 1658 3503 se
1682 3447 1774 3504 ab-

169 3543 332 3587 nuere
361 3531 543 3599 dicat,
575 3548 700 3589 cum
736 3533 924 3590 liceret
954 3533 1038 3590 illi
1067 3534 1329 3608 obsequia
1367 3537 1663 3609 requirere,
1709 3537 1778 3594 ad

168 3621 622 3693 comprimendos
669 3638 762 3678 eos
814 3622 1015 3696 quibus
1063 3639 1164 3680 nec
1222 3622 1452 3680 facultas
1507 3635 1645 3691 erat,
1677 3643 1778 3684 nec

167 3707 362 3781 pudor,
393 3721 453 3768 et
491 3718 673 3769 tamen
709 3711 972 3769 honorem
1008 3712 1114 3770 sibi
1150 3713 1446 3785 poscebant
1478 3731 1490 3770 :
1533 3730 1590 3770 se
1627 3729 1776 3773 enim

169 3799 353 3870 potius
383 3816 556 3874 quam
590 3802 690 3859 Dei
733 3800 1042 3859 doctrinam
1074 3803 1461 3860 commendare
1493 3805 1773 3862 volebant.

168 3887 232 3959 Α,
252 3893 471 3948 ostolus
504 3899 711 3958 autem,
741 3893 836 3967 qui
886 3894 1113 3966 gloriam
1149 3909 1262 3949 non
1293 3893 1359 3949 ad
1396 3910 1653 3966 przesens,
1683 3895 1776 3952 sed

169 3976 225 4033 in
273 3979 471 4038 futuro
515 3981 844 4055 requirebat,
877 3998 932 4039 se
969 3981 1236 4040 humilem
1284 3983 1540 4050 faciebat,
1571 3992 1634 4039 ut
1675 3983 1777 4041 Dei

169 4069 498 4139 mendicatio
525 4073 880 4129 exaltaretur.

239 4166 438 4237 (Vera.
495 4166 578 4240 8.)
647 4193 664 4215 ι
718 4168 823 4225 Sed
895 4169 1105 4227 fuimus
1179 4171 1396 4242 parvuli
1468 4169 1526 4229 in
1597 4171 1778 4230 medio

168 4263 451 4320 vestrum,
488 4264 748 4329 tanquam
787 4258 834 4315 si
890 4261 1082 4314 nutrix
1112 4260 1293 4316 foveat
1336 4260 1480 4316 filios
1506 4277 1671 4327 suos;
1704 4262 1780 4317 ita

165 4342 562 4401 desiderantes
612 4360 712 4400 vos
744 4387 759 4413 ,
813 4347 1066 4417 cupimus
1124 4347 1398 4419 impar-tiri
1454 4349 1614 4405 vobis
1669 4367 1778 4406 non

168 4433 350 4491 solum
387 4433 763 4507 Evangelium
811 4435 932 4504 Dei,
962 4435 1056 4490 sed
1099 4435 1265 4492 etiam
1307 4438 1518 4493 animas
1546 4445 1776 4504 nostras,

1879 1911 2174 1968 ambuletis
2233 1911 2396 1984 digne
2449 1913 2582 1978 Deo,
2633 1912 2728 1984 qui
2768 1914 2991 1970 vocavit
3045 1930 3142 1968 vos
3202 1911 3261 1968 in
3317 1927 3477 1968 suum

1881 2019 2107 2075 regnum
2140 2009 2193 2058 et
2230 2001 2482 2074 gloriam.
2531 2001 2820 2060 Manifesta
2863 2011 2994 2060 sunt
3029 2003 3147 2060 haec
3183 2021 3194 2060 :
3237 2020 3476 2061 commo-

1883 2100 1976 2149 net
2002 2093 2148 2148 enim
2183 2091 2309 2148 illos
2338 2092 2614 2165 quomodo
2643 2092 2979 2150 crediderint
3028 2109 3085 2150 se
3122 2094 3475 2167 praedicante,

1883 2185 2026 2242 279
2055 2189 2108 2236 et
2135 2181 2353 2254 qualem
2402 2197 2528 2238 eum
2570 2182 2777 2239 fuerint
2809 2182 3042 2255 experti,
3074 2191 3128 2241 et
3169 2200 3291 2257 quin
3328 2199 3478 2257 prte-

1885 2287 2042 2349 cepta
2085 2276 2298 2333 dederit
2345 2277 2442 2344 eis,
2490 2285 2552 2333 ut
2601 2278 2756 2350 digni
2805 2279 2999 2336 ﬁerent
3036 2282 3171 2347 Deo,
3209 2281 3303 2354 qui
3349 2279 3477 2336 illos

1881 2365 2104 2422 vocavit
2130 2365 2199 2423 de
2251 2367 2412 2422 terris
2459 2367 2529 2423 ad
2565 2368 2752 2435 cmlos,
2785 2377 2846 2424 ut
2890 2371 3191 2426 exsuscitet
3220 2369 3469 2426 laetitiam

1886 2453 2133 2511 illorum.

1961 2543 2142 2614 (Vers.
2179 2542 2289 2610 13.)
2336 2566 2354 2590 ε
2385 2543 2621 2615 Ideoque
2649 2551 2704 2601 et
2733 2560 2833 2601 nos
2871 2546 3071 2618 gratias
3110 2547 3321 2616 agimus
3363 2548 3476 2603 Deo

1887 2631 2006 2688 sine
2057 2629 2487 2698 intermissione,
2521 2632 2667 2704 quod
2715 2649 2840 2688 cum
2884 2633 3231 2703 accepissetis
3259 2651 3292 2689 a
3319 2633 3479 2690 nobis

1887 2719 2116 2777 verbum
2149 2719 2372 2776 auditus
2419 2719 2888 2792 Dei,‘suscepistis
2937 2721 3076 2776 illud
3108 2738 3218 2778 non
3265 2731 3326 2779 ut
3362 2740 3480 2780 ver-

1885 2810 2018 2867 bum
2051 2809 2362 2875 hominum,
2412 2809 2504 2865 sed
2550 2808 2694 2866 sicut
2743 2819 2824 2867 est
2872 2826 3021 2878 vere,
3071 2812 3298 2868 verbum
3357 2813 3476 2880 Dei,

1887 2900 2036 2975 quod
2082 2908 2134 2957 et
2178 2907 2436 2970 operatur
2465 2900 2522 2955 in
2577 2899 2737 2956 vobis
2780 2901 2873 2973 qui
2918 2901 3252 2959 credidistis.
3291 2928 3310 2952 -
3368 2904 3480 2960 Deo

1886 2991 2086 3064 gratias
2136 2989 2402 3054 referunt,
2461 2989 2555 3061 qui
2604 2989 2817 3061 aperuit
2872 3006 3091 3047 sensum
3143 2993 3367 3050 illorum
3410 2993 3478 3049 ad

1883 3079 2262 3152 recipiendum
2296 3079 2653 3150 Evangelium
2676 3095 2858 3135 suum.
2878 3079 3066 3136 Gloria
3087 3081 3232 3137 enim
3271 3081 3479 3154 praedi—

1885 3170 2128 3226 cantium
2188 3176 2286 3235 est,
2357 3167 2578 3241 quando
2639 3168 2922 3224 audientes
2987 3169 3146 3226 facile
3207 3171 3475 3236 credunt;

1885 3267 2036 3316 tanta
2059 3258 2206 3313 enim
2239 3256 2533 3313 devotione
2564 3265 2887 3328 receperunt
2924 3258 3175 3326 verbum,
3201 3265 3261 3314 ut
3288 3259 3478 3331 proba-

1883 3355 2007 3405 rent
2033 3363 2090 3404 se
2114 3346 2449 3403 intellexisse
2485 3345 2582 3401 Dei
2613 3360 2728 3400 esse
2757 3345 3085 3401 doctrinam.

1960 3445 2141 3519 (Vers.
2180 3443 2264 3512 14,
2300 3445 2384 3509 15,
2425 3442 2535 3514 16.)
2580 3467 2597 3490 ι
2629 3441 2740 3498 Vos
2781 3441 2950 3509 enim,
2993 3444 3208 3511 fratres,
3240 3443 3478 3513 imitato-

1885 3555 1970 3595 res
2001 3538 2127 3594 facti
2161 3535 2293 3593 estis
2334 3533 2703 3591 Ecclesiarum
2736 3533 2833 3590 Dei
2875 3550 2994 3606 quae
3022 3543 3152 3591 sunt
3182 3534 3239 3590 in
3268 3535 3476 3606 Iudaea,

1885 3627 1940 3684 in
1974 3627 2195 3685 Christo
2246 3625 2374 3680 Jesu
2413 3642 2424 3679 :
2463 3622 2589 3696 quia
2631 3622 2816 3679 eadem
2863 3623 3006 3695 passi
3050 3623 3180 3680 estis
3223 3631 3276 3680 et
3323 3641 3422 3681 vos
3449 3643 3481 3681 a

1883 3713 2290 3774 contribulibus
2320 3713 2518 3768 vestris
2541 3712 2646 3781 (6),
2679 3713 2823 3768 sicut
2853 3719 2905 3767 et
2937 3728 3034 3767 nos
3064 3711 3168 3784 ipsi
3193 3729 3224 3768 a
3251 3712 3476 3780 Iudaeis,

1885 3806 1978 3879 qui
2005 3813 2058 3862 et
2077 3803 2376 3862 Dominum
2409 3802 2808 3858 interemerunt
2833 3801 3041 3865 .lesum,
3080 3807 3134 3854 et
3167 3793 3506 3871 prophetas,‘

1884 3905 1939 3954 et
1961 3913 2060 3952 nos
2097 3894 2365 3968 persecuti
2396 3902 2547 3962 sunt,
2577 3902 2631 3949 et
2660 3893 2773 3948 Deo
2803 3906 2913 3946 non
2947 3891 3178 3961 placent,
3223 3898 3276 3945 et
3306 3890 3480 3946 omni-

1883 3987 1988 4043 bus
2020 3985 2343 4042 hominibus
2394 3983 2775 4044 adversantur,
2823 3979 3180 4050 prohibentes
3209 3994 3310 4034 nos
3356 3995 3482 4050 gen-

1884 4074 2034 4129 tibus
2079 4073 2252 4145 loqui,
2309 4077 2371 4125 ut
2423 4071 2740 4135 salventur,
2795 4067 2864 4122 ad
2918 4066 3022 4122 hoc
3076 4075 3137 4122 ut
3194 4066 3484 4139 suppleant

1886 4169 2106 4235 peccata
2126 4177 2223 4218 sua
2253 4173 2468 4230 semper
2503 4176 2513 4213 :
2543 4175 2568 4212 s
2603 4157 2638 4213 d
2671 4155 2922 4228 pervenit
2952 4155 3035 4212 ira
3063 4157 3158 4211 Dei
3199 4173 3362 4228 super
3390 4171 3483 4214 eos

1886 4270 2059 4327 usque
2099 4252 2154 4308 in
2204 4252 2390 4307 finem.
2427 4275 2445 4298 ι
2487 4251 2565 4330 De
2614 4249 2893 4320 impietate
2941 4255 3103 4321 atque
3158 4249 3484 4306 credulitate

1887 4345 2136 4418 queritur
2183 4339 2552 4398 difﬁdentiam
2605 4337 2938 4404 Iudaeorum,
2999 4339 3092 4412 qui
3146 4353 3255 4395 non
3303 4338 3482 4394 solum

1886 4449 1997 4488 suae
2054 4431 2246 4488 salutis
2307 4430 2519 4488 inimici
2576 4437 2724 4496 sunt,
2757 4446 2950 4485 verum
3010 4429 3172 4485 etiam
3223 4429 3482 4495 aliorum,

169 4524 297 4596 quia
330 4523 658 4582 charissimi
688 4524 850 4581 nobis
879 4549 898 4571 ι
941 4524 1069 4583 facti
1097 4525 1246 4583 estis.
1267 4525 1497 4582 Tantum
1522 4527 1774 4583 affectum
1804 4564 1853 4623 D
1889 4521 2246 4595 prohibentes
2267 4537 2334 4577 ne
2361 4521 2691 4619 credant...et
2715 4521 2853 4576 salvi
2887 4520 3039 4616 fiant,
3064 4518 3130 4572 ab
3160 4517 3320 4623 initiq
3351 4531 3486 4623 par-

171 4611 374 4673 habere
407 4631 468 4672 se
501 4615 647 4673 circa
673 4615 799 4671 illos
818 4615 1059 4672 ostendit
1091 4621 1297 4690 (quem,
1329 4612 1458 4690 q'uia
1486 4627 1646 4675 veru‘s
1675 4629 1774 4688 est,

172 4719 279 4762 non
351 4705 550 4762 verbis
616 4706 789 4780 magis
845 4723 1009 4780 quam
1079 4708 1243 4764 rebus
1297 4708 1586 4780 probatum
1658 4711 1782 4765 vnlt

173 4794 347 4852 videri
377 4813 390 4852 :
425 4803 610 4869 potest
635 4796 780 4852 enim
813 4795 871 4852 in
903 4796 1086 4852 verbis
1117 4798 1283 4853 latere
1317 4797 1580 4868 fallacia),
1614 4806 1674 4854 ut
1695 4797 1783 4854 his

173 4883 666 4941 exhortationibus
694 4886 975 4957 provocati
1024 4903 1243 4944 omnem
1280 4903 1498 4943 sensum
1531 4903 1692 4942 suum
1724 4885 1783 4942 in

174 4971 477 5032 dilectione
509 4975 774 5033 haberent
800 4983 977 5048 apost.

244 5063 434 5136 (Vers.
486 5065 571 5137 9.)
617 5089 636 5113 ι
680 5065 1011 5122 Meministis
1063 5066 1233 5134 enim,
1266 5065 1482 5133 fratres,
1540 5063 1784 5120 laborem

175 5164 428 5211 nostrum
457 5163 518 5212 et
556 5154 954 5228 fatigationem,
985 5164 1148 5213 nocte
1180 5172 1245 5212 ac
1272 5155 1361 5212 die
1400 5162 1690 5228 operantes
1716 5154 1784 5211 ad

175 5241 298 5314 hoc,
332 5263 404 5303 ne
440 5262 608 5322 quem
633 5255 874 5304 vestrum
901 5264 1268 5316 gravaremus.
1301 5273 1319 5294 ι
1365 5248 1480 5305 Hoc
1508 5255 1608 5315 est,
1638 5246 1785 5320 quod

176 5333 312 5392 dicit
356 5336 418 5392 in
470 5336 630 5392 Actis
658 5337 1031 5410 apostolorum
1069 5356 1081 5394 :
1124 5361 1143 5383 ι
1176 5336 1397 5404 Omnia,
1430 5337 1632 5409 inquit,
1665 5352 1786 5409 quae.

178 5423 315 5483 mihi
369 5434 430 5484 et
489 5424 567 5482 iis
615 5427 712 5501 qui
766 5436 898 5485 sunt
949 5443 1167 5485 mecum
1207 5427 1433 5484 fuerunt
1462 5425 1786 5492 necessaria,

249 5631 332 5700 (5)
364 5629 499 5687 Vet.
535 5624 916 5700 edit.,jt_onori
945 5640 1080 5691 esse;
1111 5623 1386 5700 Rom.,_in
1414 5626 1610 5681 honore
1645 5636 1792 5683 esse;

181 5695 381 5762 melius
405 5715 550 5760 mss.
587 5712 650 5756 ac
679 5697 810 5755 Gill.
842 5695 900 5754 in
933 5711 1129 5770 marg,
1161 5697 1311 5753 oneri
1334 5711 1458 5751 esse.

1889 4611 2115 4678 ricida;
2158 4612 2245 4666 vel
2274 4612 2513 4667 Domino
2545 4609 2691 4664 enim
2725 4607 3006 4664 communi
3041 4619 3258 4677 parcere
3287 4602 3489 4657 debue-

1890 4711 2034 4768 rant,
2065 4701 2162 4772 qui
2203 4700 2484 4755 conservis
2507 4705 2560 4752 et.
2603 4695 2912 4768 praepositis
2937 4694 3053 4748 suis
3082 4707 3192 4746 non
3224 4703 3486 4759 peperce-

1891 4796 2026 4844 runt
2059 4805 2070 4843 :
2105 4797 2167 4842 ut
2221 4789 2534 4859 repleantur
2565 4791 2778 4854 peccata
2807 4797 3020 4846 eorum,
3063 4781 3116 4833 in
3150 4784 3386 4842 tantum,
3417 4791 3487 4832 ne

1891 4875 2190 4948 aliquando
2231 4873 2664 4928 misericordiam
2701 4868 2963 4937 consequi
2995 4871 3326 4920 mereantur.
3358 4864 3487 4920 Ideo

1894 4962 2406 5021 Thessalonicenses
2434 4976 2465 5013 a
2493 4957 2710 5012 civibus
2741 4954 2856 5009 suis
2884 4953 3072 5008 eadem
3119 4967 3306 5024 passos
3351 4952 3489 5010 dicit

1894 5057 2140 5114 imitatos
2193 5049 2512 5123 patientiam
2562 5052 2897 5108 sanctorum,
2943 5052 2997 5098 et
3045 5043 3265 5099 Domini
3313 5043 3485 5100 nostri

1893 5148 2021 5203 Jesu
2051 5140 2257 5200 Christi
2293 5156 2303 5194 :
2337 5136 2495 5208 cujus
2514 5135 2736 5191 sceleris
2761 5137 3010 5188 auctores
3039 5132 3255 5189 inducit
3273 5132 3490 5188 Iudaeos

1894 5243 1956 5292 ut
1995 5243 2048 5292 et
2091 5237 2295 5307 quanta
2341 5225 2514 5298 gloria
2559 5223 2713 5295 digni
2771 5223 2903 5286 sint,
2963 5221 3058 5292 qui
3117 5238 3212 5292 pro
3267 5219 3488 5278 nomine

1895 5324 2116 5382 Domini
2152 5321 2456 5394 patiuntur,
2488 5321 2542 5370 et
2592 5330 2712 5385 quin
2764 5308 2908 5367 ultio
2953 5308 3167 5366 infestis
3215 5318 3268 5367 et
3305 5307 3494 5365 infidis

1896 5420 2199 5488 praeparata
2227 5409 2320 5478 sit,
2351 5408 2722 5477 dignoscatur.

1971 5613 2054 5685 (6)
2085 5612 2243 5668 Rom.
2275 5605 2433 5674 edit.,
2465 5609 2513 5660 et
2540 5617 2630 5658 vos
2667 5622 2702 5659 α
2749 5598 3052 5654 concivibus
3096 5605 3298 5661 uestris,
