  <div class='ocr_page' id='page_1' title='image "/cluster/home/n/w/nwhite01/storage/ocr_20150623/17/uva.x000826553/243.png"; bbox 0 0 3908 6192; ppageno 0'>
   <div class='ocr_carea' id='block_1_1' title="bbox 402 361 503 418">
    <p class='ocr_par' dir='ltr' id='par_1_1' title="bbox 402 361 503 418">
     <span class='ocr_line' id='line_1_1' title="bbox 402 361 503 418; baseline -0.01 0"><span class='ocrx_word' id='word_1_1' title='bbox 402 361 503 418; x_wconf 72' lang='grc'>471</span> 
     </span>
    </p>
   </div>
   <div class='ocr_carea' id='block_1_2' title="bbox 1416 317 2664 395">
    <p class='ocr_par' dir='ltr' id='par_1_2' title="bbox 1416 317 2664 395">
     <span class='ocr_line' id='line_1_2' title="bbox 1416 317 2664 395; baseline -0.013 1"><span class='ocrx_word' id='word_1_2' title='bbox 1416 340 1513 395; x_wconf 86' lang='lat' dir='ltr'>AD</span> <span class='ocrx_word' id='word_1_3' title='bbox 1552 333 1788 392; x_wconf 83' lang='lat' dir='ltr'>OPERA</span> <span class='ocrx_word' id='word_1_4' title='bbox 1825 332 1879 389; x_wconf 90' lang='lat' dir='ltr'>S.</span> <span class='ocrx_word' id='word_1_5' title='bbox 1922 327 2251 387; x_wconf 77' lang='lat' dir='ltr'>AMBROSII</span> <span class='ocrx_word' id='word_1_6' title='bbox 2281 317 2664 382; x_wconf 75' lang='lat' dir='ltr'>APPENDIX.</span> 
     </span>
    </p>
   </div>
   <div class='ocr_carea' id='block_1_3' title="bbox 3607 310 3726 369">
    <p class='ocr_par' dir='ltr' id='par_1_3' title="bbox 3607 310 3726 369">
     <span class='ocr_line' id='line_1_3' title="bbox 3607 310 3726 369; baseline 0.025 -4"><span class='ocrx_word' id='word_1_7' title='bbox 3607 310 3726 369; x_wconf 71' lang='grc'>472</span> 
     </span>
    </p>
   </div>
   <div class='ocr_carea' id='block_1_4' title="bbox 479 437 3725 561">
    <p class='ocr_par' dir='ltr' id='par_1_4' title="bbox 479 437 3725 561">
     <span class='ocr_line' id='line_1_4' title="bbox 479 437 3725 561; baseline -0.015 -18"><span class='ocrx_word' id='word_1_8' title='bbox 479 487 663 561; x_wconf 85' lang='lat' dir='ltr'>(Vers.</span> <span class='ocrx_word' id='word_1_9' title='bbox 703 481 794 548; x_wconf 87' lang='grc'>17,</span> <span class='ocrx_word' id='word_1_10' title='bbox 828 477 943 547; x_wconf 91' lang='grc'><strong>18.)</strong></span> <span class='ocrx_word' id='word_1_11' title='bbox 997 495 1015 521; x_wconf 77' lang='grc' dir='ltr'>ι</span> <span class='ocrx_word' id='word_1_12' title='bbox 1054 471 1163 529; x_wconf 91' lang='lat' dir='ltr'>Nos</span> <span class='ocrx_word' id='word_1_13' title='bbox 1204 477 1408 533; x_wconf 90' lang='lat' dir='ltr'>autem,</span> <span class='ocrx_word' id='word_1_14' title='bbox 1439 463 1655 561; x_wconf 74' lang='lat' dir='ltr'>fratres,</span> <span class='ocrx_word' id='word_1_15' title='bbox 1694 455 1923 561; x_wconf 71' lang='lat' dir='ltr'>desolati</span> <span class='ocrx_word' id='word_1_16' title='bbox 1965 470 1997 509; x_wconf 90' lang='lat' dir='ltr'>a</span> <span class='ocrx_word' id='word_1_17' title='bbox 2025 457 2076 516; x_wconf 84' lang='grc' dir='ltr'><strong>Α</strong></span> <span class='ocrx_word' id='word_1_18' title='bbox 2109 452 2248 520; x_wconf 92' lang='lat' dir='ltr'>liati,</span> <span class='ocrx_word' id='word_1_19' title='bbox 2280 458 2342 506; x_wconf 91' lang='lat' dir='ltr'>ut</span> <span class='ocrx_word' id='word_1_20' title='bbox 2389 447 2720 561; x_wconf 69' lang='lat' dir='ltr'>verberibusI</span> <span class='ocrx_word' id='word_1_21' title='bbox 2755 454 2809 502; x_wconf 89' lang='lat' dir='ltr'>et</span> <span class='ocrx_word' id='word_1_22' title='bbox 2837 437 3725 561; x_wconf 42' lang='lat' dir='ltr'>linealisniubjicer‘e&#39;ntiiatd</span> 
     </span>
    </p>
   </div>
   <div class='ocr_carea' id='block_1_5' title="bbox 404 545 1998 641">
    <p class='ocr_par' dir='ltr' id='par_1_5' title="bbox 404 545 1998 641">
     <span class='ocr_line' id='line_1_5' title="bbox 404 545 1998 641; baseline -0.025 -4"><span class='ocrx_word' id='word_1_23' title='bbox 404 545 565 636; x_wconf 84' lang='lat' dir='ltr'>vobis</span> <span class='ocrx_word' id='word_1_24' title='bbox 589 574 656 631; x_wconf 90' lang='lat' dir='ltr'>ad</span> <span class='ocrx_word' id='word_1_25' title='bbox 685 545 1117 641; x_wconf 22' lang='lat' dir='ltr'>tempus-horae,</span> <span class='ocrx_word' id='word_1_26' title='bbox 1166 557 1324 623; x_wconf 89' lang='lat' dir='ltr'>facie,</span> <span class='ocrx_word' id='word_1_27' title='bbox 1355 569 1465 610; x_wconf 91' lang='lat' dir='ltr'>non</span> <span class='ocrx_word' id='word_1_28' title='bbox 1497 549 1681 614; x_wconf 91' lang='lat' dir='ltr'>corde,</span> <span class='ocrx_word' id='word_1_29' title='bbox 1719 545 1998 641; x_wconf 74' lang='lat' dir='ltr'>abundan-</span> 
     </span>
    </p>
   </div>
   <div class='ocr_carea' id='block_1_6' title="bbox 405 637 1999 726">
    <p class='ocr_par' dir='ltr' id='par_1_6' title="bbox 405 637 1999 726">
     <span class='ocr_line' id='line_1_6' title="bbox 405 637 1999 726; baseline -0.024 1"><span class='ocrx_word' id='word_1_30' title='bbox 405 669 520 726; x_wconf 91' lang='lat' dir='ltr'>tius</span> <span class='ocrx_word' id='word_1_31' title='bbox 564 637 950 722; x_wconf 79' lang='lat' dir='ltr'>festinavimus</span> <span class='ocrx_word' id='word_1_32' title='bbox 998 653 1192 710; x_wconf 84' lang='lat' dir='ltr'>faciem</span> <span class='ocrx_word' id='word_1_33' title='bbox 1233 654 1468 702; x_wconf 81' lang='lat' dir='ltr'>vestram</span> <span class='ocrx_word' id='word_1_34' title='bbox 1500 640 1690 695; x_wconf 86' lang='lat' dir='ltr'>videre</span> <span class='ocrx_word' id='word_1_35' title='bbox 1734 637 1793 692; x_wconf 92' lang='lat' dir='ltr'>in</span> <span class='ocrx_word' id='word_1_36' title='bbox 1825 637 1999 691; x_wconf 91' lang='lat' dir='ltr'>multo</span> 
     </span>
    </p>
   </div>
   <div class='ocr_carea' id='block_1_7' title="bbox 405 730 2001 821">
    <p class='ocr_par' dir='ltr' id='par_1_7' title="bbox 405 730 2001 821">
     <span class='ocr_line' id='line_1_7' title="bbox 405 730 2001 821; baseline -0.025 -1"><span class='ocrx_word' id='word_1_37' title='bbox 405 758 698 818; x_wconf 90' lang='lat' dir='ltr'>desiderio.</span> <span class='ocrx_word' id='word_1_38' title='bbox 731 753 1073 821; x_wconf 82' lang='lat' dir='ltr'>Quapropter</span> <span class='ocrx_word' id='word_1_39' title='bbox 1101 739 1383 796; x_wconf 88' lang='lat' dir='ltr'>voluimus</span> <span class='ocrx_word' id='word_1_40' title='bbox 1420 733 1609 788; x_wconf 82' lang='lat' dir='ltr'>venire</span> <span class='ocrx_word' id='word_1_41' title='bbox 1645 730 1713 786; x_wconf 92' lang='lat' dir='ltr'>ad</span> <span class='ocrx_word' id='word_1_42' title='bbox 1742 743 2001 821; x_wconf 61' lang='lat' dir='ltr'>vos,_ego</span> 
     </span>
    </p>
   </div>
   <div class='ocr_carea' id='block_1_8' title="bbox 407 818 2002 909">
    <p class='ocr_par' dir='ltr' id='par_1_8' title="bbox 407 818 2002 909">
     <span class='ocr_line' id='line_1_8' title="bbox 407 818 2002 909; baseline -0.022 0"><span class='ocrx_word' id='word_1_43' title='bbox 407 852 614 909; x_wconf 89' lang='lat' dir='ltr'>luidem</span> <span class='ocrx_word' id='word_1_44' title='bbox 659 818 880 906; x_wconf 76' lang='lat' dir='ltr'>Paulus,</span> <span class='ocrx_word' id='word_1_45' title='bbox 913 845 966 892; x_wconf 92' lang='lat' dir='ltr'>et</span> <span class='ocrx_word' id='word_1_46' title='bbox 1014 831 1178 890; x_wconf 84' lang='lat' dir='ltr'>semel</span> <span class='ocrx_word' id='word_1_47' title='bbox 1227 836 1280 884; x_wconf 88' lang='lat' dir='ltr'>et</span> <span class='ocrx_word' id='word_1_48' title='bbox 1313 827 1533 892; x_wconf 90' lang='lat' dir='ltr'>iterum,</span> <span class='ocrx_word' id='word_1_49' title='bbox 1563 821 1656 878; x_wconf 92' lang='lat' dir='ltr'>sed</span> <span class='ocrx_word' id='word_1_50' title='bbox 1706 818 2002 891; x_wconf 84' lang='lat' dir='ltr'>impedivit</span> 
     </span>
    </p>
   </div>
   <div class='ocr_carea' id='block_1_9' title="bbox 407 908 2002 996">
    <p class='ocr_par' dir='ltr' id='par_1_9' title="bbox 407 908 2002 996">
     <span class='ocr_line' id='line_1_9' title="bbox 407 908 2002 996; baseline -0.021 0"><span class='ocrx_word' id='word_1_51' title='bbox 407 908 507 996; x_wconf 90' lang='lat' dir='ltr'>nos</span> <span class='ocrx_word' id='word_1_52' title='bbox 536 939 780 992; x_wconf 81' lang='lat' dir='ltr'>Satanas.</span> <span class='ocrx_word' id='word_1_53' title='bbox 821 954 838 975; x_wconf 78' lang='grc' dir='ltr'><strong><em>ι</em></strong></span> <span class='ocrx_word' id='word_1_54' title='bbox 889 930 1008 986; x_wconf 66' lang='lat' dir='ltr'>Non</span> <span class='ocrx_word' id='word_1_55' title='bbox 1039 919 1246 986; x_wconf 91' lang='lat' dir='ltr'>animo,</span> <span class='ocrx_word' id='word_1_56' title='bbox 1286 915 1380 972; x_wconf 92' lang='lat' dir='ltr'>sed</span> <span class='ocrx_word' id='word_1_57' title='bbox 1410 927 1636 986; x_wconf 89' lang='lat' dir='ltr'>corpore</span> <span class='ocrx_word' id='word_1_58' title='bbox 1660 908 1908 966; x_wconf 89' lang='lat' dir='ltr'>divulsos</span> <span class='ocrx_word' id='word_1_59' title='bbox 1945 921 2002 962; x_wconf 89' lang='lat' dir='ltr'>se</span> 
     </span>
    </p>
   </div>
   <div class='ocr_carea' id='block_1_10' title="bbox 407 1001 2003 1086">
    <p class='ocr_par' dir='ltr' id='par_1_10' title="bbox 407 1001 2003 1086">
     <span class='ocr_line' id='line_1_10' title="bbox 407 1001 2003 1086; baseline -0.02 0"><span class='ocrx_word' id='word_1_60' title='bbox 407 1029 605 1086; x_wconf 90' lang='lat' dir='ltr'>dicunt</span> <span class='ocrx_word' id='word_1_61' title='bbox 646 1020 714 1077; x_wconf 91' lang='lat' dir='ltr'>ab</span> <span class='ocrx_word' id='word_1_62' title='bbox 762 1019 878 1084; x_wconf 90' lang='lat' dir='ltr'>eis;</span> <span class='ocrx_word' id='word_1_63' title='bbox 926 1011 1166 1070; x_wconf 87' lang='lat' dir='ltr'>charitas</span> <span class='ocrx_word' id='word_1_64' title='bbox 1209 1008 1358 1064; x_wconf 90' lang='lat' dir='ltr'>enim</span> <span class='ocrx_word' id='word_1_65' title='bbox 1398 1021 1508 1061; x_wconf 91' lang='lat' dir='ltr'>non</span> <span class='ocrx_word' id='word_1_66' title='bbox 1556 1001 1848 1066; x_wconf 78' lang='lat' dir='ltr'>dividitur,</span> <span class='ocrx_word' id='word_1_67' title='bbox 1902 1014 2003 1054; x_wconf 91' lang='lat' dir='ltr'>nec</span> 
     </span>
    </p>
   </div>
   <div class='ocr_carea' id='block_1_11' title="bbox 407 1089 2002 1190">
    <p class='ocr_par' dir='ltr' id='par_1_11' title="bbox 407 1089 2002 1190">
     <span class='ocr_line' id='line_1_11' title="bbox 407 1089 2002 1190; baseline -0.021 -15"><span class='ocrx_word' id='word_1_68' title='bbox 407 1121 689 1190; x_wconf 77' lang='lat' dir='ltr'>separatur</span> <span class='ocrx_word' id='word_1_69' title='bbox 747 1127 758 1164; x_wconf 94' lang='lat'>:</span> <span class='ocrx_word' id='word_1_70' title='bbox 822 1105 918 1163; x_wconf 92' lang='lat' dir='ltr'>sed</span> <span class='ocrx_word' id='word_1_71' title='bbox 971 1109 1195 1176; x_wconf 86' lang='lat' dir='ltr'>propter</span> <span class='ocrx_word' id='word_1_72' title='bbox 1248 1095 1507 1169; x_wconf 87' lang='lat' dir='ltr'>majorem</span> <span class='ocrx_word' id='word_1_73' title='bbox 1581 1089 2002 1190; x_wconf 72' lang='lat' dir='ltr'>instructionem</span> 
     </span>
    </p>
   </div>
   <div class='ocr_carea' id='block_1_12' title="bbox 406 1177 2003 1265">
    <p class='ocr_par' dir='ltr' id='par_1_12' title="bbox 406 1177 2003 1265">
     <span class='ocr_line' id='line_1_12' title="bbox 406 1177 2003 1265; baseline -0.021 -1"><span class='ocrx_word' id='word_1_74' title='bbox 406 1177 573 1265; x_wconf 77' lang='lat' dir='ltr'>etiam</span> <span class='ocrx_word' id='word_1_75' title='bbox 625 1198 820 1258; x_wconf 86' lang='lat' dir='ltr'>faciem</span> <span class='ocrx_word' id='word_1_76' title='bbox 876 1210 1065 1251; x_wconf 91' lang='lat' dir='ltr'>eorum</span> <span class='ocrx_word' id='word_1_77' title='bbox 1103 1205 1301 1262; x_wconf 93' lang='lat' dir='ltr'>cupere</span> <span class='ocrx_word' id='word_1_78' title='bbox 1356 1202 1412 1242; x_wconf 88' lang='lat' dir='ltr'>se</span> <span class='ocrx_word' id='word_1_79' title='bbox 1458 1185 1653 1242; x_wconf 87' lang='lat' dir='ltr'>dicunt</span> <span class='ocrx_word' id='word_1_80' title='bbox 1701 1179 1907 1235; x_wconf 87' lang='lat' dir='ltr'>videre.</span> <span class='ocrx_word' id='word_1_81' title='bbox 1942 1177 2003 1232; x_wconf 91' lang='lat' dir='ltr'>In</span> 
     </span>
    </p>
   </div>
   <div class='ocr_carea' id='block_1_13' title="bbox 408 1271 2002 1355">
    <p class='ocr_par' dir='ltr' id='par_1_13' title="bbox 408 1271 2002 1355">
     <span class='ocr_line' id='line_1_13' title="bbox 408 1271 2002 1355; baseline -0.021 1"><span class='ocrx_word' id='word_1_82' title='bbox 408 1299 572 1355; x_wconf 90' lang='lat' dir='ltr'>rebus</span> <span class='ocrx_word' id='word_1_83' title='bbox 601 1293 748 1350; x_wconf 90' lang='lat' dir='ltr'>enim</span> <span class='ocrx_word' id='word_1_84' title='bbox 769 1288 979 1347; x_wconf 85' lang='lat' dir='ltr'>divinis</span> <span class='ocrx_word' id='word_1_85' title='bbox 997 1281 1264 1340; x_wconf 87' lang='lat' dir='ltr'>deﬁciunt</span> <span class='ocrx_word' id='word_1_86' title='bbox 1280 1277 1501 1334; x_wconf 89' lang='lat' dir='ltr'>articuli</span> <span class='ocrx_word' id='word_1_87' title='bbox 1518 1271 2002 1345; x_wconf 89' lang='lat' dir='ltr'>comprehendere,</span> 
     </span>
    </p>
   </div>
   <div class='ocr_carea' id='block_1_14' title="bbox 409 1358 2006 1466">
    <p class='ocr_par' dir='ltr' id='par_1_14' title="bbox 409 1358 2006 1466">
     <span class='ocr_line' id='line_1_14' title="bbox 409 1358 2006 1466; baseline -0.022 -18"><span class='ocrx_word' id='word_1_88' title='bbox 409 1406 531 1466; x_wconf 84' lang='lat' dir='ltr'>quae</span> <span class='ocrx_word' id='word_1_89' title='bbox 558 1390 788 1461; x_wconf 91' lang='lat' dir='ltr'>possunt</span> <span class='ocrx_word' id='word_1_90' title='bbox 815 1379 965 1445; x_wconf 90' lang='lat' dir='ltr'>dici;</span> <span class='ocrx_word' id='word_1_91' title='bbox 1002 1392 1104 1432; x_wconf 91' lang='lat' dir='ltr'>nec</span> <span class='ocrx_word' id='word_1_92' title='bbox 1149 1370 1297 1428; x_wconf 89' lang='lat' dir='ltr'>enim</span> <span class='ocrx_word' id='word_1_93' title='bbox 1335 1367 1539 1466; x_wconf 82' lang='lat' dir='ltr'>suﬁicit</span> <span class='ocrx_word' id='word_1_94' title='bbox 1565 1362 1871 1466; x_wconf 37' lang='lat' dir='ltr'>dies-stylo</span> <span class='ocrx_word' id='word_1_95' title='bbox 1917 1358 2006 1414; x_wconf 92' lang='lat' dir='ltr'>his</span> 
     </span>
    </p>
   </div>
   <div class='ocr_carea' id='block_1_15' title="bbox 409 1453 2004 1555">
    <p class='ocr_par' dir='ltr' id='par_1_15' title="bbox 409 1453 2004 1555">
     <span class='ocr_line' id='line_1_15' title="bbox 409 1453 2004 1555; baseline -0.023 -17"><span class='ocrx_word' id='word_1_96' title='bbox 409 1453 532 1555; x_wconf 67' lang='lat' dir='ltr'>quae</span> <span class='ocrx_word' id='word_1_97' title='bbox 552 1453 663 1534; x_wconf 79' lang='lat' dir='ltr'>una</span> <span class='ocrx_word' id='word_1_98' title='bbox 690 1474 826 1530; x_wconf 90' lang='lat' dir='ltr'>hora</span> <span class='ocrx_word' id='word_1_99' title='bbox 858 1473 1086 1543; x_wconf 90' lang='lat' dir='ltr'>possunt</span> <span class='ocrx_word' id='word_1_100' title='bbox 1111 1459 1359 1534; x_wconf 90' lang='lat' dir='ltr'>depromi</span> <span class='ocrx_word' id='word_1_101' title='bbox 1383 1477 1396 1525; x_wconf 92' lang='lat'>;</span> <span class='ocrx_word' id='word_1_102' title='bbox 1429 1463 1490 1511; x_wconf 92' lang='lat' dir='ltr'>ut</span> <span class='ocrx_word' id='word_1_103' title='bbox 1515 1470 1625 1510; x_wconf 92' lang='lat' dir='ltr'>non</span> <span class='ocrx_word' id='word_1_104' title='bbox 1657 1453 1833 1508; x_wconf 90' lang='lat' dir='ltr'>dicam</span> <span class='ocrx_word' id='word_1_105' title='bbox 1862 1465 2004 1523; x_wconf 75' lang='lat' dir='ltr'>quae-</span> 
     </span>
    </p>
   </div>
   <div class='ocr_carea' id='block_1_16' title="bbox 411 1546 2008 1634">
    <p class='ocr_par' dir='ltr' id='par_1_16' title="bbox 411 1546 2008 1634">
     <span class='ocr_line' id='line_1_16' title="bbox 411 1546 2008 1634; baseline -0.023 -6"><span class='ocrx_word' id='word_1_106' title='bbox 411 1546 535 1627; x_wconf 87' lang='lat' dir='ltr'>dam</span> <span class='ocrx_word' id='word_1_107' title='bbox 604 1580 719 1623; x_wconf 90' lang='lat' dir='ltr'>esse</span> <span class='ocrx_word' id='word_1_108' title='bbox 770 1558 1007 1634; x_wconf 88' lang='lat' dir='ltr'>mystica</span> <span class='ocrx_word' id='word_1_109' title='bbox 1047 1550 1330 1625; x_wconf 79' lang='lat' dir='ltr'>religionis</span> <span class='ocrx_word' id='word_1_110' title='bbox 1369 1553 1590 1634; x_wconf 76' lang='lat' dir='ltr'>nostrae,</span> <span class='ocrx_word' id='word_1_111' title='bbox 1622 1559 1742 1616; x_wconf 76' lang='lat' dir='ltr'>quae</span> <span class='ocrx_word' id='word_1_112' title='bbox 1786 1546 2008 1634; x_wconf 77' lang='lat' dir='ltr'>propter</span> 
     </span>
    </p>
   </div>
   <div class='ocr_carea' id='block_1_17' title="bbox 411 1629 2009 1718">
    <p class='ocr_par' dir='ltr' id='par_1_17' title="bbox 411 1629 2009 1718">
     <span class='ocr_line' id='line_1_17' title="bbox 411 1629 2009 1718; baseline -0.02 -2"><span class='ocrx_word' id='word_1_113' title='bbox 411 1659 659 1717; x_wconf 87' lang='lat' dir='ltr'>carnales</span> <span class='ocrx_word' id='word_1_114' title='bbox 711 1629 922 1718; x_wconf 79' lang='lat' dir='ltr'>sensus,</span> <span class='ocrx_word' id='word_1_115' title='bbox 980 1661 1048 1702; x_wconf 90' lang='lat' dir='ltr'>ne</span> <span class='ocrx_word' id='word_1_116' title='bbox 1096 1639 1416 1700; x_wconf 85' lang='lat' dir='ltr'>scandalum</span> <span class='ocrx_word' id='word_1_117' title='bbox 1471 1633 1752 1709; x_wconf 89' lang='lat' dir='ltr'>patiantur</span> <span class='ocrx_word' id='word_1_118' title='bbox 1777 1674 1792 1700; x_wconf 98' lang='lat'>,</span> <span class='ocrx_word' id='word_1_119' title='bbox 1848 1629 2009 1718; x_wconf 86' lang='lat' dir='ltr'>facile</span> 
     </span>
    </p>
   </div>
   <div class='ocr_carea' id='block_1_18' title="bbox 412 1717 2011 1821">
    <p class='ocr_par' dir='ltr' id='par_1_18' title="bbox 412 1717 2011 1821">
     <span class='ocr_line' id='line_1_18' title="bbox 412 1717 2011 1821; baseline -0.02 -16"><span class='ocrx_word' id='word_1_120' title='bbox 412 1743 685 1821; x_wconf 88' lang='lat' dir='ltr'>publicari</span> <span class='ocrx_word' id='word_1_121' title='bbox 723 1757 834 1798; x_wconf 88' lang='lat' dir='ltr'>non</span> <span class='ocrx_word' id='word_1_122' title='bbox 865 1717 1098 1794; x_wconf 90' lang='lat' dir='ltr'>debeant</span> <span class='ocrx_word' id='word_1_123' title='bbox 1139 1751 1150 1788; x_wconf 88' lang='lat'>:</span> <span class='ocrx_word' id='word_1_124' title='bbox 1182 1729 1312 1804; x_wconf 88' lang='lat' dir='ltr'>quia</span> <span class='ocrx_word' id='word_1_125' title='bbox 1350 1742 1463 1784; x_wconf 92' lang='lat' dir='ltr'>non</span> <span class='ocrx_word' id='word_1_126' title='bbox 1492 1722 1749 1780; x_wconf 89' lang='lat' dir='ltr'>omnibus</span> <span class='ocrx_word' id='word_1_127' title='bbox 1777 1717 2011 1821; x_wconf 80' lang='lat' dir='ltr'>dicenda</span> 
     </span>
    </p>
   </div>
   <div class='ocr_carea' id='block_1_19' title="bbox 2109 531 3726 616">
    <p class='ocr_par' dir='ltr' id='par_1_19' title="bbox 2109 531 3726 616">
     <span class='ocr_line' id='line_1_19' title="bbox 2109 531 3726 616; baseline -0.009 -18"><span class='ocrx_word' id='word_1_128' title='bbox 2109 558 2272 616; x_wconf 91' lang='lat' dir='ltr'>quam</span> <span class='ocrx_word' id='word_1_129' title='bbox 2304 556 2417 597; x_wconf 86' lang='lat' dir='ltr'>rem</span> <span class='ocrx_word' id='word_1_130' title='bbox 2449 537 2814 595; x_wconf 85' lang='lat' dir='ltr'>excusandam</span> <span class='ocrx_word' id='word_1_131' title='bbox 2837 531 3189 590; x_wconf 86' lang='lat' dir='ltr'>Timotheum</span> <span class='ocrx_word' id='word_1_132' title='bbox 3217 534 3448 586; x_wconf 79' lang='lat' dir='ltr'>missum</span> <span class='ocrx_word' id='word_1_133' title='bbox 3474 533 3726 583; x_wconf 86' lang='lat' dir='ltr'>testatur</span> 
     </span>
    </p>
   </div>
   <div class='ocr_carea' id='block_1_20' title="bbox 2110 616 3724 698">
    <p class='ocr_par' dir='ltr' id='par_1_20' title="bbox 2110 616 3724 698">
     <span class='ocr_line' id='line_1_20' title="bbox 2110 616 3724 698; baseline -0.008 -14"><span class='ocrx_word' id='word_1_134' title='bbox 2110 630 2367 686; x_wconf 81' lang='lat' dir='ltr'>idoneum</span> <span class='ocrx_word' id='word_1_135' title='bbox 2426 629 2702 685; x_wconf 89' lang='lat' dir='ltr'>doctorem</span> <span class='ocrx_word' id='word_1_136' title='bbox 2728 670 2742 694; x_wconf 96' lang='lat'>,</span> <span class='ocrx_word' id='word_1_137' title='bbox 2793 625 2885 698; x_wconf 90' lang='lat' dir='ltr'>qui</span> <span class='ocrx_word' id='word_1_138' title='bbox 2945 620 3254 678; x_wconf 85' lang='lat' dir='ltr'>ostenderet</span> <span class='ocrx_word' id='word_1_139' title='bbox 3320 618 3456 674; x_wconf 91' lang='lat' dir='ltr'>hinc</span> <span class='ocrx_word' id='word_1_140' title='bbox 3515 616 3724 671; x_wconf 87' lang='lat' dir='ltr'>meriat</span> 
     </span>
    </p>
   </div>
   <div class='ocr_carea' id='block_1_21' title="bbox 2110 705 3722 790">
    <p class='ocr_par' dir='ltr' id='par_1_21' title="bbox 2110 705 3722 790">
     <span class='ocr_line' id='line_1_21' title="bbox 2110 705 3722 790; baseline -0.011 -11"><span class='ocrx_word' id='word_1_141' title='bbox 2110 737 2350 780; x_wconf 89' lang='lat' dir='ltr'>crescere</span> <span class='ocrx_word' id='word_1_142' title='bbox 2393 719 2743 785; x_wconf 87' lang='lat' dir='ltr'>Christianis,</span> <span class='ocrx_word' id='word_1_143' title='bbox 2777 718 2820 773; x_wconf 90' lang='lat' dir='ltr'>si</span> <span class='ocrx_word' id='word_1_144' title='bbox 2870 733 2970 790; x_wconf 91' lang='lat' dir='ltr'>pro</span> <span class='ocrx_word' id='word_1_145' title='bbox 3018 712 3241 771; x_wconf 90' lang='lat' dir='ltr'>nomine</span> <span class='ocrx_word' id='word_1_146' title='bbox 3286 706 3516 765; x_wconf 89' lang='lat' dir='ltr'>Domini</span> <span class='ocrx_word' id='word_1_147' title='bbox 3570 705 3722 778; x_wconf 86' lang='lat' dir='ltr'>passi</span> 
     </span>
    </p>
   </div>
   <div class='ocr_carea' id='block_1_22' title="bbox 2112 802 3717 885">
    <p class='ocr_par' dir='ltr' id='par_1_22' title="bbox 2112 802 3717 885">
     <span class='ocr_line' id='line_1_22' title="bbox 2112 802 3717 885; baseline -0.006 -17"><span class='ocrx_word' id='word_1_148' title='bbox 2112 813 2311 885; x_wconf 84' lang='lat' dir='ltr'>gratias</span> <span class='ocrx_word' id='word_1_149' title='bbox 2333 819 2512 883; x_wconf 83' lang='lat' dir='ltr'>agant,</span> <span class='ocrx_word' id='word_1_150' title='bbox 2532 826 2562 864; x_wconf 89' lang='lat' dir='ltr'>a</span> <span class='ocrx_word' id='word_1_151' title='bbox 2583 825 2690 882; x_wconf 91' lang='lat' dir='ltr'>quo</span> <span class='ocrx_word' id='word_1_152' title='bbox 2721 805 2888 878; x_wconf 87' lang='lat' dir='ltr'>hujus</span> <span class='ocrx_word' id='word_1_153' title='bbox 2917 804 2996 860; x_wconf 89' lang='lat' dir='ltr'>rei</span> <span class='ocrx_word' id='word_1_154' title='bbox 3026 802 3332 861; x_wconf 85' lang='lat' dir='ltr'>mercedem</span> <span class='ocrx_word' id='word_1_155' title='bbox 3360 810 3717 874; x_wconf 80' lang='lat' dir='ltr'>exspectant,</span> 
     </span>
    </p>
   </div>
   <div class='ocr_carea' id='block_1_23' title="bbox 2111 890 3717 973">
    <p class='ocr_par' dir='ltr' id='par_1_23' title="bbox 2111 890 3717 973">
     <span class='ocr_line' id='line_1_23' title="bbox 2111 890 3717 973; baseline -0.006 -16"><span class='ocrx_word' id='word_1_156' title='bbox 2111 902 2386 973; x_wconf 88' lang='lat' dir='ltr'>simulque</span> <span class='ocrx_word' id='word_1_157' title='bbox 2415 915 2600 973; x_wconf 91' lang='lat' dir='ltr'>preces</span> <span class='ocrx_word' id='word_1_158' title='bbox 2641 898 2754 952; x_wconf 94' lang='lat' dir='ltr'>Deo</span> <span class='ocrx_word' id='word_1_159' title='bbox 2785 896 3099 961; x_wconf 88' lang='lat' dir='ltr'>funderent,</span> <span class='ocrx_word' id='word_1_160' title='bbox 3136 900 3197 947; x_wconf 89' lang='lat' dir='ltr'>ut</span> <span class='ocrx_word' id='word_1_161' title='bbox 3243 890 3470 947; x_wconf 85' lang='lat' dir='ltr'>stabiles</span> <span class='ocrx_word' id='word_1_162' title='bbox 3508 900 3717 948; x_wconf 85' lang='lat' dir='ltr'>essent.</span> 
     </span>
    </p>
   </div>
   <div class='ocr_carea' id='block_1_24' title="bbox 2111 985 3724 1062">
    <p class='ocr_par' dir='ltr' id='par_1_24' title="bbox 2111 985 3724 1062">
     <span class='ocr_line' id='line_1_24' title="bbox 2111 985 3724 1062; baseline -0.006 -14"><span class='ocrx_word' id='word_1_163' title='bbox 2111 992 2283 1060; x_wconf 91' lang='lat' dir='ltr'>Quam</span> <span class='ocrx_word' id='word_1_164' title='bbox 2351 987 2782 1062; x_wconf 89' lang='lat' dir='ltr'>persecutionem</span> <span class='ocrx_word' id='word_1_165' title='bbox 2852 985 3058 1042; x_wconf 91' lang='lat' dir='ltr'>idcirco</span> <span class='ocrx_word' id='word_1_166' title='bbox 3123 999 3179 1038; x_wconf 89' lang='lat' dir='ltr'>se</span> <span class='ocrx_word' id='word_1_167' title='bbox 3243 998 3499 1055; x_wconf 88' lang='lat' dir='ltr'>passuros</span> <span class='ocrx_word' id='word_1_168' title='bbox 3566 999 3724 1054; x_wconf 73' lang='lat' dir='ltr'>prae-</span> 
     </span>
    </p>
   </div>
   <div class='ocr_carea' id='block_1_25' title="bbox 2111 1071 3724 1152">
    <p class='ocr_par' dir='ltr' id='par_1_25' title="bbox 2111 1071 3724 1152">
     <span class='ocr_line' id='line_1_25' title="bbox 2111 1071 3724 1152; baseline -0.006 -13"><span class='ocrx_word' id='word_1_169' title='bbox 2111 1083 2449 1149; x_wconf 90' lang='lat' dir='ltr'>dicaverant,</span> <span class='ocrx_word' id='word_1_170' title='bbox 2508 1087 2571 1135; x_wconf 93' lang='lat' dir='ltr'>ut</span> <span class='ocrx_word' id='word_1_171' title='bbox 2627 1095 2721 1152; x_wconf 90' lang='lat' dir='ltr'>per</span> <span class='ocrx_word' id='word_1_172' title='bbox 2776 1076 2834 1133; x_wconf 91' lang='lat' dir='ltr'>id</span> <span class='ocrx_word' id='word_1_173' title='bbox 2883 1074 3029 1148; x_wconf 91' lang='lat' dir='ltr'>quod</span> <span class='ocrx_word' id='word_1_174' title='bbox 3085 1072 3486 1146; x_wconf 68' lang='lat' dir='ltr'>praescientiam</span> <span class='ocrx_word' id='word_1_175' title='bbox 3549 1071 3724 1144; x_wconf 85' lang='lat' dir='ltr'>hujus</span> 
     </span>
    </p>
   </div>
   <div class='ocr_carea' id='block_1_26' title="bbox 2114 1161 3725 1240">
    <p class='ocr_par' dir='ltr' id='par_1_26' title="bbox 2114 1161 3725 1240">
     <span class='ocr_line' id='line_1_26' title="bbox 2114 1161 3725 1240; baseline -0.006 -14"><span class='ocrx_word' id='word_1_176' title='bbox 2114 1171 2192 1227; x_wconf 89' lang='lat' dir='ltr'>rei</span> <span class='ocrx_word' id='word_1_177' title='bbox 2240 1170 2438 1226; x_wconf 91' lang='lat' dir='ltr'>habere</span> <span class='ocrx_word' id='word_1_178' title='bbox 2485 1186 2542 1225; x_wconf 90' lang='lat' dir='ltr'>se</span> <span class='ocrx_word' id='word_1_179' title='bbox 2598 1174 3033 1240; x_wconf 89' lang='lat' dir='ltr'>protestarentur</span> <span class='ocrx_word' id='word_1_180' title='bbox 3054 1206 3069 1231; x_wconf 93' lang='lat'>,</span> <span class='ocrx_word' id='word_1_181' title='bbox 3130 1177 3285 1234; x_wconf 89' lang='lat' dir='ltr'>posse</span> <span class='ocrx_word' id='word_1_182' title='bbox 3354 1177 3410 1217; x_wconf 90' lang='lat' dir='ltr'>se</span> <span class='ocrx_word' id='word_1_183' title='bbox 3475 1161 3725 1234; x_wconf 87' lang='lat' dir='ltr'>effugere</span> 
     </span>
    </p>
   </div>
   <div class='ocr_carea' id='block_1_27' title="bbox 2113 1251 3728 1327">
    <p class='ocr_par' dir='ltr' id='par_1_27' title="bbox 2113 1251 3728 1327">
     <span class='ocr_line' id='line_1_27' title="bbox 2113 1251 3728 1327; baseline -0.006 -10"><span class='ocrx_word' id='word_1_184' title='bbox 2113 1270 2166 1317; x_wconf 93' lang='lat' dir='ltr'>et</span> <span class='ocrx_word' id='word_1_185' title='bbox 2221 1260 2498 1318; x_wconf 88' lang='lat' dir='ltr'>declinare</span> <span class='ocrx_word' id='word_1_186' title='bbox 2545 1257 2642 1313; x_wconf 89' lang='lat' dir='ltr'>has</span> <span class='ocrx_word' id='word_1_187' title='bbox 2690 1255 2921 1327; x_wconf 90' lang='lat' dir='ltr'>injurias</span> <span class='ocrx_word' id='word_1_188' title='bbox 2978 1251 3343 1327; x_wconf 87' lang='lat' dir='ltr'>approbarent</span> <span class='ocrx_word' id='word_1_189' title='bbox 3396 1270 3408 1307; x_wconf 91' lang='lat'><strong>:</strong></span> <span class='ocrx_word' id='word_1_190' title='bbox 3461 1252 3557 1308; x_wconf 90' lang='lat' dir='ltr'>sed</span> <span class='ocrx_word' id='word_1_191' title='bbox 3587 1251 3728 1325; x_wconf 90' lang='lat' dir='ltr'>quia</span> 
     </span>
    </p>
   </div>
   <div class='ocr_carea' id='block_1_28' title="bbox 2115 1341 3726 1423">
    <p class='ocr_par' dir='ltr' id='par_1_28' title="bbox 2115 1341 3726 1423">
     <span class='ocr_line' id='line_1_28' title="bbox 2115 1341 3726 1423; baseline -0.005 -16"><span class='ocrx_word' id='word_1_192' title='bbox 2115 1367 2236 1423; x_wconf 89' lang='lat' dir='ltr'>spes</span> <span class='ocrx_word' id='word_1_193' title='bbox 2282 1365 2478 1421; x_wconf 88' lang='lat' dir='ltr'>magna</span> <span class='ocrx_word' id='word_1_194' title='bbox 2520 1349 2577 1404; x_wconf 90' lang='lat' dir='ltr'>in</span> <span class='ocrx_word' id='word_1_195' title='bbox 2617 1346 2705 1402; x_wconf 91' lang='lat' dir='ltr'>his</span> <span class='ocrx_word' id='word_1_196' title='bbox 2749 1353 2852 1413; x_wconf 89' lang='lat' dir='ltr'>est,</span> <span class='ocrx_word' id='word_1_197' title='bbox 2895 1343 3020 1399; x_wconf 91' lang='lat' dir='ltr'>ideo</span> <span class='ocrx_word' id='word_1_198' title='bbox 3059 1342 3198 1398; x_wconf 92' lang='lat' dir='ltr'>dicit</span> <span class='ocrx_word' id='word_1_199' title='bbox 3249 1341 3434 1397; x_wconf 84' lang='lat' dir='ltr'>illatas</span> <span class='ocrx_word' id='word_1_200' title='bbox 3488 1341 3726 1399; x_wconf 81' lang='lat' dir='ltr'>suﬁ&#39;erre</span> 
     </span>
    </p>
   </div>
   <div class='ocr_carea' id='block_1_29' title="bbox 2116 1441 2621 1514">
    <p class='ocr_par' dir='ltr' id='par_1_29' title="bbox 2116 1441 2621 1514">
     <span class='ocr_line' id='line_1_29' title="bbox 2116 1441 2621 1514; baseline 0 -19"><span class='ocrx_word' id='word_1_201' title='bbox 2116 1441 2338 1514; x_wconf 89' lang='lat' dir='ltr'>quidem</span> <span class='ocrx_word' id='word_1_202' title='bbox 2369 1441 2621 1497; x_wconf 89' lang='lat' dir='ltr'>libenter.</span> 
     </span>
    </p>
   </div>
   <div class='ocr_carea' id='block_1_30' title="bbox 2191 1532 3726 1610">
    <p class='ocr_par' dir='ltr' id='par_1_30' title="bbox 2191 1532 3726 1610">
     <span class='ocr_line' id='line_1_30' title="bbox 2191 1532 3726 1610; baseline -0.003 -15"><span class='ocrx_word' id='word_1_203' title='bbox 2191 1539 2373 1610; x_wconf 86' lang='lat' dir='ltr'>(Vers.</span> <span class='ocrx_word' id='word_1_204' title='bbox 2422 1537 2504 1608; x_wconf 82' lang='lat'>5.)</span> <span class='ocrx_word' id='word_1_205' title='bbox 2551 1562 2569 1584; x_wconf 73' lang='grc' dir='ltr'>ι</span> <span class='ocrx_word' id='word_1_206' title='bbox 2599 1535 2728 1594; x_wconf 92' lang='lat' dir='ltr'>Ideo</span> <span class='ocrx_word' id='word_1_207' title='bbox 2765 1541 2820 1591; x_wconf 92' lang='lat' dir='ltr'>et</span> <span class='ocrx_word' id='word_1_208' title='bbox 2866 1551 2964 1607; x_wconf 87' lang='lat' dir='ltr'>ego</span> <span class='ocrx_word' id='word_1_209' title='bbox 3016 1547 3127 1590; x_wconf 92' lang='lat' dir='ltr'>non</span> <span class='ocrx_word' id='word_1_210' title='bbox 3174 1532 3414 1606; x_wconf 89' lang='lat' dir='ltr'>amplius</span> <span class='ocrx_word' id='word_1_211' title='bbox 3453 1533 3726 1604; x_wconf 85' lang='lat' dir='ltr'>tolerans,</span> 
     </span>
    </p>
   </div>
   <div class='ocr_carea' id='block_1_31' title="bbox 2117 1622 3729 1698">
    <p class='ocr_par' dir='ltr' id='par_1_31' title="bbox 2117 1622 3729 1698">
     <span class='ocr_line' id='line_1_31' title="bbox 2117 1622 3729 1698; baseline -0.002 -14"><span class='ocrx_word' id='word_1_212' title='bbox 2117 1628 2244 1684; x_wconf 89' lang='lat' dir='ltr'>misi</span> <span class='ocrx_word' id='word_1_213' title='bbox 2273 1628 2343 1684; x_wconf 93' lang='lat' dir='ltr'>ad</span> <span class='ocrx_word' id='word_1_214' title='bbox 2372 1627 2476 1683; x_wconf 89' lang='lat' dir='ltr'>hoc</span> <span class='ocrx_word' id='word_1_215' title='bbox 2503 1633 2564 1682; x_wconf 92' lang='lat' dir='ltr'>ut</span> <span class='ocrx_word' id='word_1_216' title='bbox 2595 1641 2982 1698; x_wconf 78' lang='lat' dir='ltr'>cognoscerem</span> <span class='ocrx_word' id='word_1_217' title='bbox 3015 1622 3181 1680; x_wconf 91' lang='lat' dir='ltr'>ﬁdem</span> <span class='ocrx_word' id='word_1_218' title='bbox 3213 1629 3478 1691; x_wconf 88' lang='lat' dir='ltr'>vestram,</span> <span class='ocrx_word' id='word_1_219' title='bbox 3512 1640 3582 1680; x_wconf 90' lang='lat' dir='ltr'>ne</span> <span class='ocrx_word' id='word_1_220' title='bbox 3611 1640 3729 1698; x_wconf 88' lang='lat' dir='ltr'>quo</span> 
     </span>
    </p>
   </div>
   <div class='ocr_carea' id='block_1_32' title="bbox 2120 1711 3730 1781">
    <p class='ocr_par' dir='ltr' id='par_1_32' title="bbox 2120 1711 3730 1781">
     <span class='ocr_line' id='line_1_32' title="bbox 2120 1711 3730 1781; baseline -0.002 -9"><span class='ocrx_word' id='word_1_221' title='bbox 2120 1717 2284 1773; x_wconf 93' lang='lat' dir='ltr'>modo</span> <span class='ocrx_word' id='word_1_222' title='bbox 2311 1715 2668 1773; x_wconf 86' lang='lat' dir='ltr'>attentaverit</span> <span class='ocrx_word' id='word_1_223' title='bbox 2716 1731 2814 1771; x_wconf 75' lang='lat' dir='ltr'>vos</span> <span class='ocrx_word' id='word_1_224' title='bbox 2843 1714 2938 1770; x_wconf 91' lang='lat' dir='ltr'>ille</span> <span class='ocrx_word' id='word_1_225' title='bbox 2989 1720 3248 1781; x_wconf 89' lang='lat' dir='ltr'>tentator,</span> <span class='ocrx_word' id='word_1_226' title='bbox 3281 1720 3334 1768; x_wconf 90' lang='lat' dir='ltr'>et</span> <span class='ocrx_word' id='word_1_227' title='bbox 3384 1712 3569 1768; x_wconf 89' lang='lat' dir='ltr'>inanis</span> <span class='ocrx_word' id='word_1_228' title='bbox 3627 1711 3730 1769; x_wconf 86' lang='lat' dir='ltr'>ﬁat</span> 
     </span>
    </p>
   </div>
   <div class='ocr_carea' id='block_1_33' title="bbox 413 1802 3729 1900">
    <p class='ocr_par' dir='ltr' id='par_1_33' title="bbox 413 1802 3729 1900">
     <span class='ocr_line' id='line_1_33' title="bbox 413 1802 3729 1900; baseline -0.011 -6"><span class='ocrx_word' id='word_1_229' title='bbox 563 1833 770 1899; x_wconf 89' lang='lat' dir='ltr'>omnia,</span> <span class='ocrx_word' id='word_1_230' title='bbox 793 1827 887 1885; x_wconf 90' lang='lat' dir='ltr'>sed</span> <span class='ocrx_word' id='word_1_231' title='bbox 910 1842 1007 1900; x_wconf 92' lang='lat' dir='ltr'>pro</span> <span class='ocrx_word' id='word_1_232' title='bbox 1027 1802 1460 1893; x_wconf 82' lang='lat' dir='ltr'>uniuscujusque</span> <span class='ocrx_word' id='word_1_233' title='bbox 1482 1821 1646 1887; x_wconf 90' lang='lat' dir='ltr'>captu</span> <span class='ocrx_word' id='word_1_234' title='bbox 1671 1808 2005 1868; x_wconf 89' lang='lat' dir='ltr'>moderanda</span> <span class='ocrx_word' id='word_1_235' title='bbox 2038 1823 2084 1885; x_wconf 83' lang='grc' dir='ltr'><strong>Β</strong></span> <span class='ocrx_word' id='word_1_236' title='bbox 2121 1807 2274 1864; x_wconf 90' lang='lat' dir='ltr'>labor</span> <span class='ocrx_word' id='word_1_237' title='bbox 2333 1815 2584 1900; x_wconf 32' lang='lat' dir='ltr'>vester..-</span> <span class='ocrx_word' id='word_1_238' title='bbox 2646 1805 2799 1900; x_wconf 81' lang='lat' dir='ltr'>Istud</span> <span class='ocrx_word' id='word_1_239' title='bbox 2820 1811 3070 1900; x_wconf 33' lang='lat' dir='ltr'>apropter</span> <span class='ocrx_word' id='word_1_240' title='bbox 3125 1802 3389 1900; x_wconf 79' lang='lat' dir='ltr'>quosdam</span> <span class='ocrx_word' id='word_1_241' title='bbox 3444 1802 3586 1900; x_wconf 80' lang='lat' dir='ltr'>dicit</span> <span class='ocrx_word' id='word_1_242' title='bbox 3604 1803 3729 1900; x_wconf 68' lang='lat' dir='ltr'>qui</span> 
     </span>
    </p>
   </div>
   <div class='ocr_carea' id='block_1_34' title="bbox 415 1900 2013 1989">
    <p class='ocr_par' dir='ltr' id='par_1_34' title="bbox 415 1900 2013 1989">
     <span class='ocr_line' id='line_1_34' title="bbox 415 1900 2013 1989; baseline -0.016 -5"><span class='ocrx_word' id='word_1_243' title='bbox 415 1932 545 1983; x_wconf 90' lang='lat' dir='ltr'>sunt</span> <span class='ocrx_word' id='word_1_244' title='bbox 591 1925 758 1989; x_wconf 89' lang='lat' dir='ltr'>dicta,</span> <span class='ocrx_word' id='word_1_245' title='bbox 807 1919 968 1974; x_wconf 90' lang='lat' dir='ltr'>aliter</span> <span class='ocrx_word' id='word_1_246' title='bbox 1021 1911 1271 1979; x_wconf 87' lang='lat' dir='ltr'>rudibus,</span> <span class='ocrx_word' id='word_1_247' title='bbox 1311 1909 1468 1966; x_wconf 88' lang='lat' dir='ltr'>aliter</span> <span class='ocrx_word' id='word_1_248' title='bbox 1494 1904 1759 1962; x_wconf 90' lang='lat' dir='ltr'>fundatis.</span> <span class='ocrx_word' id='word_1_249' title='bbox 1802 1900 2013 1959; x_wconf 89' lang='lat' dir='ltr'>Idcirco</span> 
     </span>
    </p>
   </div>
   <div class='ocr_carea' id='block_1_35' title="bbox 415 1991 2014 2090">
    <p class='ocr_par' dir='ltr' id='par_1_35' title="bbox 415 1991 2014 2090">
     <span class='ocr_line' id='line_1_35' title="bbox 415 1991 2014 2090; baseline -0.017 -17"><span class='ocrx_word' id='word_1_250' title='bbox 415 2013 706 2090; x_wconf 69' lang='lat' dir='ltr'>praesentia</span> <span class='ocrx_word' id='word_1_251' title='bbox 757 2006 1005 2081; x_wconf 88' lang='lat' dir='ltr'>corporis</span> <span class='ocrx_word' id='word_1_252' title='bbox 1034 2002 1372 2076; x_wconf 89' lang='lat' dir='ltr'>requiritur;</span> <span class='ocrx_word' id='word_1_253' title='bbox 1421 1996 1552 2070; x_wconf 92' lang='lat' dir='ltr'>quia</span> <span class='ocrx_word' id='word_1_254' title='bbox 1601 1994 1684 2090; x_wconf 81' lang='lat' dir='ltr'>sic</span> <span class='ocrx_word' id='word_1_255' title='bbox 1729 1991 2014 2090; x_wconf 39' lang='lat' dir='ltr'>perﬁci-tur</span> 
     </span>
    </p>
   </div>
   <div class='ocr_carea' id='block_1_36' title="bbox 416 2081 2014 2165">
    <p class='ocr_par' dir='ltr' id='par_1_36' title="bbox 416 2081 2014 2165">
     <span class='ocr_line' id='line_1_36' title="bbox 416 2081 2014 2165; baseline -0.016 -1"><span class='ocrx_word' id='word_1_256' title='bbox 416 2081 621 2163; x_wconf 72' lang='lat' dir='ltr'>veritas</span> <span class='ocrx_word' id='word_1_257' title='bbox 647 2100 952 2160; x_wconf 89' lang='lat' dir='ltr'>charitatis.</span> <span class='ocrx_word' id='word_1_258' title='bbox 977 2093 1245 2165; x_wconf 87' lang='lat' dir='ltr'>Quamvis</span> <span class='ocrx_word' id='word_1_259' title='bbox 1275 2090 1424 2147; x_wconf 91' lang='lat' dir='ltr'>enim</span> <span class='ocrx_word' id='word_1_260' title='bbox 1463 2085 1701 2145; x_wconf 87' lang='lat' dir='ltr'>charitas</span> <span class='ocrx_word' id='word_1_261' title='bbox 1730 2099 1841 2139; x_wconf 92' lang='lat' dir='ltr'>non</span> <span class='ocrx_word' id='word_1_262' title='bbox 1872 2081 2014 2138; x_wconf 88' lang='lat' dir='ltr'>divi-</span> 
     </span>
    </p>
   </div>
   <div class='ocr_carea' id='block_1_37' title="bbox 416 2172 2009 2264">
    <p class='ocr_par' dir='ltr' id='par_1_37' title="bbox 416 2172 2009 2264">
     <span class='ocr_line' id='line_1_37' title="bbox 416 2172 2009 2264; baseline -0.015 -10"><span class='ocrx_word' id='word_1_263' title='bbox 416 2197 599 2264; x_wconf 88' lang='lat' dir='ltr'>datur,</span> <span class='ocrx_word' id='word_1_264' title='bbox 630 2189 966 2250; x_wconf 88' lang='lat' dir='ltr'>desiderium</span> <span class='ocrx_word' id='word_1_265' title='bbox 1015 2194 1198 2242; x_wconf 89' lang='lat' dir='ltr'>tamen</span> <span class='ocrx_word' id='word_1_266' title='bbox 1244 2179 1376 2236; x_wconf 88' lang='lat' dir='ltr'>facit</span> <span class='ocrx_word' id='word_1_267' title='bbox 1420 2176 1668 2233; x_wconf 86' lang='lat' dir='ltr'>absentia</span> <span class='ocrx_word' id='word_1_268' title='bbox 1719 2172 2009 2264; x_wconf 88' lang='lat' dir='ltr'>corporis:</span> 
     </span>
    </p>
   </div>
   <div class='ocr_carea' id='block_1_38' title="bbox 416 2262 2015 2356">
    <p class='ocr_par' dir='ltr' id='par_1_38' title="bbox 416 2262 2015 2356">
     <span class='ocr_line' id='line_1_38' title="bbox 416 2262 2015 2356; baseline -0.017 -14"><span class='ocrx_word' id='word_1_269' title='bbox 416 2262 654 2356; x_wconf 88' lang='lat' dir='ltr'>denique</span> <span class='ocrx_word' id='word_1_270' title='bbox 709 2279 900 2336; x_wconf 90' lang='lat' dir='ltr'>osculo</span> <span class='ocrx_word' id='word_1_271' title='bbox 959 2283 1014 2332; x_wconf 91' lang='lat' dir='ltr'>et</span> <span class='ocrx_word' id='word_1_272' title='bbox 1066 2270 1326 2344; x_wconf 83' lang='lat' dir='ltr'>amplexu</span> <span class='ocrx_word' id='word_1_273' title='bbox 1388 2265 1700 2322; x_wconf 90' lang='lat' dir='ltr'>animorum</span> <span class='ocrx_word' id='word_1_274' title='bbox 1764 2262 2015 2333; x_wconf 88' lang='lat' dir='ltr'>expletur</span> 
     </span>
    </p>
   </div>
   <div class='ocr_carea' id='block_1_39' title="bbox 418 2351 2016 2433">
    <p class='ocr_par' dir='ltr' id='par_1_39' title="bbox 418 2351 2016 2433">
     <span class='ocr_line' id='line_1_39' title="bbox 418 2351 2016 2433; baseline -0.016 -3"><span class='ocrx_word' id='word_1_275' title='bbox 418 2351 692 2429; x_wconf 77' lang='lat' dir='ltr'>voluntas.</span> <span class='ocrx_word' id='word_1_276' title='bbox 726 2366 830 2426; x_wconf 91' lang='lat' dir='ltr'>Cui</span> <span class='ocrx_word' id='word_1_277' title='bbox 864 2366 941 2422; x_wconf 87' lang='lat' dir='ltr'>rei</span> <span class='ocrx_word' id='word_1_278' title='bbox 991 2360 1386 2433; x_wconf 90' lang='lat' dir='ltr'>impedimento</span> <span class='ocrx_word' id='word_1_279' title='bbox 1419 2353 1611 2411; x_wconf 89' lang='lat' dir='ltr'>asserit</span> <span class='ocrx_word' id='word_1_280' title='bbox 1656 2352 1824 2408; x_wconf 87' lang='lat' dir='ltr'>fuisse</span> <span class='ocrx_word' id='word_1_281' title='bbox 1867 2351 2016 2406; x_wconf 87' lang='lat' dir='ltr'>Sata-</span> 
     </span>
    </p>
   </div>
   <div class='ocr_carea' id='block_1_40' title="bbox 417 2439 2081 2532">
    <p class='ocr_par' dir='ltr' id='par_1_40' title="bbox 417 2439 2081 2532">
     <span class='ocr_line' id='line_1_40' title="bbox 417 2439 2081 2532; baseline -0.016 -12"><span class='ocrx_word' id='word_1_282' title='bbox 417 2479 567 2528; x_wconf 91' lang='lat' dir='ltr'>nam,</span> <span class='ocrx_word' id='word_1_283' title='bbox 599 2459 695 2532; x_wconf 90' lang='lat' dir='ltr'>qui</span> <span class='ocrx_word' id='word_1_284' title='bbox 740 2458 907 2513; x_wconf 91' lang='lat' dir='ltr'>etiam</span> <span class='ocrx_word' id='word_1_285' title='bbox 963 2449 1223 2525; x_wconf 90' lang='lat' dir='ltr'>apostolis</span> <span class='ocrx_word' id='word_1_286' title='bbox 1269 2447 1458 2503; x_wconf 90' lang='lat' dir='ltr'>obvias</span> <span class='ocrx_word' id='word_1_287' title='bbox 1487 2459 1682 2500; x_wconf 91' lang='lat' dir='ltr'>manus</span> <span class='ocrx_word' id='word_1_288' title='bbox 1718 2439 2013 2532; x_wconf 75' lang='lat' dir='ltr'>tendebat;</span> <span class='ocrx_word' id='word_1_289' title='bbox 2039 2465 2081 2502; x_wconf 63' lang='grc' dir='ltr'>δ</span> 
     </span>
    </p>
   </div>
   <div class='ocr_carea' id='block_1_41' title="bbox 417 2528 2015 2609">
    <p class='ocr_par' dir='ltr' id='par_1_41' title="bbox 417 2528 2015 2609">
     <span class='ocr_line' id='line_1_41' title="bbox 417 2528 2015 2609; baseline -0.016 0"><span class='ocrx_word' id='word_1_290' title='bbox 417 2568 489 2609; x_wconf 92' lang='lat' dir='ltr'>ne</span> <span class='ocrx_word' id='word_1_291' title='bbox 525 2528 776 2606; x_wconf 74' lang='lat' dir='ltr'>veritatis</span> <span class='ocrx_word' id='word_1_292' title='bbox 818 2545 958 2602; x_wconf 89' lang='lat' dir='ltr'>ratio</span> <span class='ocrx_word' id='word_1_293' title='bbox 1009 2537 1331 2596; x_wconf 88' lang='lat' dir='ltr'>hominibus</span> <span class='ocrx_word' id='word_1_294' title='bbox 1360 2533 1709 2608; x_wconf 88' lang='lat' dir='ltr'>panderetur.</span> <span class='ocrx_word' id='word_1_295' title='bbox 1742 2528 2015 2587; x_wconf 86' lang='lat' dir='ltr'>Accende-</span> 
     </span>
    </p>
   </div>
   <div class='ocr_carea' id='block_1_42' title="bbox 417 2619 2019 2708">
    <p class='ocr_par' dir='ltr' id='par_1_42' title="bbox 417 2619 2019 2708">
     <span class='ocr_line' id='line_1_42' title="bbox 417 2619 2019 2708; baseline -0.017 -9"><span class='ocrx_word' id='word_1_296' title='bbox 417 2643 513 2699; x_wconf 90' lang='lat' dir='ltr'>bat</span> <span class='ocrx_word' id='word_1_297' title='bbox 555 2638 703 2696; x_wconf 89' lang='lat' dir='ltr'>enim</span> <span class='ocrx_word' id='word_1_298' title='bbox 755 2634 1090 2708; x_wconf 91' lang='lat' dir='ltr'>perﬁdorum</span> <span class='ocrx_word' id='word_1_299' title='bbox 1139 2637 1370 2695; x_wconf 89' lang='lat' dir='ltr'>mentes,</span> <span class='ocrx_word' id='word_1_300' title='bbox 1395 2633 1457 2681; x_wconf 88' lang='lat' dir='ltr'>ut</span> <span class='ocrx_word' id='word_1_301' title='bbox 1485 2641 1577 2680; x_wconf 91' lang='lat' dir='ltr'>eos</span> <span class='ocrx_word' id='word_1_302' title='bbox 1603 2619 1927 2676; x_wconf 84' lang='lat' dir='ltr'>verberibus</span> <span class='ocrx_word' id='word_1_303' title='bbox 1955 2635 2019 2708; x_wconf 82' lang='lat' dir='ltr'>ac</span> 
     </span>
    </p>
   </div>
   <div class='ocr_carea' id='block_1_43' title="bbox 420 2706 2014 2789">
    <p class='ocr_par' dir='ltr' id='par_1_43' title="bbox 420 2706 2014 2789">
     <span class='ocr_line' id='line_1_43' title="bbox 420 2706 2014 2789; baseline -0.015 -2"><span class='ocrx_word' id='word_1_304' title='bbox 420 2729 662 2787; x_wconf 82' lang='lat' dir='ltr'>vinculis</span> <span class='ocrx_word' id='word_1_305' title='bbox 717 2706 1063 2787; x_wconf 81' lang='lat' dir='ltr'>detinerent;</span> <span class='ocrx_word' id='word_1_306' title='bbox 1101 2735 1169 2774; x_wconf 92' lang='lat' dir='ltr'>ne</span> <span class='ocrx_word' id='word_1_307' title='bbox 1214 2713 1568 2789; x_wconf 79' lang='lat' dir='ltr'>loquerentur</span> <span class='ocrx_word' id='word_1_308' title='bbox 1614 2710 1844 2766; x_wconf 84' lang='lat' dir='ltr'>verbum</span> <span class='ocrx_word' id='word_1_309' title='bbox 1893 2706 2014 2764; x_wconf 90' lang='lat' dir='ltr'>Dei.</span> 
     </span>
    </p>
   </div>
   <div class='ocr_carea' id='block_1_44' title="bbox 420 2796 2013 2879">
    <p class='ocr_par' dir='ltr' id='par_1_44' title="bbox 420 2796 2013 2879">
     <span class='ocr_line' id='line_1_44' title="bbox 420 2796 2013 2879; baseline -0.014 -4"><span class='ocrx_word' id='word_1_310' title='bbox 420 2819 695 2876; x_wconf 79' lang='lat' dir='ltr'>Dixerunt</span> <span class='ocrx_word' id='word_1_311' title='bbox 776 2814 923 2869; x_wconf 91' lang='lat' dir='ltr'>enim</span> <span class='ocrx_word' id='word_1_312' title='bbox 1001 2809 1236 2879; x_wconf 89' lang='lat' dir='ltr'>majores</span> <span class='ocrx_word' id='word_1_313' title='bbox 1299 2804 1614 2860; x_wconf 78' lang='lat' dir='ltr'>Iudaeorum</span> <span class='ocrx_word' id='word_1_314' title='bbox 1686 2796 1947 2871; x_wconf 89' lang='lat' dir='ltr'>apostolis</span> <span class='ocrx_word' id='word_1_315' title='bbox 2001 2813 2013 2852; x_wconf 91' lang='lat'>:</span> 
     </span>
    </p>
   </div>
   <div class='ocr_carea' id='block_1_45' title="bbox 437 2885 2021 2972">
    <p class='ocr_par' dir='ltr' id='par_1_45' title="bbox 437 2885 2021 2972">
     <span class='ocr_line' id='line_1_45' title="bbox 437 2885 2021 2972; baseline -0.015 -9"><span class='ocrx_word' id='word_1_316' title='bbox 437 2932 456 2954; x_wconf 79' lang='grc' dir='ltr'>ι</span> <span class='ocrx_word' id='word_1_317' title='bbox 484 2908 677 2962; x_wconf 90' lang='lat' dir='ltr'>Nonne</span> <span class='ocrx_word' id='word_1_318' title='bbox 706 2901 1084 2972; x_wconf 85' lang='lat' dir='ltr'>praecipientes</span> <span class='ocrx_word' id='word_1_319' title='bbox 1134 2891 1590 2949; x_wconf 90' lang='lat' dir='ltr'>denuntiavimus</span> <span class='ocrx_word' id='word_1_320' title='bbox 1631 2888 1808 2955; x_wconf 87' lang='lat' dir='ltr'>vobis,</span> <span class='ocrx_word' id='word_1_321' title='bbox 1847 2903 1914 2942; x_wconf 91' lang='lat' dir='ltr'>ne</span> <span class='ocrx_word' id='word_1_322' title='bbox 1943 2885 2021 2940; x_wconf 93' lang='lat' dir='ltr'>lo-</span> 
     </span>
    </p>
   </div>
   <div class='ocr_carea' id='block_1_46' title="bbox 423 2977 2016 3067">
    <p class='ocr_par' dir='ltr' id='par_1_46' title="bbox 423 2977 2016 3067">
     <span class='ocr_line' id='line_1_46' title="bbox 423 2977 2016 3067; baseline -0.013 -19"><span class='ocrx_word' id='word_1_323' title='bbox 423 2988 731 3067; x_wconf 89' lang='lat' dir='ltr'>queremini</span> <span class='ocrx_word' id='word_1_324' title='bbox 772 2987 830 3040; x_wconf 93' lang='lat' dir='ltr'>in</span> <span class='ocrx_word' id='word_1_325' title='bbox 877 2984 1100 3039; x_wconf 91' lang='lat' dir='ltr'>nomine</span> <span class='ocrx_word' id='word_1_326' title='bbox 1129 2981 1256 3036; x_wconf 88' lang='lat' dir='ltr'>Jesu</span> <span class='ocrx_word' id='word_1_327' title='bbox 1306 2979 1408 3033; x_wconf 91' lang='lat' dir='ltr'>ulli</span> <span class='ocrx_word' id='word_1_328' title='bbox 1445 2977 1734 3032; x_wconf 88' lang='lat' dir='ltr'>hominum</span> <span class='ocrx_word' id='word_1_329' title='bbox 1786 2977 1926 3046; x_wconf 83' lang='lat' dir='ltr'>(Act.</span> <span class='ocrx_word' id='word_1_330' title='bbox 1960 2991 2016 3043; x_wconf 89' lang='lat' dir='ltr'>v,</span> 
     </span>
    </p>
   </div>
   <div class='ocr_carea' id='block_1_47' title="bbox 423 3069 2022 3152">
    <p class='ocr_par' dir='ltr' id='par_1_47' title="bbox 423 3069 2022 3152">
     <span class='ocr_line' id='line_1_47' title="bbox 423 3069 2022 3152; baseline -0.014 -12"><span class='ocrx_word' id='word_1_331' title='bbox 423 3081 516 3152; x_wconf 85' lang='lat'>28)</span> <span class='ocrx_word' id='word_1_332' title='bbox 543 3080 572 3136; x_wconf 81' lang='lat'><strong>?</strong></span> <span class='ocrx_word' id='word_1_333' title='bbox 599 3103 618 3125; x_wconf 75' lang='grc' dir='ltr'><strong><em>ι</em></strong></span> <span class='ocrx_word' id='word_1_334' title='bbox 653 3076 758 3134; x_wconf 90' lang='lat' dir='ltr'>Sed</span> <span class='ocrx_word' id='word_1_335' title='bbox 787 3073 916 3148; x_wconf 91' lang='lat' dir='ltr'>quia</span> <span class='ocrx_word' id='word_1_336' title='bbox 943 3070 1090 3144; x_wconf 91' lang='lat' dir='ltr'>quod</span> <span class='ocrx_word' id='word_1_337' title='bbox 1115 3086 1224 3125; x_wconf 92' lang='lat' dir='ltr'>non</span> <span class='ocrx_word' id='word_1_338' title='bbox 1251 3075 1332 3125; x_wconf 92' lang='lat' dir='ltr'>est</span> <span class='ocrx_word' id='word_1_339' title='bbox 1371 3084 1403 3122; x_wconf 92' lang='lat' dir='ltr'>a</span> <span class='ocrx_word' id='word_1_340' title='bbox 1429 3069 1562 3134; x_wconf 91' lang='lat' dir='ltr'>Deo,</span> <span class='ocrx_word' id='word_1_341' title='bbox 1601 3073 1743 3120; x_wconf 90' lang='lat' dir='ltr'>stare</span> <span class='ocrx_word' id='word_1_342' title='bbox 1771 3082 1883 3122; x_wconf 93' lang='lat' dir='ltr'>non</span> <span class='ocrx_word' id='word_1_343' title='bbox 1913 3081 2022 3137; x_wconf 87' lang='lat' dir='ltr'>po-</span> 
     </span>
    </p>
   </div>
   <div class='ocr_carea' id='block_1_48' title="bbox 423 3157 1658 3238">
    <p class='ocr_par' dir='ltr' id='par_1_48' title="bbox 423 3157 1658 3238">
     <span class='ocr_line' id='line_1_48' title="bbox 423 3157 1658 3238; baseline -0.015 -10"><span class='ocrx_word' id='word_1_344' title='bbox 423 3176 552 3238; x_wconf 90' lang='lat' dir='ltr'>test,</span> <span class='ocrx_word' id='word_1_345' title='bbox 581 3165 965 3224; x_wconf 89' lang='lat' dir='ltr'>dissolvuntur</span> <span class='ocrx_word' id='word_1_346' title='bbox 1001 3157 1396 3232; x_wconf 90' lang='lat' dir='ltr'>impedimenta</span> <span class='ocrx_word' id='word_1_347' title='bbox 1426 3158 1658 3213; x_wconf 75' lang='lat' dir='ltr'>Satanae.</span> 
     </span>
    </p>
   </div>
   <div class='ocr_carea' id='block_1_49' title="bbox 498 3247 2020 3332">
    <p class='ocr_par' dir='ltr' id='par_1_49' title="bbox 498 3247 2020 3332">
     <span class='ocr_line' id='line_1_49' title="bbox 498 3247 2020 3332; baseline -0.01 -17"><span class='ocrx_word' id='word_1_348' title='bbox 498 3259 680 3332; x_wconf 86' lang='lat' dir='ltr'>(Vers.</span> <span class='ocrx_word' id='word_1_349' title='bbox 718 3256 804 3324; x_wconf 84' lang='grc'><strong>19,</strong></span> <span class='ocrx_word' id='word_1_350' title='bbox 831 3254 946 3325; x_wconf 84' lang='lat'>20.)</span> <span class='ocrx_word' id='word_1_351' title='bbox 997 3277 1015 3299; x_wconf 73' lang='grc' dir='ltr'>ι</span> <span class='ocrx_word' id='word_1_352' title='bbox 1047 3250 1178 3318; x_wconf 85' lang='lat' dir='ltr'>Quae</span> <span class='ocrx_word' id='word_1_353' title='bbox 1205 3256 1286 3304; x_wconf 91' lang='lat' dir='ltr'>est</span> <span class='ocrx_word' id='word_1_354' title='bbox 1334 3247 1482 3303; x_wconf 90' lang='lat' dir='ltr'>enim</span> <span class='ocrx_word' id='word_1_355' title='bbox 1529 3253 1716 3302; x_wconf 92' lang='lat' dir='ltr'>nostra</span> <span class='ocrx_word' id='word_1_356' title='bbox 1753 3258 1891 3316; x_wconf 89' lang='lat' dir='ltr'>spes,</span> <span class='ocrx_word' id='word_1_357' title='bbox 1924 3251 2020 3300; x_wconf 91' lang='lat' dir='ltr'>aut</span> 
     </span>
    </p>
   </div>
   <div class='ocr_carea' id='block_1_50' title="bbox 425 3337 2018 3424">
    <p class='ocr_par' dir='ltr' id='par_1_50' title="bbox 425 3337 2018 3424">
     <span class='ocr_line' id='line_1_50' title="bbox 425 3337 2018 3424; baseline -0.013 -18"><span class='ocrx_word' id='word_1_358' title='bbox 425 3348 706 3424; x_wconf 86' lang='lat' dir='ltr'>gaudium,</span> <span class='ocrx_word' id='word_1_359' title='bbox 753 3351 848 3400; x_wconf 91' lang='lat' dir='ltr'>aut</span> <span class='ocrx_word' id='word_1_360' title='bbox 897 3356 1098 3399; x_wconf 90' lang='lat' dir='ltr'>corona</span> <span class='ocrx_word' id='word_1_361' title='bbox 1146 3337 1381 3409; x_wconf 70' lang='lat' dir='ltr'>gloriae?</span> <span class='ocrx_word' id='word_1_362' title='bbox 1428 3337 1621 3392; x_wconf 90' lang='lat' dir='ltr'>Nonne</span> <span class='ocrx_word' id='word_1_363' title='bbox 1675 3351 1774 3388; x_wconf 92' lang='lat' dir='ltr'>vos</span> <span class='ocrx_word' id='word_1_364' title='bbox 1834 3347 2018 3389; x_wconf 88' lang='lat' dir='ltr'>coram</span> 
     </span>
    </p>
   </div>
   <div class='ocr_carea' id='block_1_51' title="bbox 421 3422 2022 3500">
    <p class='ocr_par' dir='ltr' id='par_1_51' title="bbox 421 3422 2022 3500">
     <span class='ocr_line' id='line_1_51' title="bbox 421 3422 2022 3500; baseline -0.014 -1"><span class='ocrx_word' id='word_1_365' title='bbox 421 3422 662 3500; x_wconf 90' lang='lat' dir='ltr'>Domino</span> <span class='ocrx_word' id='word_1_366' title='bbox 693 3443 881 3492; x_wconf 91' lang='lat' dir='ltr'>nostro</span> <span class='ocrx_word' id='word_1_367' title='bbox 927 3434 1053 3488; x_wconf 86' lang='lat' dir='ltr'>Jesu</span> <span class='ocrx_word' id='word_1_368' title='bbox 1105 3429 1325 3486; x_wconf 89' lang='lat' dir='ltr'>Christo</span> <span class='ocrx_word' id='word_1_369' title='bbox 1359 3427 1416 3481; x_wconf 92' lang='lat' dir='ltr'>in</span> <span class='ocrx_word' id='word_1_370' title='bbox 1447 3427 1689 3483; x_wconf 88' lang='lat' dir='ltr'>adventu</span> <span class='ocrx_word' id='word_1_371' title='bbox 1715 3423 1833 3495; x_wconf 91' lang='lat' dir='ltr'>ejus</span> <span class='ocrx_word' id='word_1_372' title='bbox 1852 3423 1880 3478; x_wconf 73' lang='grc' dir='ltr'>Ῡ</span> <span class='ocrx_word' id='word_1_373' title='bbox 1910 3422 2022 3478; x_wconf 82' lang='lat' dir='ltr'>Vos</span> 
     </span>
    </p>
   </div>
   <div class='ocr_carea' id='block_1_52' title="bbox 425 3513 2020 3595">
    <p class='ocr_par' dir='ltr' id='par_1_52' title="bbox 425 3513 2020 3595">
     <span class='ocr_line' id='line_1_52' title="bbox 425 3513 2020 3595; baseline -0.014 -8"><span class='ocrx_word' id='word_1_374' title='bbox 425 3532 572 3586; x_wconf 89' lang='lat' dir='ltr'>enim</span> <span class='ocrx_word' id='word_1_375' title='bbox 603 3527 736 3584; x_wconf 89' lang='lat' dir='ltr'>estis</span> <span class='ocrx_word' id='word_1_376' title='bbox 766 3523 938 3595; x_wconf 88' lang='lat' dir='ltr'>gloria</span> <span class='ocrx_word' id='word_1_377' title='bbox 985 3525 1172 3574; x_wconf 89' lang='lat' dir='ltr'>nostra</span> <span class='ocrx_word' id='word_1_378' title='bbox 1213 3525 1265 3573; x_wconf 90' lang='lat' dir='ltr'>et</span> <span class='ocrx_word' id='word_1_379' title='bbox 1293 3517 1574 3588; x_wconf 85' lang='lat' dir='ltr'>gaudium.</span> <span class='ocrx_word' id='word_1_380' title='bbox 1609 3541 1626 3562; x_wconf 78' lang='grc' dir='ltr'>ι</span> <span class='ocrx_word' id='word_1_381' title='bbox 1668 3513 2020 3568; x_wconf 85' lang='lat' dir='ltr'>Manifestum</span> 
     </span>
    </p>
   </div>
   <div class='ocr_carea' id='block_1_53' title="bbox 427 3606 2024 3688">
    <p class='ocr_par' dir='ltr' id='par_1_53' title="bbox 427 3606 2024 3688">
     <span class='ocr_line' id='line_1_53' title="bbox 427 3606 2024 3688; baseline -0.011 -14"><span class='ocrx_word' id='word_1_382' title='bbox 427 3626 509 3674; x_wconf 90' lang='lat' dir='ltr'>est</span> <span class='ocrx_word' id='word_1_383' title='bbox 551 3615 681 3688; x_wconf 89' lang='lat' dir='ltr'>quia</span> <span class='ocrx_word' id='word_1_384' title='bbox 727 3610 988 3685; x_wconf 87' lang='lat' dir='ltr'>perfectio</span> <span class='ocrx_word' id='word_1_385' title='bbox 1019 3608 1417 3679; x_wconf 89' lang='lat' dir='ltr'>discipulorum</span> <span class='ocrx_word' id='word_1_386' title='bbox 1449 3606 1707 3678; x_wconf 90' lang='lat' dir='ltr'>gaudium</span> <span class='ocrx_word' id='word_1_387' title='bbox 1737 3611 1791 3659; x_wconf 91' lang='lat' dir='ltr'>et</span> <span class='ocrx_word' id='word_1_388' title='bbox 1821 3617 2024 3658; x_wconf 89' lang='lat' dir='ltr'>corona</span> 
     </span>
    </p>
   </div>
   <div class='ocr_carea' id='block_1_54' title="bbox 427 3693 2022 3778">
    <p class='ocr_par' dir='ltr' id='par_1_54' title="bbox 427 3693 2022 3778">
     <span class='ocr_line' id='line_1_54' title="bbox 427 3693 2022 3778; baseline -0.011 -16"><span class='ocrx_word' id='word_1_389' title='bbox 427 3702 674 3778; x_wconf 86' lang='lat' dir='ltr'>magistri</span> <span class='ocrx_word' id='word_1_390' title='bbox 703 3711 802 3758; x_wconf 91' lang='lat' dir='ltr'>est.</span> <span class='ocrx_word' id='word_1_391' title='bbox 854 3700 922 3756; x_wconf 90' lang='lat' dir='ltr'>Hi</span> <span class='ocrx_word' id='word_1_392' title='bbox 973 3697 1122 3754; x_wconf 91' lang='lat' dir='ltr'>enim</span> <span class='ocrx_word' id='word_1_393' title='bbox 1168 3703 1318 3764; x_wconf 89' lang='lat' dir='ltr'>sunt,</span> <span class='ocrx_word' id='word_1_394' title='bbox 1347 3695 1441 3768; x_wconf 90' lang='lat' dir='ltr'>qui</span> <span class='ocrx_word' id='word_1_395' title='bbox 1493 3693 1704 3749; x_wconf 90' lang='lat' dir='ltr'>labores</span> <span class='ocrx_word' id='word_1_396' title='bbox 1743 3693 2022 3747; x_wconf 87' lang='lat' dir='ltr'>fructuum</span> 
     </span>
    </p>
   </div>
   <div class='ocr_carea' id='block_1_55' title="bbox 429 3779 2022 3853">
    <p class='ocr_par' dir='ltr' id='par_1_55' title="bbox 429 3779 2022 3853">
     <span class='ocr_line' id='line_1_55' title="bbox 429 3779 2022 3853; baseline -0.011 -1"><span class='ocrx_word' id='word_1_397' title='bbox 429 3809 653 3853; x_wconf 91' lang='lat' dir='ltr'>suorum</span> <span class='ocrx_word' id='word_1_398' title='bbox 683 3790 886 3849; x_wconf 87' lang='lat' dir='ltr'>edituri</span> <span class='ocrx_word' id='word_1_399' title='bbox 919 3797 1084 3853; x_wconf 91' lang='lat' dir='ltr'>sunt;</span> <span class='ocrx_word' id='word_1_400' title='bbox 1127 3786 1339 3842; x_wconf 91' lang='lat' dir='ltr'>fructus</span> <span class='ocrx_word' id='word_1_401' title='bbox 1383 3782 1531 3838; x_wconf 90' lang='lat' dir='ltr'>enim</span> <span class='ocrx_word' id='word_1_402' title='bbox 1562 3780 1828 3852; x_wconf 88' lang='lat' dir='ltr'>magistri,</span> <span class='ocrx_word' id='word_1_403' title='bbox 1861 3779 2022 3835; x_wconf 89' lang='lat' dir='ltr'>disci-</span> 
     </span>
    </p>
   </div>
   <div class='ocr_carea' id='block_1_56' title="bbox 429 3871 2024 3960">
    <p class='ocr_par' dir='ltr' id='par_1_56' title="bbox 429 3871 2024 3960">
     <span class='ocr_line' id='line_1_56' title="bbox 429 3871 2024 3960; baseline -0.011 -17"><span class='ocrx_word' id='word_1_404' title='bbox 429 3886 592 3960; x_wconf 91' lang='lat' dir='ltr'>pulus</span> <span class='ocrx_word' id='word_1_405' title='bbox 630 3891 712 3940; x_wconf 91' lang='lat' dir='ltr'>est</span> <span class='ocrx_word' id='word_1_406' title='bbox 765 3879 1048 3947; x_wconf 88' lang='lat' dir='ltr'>obediens,</span> <span class='ocrx_word' id='word_1_407' title='bbox 1081 3874 1238 3948; x_wconf 90' lang='lat' dir='ltr'>cujus</span> <span class='ocrx_word' id='word_1_408' title='bbox 1294 3874 1427 3930; x_wconf 89' lang='lat' dir='ltr'>dum</span> <span class='ocrx_word' id='word_1_409' title='bbox 1483 3872 1629 3928; x_wconf 88' lang='lat' dir='ltr'>bona</span> <span class='ocrx_word' id='word_1_410' title='bbox 1679 3871 2024 3926; x_wconf 82' lang='lat' dir='ltr'>conversatio</span> 
     </span>
    </p>
   </div>
   <div class='ocr_carea' id='block_1_57' title="bbox 430 3958 2026 4049">
    <p class='ocr_par' dir='ltr' id='par_1_57' title="bbox 430 3958 2026 4049">
     <span class='ocr_line' id='line_1_57' title="bbox 430 3958 2026 4049; baseline -0.011 -16"><span class='ocrx_word' id='word_1_411' title='bbox 430 3958 648 4049; x_wconf 79' lang='lat' dir='ltr'>proﬁcit</span> <span class='ocrx_word' id='word_1_412' title='bbox 693 3971 974 4045; x_wconf 90' lang='lat' dir='ltr'>magistro,</span> <span class='ocrx_word' id='word_1_413' title='bbox 1023 3969 1238 4024; x_wconf 83' lang='lat' dir='ltr'>fructus</span> <span class='ocrx_word' id='word_1_414' title='bbox 1268 3965 1355 4022; x_wconf 90' lang='lat' dir='ltr'>sui</span> <span class='ocrx_word' id='word_1_415' title='bbox 1383 3963 1498 4022; x_wconf 91' lang='lat' dir='ltr'>edit</span> <span class='ocrx_word' id='word_1_416' title='bbox 1554 3961 1815 4018; x_wconf 90' lang='lat' dir='ltr'>laborem.</span> <span class='ocrx_word' id='word_1_417' title='bbox 1848 3958 2026 4016; x_wconf 92' lang='lat' dir='ltr'>Labor</span> 
     </span>
    </p>
   </div>
   <div class='ocr_carea' id='block_1_58' title="bbox 430 4050 2022 4135">
    <p class='ocr_par' dir='ltr' id='par_1_58' title="bbox 430 4050 2022 4135">
     <span class='ocr_line' id='line_1_58' title="bbox 430 4050 2022 4135; baseline -0.01 -14"><span class='ocrx_word' id='word_1_418' title='bbox 430 4065 579 4122; x_wconf 90' lang='lat' dir='ltr'>enim</span> <span class='ocrx_word' id='word_1_419' title='bbox 611 4061 872 4135; x_wconf 89' lang='lat' dir='ltr'>discipuli</span> <span class='ocrx_word' id='word_1_420' title='bbox 905 4061 962 4117; x_wconf 91' lang='lat' dir='ltr'>in</span> <span class='ocrx_word' id='word_1_421' title='bbox 993 4073 1156 4133; x_wconf 89' lang='lat' dir='ltr'>opere</span> <span class='ocrx_word' id='word_1_422' title='bbox 1180 4057 1325 4114; x_wconf 92' lang='lat' dir='ltr'>bono</span> <span class='ocrx_word' id='word_1_423' title='bbox 1344 4069 1603 4113; x_wconf 88' lang='lat' dir='ltr'>coronam</span> <span class='ocrx_word' id='word_1_424' title='bbox 1627 4051 1722 4108; x_wconf 91' lang='lat' dir='ltr'>dat</span> <span class='ocrx_word' id='word_1_425' title='bbox 1742 4050 2022 4124; x_wconf 89' lang='lat' dir='ltr'>magistro,</span> 
     </span>
    </p>
   </div>
   <div class='ocr_carea' id='block_1_59' title="bbox 426 4152 881 4225">
    <p class='ocr_par' dir='ltr' id='par_1_59' title="bbox 426 4152 881 4225">
     <span class='ocr_line' id='line_1_59' title="bbox 426 4152 881 4225; baseline -0.007 -16"><span class='ocrx_word' id='word_1_426' title='bbox 426 4153 613 4225; x_wconf 88' lang='lat' dir='ltr'>judice</span> <span class='ocrx_word' id='word_1_427' title='bbox 642 4152 881 4210; x_wconf 90' lang='lat' dir='ltr'>Christo.</span> 
     </span>
    </p>
   </div>
   <div class='ocr_carea' id='block_1_60' title="bbox 1037 4235 1400 4294">
    <p class='ocr_par' dir='ltr' id='par_1_60' title="bbox 1037 4235 1400 4294">
     <span class='ocr_line' id='line_1_60' title="bbox 1037 4235 1400 4294; baseline -0.011 0"><span class='ocrx_word' id='word_1_428' title='bbox 1037 4236 1266 4294; x_wconf 85' lang='lat' dir='ltr'>CAPUT</span> <span class='ocrx_word' id='word_1_429' title='bbox 1306 4235 1400 4291; x_wconf 87' lang='lat' dir='ltr'>III.</span> 
     </span>
    </p>
   </div>
   <div class='ocr_carea' id='block_1_61' title="bbox 505 4321 2025 4401">
    <p class='ocr_par' dir='ltr' id='par_1_61' title="bbox 505 4321 2025 4401">
     <span class='ocr_line' id='line_1_61' title="bbox 505 4321 2025 4401; baseline -0.005 -15"><span class='ocrx_word' id='word_1_430' title='bbox 505 4329 687 4401; x_wconf 82' lang='lat' dir='ltr'>(Vers.</span> <span class='ocrx_word' id='word_1_431' title='bbox 725 4327 858 4398; x_wconf 76' lang='grc'><strong>1-4.)</strong></span> <span class='ocrx_word' id='word_1_432' title='bbox 909 4350 926 4372; x_wconf 77' lang='grc' dir='ltr'>ι</span> <span class='ocrx_word' id='word_1_433' title='bbox 969 4326 1180 4382; x_wconf 90' lang='lat' dir='ltr'>Idcirco</span> <span class='ocrx_word' id='word_1_434' title='bbox 1203 4325 1315 4396; x_wconf 88' lang='lat' dir='ltr'>jam</span> <span class='ocrx_word' id='word_1_435' title='bbox 1364 4339 1475 4380; x_wconf 90' lang='lat' dir='ltr'>non</span> <span class='ocrx_word' id='word_1_436' title='bbox 1514 4321 1753 4396; x_wconf 90' lang='lat' dir='ltr'>amplius</span> <span class='ocrx_word' id='word_1_437' title='bbox 1789 4323 2025 4378; x_wconf 86' lang='lat' dir='ltr'>toleran-</span> 
     </span>
    </p>
   </div>
   <div class='ocr_carea' id='block_1_62' title="bbox 433 4412 2026 4490">
    <p class='ocr_par' dir='ltr' id='par_1_62' title="bbox 433 4412 2026 4490">
     <span class='ocr_line' id='line_1_62' title="bbox 433 4412 2026 4490; baseline -0.006 -14"><span class='ocrx_word' id='word_1_438' title='bbox 433 4428 536 4488; x_wconf 90' lang='lat' dir='ltr'>tes,</span> <span class='ocrx_word' id='word_1_439' title='bbox 569 4417 839 4490; x_wconf 90' lang='lat' dir='ltr'>optimum</span> <span class='ocrx_word' id='word_1_440' title='bbox 886 4415 1152 4470; x_wconf 81' lang='lat' dir='ltr'>duximus</span> <span class='ocrx_word' id='word_1_441' title='bbox 1179 4423 1243 4469; x_wconf 93' lang='lat' dir='ltr'>ut</span> <span class='ocrx_word' id='word_1_442' title='bbox 1272 4413 1504 4468; x_wconf 89' lang='lat' dir='ltr'>Athenis</span> <span class='ocrx_word' id='word_1_443' title='bbox 1544 4414 1649 4468; x_wconf 91' lang='lat' dir='ltr'>soli</span> <span class='ocrx_word' id='word_1_444' title='bbox 1692 4412 2026 4484; x_wconf 88' lang='lat' dir='ltr'>relinquere-</span> 
     </span>
    </p>
   </div>
   <div class='ocr_carea' id='block_1_63' title="bbox 433 4502 2028 4569">
    <p class='ocr_par' dir='ltr' id='par_1_63' title="bbox 433 4502 2028 4569">
     <span class='ocr_line' id='line_1_63' title="bbox 433 4502 2028 4569; baseline -0.006 -3"><span class='ocrx_word' id='word_1_445' title='bbox 433 4525 560 4567; x_wconf 91' lang='lat' dir='ltr'>mur</span> <span class='ocrx_word' id='word_1_446' title='bbox 588 4525 598 4563; x_wconf 93' lang='lat'>:</span> <span class='ocrx_word' id='word_1_447' title='bbox 633 4514 688 4563; x_wconf 91' lang='lat' dir='ltr'>et</span> <span class='ocrx_word' id='word_1_448' title='bbox 739 4504 993 4561; x_wconf 91' lang='lat' dir='ltr'>misimus</span> <span class='ocrx_word' id='word_1_449' title='bbox 1045 4502 1396 4558; x_wconf 91' lang='lat' dir='ltr'>Timotheum</span> <span class='ocrx_word' id='word_1_450' title='bbox 1431 4502 1653 4557; x_wconf 86' lang='lat' dir='ltr'>fratrem</span> <span class='ocrx_word' id='word_1_451' title='bbox 1677 4509 1946 4569; x_wconf 91' lang='lat' dir='ltr'>nostrum,</span> <span class='ocrx_word' id='word_1_452' title='bbox 1975 4509 2028 4556; x_wconf 92' lang='lat' dir='ltr'>et</span> 
     </span>
    </p>
   </div>
   <div class='ocr_carea' id='block_1_64' title="bbox 432 4589 2028 4673">
    <p class='ocr_par' dir='ltr' id='par_1_64' title="bbox 432 4589 2028 4673">
     <span class='ocr_line' id='line_1_64' title="bbox 432 4589 2028 4673; baseline -0.005 -18"><span class='ocrx_word' id='word_1_453' title='bbox 432 4597 756 4673; x_wconf 89' lang='lat' dir='ltr'>participem</span> <span class='ocrx_word' id='word_1_454' title='bbox 801 4594 981 4667; x_wconf 90' lang='lat' dir='ltr'>operis</span> <span class='ocrx_word' id='word_1_455' title='bbox 1008 4592 1107 4649; x_wconf 92' lang='lat' dir='ltr'>Dei</span> <span class='ocrx_word' id='word_1_456' title='bbox 1137 4592 1191 4647; x_wconf 92' lang='lat' dir='ltr'>in</span> <span class='ocrx_word' id='word_1_457' title='bbox 1219 4589 1520 4662; x_wconf 88' lang='lat' dir='ltr'>Evangelio</span> <span class='ocrx_word' id='word_1_458' title='bbox 1552 4589 1781 4656; x_wconf 89' lang='lat' dir='ltr'>Christi,</span> <span class='ocrx_word' id='word_1_459' title='bbox 1817 4590 1884 4646; x_wconf 90' lang='lat' dir='ltr'>ad</span> <span class='ocrx_word' id='word_1_460' title='bbox 1922 4590 2028 4648; x_wconf 90' lang='lat' dir='ltr'>hoc</span> 
     </span>
    </p>
   </div>
   <div class='ocr_carea' id='block_1_65' title="bbox 434 4678 2024 4752">
    <p class='ocr_par' dir='ltr' id='par_1_65' title="bbox 434 4678 2024 4752">
     <span class='ocr_line' id='line_1_65' title="bbox 434 4678 2024 4752; baseline -0.008 -5"><span class='ocrx_word' id='word_1_461' title='bbox 434 4697 496 4747; x_wconf 92' lang='lat' dir='ltr'>ut</span> <span class='ocrx_word' id='word_1_462' title='bbox 523 4697 576 4746; x_wconf 92' lang='lat' dir='ltr'>et</span> <span class='ocrx_word' id='word_1_463' title='bbox 607 4705 705 4744; x_wconf 91' lang='lat' dir='ltr'>vos</span> <span class='ocrx_word' id='word_1_464' title='bbox 750 4684 1060 4752; x_wconf 88' lang='lat' dir='ltr'>conﬁrmet,</span> <span class='ocrx_word' id='word_1_465' title='bbox 1095 4689 1148 4738; x_wconf 91' lang='lat' dir='ltr'>et</span> <span class='ocrx_word' id='word_1_466' title='bbox 1174 4680 1496 4752; x_wconf 89' lang='lat' dir='ltr'>deprecetur</span> <span class='ocrx_word' id='word_1_467' title='bbox 1548 4696 1648 4752; x_wconf 91' lang='lat' dir='ltr'>pro</span> <span class='ocrx_word' id='word_1_468' title='bbox 1686 4678 1793 4736; x_wconf 85' lang='lat' dir='ltr'>ﬁde</span> <span class='ocrx_word' id='word_1_469' title='bbox 1824 4690 2024 4749; x_wconf 89' lang='lat' dir='ltr'>vestra,</span> 
     </span>
    </p>
   </div>
   <div class='ocr_carea' id='block_1_66' title="bbox 433 4769 2027 4851">
    <p class='ocr_par' dir='ltr' id='par_1_66' title="bbox 433 4769 2027 4851">
     <span class='ocr_line' id='line_1_66' title="bbox 433 4769 2027 4851; baseline -0.006 -16"><span class='ocrx_word' id='word_1_470' title='bbox 433 4795 502 4836; x_wconf 89' lang='lat' dir='ltr'>ne</span> <span class='ocrx_word' id='word_1_471' title='bbox 531 4779 656 4851; x_wconf 91' lang='lat' dir='ltr'>quis</span> <span class='ocrx_word' id='word_1_472' title='bbox 683 4783 972 4832; x_wconf 89' lang='lat' dir='ltr'>moveatur</span> <span class='ocrx_word' id='word_1_473' title='bbox 999 4774 1058 4830; x_wconf 92' lang='lat' dir='ltr'>in</span> <span class='ocrx_word' id='word_1_474' title='bbox 1088 4772 1177 4828; x_wconf 91' lang='lat' dir='ltr'>his</span> <span class='ocrx_word' id='word_1_475' title='bbox 1219 4771 1502 4844; x_wconf 88' lang='lat' dir='ltr'>pressuris.</span> <span class='ocrx_word' id='word_1_476' title='bbox 1536 4769 1644 4842; x_wconf 90' lang='lat' dir='ltr'>Ipsi</span> <span class='ocrx_word' id='word_1_477' title='bbox 1677 4769 1824 4824; x_wconf 92' lang='lat' dir='ltr'>enim</span> <span class='ocrx_word' id='word_1_478' title='bbox 1875 4770 2027 4826; x_wconf 91' lang='lat' dir='ltr'>scitis</span> 
     </span>
    </p>
   </div>
   <div class='ocr_carea' id='block_1_67' title="bbox 437 4858 2028 4942">
    <p class='ocr_par' dir='ltr' id='par_1_67' title="bbox 437 4858 2028 4942">
     <span class='ocr_line' id='line_1_67' title="bbox 437 4858 2028 4942; baseline -0.007 -16"><span class='ocrx_word' id='word_1_479' title='bbox 437 4869 567 4942; x_wconf 88' lang='lat' dir='ltr'>quia</span> <span class='ocrx_word' id='word_1_480' title='bbox 607 4867 675 4925; x_wconf 89' lang='lat' dir='ltr'>ad</span> <span class='ocrx_word' id='word_1_481' title='bbox 732 4867 840 4923; x_wconf 91' lang='lat' dir='ltr'>hoc</span> <span class='ocrx_word' id='word_1_482' title='bbox 890 4864 1054 4939; x_wconf 90' lang='lat' dir='ltr'>positi</span> <span class='ocrx_word' id='word_1_483' title='bbox 1121 4879 1349 4930; x_wconf 88' lang='lat' dir='ltr'>sumus;</span> <span class='ocrx_word' id='word_1_484' title='bbox 1405 4877 1532 4917; x_wconf 90' lang='lat' dir='ltr'>nam</span> <span class='ocrx_word' id='word_1_485' title='bbox 1581 4869 1634 4917; x_wconf 92' lang='lat' dir='ltr'>et</span> <span class='ocrx_word' id='word_1_486' title='bbox 1690 4877 1816 4916; x_wconf 89' lang='lat' dir='ltr'>cum</span> <span class='ocrx_word' id='word_1_487' title='bbox 1882 4858 2028 4931; x_wconf 92' lang='lat' dir='ltr'>apud</span> 
     </span>
    </p>
   </div>
   <div class='ocr_carea' id='block_1_68' title="bbox 435 4952 2029 5029">
    <p class='ocr_par' dir='ltr' id='par_1_68' title="bbox 435 4952 2029 5029">
     <span class='ocr_line' id='line_1_68' title="bbox 435 4952 2029 5029; baseline -0.004 -16"><span class='ocrx_word' id='word_1_488' title='bbox 435 4976 534 5015; x_wconf 91' lang='lat' dir='ltr'>vos</span> <span class='ocrx_word' id='word_1_489' title='bbox 589 4975 833 5026; x_wconf 90' lang='lat' dir='ltr'>eramus,</span> <span class='ocrx_word' id='word_1_490' title='bbox 901 4953 1332 5029; x_wconf 60' lang='lat' dir='ltr'>pradicebamus</span> <span class='ocrx_word' id='word_1_491' title='bbox 1397 4952 1556 5009; x_wconf 86' lang='lat' dir='ltr'>vobis</span> <span class='ocrx_word' id='word_1_492' title='bbox 1619 4968 1872 5024; x_wconf 88' lang='lat' dir='ltr'>passuros</span> <span class='ocrx_word' id='word_1_493' title='bbox 1929 4967 2029 5007; x_wconf 89' lang='lat' dir='ltr'>nos</span> 
     </span>
    </p>
   </div>
   <div class='ocr_carea' id='block_1_69' title="bbox 434 5040 2026 5121">
    <p class='ocr_par' dir='ltr' id='par_1_69' title="bbox 434 5040 2026 5121">
     <span class='ocr_line' id='line_1_69' title="bbox 434 5040 2026 5121; baseline -0.004 -17"><span class='ocrx_word' id='word_1_494' title='bbox 434 5064 741 5121; x_wconf 90' lang='lat' dir='ltr'>pressuram</span> <span class='ocrx_word' id='word_1_495' title='bbox 776 5047 877 5120; x_wconf 92' lang='lat'>(7),</span> <span class='ocrx_word' id='word_1_496' title='bbox 909 5047 1050 5103; x_wconf 91' lang='lat' dir='ltr'>sicut</span> <span class='ocrx_word' id='word_1_497' title='bbox 1105 5046 1313 5102; x_wconf 86' lang='lat' dir='ltr'>factum</span> <span class='ocrx_word' id='word_1_498' title='bbox 1353 5051 1458 5112; x_wconf 91' lang='lat' dir='ltr'>est,</span> <span class='ocrx_word' id='word_1_499' title='bbox 1506 5051 1560 5100; x_wconf 91' lang='lat' dir='ltr'>et</span> <span class='ocrx_word' id='word_1_500' title='bbox 1609 5043 1781 5101; x_wconf 89' lang='lat' dir='ltr'>scitis.</span> <span class='ocrx_word' id='word_1_501' title='bbox 1816 5068 1834 5090; x_wconf 76' lang='grc' dir='ltr'><strong><em>ι</em></strong></span> <span class='ocrx_word' id='word_1_502' title='bbox 1877 5040 2026 5098; x_wconf 89' lang='lat' dir='ltr'>Desi-</span> 
     </span>
    </p>
   </div>
   <div class='ocr_carea' id='block_1_70' title="bbox 433 5130 2028 5209">
    <p class='ocr_par' dir='ltr' id='par_1_70' title="bbox 433 5130 2028 5209">
     <span class='ocr_line' id='line_1_70' title="bbox 433 5130 2028 5209; baseline -0.006 -15"><span class='ocrx_word' id='word_1_503' title='bbox 433 5137 571 5194; x_wconf 88' lang='lat' dir='ltr'>derii</span> <span class='ocrx_word' id='word_1_504' title='bbox 634 5153 800 5209; x_wconf 90' lang='lat' dir='ltr'>supra</span> <span class='ocrx_word' id='word_1_505' title='bbox 859 5135 1146 5193; x_wconf 89' lang='lat' dir='ltr'>memorati</span> <span class='ocrx_word' id='word_1_506' title='bbox 1209 5151 1396 5191; x_wconf 89' lang='lat' dir='ltr'>causas</span> <span class='ocrx_word' id='word_1_507' title='bbox 1461 5133 1752 5205; x_wconf 85' lang='lat' dir='ltr'>expressit.</span> <span class='ocrx_word' id='word_1_508' title='bbox 1817 5130 2028 5189; x_wconf 88' lang='lat' dir='ltr'>Idcirco</span> 
     </span>
    </p>
   </div>
   <div class='ocr_carea' id='block_1_71' title="bbox 433 5221 2029 5298">
    <p class='ocr_par' dir='ltr' id='par_1_71' title="bbox 433 5221 2029 5298">
     <span class='ocr_line' id='line_1_71' title="bbox 433 5221 2029 5298; baseline -0.003 -17"><span class='ocrx_word' id='word_1_509' title='bbox 433 5226 581 5282; x_wconf 90' lang='lat' dir='ltr'>enim</span> <span class='ocrx_word' id='word_1_510' title='bbox 611 5232 905 5298; x_wconf 72' lang='lat' dir='ltr'>praesentes</span> <span class='ocrx_word' id='word_1_511' title='bbox 933 5241 1047 5280; x_wconf 89' lang='lat' dir='ltr'>esse</span> <span class='ocrx_word' id='word_1_512' title='bbox 1075 5222 1221 5294; x_wconf 91' lang='lat' dir='ltr'>apud</span> <span class='ocrx_word' id='word_1_513' title='bbox 1249 5239 1342 5279; x_wconf 88' lang='lat' dir='ltr'>eos</span> <span class='ocrx_word' id='word_1_514' title='bbox 1385 5222 1663 5289; x_wconf 89' lang='lat' dir='ltr'>volebant,</span> <span class='ocrx_word' id='word_1_515' title='bbox 1709 5228 1772 5278; x_wconf 89' lang='lat' dir='ltr'>ut</span> <span class='ocrx_word' id='word_1_516' title='bbox 1817 5221 2029 5276; x_wconf 90' lang='lat' dir='ltr'>animos</span> 
     </span>
    </p>
   </div>
   <div class='ocr_carea' id='block_1_72' title="bbox 435 5310 2028 5384">
    <p class='ocr_par' dir='ltr' id='par_1_72' title="bbox 435 5310 2028 5384">
     <span class='ocr_line' id='line_1_72' title="bbox 435 5310 2028 5384; baseline -0.004 -14"><span class='ocrx_word' id='word_1_517' title='bbox 435 5330 622 5371; x_wconf 92' lang='lat' dir='ltr'>eorum</span> <span class='ocrx_word' id='word_1_518' title='bbox 655 5315 959 5381; x_wconf 78' lang='lat' dir='ltr'>firmarent,</span> <span class='ocrx_word' id='word_1_519' title='bbox 981 5329 1050 5369; x_wconf 92' lang='lat' dir='ltr'>ne</span> <span class='ocrx_word' id='word_1_520' title='bbox 1079 5312 1202 5384; x_wconf 89' lang='lat' dir='ltr'>quis</span> <span class='ocrx_word' id='word_1_521' title='bbox 1232 5328 1300 5366; x_wconf 85' lang='lat' dir='ltr'>ex</span> <span class='ocrx_word' id='word_1_522' title='bbox 1331 5310 1420 5365; x_wconf 91' lang='lat' dir='ltr'>his</span> <span class='ocrx_word' id='word_1_523' title='bbox 1449 5310 1765 5366; x_wconf 90' lang='lat' dir='ltr'>scandalum</span> <span class='ocrx_word' id='word_1_524' title='bbox 1807 5316 2028 5383; x_wconf 90' lang='lat' dir='ltr'>patere-</span> 
     </span>
    </p>
   </div>
   <div class='ocr_carea' id='block_1_73' title="bbox 432 5400 2029 5474">
    <p class='ocr_par' dir='ltr' id='par_1_73' title="bbox 432 5400 2029 5474">
     <span class='ocr_line' id='line_1_73' title="bbox 432 5400 2029 5474; baseline 0.001 -19"><span class='ocrx_word' id='word_1_525' title='bbox 432 5409 524 5457; x_wconf 90' lang='lat' dir='ltr'>tur</span> <span class='ocrx_word' id='word_1_526' title='bbox 577 5404 645 5460; x_wconf 93' lang='lat' dir='ltr'>de</span> <span class='ocrx_word' id='word_1_527' title='bbox 693 5401 961 5474; x_wconf 79' lang='lat' dir='ltr'>pressaris</span> <span class='ocrx_word' id='word_1_528' title='bbox 1014 5401 1414 5473; x_wconf 88' lang='lat' dir='ltr'>apostolorum,</span> <span class='ocrx_word' id='word_1_529' title='bbox 1456 5403 1598 5460; x_wconf 84' lang='lat'>280</span> <span class='ocrx_word' id='word_1_530' title='bbox 1629 5408 1690 5455; x_wconf 90' lang='lat' dir='ltr'>ut</span> <span class='ocrx_word' id='word_1_531' title='bbox 1738 5400 1832 5472; x_wconf 91' lang='lat' dir='ltr'>qui</span> <span class='ocrx_word' id='word_1_532' title='bbox 1879 5406 2029 5456; x_wconf 89' lang='lat' dir='ltr'>tanta</span> 
     </span>
    </p>
   </div>
   <div class='ocr_carea' id='block_1_74' title="bbox 433 5493 2026 5567">
    <p class='ocr_par' dir='ltr' id='par_1_74' title="bbox 433 5493 2026 5567">
     <span class='ocr_line' id='line_1_74' title="bbox 433 5493 2026 5567; baseline -0.001 -16"><span class='ocrx_word' id='word_1_533' title='bbox 433 5495 586 5567; x_wconf 89' lang='lat' dir='ltr'>signa</span> <span class='ocrx_word' id='word_1_534' title='bbox 613 5497 874 5563; x_wconf 89' lang='lat' dir='ltr'>facerent,</span> <span class='ocrx_word' id='word_1_535' title='bbox 915 5495 1210 5567; x_wconf 90' lang='lat' dir='ltr'>aliquando</span> <span class='ocrx_word' id='word_1_536' title='bbox 1239 5493 1653 5551; x_wconf 89' lang='lat' dir='ltr'>inﬁrmarentur</span> <span class='ocrx_word' id='word_1_537' title='bbox 1689 5512 1701 5550; x_wconf 88' lang='lat'>:</span> <span class='ocrx_word' id='word_1_538' title='bbox 1735 5495 1814 5551; x_wconf 91' lang='lat' dir='ltr'>ita</span> <span class='ocrx_word' id='word_1_539' title='bbox 1847 5493 2026 5552; x_wconf 89' lang='lat' dir='ltr'>humi-</span> 
     </span>
    </p>
   </div>
   <div class='ocr_carea' id='block_1_75' title="bbox 506 5682 1822 5756">
    <p class='ocr_par' dir='ltr' id='par_1_75' title="bbox 506 5682 1822 5756">
     <span class='ocr_line' id='line_1_75' title="bbox 506 5682 1822 5756; baseline 0 -18"><span class='ocrx_word' id='word_1_540' title='bbox 506 5682 586 5754; x_wconf 93' lang='lat'>(7)</span> <span class='ocrx_word' id='word_1_541' title='bbox 617 5682 884 5741; x_wconf 89' lang='lat' dir='ltr'>Nonnulli</span> <span class='ocrx_word' id='word_1_542' title='bbox 911 5698 1065 5752; x_wconf 88' lang='lat' dir='ltr'>mss.,</span> <span class='ocrx_word' id='word_1_543' title='bbox 1091 5698 1349 5756; x_wconf 72' lang='lat' dir='ltr'>passuros</span> <span class='ocrx_word' id='word_1_544' title='bbox 1375 5699 1467 5740; x_wconf 76' lang='lat' dir='ltr'>vos</span> <span class='ocrx_word' id='word_1_545' title='bbox 1489 5697 1822 5755; x_wconf 70' lang='lat' dir='ltr'>pressuram.</span> 
     </span>
    </p>
   </div>
   <div class='ocr_carea' id='block_1_76' title="bbox 2123 1890 3730 1970">
    <p class='ocr_par' dir='ltr' id='par_1_76' title="bbox 2123 1890 3730 1970">
     <span class='ocr_line' id='line_1_76' title="bbox 2123 1890 3730 1970; baseline -0.004 -18"><span class='ocrx_word' id='word_1_546' title='bbox 2123 1903 2342 1970; x_wconf 92' lang='lat' dir='ltr'>possent</span> <span class='ocrx_word' id='word_1_547' title='bbox 2371 1893 2556 1951; x_wconf 90' lang='lat' dir='ltr'>seduci</span> <span class='ocrx_word' id='word_1_548' title='bbox 2586 1894 2789 1950; x_wconf 90' lang='lat' dir='ltr'>astutia</span> <span class='ocrx_word' id='word_1_549' title='bbox 2817 1893 3050 1961; x_wconf 87' lang='lat' dir='ltr'>Satanae,</span> <span class='ocrx_word' id='word_1_550' title='bbox 3089 1891 3220 1965; x_wconf 88' lang='lat' dir='ltr'>quia</span> <span class='ocrx_word' id='word_1_551' title='bbox 3264 1890 3322 1947; x_wconf 91' lang='lat' dir='ltr'>in</span> <span class='ocrx_word' id='word_1_552' title='bbox 3369 1891 3524 1947; x_wconf 89' lang='lat' dir='ltr'>omni</span> <span class='ocrx_word' id='word_1_553' title='bbox 3567 1891 3730 1964; x_wconf 88' lang='lat' dir='ltr'>plebe</span> 
     </span>
    </p>
   </div>
   <div class='ocr_carea' id='block_1_77' title="bbox 2123 1980 3730 2059">
    <p class='ocr_par' dir='ltr' id='par_1_77' title="bbox 2123 1980 3730 2059">
     <span class='ocr_line' id='line_1_77' title="bbox 2123 1980 3730 2059; baseline -0.005 -17"><span class='ocrx_word' id='word_1_554' title='bbox 2123 1994 2202 2043; x_wconf 90' lang='lat' dir='ltr'>est</span> <span class='ocrx_word' id='word_1_555' title='bbox 2232 2002 2356 2059; x_wconf 89' lang='lat' dir='ltr'>pars</span> <span class='ocrx_word' id='word_1_556' title='bbox 2383 1985 2541 2040; x_wconf 90' lang='lat' dir='ltr'>ﬁrma</span> <span class='ocrx_word' id='word_1_557' title='bbox 2586 1991 2639 2040; x_wconf 92' lang='lat' dir='ltr'>et</span> <span class='ocrx_word' id='word_1_558' title='bbox 2684 1983 2926 2051; x_wconf 88' lang='lat' dir='ltr'>inﬁrma,</span> <span class='ocrx_word' id='word_1_559' title='bbox 2955 1998 3188 2054; x_wconf 88' lang='lat' dir='ltr'>quorum</span> <span class='ocrx_word' id='word_1_560' title='bbox 3237 1996 3397 2036; x_wconf 87' lang='lat' dir='ltr'>causa</span> <span class='ocrx_word' id='word_1_561' title='bbox 3445 1980 3730 2038; x_wconf 86' lang='lat' dir='ltr'>sollicitus</span> 
     </span>
    </p>
   </div>
   <div class='ocr_carea' id='block_1_78' title="bbox 2123 2068 3729 2142">
    <p class='ocr_par' dir='ltr' id='par_1_78' title="bbox 2123 2068 3729 2142">
     <span class='ocr_line' id='line_1_78' title="bbox 2123 2068 3729 2142; baseline -0.004 -13"><span class='ocrx_word' id='word_1_562' title='bbox 2123 2082 2260 2142; x_wconf 89' lang='lat' dir='ltr'>erat,</span> <span class='ocrx_word' id='word_1_563' title='bbox 2308 2090 2376 2129; x_wconf 93' lang='lat' dir='ltr'>ne</span> <span class='ocrx_word' id='word_1_564' title='bbox 2422 2072 2698 2128; x_wconf 88' lang='lat' dir='ltr'>amitteret</span> <span class='ocrx_word' id='word_1_565' title='bbox 2732 2071 2975 2127; x_wconf 87' lang='lat' dir='ltr'>fructum</span> <span class='ocrx_word' id='word_1_566' title='bbox 3021 2068 3364 2126; x_wconf 90' lang='lat' dir='ltr'>credulitatis</span> <span class='ocrx_word' id='word_1_567' title='bbox 3401 2084 3620 2123; x_wconf 91' lang='lat' dir='ltr'>eorum.</span> <span class='ocrx_word' id='word_1_568' title='bbox 3655 2068 3729 2123; x_wconf 89' lang='lat' dir='ltr'>Et</span> 
     </span>
    </p>
   </div>
   <div class='ocr_carea' id='block_1_79' title="bbox 2124 2157 3729 2234">
    <p class='ocr_par' dir='ltr' id='par_1_79' title="bbox 2124 2157 3729 2234">
     <span class='ocr_line' id='line_1_79' title="bbox 2124 2157 3729 2234; baseline -0.002 -18"><span class='ocrx_word' id='word_1_569' title='bbox 2124 2161 2253 2234; x_wconf 90' lang='lat' dir='ltr'>quia</span> <span class='ocrx_word' id='word_1_570' title='bbox 2280 2161 2491 2217; x_wconf 89' lang='lat' dir='ltr'>diutius</span> <span class='ocrx_word' id='word_1_571' title='bbox 2519 2177 2709 2233; x_wconf 90' lang='lat' dir='ltr'>passus</span> <span class='ocrx_word' id='word_1_572' title='bbox 2734 2176 2846 2216; x_wconf 92' lang='lat' dir='ltr'>non</span> <span class='ocrx_word' id='word_1_573' title='bbox 2892 2167 2973 2216; x_wconf 93' lang='lat' dir='ltr'>est</span> <span class='ocrx_word' id='word_1_574' title='bbox 3002 2158 3211 2215; x_wconf 89' lang='lat' dir='ltr'>nescire</span> <span class='ocrx_word' id='word_1_575' title='bbox 3257 2174 3313 2213; x_wconf 90' lang='lat' dir='ltr'>se</span> <span class='ocrx_word' id='word_1_576' title='bbox 3353 2157 3488 2230; x_wconf 89' lang='lat' dir='ltr'>quid</span> <span class='ocrx_word' id='word_1_577' title='bbox 3519 2157 3729 2214; x_wconf 85' lang='lat' dir='ltr'>certius</span> 
     </span>
    </p>
   </div>
   <div class='ocr_carea' id='block_1_80' title="bbox 2123 2246 3730 2324">
    <p class='ocr_par' dir='ltr' id='par_1_80' title="bbox 2123 2246 3730 2324">
     <span class='ocr_line' id='line_1_80' title="bbox 2123 2246 3730 2324; baseline -0.002 -18"><span class='ocrx_word' id='word_1_578' title='bbox 2123 2260 2371 2324; x_wconf 82' lang='lat' dir='ltr'>ageretur</span> <span class='ocrx_word' id='word_1_579' title='bbox 2399 2251 2545 2308; x_wconf 89' lang='lat' dir='ltr'>circa</span> <span class='ocrx_word' id='word_1_580' title='bbox 2586 2251 2732 2319; x_wconf 92' lang='lat' dir='ltr'>illos,</span> <span class='ocrx_word' id='word_1_581' title='bbox 2766 2249 2918 2305; x_wconf 91' lang='lat' dir='ltr'>misit</span> <span class='ocrx_word' id='word_1_582' title='bbox 2955 2248 3310 2304; x_wconf 90' lang='lat' dir='ltr'>Timotheum</span> <span class='ocrx_word' id='word_1_583' title='bbox 3343 2246 3667 2320; x_wconf 87' lang='lat' dir='ltr'>episcopum</span> <span class='ocrx_word' id='word_1_584' title='bbox 3697 2263 3730 2303; x_wconf 88' lang='lat' dir='ltr'>a</span> 
     </span>
    </p>
   </div>
   <div class='ocr_carea' id='block_1_81' title="bbox 2125 2336 3300 2413">
    <p class='ocr_par' dir='ltr' id='par_1_81' title="bbox 2125 2336 3300 2413">
     <span class='ocr_line' id='line_1_81' title="bbox 2125 2336 3300 2413; baseline -0.004 -16"><span class='ocrx_word' id='word_1_585' title='bbox 2125 2358 2180 2397; x_wconf 92' lang='lat' dir='ltr'>se</span> <span class='ocrx_word' id='word_1_586' title='bbox 2209 2350 2472 2409; x_wconf 88' lang='lat' dir='ltr'>creatum,</span> <span class='ocrx_word' id='word_1_587' title='bbox 2504 2357 2535 2395; x_wconf 91' lang='lat' dir='ltr'>a</span> <span class='ocrx_word' id='word_1_588' title='bbox 2555 2356 2663 2413; x_wconf 90' lang='lat' dir='ltr'>quo</span> <span class='ocrx_word' id='word_1_589' title='bbox 2692 2347 2872 2413; x_wconf 85' lang='lat' dir='ltr'>posset</span> <span class='ocrx_word' id='word_1_590' title='bbox 2901 2347 3111 2396; x_wconf 90' lang='lat' dir='ltr'>certum</span> <span class='ocrx_word' id='word_1_591' title='bbox 3141 2336 3300 2394; x_wconf 90' lang='lat' dir='ltr'>scire.</span> 
     </span>
    </p>
   </div>
   <div class='ocr_carea' id='block_1_82' title="bbox 2198 2437 3730 2510">
    <p class='ocr_par' dir='ltr' id='par_1_82' title="bbox 2198 2437 3730 2510">
     <span class='ocr_line' id='line_1_82' title="bbox 2198 2437 3730 2510; baseline -0.001 -15"><span class='ocrx_word' id='word_1_592' title='bbox 2198 2440 2379 2509; x_wconf 86' lang='lat' dir='ltr'>(Vers.</span> <span class='ocrx_word' id='word_1_593' title='bbox 2443 2438 2496 2507; x_wconf 89' lang='lat'>6,</span> <span class='ocrx_word' id='word_1_594' title='bbox 2540 2440 2590 2506; x_wconf 93' lang='lat'>7,</span> <span class='ocrx_word' id='word_1_595' title='bbox 2647 2438 2728 2510; x_wconf 92' lang='lat'>8.)</span> <span class='ocrx_word' id='word_1_596' title='bbox 2793 2462 2811 2486; x_wconf 79' lang='grc' dir='ltr'>ι</span> <span class='ocrx_word' id='word_1_597' title='bbox 2856 2437 3018 2493; x_wconf 91' lang='lat' dir='ltr'>Modo</span> <span class='ocrx_word' id='word_1_598' title='bbox 3065 2443 3248 2492; x_wconf 90' lang='lat' dir='ltr'>autem</span> <span class='ocrx_word' id='word_1_599' title='bbox 3305 2452 3431 2493; x_wconf 90' lang='lat' dir='ltr'>cum</span> <span class='ocrx_word' id='word_1_600' title='bbox 3486 2438 3730 2494; x_wconf 83' lang='lat' dir='ltr'>venisset</span> 
     </span>
    </p>
   </div>
   <div class='ocr_carea' id='block_1_83' title="bbox 2127 2526 3730 2594">
    <p class='ocr_par' dir='ltr' id='par_1_83' title="bbox 2127 2526 3730 2594">
     <span class='ocr_line' id='line_1_83' title="bbox 2127 2526 3730 2594; baseline -0.001 -10"><span class='ocrx_word' id='word_1_601' title='bbox 2127 2529 2452 2584; x_wconf 89' lang='lat' dir='ltr'>Timotheus</span> <span class='ocrx_word' id='word_1_602' title='bbox 2497 2527 2566 2584; x_wconf 91' lang='lat' dir='ltr'>ad</span> <span class='ocrx_word' id='word_1_603' title='bbox 2608 2544 2708 2583; x_wconf 89' lang='lat' dir='ltr'>nos</span> <span class='ocrx_word' id='word_1_604' title='bbox 2753 2543 2784 2582; x_wconf 89' lang='lat' dir='ltr'>a</span> <span class='ocrx_word' id='word_1_605' title='bbox 2820 2526 2998 2594; x_wconf 91' lang='lat' dir='ltr'>vobis,</span> <span class='ocrx_word' id='word_1_606' title='bbox 3043 2533 3098 2582; x_wconf 93' lang='lat' dir='ltr'>et</span> <span class='ocrx_word' id='word_1_607' title='bbox 3143 2527 3529 2584; x_wconf 89' lang='lat' dir='ltr'>annuntiasset</span> <span class='ocrx_word' id='word_1_608' title='bbox 3570 2527 3730 2583; x_wconf 90' lang='lat' dir='ltr'>nobis</span> 
     </span>
    </p>
   </div>
   <div class='ocr_carea' id='block_1_84' title="bbox 2127 2617 3729 2690">
    <p class='ocr_par' dir='ltr' id='par_1_84' title="bbox 2127 2617 3729 2690">
     <span class='ocr_line' id='line_1_84' title="bbox 2127 2617 3729 2690; baseline -0.001 -13"><span class='ocrx_word' id='word_1_609' title='bbox 2127 2620 2288 2676; x_wconf 90' lang='lat' dir='ltr'>ﬁdem</span> <span class='ocrx_word' id='word_1_610' title='bbox 2323 2626 2377 2673; x_wconf 92' lang='lat' dir='ltr'>et</span> <span class='ocrx_word' id='word_1_611' title='bbox 2423 2618 2750 2674; x_wconf 88' lang='lat' dir='ltr'>charitatem</span> <span class='ocrx_word' id='word_1_612' title='bbox 2788 2625 3026 2672; x_wconf 88' lang='lat' dir='ltr'>vestram</span> <span class='ocrx_word' id='word_1_613' title='bbox 3062 2635 3074 2673; x_wconf 89' lang='grc'>;</span> <span class='ocrx_word' id='word_1_614' title='bbox 3117 2625 3171 2673; x_wconf 90' lang='lat' dir='ltr'>et</span> <span class='ocrx_word' id='word_1_615' title='bbox 3211 2617 3474 2690; x_wconf 89' lang='lat' dir='ltr'>quoniam</span> <span class='ocrx_word' id='word_1_616' title='bbox 3525 2635 3729 2675; x_wconf 72' lang='lat' dir='ltr'>memo~</span> 
     </span>
    </p>
   </div>
   <div class='ocr_carea' id='block_1_85' title="bbox 2127 2707 3731 2780">
    <p class='ocr_par' dir='ltr' id='par_1_85' title="bbox 2127 2707 3731 2780">
     <span class='ocr_line' id='line_1_85' title="bbox 2127 2707 3731 2780; baseline 0.001 -16"><span class='ocrx_word' id='word_1_617' title='bbox 2127 2710 2264 2765; x_wconf 89' lang='lat' dir='ltr'>riam</span> <span class='ocrx_word' id='word_1_618' title='bbox 2323 2707 2498 2764; x_wconf 88' lang='lat' dir='ltr'>nostri</span> <span class='ocrx_word' id='word_1_619' title='bbox 2557 2707 2773 2763; x_wconf 90' lang='lat' dir='ltr'>habetis</span> <span class='ocrx_word' id='word_1_620' title='bbox 2817 2707 3015 2762; x_wconf 89' lang='lat' dir='ltr'>bonam</span> <span class='ocrx_word' id='word_1_621' title='bbox 3077 2723 3311 2780; x_wconf 88' lang='lat' dir='ltr'>semper,</span> <span class='ocrx_word' id='word_1_622' title='bbox 3352 2708 3731 2766; x_wconf 88' lang='lat' dir='ltr'>desiderantes</span> 
     </span>
    </p>
   </div>
   <div class='ocr_carea' id='block_1_86' title="bbox 2128 2797 3729 2870">
    <p class='ocr_par' dir='ltr' id='par_1_86' title="bbox 2128 2797 3729 2870">
     <span class='ocr_line' id='line_1_86' title="bbox 2128 2797 3729 2870; baseline -0.001 -15"><span class='ocrx_word' id='word_1_623' title='bbox 2128 2815 2228 2855; x_wconf 90' lang='lat' dir='ltr'>nos</span> <span class='ocrx_word' id='word_1_624' title='bbox 2256 2797 2465 2866; x_wconf 89' lang='lat' dir='ltr'>videre,</span> <span class='ocrx_word' id='word_1_625' title='bbox 2497 2797 2640 2854; x_wconf 91' lang='lat' dir='ltr'>sicut</span> <span class='ocrx_word' id='word_1_626' title='bbox 2670 2805 2724 2853; x_wconf 92' lang='lat' dir='ltr'>et</span> <span class='ocrx_word' id='word_1_627' title='bbox 2755 2813 2854 2853; x_wconf 92' lang='lat' dir='ltr'>nos</span> <span class='ocrx_word' id='word_1_628' title='bbox 2881 2813 3096 2870; x_wconf 90' lang='lat' dir='ltr'>quoque</span> <span class='ocrx_word' id='word_1_629' title='bbox 3127 2814 3226 2854; x_wconf 91' lang='lat' dir='ltr'>vos</span> <span class='ocrx_word' id='word_1_630' title='bbox 3262 2815 3273 2852; x_wconf 89' lang='lat'>:</span> <span class='ocrx_word' id='word_1_631' title='bbox 3309 2797 3433 2853; x_wconf 91' lang='lat' dir='ltr'>ideo</span> <span class='ocrx_word' id='word_1_632' title='bbox 3465 2799 3729 2855; x_wconf 91' lang='lat' dir='ltr'>consola-</span> 
     </span>
    </p>
   </div>
   <div class='ocr_carea' id='block_1_87' title="bbox 2128 2887 3729 2962">
    <p class='ocr_par' dir='ltr' id='par_1_87' title="bbox 2128 2887 3729 2962">
     <span class='ocr_line' id='line_1_87' title="bbox 2128 2887 3729 2962; baseline -0.001 -16"><span class='ocrx_word' id='word_1_633' title='bbox 2128 2890 2334 2946; x_wconf 85' lang='lat' dir='ltr'>tionem</span> <span class='ocrx_word' id='word_1_634' title='bbox 2378 2905 2568 2945; x_wconf 90' lang='lat' dir='ltr'>sumus</span> <span class='ocrx_word' id='word_1_635' title='bbox 2595 2887 2799 2961; x_wconf 91' lang='lat' dir='ltr'>adepti,</span> <span class='ocrx_word' id='word_1_636' title='bbox 2838 2887 3056 2956; x_wconf 89' lang='lat' dir='ltr'>fratres,</span> <span class='ocrx_word' id='word_1_637' title='bbox 3086 2887 3146 2943; x_wconf 90' lang='lat' dir='ltr'>in</span> <span class='ocrx_word' id='word_1_638' title='bbox 3176 2887 3336 2944; x_wconf 90' lang='lat' dir='ltr'>vobis</span> <span class='ocrx_word' id='word_1_639' title='bbox 3363 2905 3533 2962; x_wconf 90' lang='lat' dir='ltr'>super</span> <span class='ocrx_word' id='word_1_640' title='bbox 3579 2889 3729 2945; x_wconf 91' lang='lat' dir='ltr'>omni</span> 
     </span>
    </p>
   </div>
   <div class='ocr_carea' id='block_1_88' title="bbox 2128 2978 3726 3053">
    <p class='ocr_par' dir='ltr' id='par_1_88' title="bbox 2128 2978 3726 3053">
     <span class='ocr_line' id='line_1_88' title="bbox 2128 2978 3726 3053; baseline -0.002 -16"><span class='ocrx_word' id='word_1_641' title='bbox 2128 2978 2450 3037; x_wconf 87' lang='lat' dir='ltr'>necessitate</span> <span class='ocrx_word' id='word_1_642' title='bbox 2497 2988 2550 3036; x_wconf 92' lang='lat' dir='ltr'>et</span> <span class='ocrx_word' id='word_1_643' title='bbox 2596 2995 2848 3053; x_wconf 88' lang='lat' dir='ltr'>pressura</span> <span class='ocrx_word' id='word_1_644' title='bbox 2892 2987 3079 3036; x_wconf 87' lang='lat' dir='ltr'>nostra</span> <span class='ocrx_word' id='word_1_645' title='bbox 3121 2996 3217 3052; x_wconf 91' lang='lat' dir='ltr'>per</span> <span class='ocrx_word' id='word_1_646' title='bbox 3266 2987 3507 3035; x_wconf 85' lang='lat' dir='ltr'>vestram</span> <span class='ocrx_word' id='word_1_647' title='bbox 3541 2979 3726 3046; x_wconf 89' lang='lat' dir='ltr'>ﬁdem,</span> 
     </span>
    </p>
   </div>
   <div class='ocr_carea' id='block_1_89' title="bbox 2129 3069 3716 3143">
    <p class='ocr_par' dir='ltr' id='par_1_89' title="bbox 2129 3069 3716 3143">
     <span class='ocr_line' id='line_1_89' title="bbox 2129 3069 3716 3143; baseline 0 -19"><span class='ocrx_word' id='word_1_648' title='bbox 2129 3069 2389 3143; x_wconf 89' lang='lat' dir='ltr'>quoniam</span> <span class='ocrx_word' id='word_1_649' title='bbox 2421 3087 2570 3126; x_wconf 91' lang='lat' dir='ltr'>nunc</span> <span class='ocrx_word' id='word_1_650' title='bbox 2589 3070 2852 3139; x_wconf 88' lang='lat' dir='ltr'>vivimus,</span> <span class='ocrx_word' id='word_1_651' title='bbox 2877 3070 2922 3126; x_wconf 91' lang='lat' dir='ltr'>si</span> <span class='ocrx_word' id='word_1_652' title='bbox 2948 3087 3046 3126; x_wconf 94' lang='lat' dir='ltr'>vos</span> <span class='ocrx_word' id='word_1_653' title='bbox 3061 3069 3325 3126; x_wconf 89' lang='lat' dir='ltr'>steteritis</span> <span class='ocrx_word' id='word_1_654' title='bbox 3353 3070 3413 3126; x_wconf 91' lang='lat' dir='ltr'>in</span> <span class='ocrx_word' id='word_1_655' title='bbox 3446 3069 3716 3127; x_wconf 80' lang='lat' dir='ltr'>Christo.-</span> 
     </span>
    </p>
   </div>
   <div class='ocr_carea' id='block_1_90' title="bbox 2128 3158 3729 3216">
    <p class='ocr_par' dir='ltr' id='par_1_90' title="bbox 2128 3158 3729 3216">
     <span class='ocr_line' id='line_1_90' title="bbox 2128 3158 3729 3216; baseline -0.001 -1"><span class='ocrx_word' id='word_1_656' title='bbox 2128 3159 2441 3215; x_wconf 90' lang='lat' dir='ltr'>Declaravit</span> <span class='ocrx_word' id='word_1_657' title='bbox 2478 3176 2579 3215; x_wconf 91' lang='lat' dir='ltr'>cur</span> <span class='ocrx_word' id='word_1_658' title='bbox 2607 3158 2774 3216; x_wconf 89' lang='lat' dir='ltr'>alacri</span> <span class='ocrx_word' id='word_1_659' title='bbox 2819 3175 3068 3216; x_wconf 89' lang='lat' dir='ltr'>sermone</span> <span class='ocrx_word' id='word_1_660' title='bbox 3098 3158 3301 3215; x_wconf 90' lang='lat' dir='ltr'>scribat</span> <span class='ocrx_word' id='word_1_661' title='bbox 3330 3159 3400 3216; x_wconf 89' lang='lat' dir='ltr'>ad</span> <span class='ocrx_word' id='word_1_662' title='bbox 3428 3175 3528 3214; x_wconf 91' lang='lat' dir='ltr'>eos</span> <span class='ocrx_word' id='word_1_663' title='bbox 3563 3178 3574 3214; x_wconf 91' lang='lat'><em>:</em></span> <span class='ocrx_word' id='word_1_664' title='bbox 3609 3158 3729 3214; x_wconf 92' lang='lat' dir='ltr'>ideo</span> 
     </span>
    </p>
   </div>
   <div class='ocr_carea' id='block_1_91' title="bbox 2129 3246 3734 3318">
    <p class='ocr_par' dir='ltr' id='par_1_91' title="bbox 2129 3246 3734 3318">
     <span class='ocr_line' id='line_1_91' title="bbox 2129 3246 3734 3318; baseline -0.002 -12"><span class='ocrx_word' id='word_1_665' title='bbox 2129 3249 2301 3318; x_wconf 90' lang='lat' dir='ltr'>enim,</span> <span class='ocrx_word' id='word_1_666' title='bbox 2359 3249 2559 3306; x_wconf 91' lang='lat' dir='ltr'>nuntio</span> <span class='ocrx_word' id='word_1_667' title='bbox 2613 3247 2890 3313; x_wconf 91' lang='lat' dir='ltr'>veniente,</span> <span class='ocrx_word' id='word_1_668' title='bbox 2928 3256 2984 3304; x_wconf 93' lang='lat' dir='ltr'>et</span> <span class='ocrx_word' id='word_1_669' title='bbox 3041 3247 3359 3303; x_wconf 88' lang='lat' dir='ltr'>ﬁrmitatem</span> <span class='ocrx_word' id='word_1_670' title='bbox 3415 3246 3734 3303; x_wconf 86' lang='lat' dir='ltr'>devotionis</span> 
     </span>
    </p>
   </div>
   <div class='ocr_carea' id='block_1_92' title="bbox 2130 3338 3730 3411">
    <p class='ocr_par' dir='ltr' id='par_1_92' title="bbox 2130 3338 3730 3411">
     <span class='ocr_line' id='line_1_92' title="bbox 2130 3338 3730 3411; baseline 0 -15"><span class='ocrx_word' id='word_1_671' title='bbox 2130 3341 2352 3396; x_wconf 90' lang='lat' dir='ltr'>illorum</span> <span class='ocrx_word' id='word_1_672' title='bbox 2411 3341 2468 3395; x_wconf 90' lang='lat' dir='ltr'>in</span> <span class='ocrx_word' id='word_1_673' title='bbox 2519 3340 2625 3396; x_wconf 89' lang='lat' dir='ltr'>ﬁde</span> <span class='ocrx_word' id='word_1_674' title='bbox 2674 3349 2726 3396; x_wconf 92' lang='lat' dir='ltr'>et</span> <span class='ocrx_word' id='word_1_675' title='bbox 2772 3339 3068 3396; x_wconf 92' lang='lat' dir='ltr'>dilectione</span> <span class='ocrx_word' id='word_1_676' title='bbox 3111 3339 3363 3411; x_wconf 83' lang='lat' dir='ltr'>Apostoli</span> <span class='ocrx_word' id='word_1_677' title='bbox 3393 3338 3730 3407; x_wconf 85' lang='lat' dir='ltr'>declarante,</span> 
     </span>
    </p>
   </div>
   <div class='ocr_carea' id='block_1_93' title="bbox 2132 3427 3733 3497">
    <p class='ocr_par' dir='ltr' id='par_1_93' title="bbox 2132 3427 3733 3497">
     <span class='ocr_line' id='line_1_93' title="bbox 2132 3427 3733 3497; baseline 0 -13"><span class='ocrx_word' id='word_1_678' title='bbox 2132 3430 2288 3484; x_wconf 85' lang='lat' dir='ltr'>laetus</span> <span class='ocrx_word' id='word_1_679' title='bbox 2317 3429 2494 3485; x_wconf 84' lang='lat' dir='ltr'>factus</span> <span class='ocrx_word' id='word_1_680' title='bbox 2523 3428 2591 3484; x_wconf 92' lang='lat' dir='ltr'>de</span> <span class='ocrx_word' id='word_1_681' title='bbox 2639 3428 2920 3485; x_wconf 89' lang='lat' dir='ltr'>communi</span> <span class='ocrx_word' id='word_1_682' title='bbox 2951 3428 3264 3497; x_wconf 87' lang='lat' dir='ltr'>concordia,</span> <span class='ocrx_word' id='word_1_683' title='bbox 3297 3427 3498 3485; x_wconf 89' lang='lat' dir='ltr'>scribit</span> <span class='ocrx_word' id='word_1_684' title='bbox 3545 3429 3614 3485; x_wconf 90' lang='lat' dir='ltr'>ad</span> <span class='ocrx_word' id='word_1_685' title='bbox 3643 3445 3733 3484; x_wconf 89' lang='lat' dir='ltr'>eos</span> 
     </span>
    </p>
   </div>
   <div class='ocr_carea' id='block_1_94' title="bbox 2133 3517 3735 3576">
    <p class='ocr_par' dir='ltr' id='par_1_94' title="bbox 2133 3517 3735 3576">
     <span class='ocr_line' id='line_1_94' title="bbox 2133 3517 3735 3576; baseline 0 -3"><span class='ocrx_word' id='word_1_686' title='bbox 2133 3534 2386 3573; x_wconf 90' lang='lat' dir='ltr'>securum</span> <span class='ocrx_word' id='word_1_687' title='bbox 2415 3517 2622 3573; x_wconf 90' lang='lat' dir='ltr'>habens</span> <span class='ocrx_word' id='word_1_688' title='bbox 2652 3517 2894 3574; x_wconf 90' lang='lat' dir='ltr'>fructum</span> <span class='ocrx_word' id='word_1_689' title='bbox 2928 3517 3054 3574; x_wconf 91' lang='lat' dir='ltr'>ﬁdei</span> <span class='ocrx_word' id='word_1_690' title='bbox 3075 3525 3131 3574; x_wconf 91' lang='lat' dir='ltr'>et</span> <span class='ocrx_word' id='word_1_691' title='bbox 3159 3517 3318 3574; x_wconf 69' lang='lat' dir='ltr'>bonae</span> <span class='ocrx_word' id='word_1_692' title='bbox 3346 3519 3735 3576; x_wconf 89' lang='lat' dir='ltr'>conversatio-</span> 
     </span>
    </p>
   </div>
   <div class='ocr_carea' id='block_1_95' title="bbox 2133 3623 2452 3663">
    <p class='ocr_par' dir='ltr' id='par_1_95' title="bbox 2133 3623 2452 3663">
     <span class='ocr_line' id='line_1_95' title="bbox 2133 3623 2452 3663; baseline -0.006 0"><span class='ocrx_word' id='word_1_693' title='bbox 2133 3623 2221 3663; x_wconf 81' lang='lat' dir='ltr'>DIS</span> <span class='ocrx_word' id='word_1_694' title='bbox 2241 3623 2452 3662; x_wconf 89' lang='lat' dir='ltr'>eorum.</span> 
     </span>
    </p>
   </div>
   <div class='ocr_carea' id='block_1_96' title="bbox 2209 3703 3727 3777">
    <p class='ocr_par' dir='ltr' id='par_1_96' title="bbox 2209 3703 3727 3777">
     <span class='ocr_line' id='line_1_96' title="bbox 2209 3703 3727 3777; baseline 0 -15"><span class='ocrx_word' id='word_1_695' title='bbox 2209 3706 2390 3777; x_wconf 80' lang='lat' dir='ltr'>(Vera.</span> <span class='ocrx_word' id='word_1_696' title='bbox 2431 3703 2486 3773; x_wconf 88' lang='lat'>9,</span> <span class='ocrx_word' id='word_1_697' title='bbox 2517 3703 2629 3775; x_wconf 87' lang='grc'><strong>10.)</strong></span> <span class='ocrx_word' id='word_1_698' title='bbox 2676 3727 2696 3752; x_wconf 72' lang='grc' dir='ltr'><strong>ε</strong></span> <span class='ocrx_word' id='word_1_699' title='bbox 2723 3703 2897 3771; x_wconf 89' lang='lat' dir='ltr'>Quam</span> <span class='ocrx_word' id='word_1_700' title='bbox 2942 3703 3089 3760; x_wconf 91' lang='lat' dir='ltr'>enim</span> <span class='ocrx_word' id='word_1_701' title='bbox 3121 3704 3415 3777; x_wconf 86' lang='lat' dir='ltr'>gratiarum</span> <span class='ocrx_word' id='word_1_702' title='bbox 3449 3706 3727 3762; x_wconf 88' lang='lat' dir='ltr'>actionem</span> 
     </span>
    </p>
   </div>
   <div class='ocr_carea' id='block_1_97' title="bbox 2133 3793 3731 3868">
    <p class='ocr_par' dir='ltr' id='par_1_97' title="bbox 2133 3793 3731 3868">
     <span class='ocr_line' id='line_1_97' title="bbox 2133 3793 3731 3868; baseline 0.001 -18"><span class='ocrx_word' id='word_1_703' title='bbox 2133 3811 2422 3868; x_wconf 90' lang='lat' dir='ltr'>possumus</span> <span class='ocrx_word' id='word_1_704' title='bbox 2468 3797 2670 3850; x_wconf 86' lang='lat' dir='ltr'>referre</span> <span class='ocrx_word' id='word_1_705' title='bbox 2697 3795 2810 3849; x_wconf 92' lang='lat' dir='ltr'>Deo</span> <span class='ocrx_word' id='word_1_706' title='bbox 2840 3793 2906 3849; x_wconf 92' lang='lat' dir='ltr'>de</span> <span class='ocrx_word' id='word_1_707' title='bbox 2937 3793 3095 3849; x_wconf 86' lang='lat' dir='ltr'>vobis</span> <span class='ocrx_word' id='word_1_708' title='bbox 3131 3811 3293 3866; x_wconf 89' lang='lat' dir='ltr'>super</span> <span class='ocrx_word' id='word_1_709' title='bbox 3320 3795 3476 3850; x_wconf 91' lang='lat' dir='ltr'>omni</span> <span class='ocrx_word' id='word_1_710' title='bbox 3511 3796 3731 3868; x_wconf 85' lang='lat' dir='ltr'>gaudio,</span> 
     </span>
    </p>
   </div>
   <div class='ocr_carea' id='block_1_98' title="bbox 2133 3883 3735 3958">
    <p class='ocr_par' dir='ltr' id='par_1_98' title="bbox 2133 3883 3735 3958">
     <span class='ocr_line' id='line_1_98' title="bbox 2133 3883 3735 3958; baseline 0.002 -18"><span class='ocrx_word' id='word_1_711' title='bbox 2133 3901 2242 3958; x_wconf 89' lang='lat' dir='ltr'>quo</span> <span class='ocrx_word' id='word_1_712' title='bbox 2273 3883 2573 3957; x_wconf 89' lang='lat' dir='ltr'>gaudemus</span> <span class='ocrx_word' id='word_1_713' title='bbox 2603 3891 2822 3958; x_wconf 90' lang='lat' dir='ltr'>propter</span> <span class='ocrx_word' id='word_1_714' title='bbox 2842 3901 2939 3940; x_wconf 91' lang='lat' dir='ltr'>vos</span> <span class='ocrx_word' id='word_1_715' title='bbox 2969 3902 3150 3941; x_wconf 90' lang='lat' dir='ltr'>coram</span> <span class='ocrx_word' id='word_1_716' title='bbox 3181 3886 3295 3941; x_wconf 92' lang='lat' dir='ltr'>Deo</span> <span class='ocrx_word' id='word_1_717' title='bbox 3323 3895 3544 3954; x_wconf 92' lang='lat' dir='ltr'>nostro,</span> <span class='ocrx_word' id='word_1_718' title='bbox 3577 3893 3735 3943; x_wconf 86' lang='lat' dir='ltr'>nocte</span> 
     </span>
    </p>
   </div>
   <div class='ocr_carea' id='block_1_99' title="bbox 2133 3975 3738 4048">
    <p class='ocr_par' dir='ltr' id='par_1_99' title="bbox 2133 3975 3738 4048">
     <span class='ocr_line' id='line_1_99' title="bbox 2133 3975 3738 4048; baseline 0.001 -16"><span class='ocrx_word' id='word_1_719' title='bbox 2133 3976 2333 4048; x_wconf 90' lang='lat' dir='ltr'>dieque</span> <span class='ocrx_word' id='word_1_720' title='bbox 2413 3975 2882 4033; x_wconf 85' lang='lat' dir='ltr'>abundantissime</span> <span class='ocrx_word' id='word_1_721' title='bbox 2965 3985 3183 4033; x_wconf 88' lang='lat' dir='ltr'>orantes</span> <span class='ocrx_word' id='word_1_722' title='bbox 3215 4020 3231 4045; x_wconf 96' lang='lat'>,</span> <span class='ocrx_word' id='word_1_723' title='bbox 3307 3984 3368 4033; x_wconf 88' lang='lat' dir='ltr'>ut</span> <span class='ocrx_word' id='word_1_724' title='bbox 3448 3978 3738 4034; x_wconf 88' lang='lat' dir='ltr'>videamus</span> 
     </span>
    </p>
   </div>
   <div class='ocr_carea' id='block_1_100' title="bbox 2133 4065 3737 4140">
    <p class='ocr_par' dir='ltr' id='par_1_100' title="bbox 2133 4065 3737 4140">
     <span class='ocr_line' id='line_1_100' title="bbox 2133 4065 3737 4140; baseline 0.001 -19"><span class='ocrx_word' id='word_1_725' title='bbox 2133 4066 2330 4123; x_wconf 87' lang='lat' dir='ltr'>faciem</span> <span class='ocrx_word' id='word_1_726' title='bbox 2377 4074 2639 4133; x_wconf 88' lang='lat' dir='ltr'>vestram,</span> <span class='ocrx_word' id='word_1_727' title='bbox 2679 4074 2733 4122; x_wconf 92' lang='lat' dir='ltr'>et</span> <span class='ocrx_word' id='word_1_728' title='bbox 2775 4069 3145 4139; x_wconf 90' lang='lat' dir='ltr'>suppleamus,</span> <span class='ocrx_word' id='word_1_729' title='bbox 3195 4083 3316 4140; x_wconf 77' lang='lat' dir='ltr'>quae</span> <span class='ocrx_word' id='word_1_730' title='bbox 3365 4067 3569 4123; x_wconf 88' lang='lat' dir='ltr'>desunt</span> <span class='ocrx_word' id='word_1_731' title='bbox 3607 4065 3737 4122; x_wconf 87' lang='lat' dir='ltr'>ﬁdei</span> 
     </span>
    </p>
   </div>
   <div class='ocr_carea' id='block_1_101' title="bbox 2135 4157 3738 4232">
    <p class='ocr_par' dir='ltr' id='par_1_101' title="bbox 2135 4157 3738 4232">
     <span class='ocr_line' id='line_1_101' title="bbox 2135 4157 3738 4232; baseline 0.001 -20"><span class='ocrx_word' id='word_1_732' title='bbox 2135 4166 2349 4213; x_wconf 71' lang='lat' dir='ltr'>vestrae.</span> <span class='ocrx_word' id='word_1_733' title='bbox 2384 4181 2402 4204; x_wconf 81' lang='grc'>›</span> <span class='ocrx_word' id='word_1_734' title='bbox 2449 4157 2598 4214; x_wconf 91' lang='lat' dir='ltr'>Nihil</span> <span class='ocrx_word' id='word_1_735' title='bbox 2643 4157 2780 4214; x_wconf 91' lang='lat' dir='ltr'>dicit</span> <span class='ocrx_word' id='word_1_736' title='bbox 2828 4166 2941 4214; x_wconf 90' lang='lat' dir='ltr'>tam</span> <span class='ocrx_word' id='word_1_737' title='bbox 2988 4159 3242 4231; x_wconf 88' lang='lat' dir='ltr'>dignum,</span> <span class='ocrx_word' id='word_1_738' title='bbox 3291 4159 3439 4232; x_wconf 93' lang='lat' dir='ltr'>quod</span> <span class='ocrx_word' id='word_1_739' title='bbox 3488 4157 3738 4214; x_wconf 80' lang='lat' dir='ltr'>sufﬁcere</span> 
     </span>
    </p>
   </div>
   <div class='ocr_carea' id='block_1_102' title="bbox 2135 4245 3738 4320">
    <p class='ocr_par' dir='ltr' id='par_1_102' title="bbox 2135 4245 3738 4320">
     <span class='ocr_line' id='line_1_102' title="bbox 2135 4245 3738 4320; baseline 0.001 -18"><span class='ocrx_word' id='word_1_740' title='bbox 2135 4246 2307 4320; x_wconf 90' lang='lat' dir='ltr'>possit</span> <span class='ocrx_word' id='word_1_741' title='bbox 2345 4245 2413 4302; x_wconf 90' lang='lat' dir='ltr'>ad</span> <span class='ocrx_word' id='word_1_742' title='bbox 2460 4246 2962 4319; x_wconf 87' lang='lat' dir='ltr'>compensationem</span> <span class='ocrx_word' id='word_1_743' title='bbox 3017 4247 3300 4319; x_wconf 61' lang='lat' dir='ltr'>acquisita</span> <span class='ocrx_word' id='word_1_744' title='bbox 3351 4249 3549 4303; x_wconf 91' lang='lat' dir='ltr'>salutis</span> <span class='ocrx_word' id='word_1_745' title='bbox 3597 4263 3738 4320; x_wconf 86' lang='lat' dir='ltr'>gen—</span> 
     </span>
    </p>
   </div>
   <div class='ocr_carea' id='block_1_103' title="bbox 2133 4336 3739 4409">
    <p class='ocr_par' dir='ltr' id='par_1_103' title="bbox 2133 4336 3739 4409">
     <span class='ocr_line' id='line_1_103' title="bbox 2133 4336 3739 4409; baseline 0 -18"><span class='ocrx_word' id='word_1_746' title='bbox 2133 4337 2296 4391; x_wconf 90' lang='lat' dir='ltr'>tium.</span> <span class='ocrx_word' id='word_1_747' title='bbox 2354 4337 2426 4391; x_wconf 90' lang='lat' dir='ltr'>Et</span> <span class='ocrx_word' id='word_1_748' title='bbox 2482 4336 2741 4408; x_wconf 88' lang='lat' dir='ltr'>quoniam</span> <span class='ocrx_word' id='word_1_749' title='bbox 2799 4344 3165 4408; x_wconf 85' lang='lat' dir='ltr'>provexerant</span> <span class='ocrx_word' id='word_1_750' title='bbox 3222 4353 3277 4392; x_wconf 93' lang='lat' dir='ltr'>se</span> <span class='ocrx_word' id='word_1_751' title='bbox 3329 4336 3739 4409; x_wconf 82' lang='lat' dir='ltr'>perseverantia</span> 
     </span>
    </p>
   </div>
   <div class='ocr_carea' id='block_1_104' title="bbox 2136 4423 3735 4498">
    <p class='ocr_par' dir='ltr' id='par_1_104' title="bbox 2136 4423 3735 4498">
     <span class='ocr_line' id='line_1_104' title="bbox 2136 4423 3735 4498; baseline 0.001 -20"><span class='ocrx_word' id='word_1_752' title='bbox 2136 4423 2284 4491; x_wconf 87' lang='lat' dir='ltr'>ﬁdei,</span> <span class='ocrx_word' id='word_1_753' title='bbox 2317 4433 2370 4480; x_wconf 92' lang='lat' dir='ltr'>et</span> <span class='ocrx_word' id='word_1_754' title='bbox 2416 4432 2542 4480; x_wconf 91' lang='lat' dir='ltr'>actu</span> <span class='ocrx_word' id='word_1_755' title='bbox 2586 4425 2716 4479; x_wconf 56' lang='lat' dir='ltr'>vitae</span> <span class='ocrx_word' id='word_1_756' title='bbox 2764 4424 3032 4492; x_wconf 89' lang='lat' dir='ltr'>melioris,</span> <span class='ocrx_word' id='word_1_757' title='bbox 3063 4425 3238 4496; x_wconf 89' lang='lat' dir='ltr'>magis</span> <span class='ocrx_word' id='word_1_758' title='bbox 3282 4441 3346 4481; x_wconf 91' lang='lat' dir='ltr'>ac</span> <span class='ocrx_word' id='word_1_759' title='bbox 3378 4426 3556 4496; x_wconf 83' lang='lat' dir='ltr'>magis</span> <span class='ocrx_word' id='word_1_760' title='bbox 3583 4424 3735 4498; x_wconf 90' lang='lat' dir='ltr'>cupit</span> 
     </span>
    </p>
   </div>
   <div class='ocr_carea' id='block_1_105' title="bbox 2063 4514 3734 4614">
    <p class='ocr_par' dir='ltr' id='par_1_105' title="bbox 2063 4514 3734 4614">
     <span class='ocr_line' id='line_1_105' title="bbox 2063 4514 3734 4614; baseline -0.001 -45"><span class='ocrx_word' id='word_1_761' title='bbox 2063 4554 2105 4614; x_wconf 69' lang='grc' dir='ltr'>Ο</span> <span class='ocrx_word' id='word_1_762' title='bbox 2137 4531 2229 4569; x_wconf 92' lang='lat' dir='ltr'>eos</span> <span class='ocrx_word' id='word_1_763' title='bbox 2283 4514 2491 4582; x_wconf 89' lang='lat' dir='ltr'>videre,</span> <span class='ocrx_word' id='word_1_764' title='bbox 2525 4523 2586 4570; x_wconf 94' lang='lat' dir='ltr'>ut</span> <span class='ocrx_word' id='word_1_765' title='bbox 2641 4531 2705 4569; x_wconf 87' lang='lat' dir='ltr'>ea</span> <span class='ocrx_word' id='word_1_766' title='bbox 2762 4530 2881 4586; x_wconf 49' lang='lat' dir='ltr'>quae.</span> <span class='ocrx_word' id='word_1_767' title='bbox 2929 4514 2997 4570; x_wconf 90' lang='lat' dir='ltr'>ad</span> <span class='ocrx_word' id='word_1_768' title='bbox 3057 4515 3449 4587; x_wconf 89' lang='lat' dir='ltr'>perfectionem</span> <span class='ocrx_word' id='word_1_769' title='bbox 3508 4515 3734 4570; x_wconf 90' lang='lat' dir='ltr'>illorum</span> 
     </span>
    </p>
   </div>
   <div class='ocr_carea' id='block_1_106' title="bbox 2137 4602 3736 4676">
    <p class='ocr_par' dir='ltr' id='par_1_106' title="bbox 2137 4602 3736 4676">
     <span class='ocr_line' id='line_1_106' title="bbox 2137 4602 3736 4676; baseline 0 -18"><span class='ocrx_word' id='word_1_770' title='bbox 2137 4603 2436 4676; x_wconf 89' lang='lat' dir='ltr'>pertinent,</span> <span class='ocrx_word' id='word_1_771' title='bbox 2510 4603 2774 4670; x_wconf 78' lang='lat' dir='ltr'>ediscant,</span> <span class='ocrx_word' id='word_1_772' title='bbox 2853 4611 3192 4660; x_wconf 89' lang='lat' dir='ltr'>sacramenta</span> <span class='ocrx_word' id='word_1_773' title='bbox 3267 4602 3481 4659; x_wconf 91' lang='lat' dir='ltr'>scilicet</span> <span class='ocrx_word' id='word_1_774' title='bbox 3552 4619 3736 4658; x_wconf 89' lang='lat' dir='ltr'>rerum</span> 
     </span>
    </p>
   </div>
   <div class='ocr_carea' id='block_1_107' title="bbox 2136 4692 3741 4767">
    <p class='ocr_par' dir='ltr' id='par_1_107' title="bbox 2136 4692 3741 4767">
     <span class='ocr_line' id='line_1_107' title="bbox 2136 4692 3741 4767; baseline 0 -19"><span class='ocrx_word' id='word_1_775' title='bbox 2136 4692 2468 4765; x_wconf 90' lang='lat' dir='ltr'>spiritalium</span> <span class='ocrx_word' id='word_1_776' title='bbox 2495 4735 2510 4760; x_wconf 93' lang='lat'>,</span> <span class='ocrx_word' id='word_1_777' title='bbox 2551 4709 2672 4764; x_wconf 61' lang='lat' dir='ltr'>qua</span> <span class='ocrx_word' id='word_1_778' title='bbox 2715 4693 2874 4749; x_wconf 89' lang='lat' dir='ltr'>facile</span> <span class='ocrx_word' id='word_1_779' title='bbox 2915 4694 3185 4767; x_wconf 91' lang='lat' dir='ltr'>publicari</span> <span class='ocrx_word' id='word_1_780' title='bbox 3233 4710 3345 4750; x_wconf 91' lang='lat' dir='ltr'>non</span> <span class='ocrx_word' id='word_1_781' title='bbox 3393 4694 3642 4751; x_wconf 89' lang='lat' dir='ltr'>debent:</span> <span class='ocrx_word' id='word_1_782' title='bbox 3675 4701 3741 4749; x_wconf 91' lang='lat' dir='ltr'>ut</span> 
     </span>
    </p>
   </div>
   <div class='ocr_carea' id='block_1_108' title="bbox 2136 4783 3741 4857">
    <p class='ocr_par' dir='ltr' id='par_1_108' title="bbox 2136 4783 3741 4857">
     <span class='ocr_line' id='line_1_108' title="bbox 2136 4783 3741 4857; baseline -0.001 -18"><span class='ocrx_word' id='word_1_783' title='bbox 2136 4783 2340 4840; x_wconf 87' lang='lat' dir='ltr'>scirent</span> <span class='ocrx_word' id='word_1_784' title='bbox 2396 4783 2520 4856; x_wconf 89' lang='lat' dir='ltr'>quis</span> <span class='ocrx_word' id='word_1_785' title='bbox 2572 4791 2626 4839; x_wconf 92' lang='lat' dir='ltr'>et</span> <span class='ocrx_word' id='word_1_786' title='bbox 2676 4799 2839 4856; x_wconf 90' lang='lat' dir='ltr'>quam</span> <span class='ocrx_word' id='word_1_787' title='bbox 2898 4785 3205 4841; x_wconf 88' lang='lat' dir='ltr'>immensus</span> <span class='ocrx_word' id='word_1_788' title='bbox 3260 4793 3343 4840; x_wconf 91' lang='lat' dir='ltr'>est</span> <span class='ocrx_word' id='word_1_789' title='bbox 3396 4785 3515 4852; x_wconf 90' lang='lat' dir='ltr'>ille,</span> <span class='ocrx_word' id='word_1_790' title='bbox 3576 4800 3741 4857; x_wconf 88' lang='lat' dir='ltr'>quem</span> 
     </span>
    </p>
   </div>
   <div class='ocr_carea' id='block_1_109' title="bbox 2131 4872 3741 4945">
    <p class='ocr_par' dir='ltr' id='par_1_109' title="bbox 2131 4872 3741 4945">
     <span class='ocr_line' id='line_1_109' title="bbox 2131 4872 3741 4945; baseline -0.001 -17"><span class='ocrx_word' id='word_1_791' title='bbox 2131 4872 2374 4945; x_wconf 91' lang='lat' dir='ltr'>judicem</span> <span class='ocrx_word' id='word_1_792' title='bbox 2417 4872 2726 4944; x_wconf 87' lang='lat' dir='ltr'>sperabant.</span> <span class='ocrx_word' id='word_1_793' title='bbox 2759 4873 2930 4930; x_wconf 83' lang='lat' dir='ltr'>Aliud</span> <span class='ocrx_word' id='word_1_794' title='bbox 2959 4881 3040 4930; x_wconf 91' lang='lat' dir='ltr'>est</span> <span class='ocrx_word' id='word_1_795' title='bbox 3090 4872 3237 4928; x_wconf 89' lang='lat' dir='ltr'>enim</span> <span class='ocrx_word' id='word_1_796' title='bbox 3271 4872 3435 4928; x_wconf 87' lang='lat' dir='ltr'>ﬁdem</span> <span class='ocrx_word' id='word_1_797' title='bbox 3468 4872 3741 4945; x_wconf 87' lang='lat' dir='ltr'>accipere,</span> 
     </span>
    </p>
   </div>
   <div class='ocr_carea' id='block_1_110' title="bbox 2137 4961 3744 5036">
    <p class='ocr_par' dir='ltr' id='par_1_110' title="bbox 2137 4961 3744 5036">
     <span class='ocr_line' id='line_1_110' title="bbox 2137 4961 3744 5036; baseline -0.001 -18"><span class='ocrx_word' id='word_1_798' title='bbox 2137 4971 2191 5018; x_wconf 91' lang='lat' dir='ltr'>et</span> <span class='ocrx_word' id='word_1_799' title='bbox 2219 4961 2372 5018; x_wconf 84' lang='lat' dir='ltr'>aliud</span> <span class='ocrx_word' id='word_1_800' title='bbox 2402 4961 2809 5034; x_wconf 88' lang='lat' dir='ltr'>expositionem</span> <span class='ocrx_word' id='word_1_801' title='bbox 2830 4961 2955 5018; x_wconf 88' lang='lat' dir='ltr'>ﬁdei</span> <span class='ocrx_word' id='word_1_802' title='bbox 2992 4980 3005 5018; x_wconf 87' lang='lat'><strong>:</strong></span> <span class='ocrx_word' id='word_1_803' title='bbox 3033 4963 3207 5019; x_wconf 90' lang='lat' dir='ltr'>altera</span> <span class='ocrx_word' id='word_1_804' title='bbox 3245 4963 3394 5018; x_wconf 90' lang='lat' dir='ltr'>enim</span> <span class='ocrx_word' id='word_1_805' title='bbox 3433 4962 3744 5036; x_wconf 87' lang='lat' dir='ltr'>disputatio</span> 
     </span>
    </p>
   </div>
   <div class='ocr_carea' id='block_1_111' title="bbox 2137 5050 3743 5124">
    <p class='ocr_par' dir='ltr' id='par_1_111' title="bbox 2137 5050 3743 5124">
     <span class='ocr_line' id='line_1_111' title="bbox 2137 5050 3743 5124; baseline 0 -17"><span class='ocrx_word' id='word_1_806' title='bbox 2137 5060 2218 5108; x_wconf 92' lang='lat' dir='ltr'>est</span> <span class='ocrx_word' id='word_1_807' title='bbox 2249 5051 2315 5108; x_wconf 92' lang='lat' dir='ltr'>de</span> <span class='ocrx_word' id='word_1_808' title='bbox 2342 5059 2539 5106; x_wconf 90' lang='lat' dir='ltr'>natura</span> <span class='ocrx_word' id='word_1_809' title='bbox 2566 5050 2743 5108; x_wconf 89' lang='lat' dir='ltr'>Patris</span> <span class='ocrx_word' id='word_1_810' title='bbox 2772 5059 2825 5108; x_wconf 90' lang='lat' dir='ltr'>et</span> <span class='ocrx_word' id='word_1_811' title='bbox 2855 5051 3005 5118; x_wconf 90' lang='lat' dir='ltr'>Filii,</span> <span class='ocrx_word' id='word_1_812' title='bbox 3037 5059 3091 5106; x_wconf 91' lang='lat' dir='ltr'>et</span> <span class='ocrx_word' id='word_1_813' title='bbox 3119 5051 3228 5107; x_wconf 89' lang='lat' dir='ltr'>alia</span> <span class='ocrx_word' id='word_1_814' title='bbox 3257 5052 3326 5108; x_wconf 90' lang='lat' dir='ltr'>de</span> <span class='ocrx_word' id='word_1_815' title='bbox 3347 5052 3601 5124; x_wconf 88' lang='lat' dir='ltr'>personis</span> <span class='ocrx_word' id='word_1_816' title='bbox 3633 5050 3743 5122; x_wconf 92' lang='grc'><strong>(8).</strong></span> 
     </span>
    </p>
   </div>
   <div class='ocr_carea' id='block_1_112' title="bbox 2137 5140 3742 5215">
    <p class='ocr_par' dir='ltr' id='par_1_112' title="bbox 2137 5140 3742 5215">
     <span class='ocr_line' id='line_1_112' title="bbox 2137 5140 3742 5215; baseline -0.001 -17"><span class='ocrx_word' id='word_1_817' title='bbox 2137 5143 2296 5198; x_wconf 91' lang='lat' dir='ltr'>Pater</span> <span class='ocrx_word' id='word_1_818' title='bbox 2325 5142 2603 5215; x_wconf 91' lang='lat' dir='ltr'>ingenitus</span> <span class='ocrx_word' id='word_1_819' title='bbox 2641 5150 2740 5210; x_wconf 90' lang='lat' dir='ltr'>est,</span> <span class='ocrx_word' id='word_1_820' title='bbox 2774 5140 2951 5197; x_wconf 79' lang='lat' dir='ltr'>Filius</span> <span class='ocrx_word' id='word_1_821' title='bbox 2987 5157 3122 5196; x_wconf 89' lang='lat' dir='ltr'>vero</span> <span class='ocrx_word' id='word_1_822' title='bbox 3170 5141 3390 5214; x_wconf 88' lang='lat' dir='ltr'>genitus</span> <span class='ocrx_word' id='word_1_823' title='bbox 3420 5160 3432 5197; x_wconf 90' lang='lat'>:</span> <span class='ocrx_word' id='word_1_824' title='bbox 3469 5148 3742 5214; x_wconf 87' lang='lat' dir='ltr'>quantum</span> 
     </span>
    </p>
   </div>
   <div class='ocr_carea' id='block_1_113' title="bbox 2136 5229 3746 5306">
    <p class='ocr_par' dir='ltr' id='par_1_113' title="bbox 2136 5229 3746 5306">
     <span class='ocr_line' id='line_1_113' title="bbox 2136 5229 3746 5306; baseline -0.002 -19"><span class='ocrx_word' id='word_1_825' title='bbox 2136 5232 2204 5288; x_wconf 88' lang='lat' dir='ltr'>ad</span> <span class='ocrx_word' id='word_1_826' title='bbox 2234 5248 2492 5306; x_wconf 88' lang='lat' dir='ltr'>personas</span> <span class='ocrx_word' id='word_1_827' title='bbox 2535 5231 2799 5304; x_wconf 90' lang='lat' dir='ltr'>pertinet,</span> <span class='ocrx_word' id='word_1_828' title='bbox 2848 5229 3131 5286; x_wconf 86' lang='lat' dir='ltr'>diversum</span> <span class='ocrx_word' id='word_1_829' title='bbox 3187 5229 3433 5298; x_wconf 89' lang='lat' dir='ltr'>videtur,</span> <span class='ocrx_word' id='word_1_830' title='bbox 3482 5247 3610 5287; x_wconf 91' lang='lat' dir='ltr'>cum</span> <span class='ocrx_word' id='word_1_831' title='bbox 3667 5229 3746 5285; x_wconf 90' lang='lat' dir='ltr'>sit</span> 
     </span>
    </p>
   </div>
   <div class='ocr_carea' id='block_1_114' title="bbox 2137 5319 3745 5392">
    <p class='ocr_par' dir='ltr' id='par_1_114' title="bbox 2137 5319 3745 5392">
     <span class='ocr_line' id='line_1_114' title="bbox 2137 5319 3745 5392; baseline -0.001 -16"><span class='ocrx_word' id='word_1_832' title='bbox 2137 5321 2429 5378; x_wconf 89' lang='lat' dir='ltr'>individua</span> <span class='ocrx_word' id='word_1_833' title='bbox 2457 5321 2640 5377; x_wconf 90' lang='lat' dir='ltr'>unitas</span> <span class='ocrx_word' id='word_1_834' title='bbox 2674 5327 2920 5386; x_wconf 73' lang='lat' dir='ltr'>naturae;</span> <span class='ocrx_word' id='word_1_835' title='bbox 2954 5319 3141 5376; x_wconf 83' lang='lat' dir='ltr'>unitas</span> <span class='ocrx_word' id='word_1_836' title='bbox 3189 5319 3336 5374; x_wconf 92' lang='lat' dir='ltr'>enim</span> <span class='ocrx_word' id='word_1_837' title='bbox 3370 5335 3483 5375; x_wconf 89' lang='lat' dir='ltr'>non</span> <span class='ocrx_word' id='word_1_838' title='bbox 3516 5319 3575 5375; x_wconf 88' lang='lat' dir='ltr'>in</span> <span class='ocrx_word' id='word_1_839' title='bbox 3607 5334 3745 5392; x_wconf 85' lang='lat' dir='ltr'>per-</span> 
     </span>
    </p>
   </div>
   <div class='ocr_carea' id='block_1_115' title="bbox 2135 5407 3746 5479">
    <p class='ocr_par' dir='ltr' id='par_1_115' title="bbox 2135 5407 3746 5479">
     <span class='ocr_line' id='line_1_115' title="bbox 2135 5407 3746 5479; baseline -0.002 -15"><span class='ocrx_word' id='word_1_840' title='bbox 2135 5425 2268 5464; x_wconf 92' lang='lat' dir='ltr'>sona</span> <span class='ocrx_word' id='word_1_841' title='bbox 2308 5417 2410 5477; x_wconf 90' lang='lat' dir='ltr'>est,</span> <span class='ocrx_word' id='word_1_842' title='bbox 2442 5409 2537 5466; x_wconf 89' lang='lat' dir='ltr'>sed</span> <span class='ocrx_word' id='word_1_843' title='bbox 2563 5409 2622 5465; x_wconf 91' lang='lat' dir='ltr'>in</span> <span class='ocrx_word' id='word_1_844' title='bbox 2647 5408 2956 5464; x_wconf 90' lang='lat' dir='ltr'>substantia</span> <span class='ocrx_word' id='word_1_845' title='bbox 2989 5425 3000 5463; x_wconf 89' lang='lat'><strong>:</strong></span> <span class='ocrx_word' id='word_1_846' title='bbox 3034 5407 3273 5479; x_wconf 90' lang='lat' dir='ltr'>Spiritus</span> <span class='ocrx_word' id='word_1_847' title='bbox 3301 5413 3486 5463; x_wconf 89' lang='lat' dir='ltr'>autem</span> <span class='ocrx_word' id='word_1_848' title='bbox 3518 5414 3746 5463; x_wconf 86' lang='lat' dir='ltr'>sanctus</span> 
     </span>
    </p>
   </div>
   <div class='ocr_carea' id='block_1_116' title="bbox 2136 5494 3745 5570">
    <p class='ocr_par' dir='ltr' id='par_1_116' title="bbox 2136 5494 3745 5570">
     <span class='ocr_line' id='line_1_116' title="bbox 2136 5494 3745 5570; baseline -0.002 -17"><span class='ocrx_word' id='word_1_849' title='bbox 2136 5513 2247 5554; x_wconf 93' lang='lat' dir='ltr'>non</span> <span class='ocrx_word' id='word_1_850' title='bbox 2301 5497 2534 5570; x_wconf 87' lang='lat' dir='ltr'>degener</span> <span class='ocrx_word' id='word_1_851' title='bbox 2587 5504 2829 5570; x_wconf 88' lang='lat' dir='ltr'>putetur,</span> <span class='ocrx_word' id='word_1_852' title='bbox 2889 5495 3017 5570; x_wconf 87' lang='lat' dir='ltr'>quia</span> <span class='ocrx_word' id='word_1_853' title='bbox 3077 5495 3274 5552; x_wconf 86' lang='lat' dir='ltr'>tertius</span> <span class='ocrx_word' id='word_1_854' title='bbox 3333 5495 3583 5567; x_wconf 90' lang='lat' dir='ltr'>ponitur.</span> <span class='ocrx_word' id='word_1_855' title='bbox 3635 5494 3745 5562; x_wconf 90' lang='lat' dir='ltr'>Qui</span> 
     </span>
    </p>
   </div>
   <div class='ocr_carea' id='block_1_117' title="bbox 2207 5645 3462 5756">
    <p class='ocr_par' dir='ltr' id='par_1_117' title="bbox 2207 5645 3462 5756">
     <span class='ocr_line' id='line_1_117' title="bbox 2207 5645 3462 5756; baseline -0.001 -15"><span class='ocrx_word' id='word_1_856' title='bbox 2207 5683 2288 5756; x_wconf 92' lang='lat'>(8)</span> <span class='ocrx_word' id='word_1_857' title='bbox 2321 5686 2477 5743; x_wconf 83' lang='lat' dir='ltr'>Rom.</span> <span class='ocrx_word' id='word_1_858' title='bbox 2509 5684 2666 5754; x_wconf 78' lang='lat' dir='ltr'>edit,</span> <span class='ocrx_word' id='word_1_859' title='bbox 2697 5691 2749 5742; x_wconf 81' lang='lat' dir='ltr'>et</span> <span class='ocrx_word' id='word_1_860' title='bbox 2770 5683 2900 5742; x_wconf 71' lang='lat' dir='ltr'>Filii</span> <span class='ocrx_word' id='word_1_861' title='bbox 2928 5690 2976 5742; x_wconf 83' lang='lat' dir='ltr'>et</span> <span class='ocrx_word' id='word_1_862' title='bbox 3003 5682 3241 5756; x_wconf 74' lang='lat' dir='ltr'>Spiritus</span> <span class='ocrx_word' id='word_1_863' title='bbox 3269 5645 3462 5742; x_wconf 73' lang='lat' dir='ltr'>sancti.</span> 
     </span>
    </p>
   </div>
  </div>
