3908 6192
144 227 244 286 473

1133 226 1494 289 COMMENT.
1537 228 1609 285 IN
1647 227 1925 286 EPIST.'I
1962 231 2059 287 AD
2087 230 2414 292 THESSAL.

3334 237 3439 296 474

138 372 260 428 ergo
289 353 357 412 de
398 352 642 428 secunda
682 369 918 427 persona
945 369 1057 410 non
1105 353 1354 427 ambigit,
1405 354 1649 412 admittit
1677 363 1731 412 et
1757 357 1806 418 Α
1837 355 2044 428 spernit
2072 356 2206 424 haec,
2243 374 2350 414 non
2381 358 2660 420 hominem
2704 365 2932 437 spernit,
2961 363 3060 423 sed
3102 366 3304 434 Deum,
3338 356 3434 440 qui

140 445 346 500 tertiam
359 488 370 500 .

206 535 389 607 (Vers.
442 535 558 607 11.)
617 559 635 582 ι
664 536 786 607 Ipse
825 551 954 591 vero
991 536 1139 592 Deus
1169 542 1223 590 et
1250 535 1410 591 Pater
1437 543 1644 603 noster,
1677 544 1731 593 et

137 624 400 682 Dominus
420 633 608 682 noster
634 626 791 681 Jesus
810 624 1062 682 Christus
1091 625 1292 697 dirigat
1317 625 1464 681 viam
1489 635 1731 682 nostram

136 714 200 770 ad
220 731 334 770 vos.
370 741 388 763 ι
432 716 652 786 [ntegro
681 714 874 770 ordine
904 715 1008 770 iter
1031 731 1192 771 suum
1223 715 1441 788 disponi
1471 717 1731 788 postulat,

135 806 374 879 primum
427 823 459 862 a
504 807 620 862 Deo
667 807 843 874 Patre,
891 806 1020 879 quia
1048 805 1118 861 ab
1175 805 1292 878 ipso
1333 815 1464 862 sunt
1508 806 1729 862 omnia:

135 895 334 952 deinde
389 911 422 951 a
475 895 714 951 Domino
755 897 878 951 Jesu
935 895 1174 961 Christo,
1239 911 1332 967 per
1389 911 1550 966 quem
1606 901 1734 950 sunt

135 986 346 1053 omnia,
380 993 440 1040 ut
480 985 657 1041 virtus
702 994 863 1058 atque
909 985 1257 1058 providentia
1300 984 1476 1040 Patris
1518 991 1573 1038 et
1602 984 1732 1039 Filii

137 1074 435 1131 adventum
485 1074 604 1146 ejus
643 1075 1010 1144 commendet,
1040 1084 1095 1132 et
1141 1082 1203 1130 ut
1239 1073 1592 1146 acceptabilis
1639 1073 1735 1130 ﬁat

137 1163 488 1222 audientibus
515 1180 590 1234 se,
623 1174 676 1221 et
716 1164 1113 1236 impedimenta
1149 1164 1358 1222 diaboli
1389 1165 1736 1220 solverentur

142 1255 207 1312 ad
235 1255 585 1328 dirigendum
615 1256 721 1312 iter
743 1255 881 1328 ejus.

210 1345 390 1416 (Vers.
417 1345 504 1414 12,
539 1345 652 1416 13.)
695 1369 714 1392 ι
739 1346 852 1402 Vos
881 1353 1063 1402 autem
1091 1346 1362 1403 Dominus
1382 1345 1731 1418 multiplicet,

147 1443 198 1491 et
227 1433 509 1492 abundare
539 1433 703 1492 faciat
718 1435 986 1492 charitate
1014 1436 1072 1492 in
1102 1437 1339 1494 invicem
1371 1437 1429 1493 in
1457 1454 1576 1505 vos,
1604 1445 1658 1492 et
1677 1437 1735 1492 in

143 1541 328 1582 omnes
382 1525 488 1596 (9),
536 1525 680 1584 sicut
737 1534 793 1583 et
839 1543 940 1583 nos
993 1527 1052 1583 in
1104 1545 1203 1584 vos
1238 1529 1305 1585 ad
1361 1528 1739 1585 conﬁrmanda

143 1618 305 1674 corda
356 1625 540 1674 vestra
597 1619 976 1691 irreprehensa
1021 1620 1077 1675 in
1134 1621 1497 1678 sanctimonia
1553 1637 1735 1677 coram

1838 445 1991 502 dedit
2034 446 2300 518 Spiritum
2357 457 2601 508 sanctum
2653 454 2710 509 in
2768 453 2945 512 nobis.
3004 478 3024 503 ι
3105 454 3176 511 Ut
3233 453 3435 512 fortius

1841 535 2105 606 astringat
2146 535 2211 591 ad
2260 553 2341 604 ea,
2385 555 2504 611 quae
2533 540 2712 610 docet,
2761 544 2856 598 Dei
2902 545 3213 616 interponit
3252 560 3431 617 perso-

1841 641 1969 680 nam
2013 626 2152 695 (10),
2209 624 2428 682 dicens:
2493 628 2657 683 uNon
2711 629 2987 686 hominem
3047 632 3278 704 spernit,
3334 632 3431 707 qui

1841 714 2084 787 praeterit
2140 723 2426 787 praecepta,
2476 715 2573 774 sed
2616 719 2808 774 Deum.
2839 743 2857 765 ι
2910 721 3082 787 Quem
3139 722 3262 778 ideo
3295 721 3433 780 dicit

1842 804 2109 876 Spiritum
2157 812 2406 862 sanctum
2443 805 2602 862 nobis
2643 805 2876 874 dedisse,
2932 816 2994 863 ut
3041 817 3223 866 sancte
3273 811 3430 868 viva-

1843 911 1986 962 mus,
2029 894 2159 967 quia
2213 895 2272 950 in
2309 911 2536 966 corpore
2577 895 2798 952 subdito
2854 896 3093 968 peccatis
3135 913 3246 953 non
3283 898 3433 956 habi-

1842 991 1922 1039 tat
1950 983 2188 1056 Spiritus
2217 994 2438 1042 sanctus
2470 985 2624 1056 (Sap.
2666 1002 2703 1051 ι,
2734 984 2814 1056 li).

1917 1073 2099 1143 (Vers.
2151 1075 2207 1142 9,
2257 1074 2369 1145 10.)
2429 1097 2449 1121 ‹
2491 1076 2570 1130 De
2615 1073 2904 1131 affectione
2933 1081 3116 1129 autem
3175 1074 3440 1131 fraterni-

1842 1164 1972 1220 tatis
2019 1181 2129 1221 non
2181 1165 2446 1222 habemus
2488 1165 2866 1222 necessitatem
2915 1163 3194 1221 scribendi
3243 1165 3437 1234 vobis;

1844 1253 1948 1326 ipsi
1978 1254 2126 1310 enim
2161 1271 2194 1310 a
2221 1256 2334 1310 Deo
2362 1254 2542 1311 edocti
2573 1254 2706 1311 estis
2735 1254 2804 1311 ad
2848 1254 2954 1310 hoc
2982 1263 3045 1310 ut
3072 1271 3172 1310 vos
3201 1253 3440 1310 invicem

1843 1344 2090 1417 diligatis
2133 1345 2316 1414 (Joan.
2347 1362 2446 1413 xv,
2479 1345 2594 1416 17).
2620 1369 2640 1392 ι
2695 1375 2767 1386 -
2809 1368 2827 1391 ι
2860 1344 2998 1400 Nam
3027 1353 3083 1400 et
3127 1342 3233 1399 hoc
3262 1343 3445 1399 facitis

1846 1435 1903 1491 in
1948 1451 2140 1491 omnes
2193 1433 2388 1491 fratres
2437 1451 2534 1506 per
2587 1435 2904 1491 universam
2961 1432 3357 1490 Macedoniam.
3411 1456 3430 1478 ι

1844 1526 2027 1582 Etiam
2068 1525 2174 1582 hoc
2220 1542 2345 1582 cum
2388 1526 2565 1582 facere
2613 1525 2740 1582 illos
2777 1523 2981 1592 laudat,
3013 1530 3328 1580 commonet
3370 1529 3446 1578 ta-

1845 1633 1972 1676 men
2016 1623 2079 1672 ut
2121 1615 2449 1689 propensius
2486 1615 2542 1672 id
2588 1623 2773 1689 agant:
2838 1631 2975 1688 quos
3022 1613 3172 1669 enim
3203 1612 3272 1668 ab
3327 1611 3448 1684 ipso

142 1707 250 1762 Deo
281 1713 336 1764 et
364 1707 526 1763 Patre
566 1717 756 1764 nostro
786 1709 844 1764 in
887 1709 1127 1765 adventu
1155 1710 1380 1766 Domini
1409 1710 1579 1766 nostri
1609 1711 1734 1766 Jesu
1763 1722 1812 1783 Β
1847 1713 1960 1768 Deo
1997 1709 2189 1768 doctos
2243 1709 2400 1777 dicit,
2441 1705 2806 1779 promptiores
2845 1721 2960 1761 esse
2989 1703 3188 1760 debere
3231 1703 3288 1758 in
3324 1701 3448 1758 fra-

151 1793 353 1852 Christi
403 1812 527 1852 cum
577 1797 835 1853 omnibus
874 1797 1076 1854 sanctis
1119 1798 1253 1855 suis.
1288 1824 1307 1846 ι
1356 1800 1426 1856 Ut
1474 1798 1736 1871 gaudium

145 1899 322 1952 suum,
373 1900 483 1957 quo
529 1885 597 1941 de
639 1887 719 1942 eis
757 1887 978 1959 gaudet,
1018 1890 1264 1945 cumulet
1293 1889 1548 1946 omnibus
1577 1888 1740 1946 bonis

144 1973 496 2046 multiplicari
526 1975 652 2032 illos
692 1985 920 2050 exoptat
951 1996 964 2044 ;
998 1987 1061 2034 ut
1106 1979 1336 2035 veniens
1374 1977 1441 2034 ad
1471 1995 1584 2046 eos,
1616 1980 1738 2051 plus

144 2058 386 2118 inveniat
414 2062 472 2117 in
500 2062 599 2129 eis,
632 2063 781 2136 quod
835 2065 995 2122 laude
1023 2066 1252 2139 dignum
1284 2067 1374 2135 sit,
1406 2083 1569 2139 quam
1592 2067 1740 2122 aTi-

146 2150 367 2206 motheo
398 2151 681 2208 audierat:
732 2161 796 2209 ut
838 2155 1344 2228 irreprehensibiles
1387 2157 1742 2214 inveniantur

146 2254 271 2294 cum
311 2238 520 2295 sanctis
568 2238 627 2294 in
669 2239 936 2298 charitate
964 2243 1064 2300 Dei
1091 2245 1288 2312 Patris,
1320 2253 1374 2300 et
1416 2245 1472 2300 in
1502 2244 1743 2300 adventu

149 2327 368 2383 Domini
399 2329 577 2385 nostri
603 2330 729 2386 Jesu
759 2331 988 2400 Christi,
1019 2350 1144 2390 cum
1171 2334 1397 2405 cmperit
1419 2339 1544 2386 ante
1575 2331 1744 2387 tribu-

152 2417 237 2472 nal
293 2414 413 2488 ejus
487 2420 825 2476 examinatio
886 2421 1135 2494 singulos
1193 2421 1512 2494 approbare.
1570 2423 1744 2477 Deum

155 2517 301 2564 vocat
366 2517 594 2582 propter
650 2521 914 2568 terrorem
969 2513 1270 2585 majestatis
1322 2515 1470 2587 ejus:
1531 2514 1743 2569 Patrem

158 2613 277 2652 vero
305 2605 533 2671 propter
574 2599 993 2673 benignitatem,
1027 2619 1134 2676 qua
1177 2602 1436 2676 dignatur
1462 2602 1745 2660 credentes

155 2685 251 2742 sibi
276 2687 540 2760 adoptare
575 2689 630 2745 in
659 2689 826 2758 ﬁlios,
859 2689 1008 2764 quod
1038 2693 1097 2747 in
1117 2690 1360 2748 adventu
1387 2692 1614 2750 Domini
1634 2708 1744 2748 ma-

153 2775 516 2836 nifestabittu‘.

773 2905 1000 2965 CAPUT
1029 2907 1124 2965 IV.

229 3004 402 3073 (Vers.
441 3005 526 3078 1.)
576 3029 594 3052 ι
624 3004 782 3072 Quod
811 3015 1057 3078 superest
1084 3005 1288 3080 itaque,
1322 3005 1536 3073 fratres,
1578 3022 1744 3078 roga-

1849 1810 2007 1858 terna
2058 1800 2356 1858 dilectione
2402 1797 2696 1870 signiﬁcat.
2747 1798 2975 1868 Propter
3028 1795 3257 1850 multam
3295 1793 3445 1849 enim

1849 1891 2169 1950 charitatem
2222 1892 2368 1947 Deus
2411 1890 2673 1946 misertus
2715 1895 2796 1944 est
2838 1885 3036 1953 nostri,
3069 1883 3228 1956 cujus
3266 1883 3445 1941 imita-

1849 1989 1996 2038 tores
2023 1981 2224 2048 effecti,
2267 1996 2380 2036 non
2417 1976 2698 2034 immerito
2727 1977 3013 2050 adoptatos
3059 1990 3158 2030 nos
3192 1973 3447 2032 ostendi—

1851 2088 1974 2128 mus
2003 2088 2034 2127 a
2061 2073 2175 2127 Deo
2206 2070 2265 2127 in
2293 2069 2458 2125 ﬁlios.

1928 2169 2108 2241 (Vers.
2147 2171 2259 2241 11.)
2305 2195 2324 2216 ε
2354 2171 2650 2226 Hortamur
2677 2174 2860 2223 autem
2887 2181 3006 2233 vos,
3041 2165 3259 2232 fratres,
3276 2163 3450 2220 abun-

1853 2260 1982 2316 dare
2032 2261 2228 2332 magis,
2273 2268 2327 2317 et
2359 2261 2494 2316 eniti
2533 2258 2835 2332 quiescere,
2877 2264 2933 2313 et
2977 2263 3222 2311 vestrum
3270 2269 3448 2326 nego-

1854 2353 1995 2409 tium
2031 2371 2209 2425 agere,
2250 2362 2304 2410 et
2337 2353 2548 2426 operari
2588 2350 2844 2407 manibus
2870 2349 3088 2414 vestris,
3119 2347 3263 2403 sicut
3291 2344 3451 2402 vobis

1857 2447 2246 2518 praecepimus:
2289 2453 2352 2500 ut
2378 2446 2606 2500 honeste
2635 2441 2929 2498 ambuletis
2967 2438 3035 2496 ad
3069 2455 3160 2494 eos
3189 2438 3280 2510 qui
3316 2436 3452 2492 foris

1857 2543 2006 2603 sunt,
2040 2541 2093 2590 et
2136 2533 2347 2589 nullius
2385 2532 2718 2589 desiderium
2764 2530 2837 2586 sit
2865 2530 2923 2584 in
2961 2527 3140 2583 vobis.
3170 2551 3188 2573 ι
3247 2528 3452 2582 Iterum

1857 2625 2044 2680 eadem
2116 2623 2388 2689 hortatur,
2447 2629 2510 2676 ut
2565 2620 2690 2676 data
2743 2634 2905 2691 opera
2958 2615 3238 2672 abundent
3292 2611 3454 2668 bonis

1855 2713 2072 2770 actibus
2096 2731 2109 2779 ;
2142 2719 2205 2767 ut
2233 2711 2381 2767 enim
2399 2709 2671 2782 signiﬁcet
2696 2724 2822 2764 vere
2841 2707 2946 2762 hoc
2964 2721 3100 2770 esse,
3121 2702 3266 2776 quod
3279 2701 3456 2775 placet

1856 2804 1972 2859 Deo
2003 2803 2142 2874 (11),
2191 2801 2506 2874 frequenter
2535 2798 2642 2854 hoc
2669 2803 2874 2852 monet.
2923 2792 3158 2850 Iustitiae
3186 2791 3332 2846 enim
3365 2787 3458 2844 via

1856 2891 2095 2968 tenenda
2131 2899 2232 2959 est,
2264 2899 2324 2946 ut
2362 2889 2430 2944 ad
2462 2886 2895 2946 misericordiam
2922 2884 3048 2956 jure
3078 2883 3359 2939 veniatur:
3393 2885 3456 2935 ut

1857 2983 1951 3058 qui
1991 2990 2120 3038 sunt
2169 2981 2461 3038 inferiores
2491 2977 2820 3046 substantia,
2870 2973 3126 3030 manibus
3167 2969 3449 3028 laborent:

166 3061 276 3149 mis
315 3111 409 3152 vos
455 3061 521 3153 et,
553 3061 902 3154 Obécmmu;
943 3061 1446 3164 inbomino.lesu,
1567 3061 1751 3169 ᾳυξω,
1785 3077 1829 3138 c
1865 3082 1927 3130 ut
1954 3073 2070 3145 ipsa
2099 3071 2405 3129 intentione
2433 3069 2701 3125 tollantur
2739 3085 2771 3123 a
2806 3065 3020 3168 vulgari
3047 3061 3452 3169 inquietudine,

166 3181 445 3242 admodum
475 3187 771 3260 accepistis
808 3204 840 3244 a
887 3187 1047 3243 nobis
1091 3188 1328 3259 qualiter
1366 3194 1614 3258 oporteat
1659 3203 1756 3241 vos

169 3271 448 3344 ambulare,
498 3283 561 3332 et
606 3276 821 3348 placere
866 3279 1002 3344 Deo,
1053 3276 1196 3332 sicut
1239 3283 1294 3331 et
1322 3275 1638 3342 ambulatis,
1696 3283 1757 3332 ut

169 3364 442 3426 abundetis
469 3370 670 3443 magis.
705 3397 726 3420 ν
785 3372 902 3428 Hoc
928 3379 1032 3439 est,
1075 3370 1222 3443 quod
1263 3386 1428 3442 supra
1456 3369 1598 3436 dixi,
1629 3368 1758 3441 quia

174 3456 298 3517 281
365 3458 432 3515 ad
492 3459 894 3516 cumulandum
955 3459 1218 3533 gaudium
1296 3475 1456 3515 suum
1518 3473 1759 3514 crescere

173 3549 290 3608 illos
336 3556 456 3613 vult
508 3556 573 3612 in
628 3556 790 3613 bonis
835 3557 1094 3630 operibus
1149 3556 1452 3614 secundum
1505 3555 1761 3612 mandata

173 3644 473 3712 apostolica.

237 3731 411 3797 (Vers.
446 3733 608 3806 2-6.)
654 3757 672 3781 ι
695 3733 859 3792 Scitis
886 3736 1034 3792 enim
1067 3752 1187 3809 qua;
1217 3745 1486 3809 praecepta
1514 3735 1760 3794 dederim

172 3819 323 3877 vobis
351 3837 444 3894 per
477 3823 780 3881 Dominum
815 3832 1065 3880 nostrum
1109 3827 1314 3882 Jesum.
1353 3826 1489 3882 Nam
1537 3825 1654 3882 haec
1683 3834 1764 3882 est

174 3908 420 3967 voluntas
466 3913 569 3968 Dei
617 3912 978 3970 sanctiﬁcatio
1027 3923 1227 3983 vestra,
1278 3913 1551 3970 abstinere
1589 3930 1688 3969 vos
1734 3930 1766 3970 a

180 3993 558 4068 fornicatione,
591 4009 648 4057 et
679 4002 818 4058 scire
848 4019 1296 4076 unumquemque
1327 4013 1571 4060 vestrum
1603 4019 1763 4059 suum

179 4100 271 4142 vas
297 4089 574 4160 possidere
598 4090 654 4144 in
678 4091 1042 4147 sanctimonia
1070 4102 1124 4148 et
1152 4092 1391 4148 honore:
1428 4109 1540 4148 non
1570 4093 1627 4148 in
1650 4109 1766 4164 pas-

177 4171 326 4229 sione
357 4175 640 4242 desiderii,
669 4178 812 4233 sicut
841 4188 894 4234 et
925 4189 1110 4251 gentes
1129 4196 1248 4251 quae
1282 4181 1535 4250 ignorant
1562 4181 1762 4236 Deum:

174 4268 225 4316 et
255 4271 316 4317 ut
345 4278 414 4317 ne
444 4263 567 4334 quis
593 4267 1054 4337 supergrediatur,
1084 4285 1258 4341 neque
1286 4268 1680 4325 circumveniat
1710 4267 1769 4323 in

179 4350 396 4422 negotio
421 4351 645 4409 fratrem
677 4356 1135 4427 suum,quoniam
1167 4356 1372 4412 vindex
1404 4363 1486 4412 est
1503 4357 1770 4413 Dominus

1863 3172 1918 3220 et
1943 3180 2112 3235 prava
2140 3161 2494 3235 cogitatione,
2534 3166 2597 3214 ut
2639 3157 2934 3230 disciplina
2969 3173 3158 3214 eorum
3189 3154 3355 3210 etiam
3389 3151 3457 3208 ab

1866 3251 2184 3309 inﬁdelibus
2212 3252 2488 3317 laudetur,
2522 3257 2576 3304 et
2607 3247 2896 3322 provocari
2928 3245 2994 3300 ad
3026 3244 3188 3300 ﬁdem
3222 3241 3454 3314 possint.

1940 3350 2123 3420 (Vera.
2175 3351 2262 3417 l2,
2299 3348 2412 3418 13.)
2473 3373 2491 3395 ι
2516 3345 2788 3402 Nolumus
2836 3352 3014 3400 autem
3055 3357 3154 3397 vos
3186 3340 3458 3410 ignorare,

1867 3437 2084 3505 fratres,
2116 3438 2183 3494 de
2213 3437 2282 3492 iis
2304 3438 2398 3511 qui
2431 3435 2750 3501 dormiunt;
2783 3450 2851 3489 ne
2880 3428 3284 3489 contristemini
3317 3425 3457 3498 (12),

1869 3527 2013 3583 sicut
2057 3534 2112 3582 et
2139 3525 2322 3582 caeteri
2355 3526 2450 3598 qui
2497 3540 2647 3598 spem
2691 3540 2800 3582 non
2833 3522 3054 3578 habent.
3089 3521 3224 3577 Nam
3257 3519 3303 3575 si
3333 3533 3462 3575 cre-

1869 3616 2054 3673 dimus
2097 3615 2243 3686 quod
2274 3616 2428 3670 Jesus
2456 3621 2707 3670 mortuus
2747 3621 2829 3669 est
2858 3620 2911 3668 et
2945 3609 3267 3676 resurrexit,
3300 3608 3380 3664 sic
3407 3615 3462 3664 et

1869 3707 2016 3762 Deus
2039 3704 2166 3760 illos
2203 3704 2297 3776 qui
2340 3702 2704 3771 dormierunt,
2737 3718 2832 3775 per
2859 3702 3041 3757 Jesum
3074 3698 3309 3755 adducet
3335 3712 3461 3752 cum

1871 3811 1956 3863 eo,
1989 3820 2008 3843 ι
2066 3793 2355 3850 Manifesta
2391 3801 2473 3848 est
2515 3792 2678 3860 ratio,
2723 3791 2854 3864 quia
2884 3789 2929 3846 si
2970 3786 3296 3844 resurrectio
3333 3799 3463 3840 cre-

1872 3883 2024 3939 ditur
2054 3891 2395 3940 mortuorum
2427 3882 2633 3946 futura,
2666 3895 2777 3934 non
2797 3885 2928 3934 sunt
2959 3874 3199 3948 lugendi,
3222 3873 3462 3947 quicum

1874 3975 2030 4047 signo
2067 3973 2248 4029 crucis
2284 3978 2507 4027 exeunt.
2541 3967 2785 4040 Lugendi
2831 3974 3011 4021 autem
3046 3979 3172 4019 vere
3209 3971 3338 4018 sunt
3371 3962 3466 4017 in-

1876 4063 2083 4130 ﬁdeles,
2117 4061 2211 4134 qui
2260 4059 2394 4116 hinc
2440 4063 2724 4113 transeunt
2768 4056 2825 4111 in
2869 4053 3195 4127 gehennam,
3230 4058 3291 4106 ut
3339 4049 3468 4106 edi-

1877 4160 2030 4210 scant
2061 4167 2251 4206 verum
2301 4165 2415 4205 esse
2459 4147 2604 4222 quod
2634 4145 2853 4204 credere
2901 4145 3217 4200 noluerunt.
3252 4142 3468 4200 Fideles

1877 4251 2059 4298 autem
2087 4247 2367 4312 resurgent
2394 4238 2462 4294 ad
2492 4238 2742 4310 gloriam,
2775 4244 2836 4292 ut
2859 4235 2954 4308 qui
2982 4235 3040 4292 in
3078 4235 3280 4292 saeculo
3311 4231 3466 4289 stulti

1878 4333 2055 4391 habiti
2112 4339 2241 4386 sunt
2289 4337 2508 4402 propter
2551 4326 2736 4396 fidem,
2785 4326 3078 4383 videantur
3129 4324 3462 4399 prudentes:

179 4413 353 4496 devhis
375 4441 637 4499 omnibus
662 4487 674 4510 ,
697 4413 924 4500 sicut'e-t
953 4445 1309 4517 praediximus
1337 4445 1513 4515 vobis,
1543 4454 1594 4503 et
1621 4448 1768 4502 testi-
1807 4453 1855 4510 D
1884 4421 2248 4517 Provideri")!
2275 4419 2421 4517 enim
2449 4417 2555 4475 sibi
2585 4417 2836 4517 gloriam.
2854 4416 2937 4516 .Hi
2967 4423 3097 4472 sunt
3124 4416 3220 4517 qui
3251 4413 3471 4517 ρει-’ξο-

185 4528 325 4586 ﬁcati
355 4549 567 4590 sumus.
596 4560 614 4582 ι
655 4535 924 4603 Quamvis
954 4536 1137 4593 laudet
1167 4555 1258 4594 eos
1287 4537 1342 4592 in
1374 4545 1489 4594 tota
1515 4537 1762 4609 epistola,

183 4623 353 4676 tamen
400 4633 715 4680 commonet
761 4641 829 4681 ne
861 4625 1046 4699 aliqua
1084 4626 1438 4700 subreptione
1478 4627 1544 4683 ad
1572 4625 1768 4682 illicita

187 4704 543 4778 deducantur,
573 4721 626 4768 et
659 4714 946 4771 incurrant
975 4715 1301 4784 vindictam,
1330 4731 1491 4789 quam
1514 4714 1766 4771 ultricem

188 4795 442 4855 malorum
489 4799 837 4860 didicerunt:
885 4804 1120 4861 scientes
1168 4805 1273 4862 hoc
1315 4806 1426 4860 Deo
1459 4806 1691 4878 placere,
1723 4802 1769 4858 si

188 4897 404 4956 corpora
432 4905 531 4945 sua
576 4890 1013 4950 incontaminata
1041 4893 1376 4962 custodiant,
1421 4893 1514 4948 sed
1561 4900 1770 4948 etcum

190 4970 435 5033 fratribus
490 4979 818 5055 simpliciter
882 4991 1063 5056 agant,
1139 4999 1206 5039 ne
1257 4983 1466 5038 similes
1519 4979 1773 5054 gentibus

188 5059 408 5133 inventi,
439 5068 752 5142 adoptionis
781 5073 1005 5128 nomine
1032 5071 1378 5128 abdicantur.

255 5151 428 5222 (Vere.
462 5157 515 5227 7,
545 5157 624 5232 8.)
672 5185 691 5208 ι
716 5159 838 5217 Non
870 5159 1019 5217 enim
1039 5161 1260 5216 vocavit
1289 5175 1391 5214 nos
1418 5159 1564 5214 Deus
1593 5155 1651 5211 in
1675 5154 1775 5212 im-

193 5242 529 5316 munditiam,
577 5248 674 5306 sed
706 5249 764 5304 in
809 5250 1252 5307 sanctimoniam.
1303 5247 1645 5320 Quapropter
1681 5243 1776 5318 qui

256 5385 330 5462 (εξ)
368 5387 522 5445 Rom.
551 5390 707 5460 edit.,
737 5391 792 5446 in
821 5408 913 5447 nos
942 5399 990 5448 et
1024 5394 1084 5448 in
1111 5408 1286 5448 omnes
1307 5398 1409 5462 ;7et
1439 5397 1563 5462 post
1587 5389 1774 5460 paulo,

193 5455 339 5535 ρονῲ
380 5455 1064 5535 υεειναῄίτνερνεᾲεηείὸὶιία
1089 5482 1111 5529 ;
1140 5461 1419 5535 νθιηβίὶὶι,
1439 5455 1513 5517 Ἇο
1542 5455 1673 5535 [Il-39:-
1716 5455 1778 5516 αἶ

191 5519 242 5577 in
284 5532 454 5607 textu,
513 5533 640 5604 nisi_
665 5519 812 5607 quod
869 5533 928 5591 in
991 5519 1122 5592 mss.
1182 5531 1510 5607 quibusdam
1558 5529 1775 5602 legitur.

195 5597 338 5653 Corda
366 5597 569 5659 nostra.

1874 4530 2016 4582 sum,
2064 4511 2118 4568 id
2164 4519 2266 4576 est,
2319 4509 2420 4566 sub
2471 4524 2564 4582 spe
2603 4508 2730 4565 ﬁdei
2771 4506 2938 4579 hujus
2984 4513 3267 4569 exeuntes,
3301 4502 3470 4558 addu-

1875 4613 2070 4662 centur
2105 4617 2231 4658 cum
2261 4615 2324 4655 eo
2362 4599 2419 4654 in
2461 4598 2702 4654 adventu
2743 4594 2898 4666 ejus:
2950 4602 3011 4650 ut
3053 4591 3122 4648 ab
3151 4589 3472 4646 hominibus

1877 4693 2188 4750 videantur.
2222 4689 2359 4746 Cum
2410 4695 2592 4742 tamen
2640 4687 2758 4756 ipse
2783 4681 3031 4738 defuncti
3075 4693 3359 4735 excessum
3392 4677 3472 4733 lu-

1881 4780 2118 4855 gendum
2149 4776 2462 4849 prohibeat,
2494 4774 2608 4845 ipse
2647 4770 2780 4828 alibi
2811 4767 2984 4855 dicit:
3033 4792 3051 4815 ι
3079 4767 3156 4822 Ne
3187 4764 3470 4855 tristitiam

1879 4853 2138 4924 haberem
2189 4864 2449 4935 (Philipp.
2484 4879 2543 4928 ιι,
2589 4861 2704 4930 27).
2731 4883 2750 4906 ι
2808 4855 2913 4910 Sed
2947 4854 3062 4925 jam
3093 4871 3193 4911 suo
3241 4853 3362 4908 loco
3391 4870 3474 4910 so.

1881 4958 2060 5013 lutum
2081 4959 2182 5008 est.

1957 5060 2139 5134 (Vers.
2193 5055 2416 5126 14-17.)
2492 5077 2510 5101 ι
2559 5054 2674 5112 Hoc
2717 5048 2881 5134 enim,
2925 5050 3088 5109 vobis
3137 5049 3374 5108 dicimus
3421 5049 3479 5106 in

1884 5133 2054 5208 verbo
2081 5145 2328 5214 Domini,
2359 5141 2490 5216 quia
2515 5158 2615 5200 nos
2643 5138 2739 5216 qui
2768 5133 3037 5205 vivimus,
3073 5138 3167 5214 qui
3196 5135 3483 5192 subrelicti

1885 5256 2078 5300 sumus
2109 5239 2168 5296 in
2207 5237 2510 5293 adventum
2540 5229 2788 5297 Domini,
2821 5238 2935 5280 non
2964 5224 3367 5298 praveniemus
3395 5239 3489 5280 eos

1990 5384 2078 5446 10)
2106 5379 2294 5441 Codex
2322 5373 2520 5442 Laud.,
2542 5375 2642 5432 Dei
2666 5366 2959 5446 interpoait
2989 5371 3316 5446 doctrinam:

1990 5384 2054 5440 10
2106 5383 2294 5441 Codex
2322 5383 2520 5442 Laud.,
2542 5383 2642 5432 Dei
2666 5383 2959 5446 interponit
2989 5383 3316 5428 doctrinam.

1961 5383 2078 5526 illi
2123 5454 2286 5526 Idem_
2321 5447 2444 5504 cod.
2477 5446 2674 5515 Laud.,
2729 5436 3032 5512 signiﬁcat,
3063 5449 3110 5499 ot
3142 5453 3258 5496 vero
3287 5437 3377 5490 hoc
3406 5445 3498 5504 est,

1887 5522 2217 5599 ςπὸᾴΡιιξοεί
2244 5522 2412 5599 Πεθε.-
2558 5593 2569 5599 ,
2890 5575 2960 5599 .__-

1964 5581 2080 5667 (12³)
2115 5597 2273 5652 Rom.
2305 5588 2464 5655 edit.,
2513 5593 2571 5641 ut
2598 5606 2708 5647 non
2737 5581 2856 5641 sitis
2890 5581 3101 5641 tristes,
