3908 6192
439 203 544 260 θὶῚό

1445 202 1544 258 AD
1582 200 1819 258 OPEBA
1855 200 1910 257 S.
1953 199 2291 257 AMBROSII
2329 198 2710 256 APPENDIX.

3652 207 3798 265 ι7σ

434 331 530 405 qni
579 330 946 388 dormierunt.
995 327 1267 396 Quoniam
1300 327 1414 400 ipse
1461 325 1732 383 Dominus
1759 343 1816 382 in
1850 327 2030 399 jussu,
2059 325 2297 395 Aritus,
2347 325 2810 400 quemadmodum
2855 327 3015 384 dolor
3057 336 3246 402 partus
3303 334 3654 405 praegnanti,
3726 343 3802 395 et

433 429 488 478 et
529 439 667 479 voce
708 419 1043 492 archangeli,
1074 428 1128 476 et
1156 419 1289 475 tuba
1326 417 1421 476 Dei
1454 417 1748 475 descendet
1775 416 1841 473 de
1871 419 2029 487 coelo,

433 519 490 569 et
518 512 577 569 bi
615 513 709 585 qui
741 512 798 568 in
845 510 1067 569 Christo
1097 510 1296 565 mortui
1329 516 1477 572 sunt,
1510 516 1792 578 resurgant
1829 506 1988 577 primi
2015 527 2028 566 :

433 603 634 661 deinde
665 621 765 662 nos
780 603 871 676 qui
897 600 1161 665 vivimus,
1180 600 1271 673 qui
1293 599 1676 670 relinquimur,
1701 614 1944 654 unacum
1969 599 2030 655 il-

434 695 504 751 lis
535 695 817 769 rapiemur
846 693 902 748 in
933 691 1177 748 nubibus
1205 689 1424 745 obviam
1453 689 1691 747 Domino
1721 689 1775 774 in
1807 705 1951 756 aera,
1978 697 2033 746 et

433 783 513 840 sic
546 798 762 856 semper
787 796 912 836 cum
950 777 1188 835 Domino
1217 778 1441 836 erimus.
1465 781 1642 846 Quare
1666 779 2031 837 consolamini

437 889 535 928 vos
565 872 804 927 invicem
835 869 890 924 in
925 869 1012 924 his
1041 868 1242 926 verbis.
1266 893 1284 914 -
1330 869 1502 925 Sensu
1542 869 1762 926 Domini
1797 869 1942 942 loqui
1974 886 2031 926 se

436 960 746 1034 proﬁtetur,
769 975 893 1013 cum
928 958 1092 1016 dicit:
1135 983 1152 1006 ι
1184 959 1298 1016 Hoc
1328 959 1486 1014 vobis
1513 958 1751 1014 dicimus
1783 959 1838 1014 in
1863 959 2030 1016 verbo

433 1049 680 1107 Domini.
707 1073 725 1096 ι
783 1047 854 1104 Ut
900 1047 1047 1104 enim
1092 1047 1256 1103 fidam
1285 1063 1435 1120 spem
1484 1047 1600 1119 (l3)
1632 1057 1686 1104 et
1716 1055 1882 1104 ratam
1919 1049 2028 1119 glo-

430 1137 568 1194 riam
612 1135 1036 1193 resurrectionis
1084 1137 1288 1192 sanctis
1332 1138 1614 1210 promissas
1668 1137 2026 1206 demonstret,

429 1225 682 1283 ordinem
713 1225 917 1297 ipsum,
954 1225 1231 1299 quomodo
1261 1225 1447 1281 futura
1483 1226 1575 1293 sit,
1607 1227 1857 1296 exponit,
1889 1234 2028 1282 nutu

425 1315 639 1389 judicis
691 1315 922 1385 Christi,
969 1325 1159 1372 sancto
1194 1314 1403 1389 Spiritu
1445 1316 1771 1373 intimante:
1824 1325 1882 1372 ut
1915 1317 2028 1389 ipsa

428 1422 520 1481 spe
549 1406 643 1480 qui
673 1405 869 1463 charos
893 1422 992 1462 suo
1027 1405 1427 1477 praemiserunt,
1460 1421 1573 1462 non
1602 1405 1826 1462 doleant
1877 1405 2029 1463 addi-

426 1504 638 1554 scentes
693 1494 824 1568 quia
865 1494 924 1550 in
969 1494 1213 1551 adventu
1239 1495 1464 1552 Domini
1489 1494 1698 1568 priores
1745 1505 2029 1569 resurgent

426 1586 522 1662 qui
563 1586 624 1644 in
653 1583 874 1643 Christo
914 1586 1250 1644 moriuntur.
1285 1588 1402 1660 Ipse
1450 1588 1595 1644 enim
1629 1588 1880 1648 Christus
1923 1590 2026 1646 Do-

2142 435 2252 474 non
2274 417 2553 489 effugient.
2582 441 2599 464 ι
2643 418 2757 474 Hoc
2783 426 2863 474 est
2884 417 3026 490 quod
3055 419 3107 475 in
3139 421 3443 493 Evangelia
3473 424 3798 484 Dominus

2143 509 2358 564 locutus
2381 515 2482 575 est,
2515 506 2705 563 dicens
2736 524 2748 562 :
2796 531 2815 554 ε
2842 506 3099 579 Vigilate,
3128 509 3258 581 quia
3291 512 3524 569 nescitis
3555 514 3786 574 horam

2141 615 2248 671 qua
2277 597 2545 655 Dominus
2572 608 2751 655 vester
2778 606 3043 656 venturus
3072 607 3152 656 est
3185 601 3379 669 (Marc.
3411 619 3543 673 xm,
3577 606 3713 677 33).
3743 630 3770 656 ι

2140 690 2212 745 Et
2260 690 2458 746 iterum
2505 706 2518 746 :
2581 713 2600 736 ε
2643 690 2699 746 Si
2749 691 2873 762 quis
2927 689 3085 746 vobis
3137 691 3344 749 dixerit
3393 712 3405 750 :
3457 697 3604 753 Ecce
3659 698 3786 757 hic

2141 777 2415 846 Christus,
2482 786 2575 834 aut
2629 794 2753 835 ecce
2800 777 2939 845 illic,
2997 779 3170 835 nolite
3228 781 3451 840 credere
3524 787 3775 856 (Matth.

2139 886 2299 936 xxnv,
2330 868 2446 938 23).
2479 893 2496 915 ι
2559 867 2756 924 Subito
2785 883 2930 923 enim
2968 876 3022 924 et
3049 885 3119 924 ex
3150 869 3429 942 insperato
3460 876 3775 946 apparebit

2139 959 2281 1014 sicut
2323 958 2632 1014 coruscatio
2675 965 2898 1028 apparet
2927 958 2996 1013 ah
3025 957 3237 1014 oriente
3283 959 3339 1016 in
3371 963 3768 1035 occidentem,

2140 1047 2344 1103 habens
2399 1063 2582 1105 secum
2643 1046 2901 1103 militiam
2956 1047 3236 1104 exercitus
3291 1050 3388 1105 Dei
3438 1051 3624 1110 Patris
3677 1054 3767 1110 ad

2137 1135 2504 1209 perditionem
2559 1135 2871 1192 antichristi
2928 1145 2984 1192 et
3038 1137 3342 1193 satellitum
3403 1141 3547 1212 ejus.
3607 1143 3762 1200 Cum

2138 1224 2283 1280 enim
2315 1225 2491 1280 securi
2525 1224 2728 1280 fuerint
2775 1223 2966 1297 perfidi
2997 1225 3065 1280 de
3097 1242 3264 1299 regno
3293 1228 3527 1298 diaboli,
3563 1232 3766 1289 inter—

2137 1312 2296 1368 fectis
2325 1313 2550 1382 sanctis,
2577 1311 2634 1368 id
2664 1320 2768 1380 est,
2800 1313 2992 1369 Enoch
3020 1321 3074 1368 et
3105 1314 3250 1382 Elia,
3277 1317 3386 1373 laeti
3410 1317 3479 1374 de
3513 1321 3762 1378 victoria

2138 1402 2376 1459 invicem
2428 1402 2536 1460 sibi
2567 1403 2848 1460 mittentes
2886 1418 3132 1469 munera,
3169 1403 3314 1460 sicut
3350 1406 3493 1464 dicit
3523 1412 3762 1482 Apoca-

2139 1491 2312 1565 lypsis
2346 1492 2534 1564 (Apoc.
2568 1508 2648 1560 x1,
2683 1492 2712 1547 7
2757 1521 2828 1534 -
2855 1491 2969 1560 10),
3008 1499 3144 1549 tunc
3174 1493 3290 1550 illis
3329 1495 3518 1554 subito
3557 1501 3760 1556 veniet

2137 1582 2458 1656 repentinus
2488 1582 2763 1638 interitus.
2806 1583 2866 1638 In
2893 1581 3136 1638 adventu
3172 1583 3320 1640 enim
3353 1602 3455 1643 suo
3492 1587 3757 1646 Christus

431 1674 618 1733 minus
657 1676 942 1732 voluntate
977 1676 1176 1744 Patris,
1233 1677 1388 1746 quasi
1443 1679 1654 1752 primus
1685 1680 1912 1751 angelus
1955 1680 2022 1738 de
2050 1691 2097 1753 Β
2137 1672 2240 1730 hos
2264 1689 2456 1730 omnes
2487 1671 2802 1745 disperdat;
2832 1678 2894 1728 ut
2924 1670 3177 1729 νίάθῐιῐθδ
3201 1675 3399 1745 sancti,
3433 1678 3588 1751 quod
3618 1695 3750 1736 eva-

426 1765 678 1824 exemita
733 1771 877 1830 282
931 1768 1139 1826 caelesti
1200 1768 1342 1840 (14),
1399 1769 1545 1826 sicut
1597 1771 1912 1828 continetur
1967 1773 2026 1830 in

427 1865 764 1938 Apocalypsi
813 1866 1042 1924 Joannis
1097 1867 1329 1940 apostoli
1384 1869 1572 1940 (Apoc.
1637 1886 1742 1939 xn,
1799 1871 1876 1942 7),
1919 1870 2026 1928 de-

426 1954 653 2010 scendet
690 1953 758 2013 de
795 1957 934 2014 ccelo
975 1957 1044 2014 ad
1086 1957 1381 2030 gerendum
1415 1957 1620 2015 bellum
1662 1959 1887 2016 nomine
1925 1961 2025 2017 Dei

425 2050 617 2101 contra
650 2045 1062 2104 antichristum.
1097 2047 1219 2115 Quo
1247 2047 1547 2114 exstincto,
1583 2047 1743 2120 jussu
1787 2049 1906 2122 ejus
1945 2067 2024 2107 re-

425 2141 648 2205 surgent
695 2137 919 2195 mortui.
969 2137 1085 2194 Hoc
1111 2147 1192 2195 est
1239 2153 1367 2210 ergo
1396 2137 1454 2194 in
1491 2138 1624 2196 tuba
1653 2140 1750 2196 Dei
1789 2140 2027 2198 descen-

423 2222 573 2292 dere,
607 2225 832 2282 nomine
871 2227 966 2283 Dei
1001 2226 1205 2284 bellum
1233 2243 1416 2299 gerere
1447 2246 1460 2284 :
1497 2236 1578 2285 est
1617 2228 1786 2298 enim,
1820 2240 1882 2287 ut
1910 2230 2024 2304 ipse

423 2314 570 2372 dixit
598 2317 668 2374 ad
718 2317 903 2374 Iesum
952 2317 1129 2374 ﬁlium
1171 2319 1318 2376 Nave
1363 2318 1544 2389 (Iosue
1571 2336 1628 2388 v,
1677 2319 1792 2392 14),
1829 2321 1944 2378 dux
1971 2330 2025 2379 et

423 2407 680 2481 princeps
724 2409 1004 2466 exercitus
1054 2409 1298 2480 Domini,
1343 2419 1564 2484 propter
1593 2413 1740 2485 quod
1781 2413 2025 2471 archan-

423 2496 580 2568 gelus
618 2497 842 2556 dicitur.
893 2498 1032 2557 Cum
1070 2511 1254 2558 autem
1288 2501 1345 2557 in
1384 2501 1516 2558 tuba
1572 2502 1670 2559 Dei
1707 2502 2020 2571 descendet,

421 2586 570 2643 Deus
598 2594 700 2656 est,
721 2589 852 2662 quia
885 2599 1183 2664 utrumque
1213 2593 1501 2648 continent
1533 2591 1851 2665 Scriptum-ae,
1882 2592 2024 2648 sicut

422 2673 482 2732 in
529 2676 745 2746 Exodo,
791 2695 954 2752 quem
1009 2681 1264 2751 angelum
1319 2681 1378 2738 in
1434 2681 1655 2738 ﬂamma
1708 2682 2022 2752 apparuisse

422 2765 599 2839 Moysi
629 2768 884 2838 legimus,
910 2769 1095 2824 statim
1130 2771 1308 2840 ipsum
1337 2770 1394 2825 in
1420 2769 1682 2841 subjectis
1712 2786 1828 2827 esse
1847 2771 2022 2828 Deum

420 2856 787 2925 agnoscimus,
859 2855 917 2912 id
975 2864 1078 2924 est,
1139 2857 1343 2914 Filium
1395 2858 1514 2926 Dei,
1570 2857 1787 2916 dicente
1833 2859 2022 2916 eadem

420 2941 750 3014 Scriptura:
811 2965 830 2989 ι
875 2944 947 3000 Et
987 2944 1270 3012 accedens,
1316 2945 1520 3019 inquit,
1564 2947 1780 3020 Moyses
1820 2949 2025 3005 avertit

420 3047 500 3100 se,
532 3030 660 3124 quia
689 3047 801 3090 non
817 3034 999 3105 potuit
1013 3033 1360 3092 considerare
1382 3035 1436 3092 in
1469 3037 1660 3095 faciem
1696 3037 1789 3094 Dei
1814 3038 2018 3109 (Exod.
2053 3057 2097 3118 ο
2203 3052 2386 3124 (vers.
2419 3051 2596 3122 6-H.)

419 3138 505 3190 III,
536 3121 616 3192 6).
647 3146 666 3171 ι
723 3124 872 3181 Deus
910 3141 1038 3199 ergo
1065 3133 1167 3195 est,
1201 3126 1332 3200 quia
1369 3127 1545 3186 Filius
1595 3129 1693 3187 Dei
1740 3145 1901 3186 verus
1938 3135 2020 3186 est

417 3213 591 3270 Deus:
647 3212 765 3271 dux
820 3222 1005 3273 autem
1061 3224 1117 3274 et
1173 3217 1431 3292 princeps
1477 3218 1625 3287 ideo,
1666 3220 1796 3294 quia
1852 3231 2019 3294 caput

417 3303 665 3362 omnium
705 3312 806 3374 est,
851 3306 982 3380 quia
1007 3323 1102 3380 per
1130 3307 1308 3380 ipsum
1356 3310 1562 3366 omnia.
1591 3311 2018 3384 llesurgentibus

417 3406 544 3463 ergo
573 3393 787 3463 primis,
817 3393 914 3466 qui
935 3395 992 3450 in
1025 3394 1248 3453 Christo
1276 3398 1481 3453 mortui
1511 3409 1660 3466 sunt,
1692 3398 1890 3457 deinde
1919 3417 2018 3457 nos

415 3480 509 3551 qui
543 3479 812 3547 vivimus,
844 3481 1125 3551 rapiemur
1151 3499 1263 3538 una
1299 3500 1424 3541 cum
1456 3486 1572 3543 illis
1603 3487 1803 3559 bajulis
1844 3489 2018 3545 nubi-

415 3563 519 3619 bus
547 3563 767 3622 obviam
799 3565 1019 3623 Christo
1050 3566 1109 3624 in
1138 3585 1261 3626 aera
1285 3588 1296 3626 :
1323 3579 1385 3626 ut
1407 3589 1531 3628 cum
1558 3575 1797 3632 Domino
1825 3592 2016 3635 omnes

417 3650 644 3707 veniant
674 3652 740 3709 ad
771 3655 1045 3726 praelium,
1069 3665 1124 3712 et
1150 3673 1287 3732 quos
1316 3659 1612 3729 occiderat,
1634 3661 1817 3720 videat
1836 3665 2010 3734 vivos;

415 3739 547 3813 quia
575 3741 722 3799 sicut
750 3743 989 3801 Domino
1025 3745 1307 3804 famulata.-
1333 3758 1464 3806 sunt
1500 3749 1692 3819 nubes,
1727 3752 1803 3810 ita
1834 3761 1888 3810 et
1926 3754 2014 3813 bis

413 3845 551 3904 quos
577 3830 772 3892 fratres
819 3852 950 3894 suos
995 3835 1255 3912 dignatus
1283 3846 1367 3894 est
1407 3842 1700 3914 appellare.
1765 3868 1784 3892 ι
1824 3845 1892 3900 Et
1935 3845 2014 3904 sic

412 3936 626 3996 semper
655 3941 779 3982 cum
808 3926 1049 3985 Domino
1078 3929 1318 3987 erimus:
1357 3953 1376 3977 ι
1427 3928 1484 3986 in
1524 3931 1642 4005 ipso
1673 3933 1820 3990 enim
1852 3942 2011 4010 raptu

412 4027 560 4068 mors
607 4016 896 4086 proveniet
943 4025 998 4074 et
1046 4019 1200 4092 quasi
1244 4037 1341 4095 per
1374 4038 1646 4094 soporem,
1695 4032 1754 4080 ut
1801 4041 2012 4097 egressa

410 4099 594 4157 anima
641 4104 696 4158 in
730 4119 1008 4164 momento
1055 4111 1335 4169 reddatur.
1367 4111 1507 4171 Cum
1547 4115 1692 4172 enim
1726 4117 2006 4186 tollentur,

411 4187 741 4278 morientur,
770 4201 833 4250 ut
853 4199 1234 4266 penenientes
1259 4199 1339 4256 ad
1371 4202 1689 4272 Dominum,
1724 4206 2010 4278 praesentia

409 4275 635 4334 Domini
679 4281 952 4352 recipiant
997 4286 1244 4345 animas:
1296 4289 1424 4361 quia
1463 4307 1587 4348 cum
1634 4275 1749 4351 Deo
1805 4296 2007 4352 mortui

409 4379 527 4422 6580
565 4381 677 4423 non
732 4379 982 4440 ροδθυηι.

408 4470 526 4512 cem
559 4456 620 4513 in
653 4455 742 4514 bis
791 4458 996 4518 verbis.
1025 4486 1044 4508 ι
1100 4461 1214 4521 Hac
1251 4480 1346 4537 spe
1373 4469 1643 4527 consolari
1681 4487 1738 4528 se
1769 4472 2007 4531 invicem

399 4541 562 4616 jubet
602 4562 717 4616 eos,
759 4549 852 4623 qui
898 4549 1079 4609 adhuc
1118 4568 1268 4610 more
1319 4557 1512 4628 gentili
1551 4558 1845 4620 charorum
1883 4579 2004 4620 suo-

403 4650 530 4694 rum
568 4651 854 4698 excessum
891 4639 1160 4715 putabant
1189 4642 1509 4716 lugendum.

1033 4791 1266 4850 CAPUT
1296 4793 1364 4864 γ.

476 4913 658 4986 (Vers.
712 4914 766 4984 i,
809 4917 864 4986 2,
902 4916 986 4991 3.)
1028 4920 1107 4977 De
1153 4920 1494 4994 temporibus
1536 4929 1720 4980 autem
1769 4930 1824 4981 et
1871 4941 2001 4982 mo-

401 5003 624 5072 mentis,
671 5004 888 5076 fratres,
931 5024 1042 5067 non
1088 5019 1169 5067 est
1198 5028 1415 5068 necesse
1456 5012 1614 5069 vobis
1651 5013 1850 5070 scribi:
1895 5014 2001 5086 ipsi

400 5094 550 5152 enim
599 5095 899 5170 diligenter
953 5101 1126 5169 scitis,
1169 5104 1300 5176 quia
1340 5104 1458 5162 dies
1506 5103 1753 5173 Domini,
1801 5115 1862 5162 ut
1905 5105 1997 5162 fur

399 5193 590 5255 noctu,
633 5186 713 5244 ita
744 5190 948 5248 veniet.
983 5191 1119 5251 Cum
1169 5193 1318 5250 enim
1349 5193 1627 5252 dixerint:
1670 5197 1780 5252 Pax
1809 5205 1864 5254 et
1906 5211 2002 5253 se—

399 5275 607 5334 curitas
641 5277 784 5350 (15),
824 5287 955 5337 tunc
991 5281 1317 5354 repentinus
1359 5283 1437 5340 eis
1465 5285 1819 5358 superveniet
1861 5286 1999 5344 inte-

499 5407 565 5466 13
616 5408 743 5467 Mss.
772 5390 1004 5486 aliquot,
1039 5414 1106 5474 Ut
1147 5416 1286 5472 enim
1416 5434 1486 5486 m,
1515 5436 1542 5475 s
1577 5437 1678 5489 em,
1708 5428 1816 5479 etc.

499 5409 590 5549 Mi
620 5479 771 5538 Edit.
804 5498 935 5540 mss.
967 5487 1244 5549 nonnulli,
1275 5417 1505 5549 [nilus
1534 5437 1633 5548 ἷκε
1677 5509 1797 5548 cum

433 5548 443 5558 .
471 5478 589 5549 (Ui)
620 5479 771 5561 Edit.
804 5478 935 5540 mis.
967 5478 1244 5555 nonnulli,
1275 5478 1505 5560 Angelus
1534 5478 1633 5548 Dei
1663 5478 1797 5548 cum
1833 5509 1998 5550 carer-

397 5553 504 5602 cttu
527 5550 736 5608 calcati.

2136 1765 2330 1830 serint,
2364 1762 2691 1836 glorientur.

2210 1871 2391 1942 (Vers.
2425 1869 2478 1938 4,
2525 1870 2607 1941 5.)
2663 1894 2681 1917 α
2706 1869 2820 1926 Vos
2866 1876 3070 1939 autem,
3103 1871 3313 1942 fratres,
3360 1888 3473 1929 nou
3515 1873 3662 1931 estis
3691 1875 3750 1930 in

2135 1959 2398 2028 tenebris,
2429 1966 2490 2014 ut
2523 1975 2618 2015 vos
2644 1957 2762 2015 dies
2793 1959 2886 2015 ille
2914 1968 3170 2034 tanquam
3203 1960 3289 2016 fur
3318 1961 3746 2034 apprehendat;

2135 2064 2326 2104 omnes
2355 2048 2502 2105 enim
2535 2065 2633 2104 vos
2663 2047 2765 2104 filii
2797 2048 3025 2104 luminis
3054 2048 3186 2104 estis
3221 2058 3274 2104 et
3302 2047 3406 2104 filii
3435 2048 3555 2105 diei
3583 2067 3596 2105 :
3635 2065 3748 2106 non

2135 2138 2266 2194 estis
2294 2138 2472 2194 noctis
2514 2153 2690 2210 neque
2737 2138 3111 2194 tenebrarum.
3146 2163 3165 2186 ι
3207 2137 3268 2194 In
3298 2137 3547 2195 tenebris
3587 2139 3742 2212 igno-

2134 2212 2370 2283 rantiam
2427 2225 2701 2298 significat
2753 2233 2807 2281 et
2862 2225 3232 2295 mendacium,
3290 2228 3344 2282 in
3405 2227 3496 2284 die
3553 2237 3743 2286 autem

2133 2318 2419 2376 scientiam
2468 2326 2521 2374 et
2555 2317 2864 2374 veritatem.
2897 2315 3108 2373 Idcirco
3147 2316 3491 2374 Christianos
3523 2335 3637 2375 non
3686 2321 3744 2377 in

2132 2406 2376 2463 tenebris
2419 2422 2534 2462 esse
2588 2405 2743 2472 dicit,
2782 2405 3012 2477 gentiles
3061 2414 3242 2461 autem
3288 2406 3374 2462 vel
3426 2406 3747 2465 incredulos

2133 2496 2353 2553 Iudaeos
2383 2495 2528 2552 filios
2563 2495 2911 2552 tenebrarum
2942 2513 2954 2552 :
2989 2496 3119 2568 quia
3145 2496 3389 2553 cultores
3415 2506 3547 2553 sunt
3582 2514 3745 2555 men-

2131 2585 2296 2642 dacii.
2327 2585 2693 2654 Quamobrem
2728 2585 2916 2642 ﬁdeles
2947 2601 3168 2643 securos
3197 2603 3313 2643 esse
3341 2587 3543 2644 debere
3573 2587 3740 2662 signi-

2132 2675 2292 2732 ﬁcat:
2326 2675 2453 2748 quia
2476 2691 2586 2731 non
2613 2677 2865 2748 ignorant
2892 2675 3138 2731 futurum
3162 2675 3464 2732 adventum
3487 2677 3739 2745 Domini,

2131 2765 2226 2822 sed
2255 2773 2572 2837 exspectant
2602 2764 2852 2834 solliciti,
2883 2773 2944 2821 ut
2972 2765 3182 2823 veniat.
3211 2765 3315 2833 Qui
3357 2774 3546 2822 autem
3576 2767 3747 2840 igno-

2132 2864 2256 2911 rant
2310 2853 2621 2910 difﬁdentes
2667 2854 2733 2910 de
2790 2867 2888 2923 eo,
2925 2863 3144 2928 repente
3191 2855 3317 2912 illos
3367 2855 3747 2929 apprehendat

2131 2943 2494 3017 improvidos,
2523 2951 2576 2999 et
2610 2942 2928 3001 interﬁciat.

2661 3052 2883 3124 «Igitur
2928 3067 3036 3108 non
3086 3050 3450 3121 dormiamus,
3498 3053 3646 3113 sicut
3685 3065 3740 3114 et

2132 3140 2337 3210 caeteri,
2369 3140 2464 3197 sed
2493 3141 2806 3213 vigilemus,
2838 3149 2893 3197 et
2920 3141 3087 3198 sobrii
3121 3144 3294 3199 simus
3348 3143 3415 3198 Hi
3455 3144 3606 3200 enim
3637 3144 3738 3218 qui

2127 3230 2434 3298 dormiunt,
2459 3239 2619 3288 nocte
2638 3231 2952 3288 dormiunt:
2985 3241 3038 3288 et
3059 3231 3149 3304 qui
3174 3230 3550 3301 inebriantur,
3575 3243 3738 3292 nocte

2127 3329 2257 3378 sunt
2285 3322 2446 3379 ebrii.
2479 3322 2589 3379 Nos
2614 3331 2796 3379 autem
2828 3322 2922 3396 qui
2951 3322 3060 3378 diei
3091 3339 3300 3389 sumus,
3331 3321 3508 3378 sobrii
3538 3323 3734 3394 simrs,

2127 3412 2307 3469 induti
2341 3412 2618 3470 thoracem
2665 3411 2792 3468 fidei
2823 3419 2879 3468 et
2920 3411 3222 3471 charitatis.
3273 3419 3328 3468 et
3372 3413 3582 3484 galeam
3615 3415 3733 3487 spei

2125 3501 2338 3569 salutis,
2370 3501 2502 3575 quia
2540 3517 2651 3557 non
2698 3501 2882 3573 posuit
2914 3516 3013 3556 nos
3059 3502 3205 3557 Deus
3231 3501 3288 3556 in
3331 3499 3498 3570 iram,
3530 3501 3626 3558 sed
3672 3502 3732 3559 in

2124 3591 2545 3664 acquisitionem
2578 3589 2771 3646 salutis
2797 3605 2892 3663 per
2929 3590 3227 3646 Dominum
3260 3597 3512 3647 nostrum
3544 3592 3729 3650 Iesum

2124 3679 2426 3748 Christum,
2458 3683 2552 3752 qui
2575 3687 2825 3735 mortuus
2854 3687 2935 3735 est
2956 3695 3053 3752 pro
3074 3679 3266 3735 nobis:
3297 3689 3360 3738 ut
3389 3680 3510 3739 sive
3539 3682 3730 3756 vigile-

2123 3785 2269 3838 mus,
2289 3768 2406 3826 sive
2433 3768 2797 3837 dormiamus,
2829 3767 2994 3824 simul
3026 3785 3150 3826 cum
3181 3768 3282 3827 illo
3303 3769 3580 3828 vivamus.
3600 3772 3731 3828 Pro-

2121 3866 2243 3930 pter
2267 3858 2412 3932 quod
2444 3874 2507 3915 ex
2519 3857 2817 3915 hortamini
2848 3858 3111 3926 invicem,
3143 3866 3197 3915 et
3226 3859 3498 3918 aedificate
3527 3863 3730 3918 alteru-

2121 3954 2290 4014 trum,
2322 3947 2465 4004 sicut
2517 3954 2571 4004 et
2617 3947 2818 4005 facitis.
2879 3972 2898 3995 ι
2932 3953 3192 4021 Apertum
3232 3957 3313 4006 est
3355 3950 3505 4021 quod
3547 3951 3723 4008 dicit:

2119 4046 2432 4094 commonet
2452 4038 2623 4106 enim,
2653 4054 2721 4093 ne
2743 4037 2919 4094 securi
2941 4037 3008 4095 de
3036 4039 3261 4095 nomine
3289 4039 3616 4108 Salvatoris,
3635 4057 3729 4098 ne-

2121 4127 2387 4199 gligenter
2441 4143 2714 4199 agamus;
2770 4127 3001 4202 ideoque
3058 4128 3237 4184 tribus
3295 4130 3726 4202 propugnaculis

2119 4233 2219 4274 nos
2241 4217 2442 4273 muniri
2473 4216 2693 4286 debere,
2724 4216 2778 4272 id
2801 4226 2903 4285 est,
2934 4216 3084 4286 fidei,
3115 4225 3168 4272 et
3188 4218 3721 4290 spei,etcharitatis.

2116 4307 2260 4363 Dum
2288 4307 2434 4362 enim
2479 4305 2613 4362 ﬁdes
2659 4313 2864 4374 manet,
2909 4322 3056 4378 spem
3102 4306 3335 4365 excitat:
3386 4325 3514 4381 spes
3539 4317 3724 4365 autem

1033 4397 1051 4421 ι
1090 4375 1278 4448 Itaque
1325 4381 1685 4439 consolamini
1729 4400 1827 4440 vos
1866 4385 2005 4441 invi-

2127 4397 2424 4452 necessario
2453 4395 2693 4452 sollicita
2722 4403 2803 4451 est
2829 4395 2895 4451 de
2926 4394 3313 4466 promissione,
3345 4413 3448 4455 nec
3476 4398 3718 4455 dormit:

2119 4484 2360 4543 charitas
2390 4491 2570 4540 autem
2603 4484 2863 4540 devotum
2893 4485 3053 4541 ofl‘ert
3081 4486 3231 4543 Deo:
3265 4486 3412 4544 nihil
3446 4489 3596 4544 enim
3630 4487 3723 4546 ad-

2116 4591 2333 4630 versum
2393 4573 2640 4629 admittit
2703 4573 2964 4632 charitas.
3005 4574 3216 4632 Idcirco
3262 4576 3410 4633 enim
3471 4589 3722 4636 mortuus

2115 4671 2196 4720 est
2235 4679 2333 4736 pro
2363 4663 2523 4720 nobis
2550 4663 2823 4720 Dominus
2869 4665 3026 4722 Iesus
3072 4675 3128 4723 et
3155 4668 3481 4736 resurrexit,
3514 4678 3576 4727 ut
3603 4668 3722 4726 sive

2113 4753 2428 4826 vigilemus,
2473 4751 2577 4809 hoc
2619 4761 2720 4822 est,
2770 4754 3049 4825 vivamus,
3098 4756 3215 4813 sive
3248 4756 3612 4822 dormiamus.
3661 4757 3722 4816 id

2113 4851 2213 4912 est,
2246 4843 2568 4911 moriamur,
2613 4859 2725 4899 una
2759 4861 2885 4901 cum
2919 4845 3018 4902 illo
3049 4853 3249 4902 aeterna
3291 4847 3409 4903 vita
3446 4849 3717 4905 fruamur.

2111 4931 2228 4988 Hoc
2268 4939 2349 4989 est
2396 4932 2542 5006 quod
2590 4950 2753 5006 supra
2797 4933 2962 5004 dixit,
2995 4936 3123 5006 quia
3153 4934 3344 4992 fideles
3388 4936 3447 4993 in
3475 4937 3721 4995 adventu

2110 5022 2332 5077 Domini
2365 5029 2472 5077 tarn
2527 5022 2754 5092 mortui,
2804 5028 2949 5086 283
2997 5039 3159 5096 quam
3201 5023 3320 5080 vivi
3353 5024 3576 5082 obviam
3618 5026 3721 5083 tol-

2111 5118 2296 5175 lentur
2308 5120 2570 5188 Domino,
2591 5129 2645 5177 et
2661 5137 2874 5194 semper
2884 5121 3077 5177 vivent
3091 5137 3216 5178 cum
3235 5137 3321 5178 eo.
3339 5122 3403 5178 In
3425 5121 3533 5180 hoc
3551 5121 3722 5180 medi-

2108 5209 2338 5266 tandum
2369 5211 2548 5282 docet,
2575 5221 2636 5270 ut
2658 5211 2897 5269 invicem
2926 5227 2984 5268 se
3015 5211 3070 5268 in
3102 5212 3208 5268 isto
3228 5209 3509 5269 aedificent
3530 5228 3714 5273 sensu.

2181 5299 2362 5367 (Vers.
2405 5299 2506 5370 -12,
2557 5301 2670 5371 13.)
2716 5324 2734 5348 ι
2767 5301 3045 5373 Rogamus
3092 5308 3276 5358 autem
3322 5316 3443 5370 vos,
3496 5301 3714 5370 fratres,

2105 5423 2536 5568 ﬁrggLOmnes
2561 5425 2698 5484 edit.
2743 5432 2799 5482 et
2826 5425 3051 5500 quidam
3081 5441 3238 5495 mss.,
3269 5425 3464 5494 diceat,
3507 5441 3628 5498 pa:
3670 5432 3721 5482 ot
