3908 6192
229 225 341 284 477

1227 225 1593 286 COMMENT.
1633 225 1705 282 IN
1744 225 1962 284 EPIST.
2002 227 2025 283 Ι
2063 227 2160 284 ΑΙ)
2197 226 2531 286 THESSAL.

3447 228 3551 287 478

229 360 294 408 ut
349 352 689 424 cognoscatis
735 368 829 410 eos
875 352 970 424 qui
1021 351 1273 409 laborant
1317 351 1374 407 in
1403 351 1564 408 vobis
1595 351 1736 424 (16),
1781 361 1835 410 et
1869 357 1920 416 Α
1954 359 2049 422 let,
2100 369 2212 409 non
2263 351 2443 408 audiri
2489 349 2759 425 patienter
2804 351 3022 421 debere,
3065 352 3160 411 sed
3189 352 3378 412 omnia
3400 351 3550 411 dicta

224 450 472 513 praesint
521 441 679 498 vobis
711 442 768 498 in
823 443 1084 509 Domino,
1123 451 1177 498 et
1206 449 1431 498 monent
1461 458 1594 499 vos:
1638 450 1699 498 ut
1731 443 1843 501 illis

224 546 507 586 summum
565 529 833 587 honorem
896 529 1144 586 habeatis
1201 530 1259 586 in
1306 530 1573 587 charitate
1622 539 1842 604 propter

220 635 396 693 opera
433 620 712 693 ipsorum:
769 637 957 693 pacem
1005 621 1201 680 habete
1249 621 1393 678 inter
1425 637 1540 677 vos.
1578 622 1692 678 Hoc
1736 628 1837 687 est,

219 709 382 783 quod
437 709 577 769 dicit
628 717 683 767 et
752 710 809 767 in
866 709 976 768 alia
1027 710 1260 784 epistola
1319 711 1378 782 (Ι
1432 711 1565 767 Tim.
1612 728 1668 781 v,
1725 711 1836 781 17),

217 798 583 872 presbyteros
631 799 840 872 duplici
887 799 1096 857 honore
1144 799 1516 867 honorandos,
1550 799 1646 872 qui
1681 799 1840 856 labo-

218 895 353 944 rant
403 887 461 944 in
489 887 657 945 verbo
695 887 982 945 doctrinas.
1035 889 1218 944 Potest
1265 887 1410 944 enim
1451 888 1634 960 pigere
1688 904 1835 958 eum,

217 976 318 1047 qui
357 976 414 1032 in
441 977 601 1048 :piam
633 977 859 1050 patitur,
899 975 1226 1033 exercitium
1259 977 1455 1044 facere,
1489 976 1634 1050 quod
1665 977 1838 1049 prosit

215 1063 601 1120 audientibus.
669 1064 815 1133 Quid
878 1065 1028 1121 enim
1097 1065 1316 1138 prodest
1375 1065 1641 1121 honorem
1717 1064 1836 1121 sine

216 1152 412 1209 fructu
464 1154 701 1212 habere:
751 1162 847 1210 aut
908 1154 1042 1229 quid
1098 1172 1356 1229 magnum
1409 1162 1491 1212 est
1542 1155 1737 1210 offerre
1782 1153 1832 1210 ei

215 1243 486 1312 carnalia,
517 1244 612 1317 qui
661 1243 862 1301 tribuit
889 1244 1162 1316 spiritalia
1183 1245 1211 1302 ‘I
1248 1244 1404 1301 Sicut
1434 1243 1583 1300 enim
1622 1244 1833 1301 divitia:

216 1332 613 1406 negligentiam
644 1336 868 1407 pariunt
913 1335 1124 1404 salutis,
1179 1335 1256 1391 ita
1282 1343 1490 1409 egestas
1511 1333 1644 1392 dum
1673 1343 1833 1392 satu-

214 1429 328 1485 rari
361 1429 580 1504 quaerit,
613 1446 646 1485 a
668 1429 890 1502 justitia
919 1429 1179 1488 declinat.
1238 1432 1380 1489 Hinc
1431 1431 1688 1488 Salomon
1731 1446 1834 1488 nec

214 1518 391 1576 nimis
462 1518 695 1576 divitem
764 1535 822 1576 se
895 1521 1032 1592 petit
1106 1519 1250 1589 ﬁeri,
1318 1538 1420 1579 nec
1487 1530 1828 1594 egestuosum

216 1609 414 1680 (Prov.
448 1625 588 1676 xxx,
620 1609 702 1681 8).
735 1610 851 1666 Hoc
882 1609 1060 1681 ipsum
1093 1618 1277 1667 tamen
1312 1611 1367 1666 in
1414 1611 1680 1668 charitate
1709 1610 1827 1667 ﬁeri

213 1697 442 1768 debere,
489 1707 552 1754 ut
582 1699 1006 1757 honoriﬁcentia
1045 1701 1343 1757 sacerdotis
1393 1717 1502 1757 non
1533 1701 1599 1756 de
1629 1701 1827 1756 timore
1857 1727 1902 1788 Β

212 1791 398 1864 magis
443 1791 536 1858 sit,
585 1792 679 1849 sed
725 1793 792 1850 de
837 1810 1054 1851 amore:
1106 1801 1169 1850 ut
1217 1794 1382 1850 etiam
1431 1795 1516 1850 illi
1548 1793 1817 1868 proﬁciat,

215 1882 310 1954 qui
367 1881 520 1938 facit.
581 1884 684 1940 Res
729 1884 877 1942 enim
925 1901 1045 1958 quae
1073 1893 1266 1958 sponte
1303 1904 1414 1944 non
1445 1889 1528 1958 ﬁt,
1560 1889 1629 1946 ad
1653 1890 1818 1946 affec-

214 1980 334 2028 tum
374 1987 488 2029 non
529 1974 819 2046 pervenit;
871 1975 1126 2049 quamvis
1169 1975 1238 2033 ad
1280 1995 1520 2052 praesens
1567 1979 1821 2054 proﬁciat

213 2061 484 2132 sumenti,
513 2063 657 2120 nihil
703 2071 890 2121 tamen
923 2066 1167 2138 proderit
1212 2067 1270 2124 in
1306 2071 1494 2127 futuro
1524 2071 1696 2128 danti.
1747 2071 1819 2128 Et

213 2159 347 2231 quia
378 2159 651 2216 dissensio
679 2161 854 2218 multa
878 2170 1098 2235 generat
1120 2165 1283 2233 mala,
1307 2166 1564 2238 paciﬁcos
1591 2183 1684 2222 eos
1703 2182 1822 2222 esse

213 2245 496 2304 hortatur.

288 2337 478 2408 (Vers.
513 2336 722 2410 14-17.)
759 2363 778 2387 ε
807 2340 1082 2412 Rogamus
1109 2357 1242 2398 vero
1274 2357 1393 2410 vos,
1441 2343 1656 2414 fratres,
1687 2361 1822 2402 cor-

216 2434 380 2509 ripite
431 2435 728 2509 inquietos,
773 2441 1140 2497 consulamini
1188 2443 1584 2515 pusillanimes,
1628 2446 1823 2518 opitu—

219 2533 409 2591 lamini
453 2535 715 2605 inﬁrmis,
761 2537 1031 2609 patientes
1081 2547 1252 2596 estote
1283 2540 1351 2596 ad
1380 2556 1589 2599 omnes.
1624 2543 1821 2600 Videte

217 2646 281 2687 ne
313 2632 437 2704 quis
482 2632 686 2689 malum
719 2648 818 2705 pro
849 2633 994 2690 malo
1023 2616 1190 2691 alicui
1223 2635 1451 2694 reddat:
1484 2639 1575 2695 sed
1605 2656 1821 2714 semper

216 2727 354 2802 quod
395 2727 605 2786 bonum
652 2737 734 2786 est
780 2730 1092 2799 sectamini,
1138 2737 1192 2786 et
1238 2731 1297 2787 in
1349 2732 1612 2805 invicem,
1662 2747 1717 2794 et
1757 2737 1815 2792 in

215 2834 417 2875 omnes.
456 2817 687 2890 Semper
715 2819 943 2891 gaudete
984 2821 1039 2878 in
1072 2822 1334 2887 Domino,
1375 2823 1494 2880 sine
1523 2823 1817 2884 intermis-

213 2911 358 2967 sione
388 2915 567 2977 orate,
603 2910 659 2966 in
690 2910 948 2968 omnibus
975 2913 1177 2986 gratias
1201 2914 1364 2986 agite.
1398 2915 1523 2973 Haec
1552 2926 1635 2973 est
1665 2917 1814 2974 enim

212 3001 466 3058 voluntas
517 3001 614 3058 Dei
665 3001 723 3057 in
767 3001 988 3060 Christo
1018 3003 1145 3059 Jesu
1185 3003 1241 3058 in
1286 3003 1545 3061 omnibus
1574 3007 1753 3064 vobis.
1781 3032 1800 3056 ι

1949 447 2275 516 examinari,
2306 455 2360 503 et
2399 448 2480 504 sic
2502 447 2776 520 judicari:
2813 465 2884 506 ne
2932 450 3071 508 forte
3102 450 3332 523 gratiam
3362 450 3547 509 datam

1950 541 2106 596 fratri
2171 539 2300 595 dum
2353 546 2636 610 respuunt,
2699 539 2908 594 auctori
2975 549 3296 612 repugnent.
3347 540 3548 599 Omnia

1949 648 2077 704 ergo
2123 647 2244 704 qua:
2293 629 2578 696 dicuntur,
2623 628 2900 702 probanda
2947 639 3156 700 monet,
3185 641 3239 689 et
3270 633 3544 708 quidquid

1947 723 2129 780 sobrie
2170 733 2224 780 et
2270 721 2407 778 bene
2455 721 2656 777 dictam
2707 722 2894 788 fuerit,
2951 724 3322 783 retinendum.
3371 729 3543 796 Quas-

1948 833 2164 890 cunque
2209 815 2359 871 enim
2411 814 2782 885 apostolorum
2813 822 2868 870 et
2905 813 3076 886 ipsius
3111 816 3334 875 Domini
3375 819 3542 877 dictis

1946 911 2282 976 congruunt,
2343 919 2408 960 ea
2455 902 2595 960 bene
2642 902 2790 960 dicta
2832 903 3083 962 habenda
3129 915 3258 964 sunt
3302 916 3357 966 et
3400 910 3542 966 reti-

1945 1000 2125 1057 nenda
2154 1017 2166 1054 :
2199 999 2266 1055 ab
2301 997 2389 1054 his
2441 1006 2624 1054 autem
2672 1015 2793 1070 quae
2823 998 3050 1057 inimica
3087 1000 3212 1056 ﬁdei
3262 1001 3538 1073 videntur,

1945 1090 2358 1150 abstinendum.
2394 1089 2546 1146 Solet
2593 1088 2741 1147 enim
2789 1089 3018 1161 spiritus
3048 1091 3244 1147 mundi
3276 1091 3542 1150 fallaciter

1944 1195 2099 1268 quasi
2151 1210 2246 1266 per
2293 1192 2658 1249 imitationem
2705 1192 2890 1251 dicere
2934 1193 3099 1261 bona,
3141 1199 3196 1248 et
3225 1191 3371 1248 inter
3399 1189 3543 1249 284

1942 1286 2060 1342 haec
2083 1285 2449 1341 subinducere
2477 1300 2664 1356 prava,
2689 1293 2753 1341 ut
2779 1301 2872 1357 per
2901 1283 3020 1342 haec
3062 1301 3182 1358 quas
3213 1283 3358 1340 bona
3389 1291 3538 1352 sunt,

1940 1383 2160 1448 accepto
2202 1375 2449 1431 ferantur
2485 1381 2539 1430 et
2586 1377 2762 1430 mala:
2815 1381 2878 1429 ut
2927 1374 3057 1447 quia
3101 1373 3269 1430 unius
3316 1373 3541 1447 spiritus

1939 1464 2088 1521 dicta
2125 1471 2412 1537 putantur,
2448 1480 2561 1519 non
2609 1463 2994 1519 discernantur
3031 1462 3097 1518 ab
3130 1461 3369 1519 invicem
3401 1481 3411 1517 :
3447 1462 3541 1519 sed

1939 1571 2036 1627 per
2074 1554 2132 1610 id
2179 1553 2324 1626 quod
2374 1552 2589 1610 licitum
2637 1561 2741 1622 est,
2800 1552 3218 1609 commendetur
3277 1552 3537 1610 illicitum

1937 1648 2264 1704 auctoritate
2280 1646 2542 1714 nominis,
2566 1664 2676 1703 non
2695 1647 2906 1702 ratione
2923 1646 3167 1702 virtutis.
3186 1645 3376 1702 Solent
3391 1645 3537 1702 enim

1937 1737 2038 1792 sub
2091 1738 2463 1808 apostolorum
2515 1735 2738 1791 nomine
2775 1743 2828 1790 et
2860 1735 3032 1807 ipsius
3059 1735 3282 1790 Domini
3313 1735 3540 1791 infanda

1931 1827 2128 1884 docere
2159 1834 2217 1882 et
2245 1826 2474 1883 adversa
2499 1844 2510 1882 :
2555 1826 2786 1897 ideoque
2811 1843 2878 1880 οι
2904 1825 2997 1880 nia
3024 1825 3306 1897 probanda
3327 1831 3532 1892 monet,

1931 1917 2061 1991 quia
2115 1933 2228 1973 non
2269 1924 2497 1989 possunt
2551 1915 2771 1989 eloquia
2822 1914 3048 1971 Domini
3111 1930 3226 1970 esse
3293 1913 3530 1972 diversa.

1931 2007 2073 2064 Hinc
2130 2014 2212 2062 est
2258 2005 2404 2061 unde
2433 2012 2488 2061 et
2530 2003 2755 2060 Joannis
2783 2003 3015 2076 apostoli
3055 2004 3319 2077 epistola:
3368 2028 3386 2052 ι
3412 2005 3532 2061 No-

1932 2097 2050 2166 lite,
2095 2094 2300 2169 inquit,
2333 2095 2487 2152 omni
2509 2094 2730 2168 spiritui
2760 2095 2983 2150 credere
3009 2112 3020 2150 :
3051 2094 3144 2150 sed
3174 2093 3398 2167 probate
3423 2093 3530 2168 spi-

1929 2190 2090 2255 ritus,
2115 2185 2160 2243 si
2191 2203 2261 2242 ex
2293 2188 2402 2242 Deo
2433 2185 2544 2241 sint
2576 2184 2632 2255 (ι
2655 2185 2812 2240 Joan.
2841 2201 2918 2250 iv,
2955 2185 3034 2253 1),
3065 2208 3085 2230 ι
3127 2183 3257 2256 quia
3281 2183 3328 2239 si
3359 2183 3534 2240 multa

1927 2278 2073 2333 bona
2125 2273 2292 2342 dicat,
2356 2277 2414 2332 in
2469 2275 2654 2347 aliquo
2715 2279 2898 2330 autem
2957 2273 3102 2345 quod
3155 2272 3281 2329 ﬁdei
3324 2273 3531 2329 adver-

1932 2383 2052 2423 sum
2085 2375 2186 2436 est,
2222 2373 2454 2438 promat,
2481 2365 2686 2422 sciatur
2714 2381 2824 2420 non
2856 2380 2971 2420 esse
3018 2361 3258 2434 Spiritus
3287 2370 3526 2422 sanctus.

1930 2458 2080 2514 Nihil
2131 2457 2277 2513 enim
2330 2456 2533 2511 erroris
2581 2457 2636 2511 in
2666 2454 2875 2527 Spiritu
2912 2461 3102 2509 sancto
3132 2455 3335 2526 poterit
3366 2470 3530 2525 repe-

1929 2547 2054 2603 riri.
2095 2545 2198 2602 Sed
2225 2562 2319 2616 per
2352 2542 2679 2600 exercitium
2712 2541 2895 2613 eloqui
2949 2540 3195 2611 quaedam
3235 2541 3524 2614 spiritalia,

1931 2635 2177 2710 quaedam
2210 2650 2342 2689 vero
2374 2630 2638 2694 carnalia,
2683 2629 2811 2702 quia
2839 2628 3023 2684 omnis
3053 2644 3206 2684 error
3233 2627 3384 2685 carni
3422 2628 3529 2685 de-

1929 2734 2174 2799 putatur,
2222 2731 2317 2780 ant
2353 2729 2501 2780 certe
2529 2726 2842 2776 commento
2871 2717 3107 2792 quodam
3140 2717 3355 2773 astutiae
3386 2716 3528 2774 bona

1929 2818 2088 2890 ﬁngit
2118 2834 2130 2872 :
2165 2823 2226 2872 ut
2256 2814 2343 2870 his
2373 2813 2577 2869 inserat
2618 2810 2779 2874 mala,
2813 2808 2957 2867 sicut
2985 2823 3149 2880 supra
3180 2807 3479 2864 memoravi
3508 2825 3520 2864 ε

1926 2904 2388 2981 quemadmodum
2440 2901 2498 2958 in
2538 2902 2820 2970 Montano,
2867 2908 2921 2957 et
2967 2897 3238 2966 Priscilla,
3269 2906 3322 2953 et
3353 2899 3522 2957 Maxi-

1927 3001 2082 3056 milla
2102 2997 2384 3072 prophetis
2420 2993 2876 3068 cataphrygarum
2907 2990 3136 3065 spiritus
3173 2987 3368 3046 mundi
3400 2989 3521 3046 imi-

211 3089 480 3159 Quoniam
510 3107 730 3149 necesse
758 3101 839 3149 est
869 3094 1131 3168 quosdam
1177 3095 1234 3150 in
1275 3096 1430 3167 plebe
1458 3114 1573 3154 esse
1602 3096 1814 3154 immo.
1842 3089 1886 3149 Ο
1921 3088 2128 3146 tatione
2167 3087 2399 3163 quadam
2429 3085 2560 3142 boni
2595 3083 2880 3140 simulavit
2908 3100 2918 3138 :
2954 3090 3014 3138 ut
3044 3095 3139 3154 per
3177 3079 3350 3136 multa
3378 3079 3519 3136 veri-

209 3188 400 3260 destos,
451 3190 724 3264 quosdam
769 3200 952 3249 autem
979 3192 1378 3264 pusillanimes,
1419 3195 1526 3253 hoc
1570 3204 1673 3265 est,
1725 3198 1811 3254 'ti-

210 3283 398 3351 midos,
448 3283 722 3356 quosdam
769 3300 902 3341 vero
944 3284 1053 3340 ﬁde
1091 3284 1379 3343 inﬁrmos:
1432 3286 1664 3361 ideoque
1710 3289 1810 3348 hos

210 3374 297 3444 qui
324 3374 598 3432 moderati
628 3383 760 3431 sunt
790 3376 908 3449 (l7)
942 3384 998 3434 et
1023 3368 1418 3452 magnanimes,
1443 3388 1499 3437 et
1537 3381 1645 3440 ﬁde
1672 3383 1812 3441 fun-

209 3465 338 3536 dati,
365 3469 627 3527 hortatur
657 3486 783 3527 cum
815 3487 996 3543 prece,
1028 3480 1091 3530 ut
1119 3472 1208 3529 his
1240 3475 1551 3545 consulant,
1582 3485 1644 3534 ut
1675 3494 1808 3551 pos-

209 3556 312 3613 sint
357 3559 654 3633 proﬁcere,
702 3561 1024 3618 sufferentes
1068 3578 1180 3630 eos,
1221 3580 1290 3620 ne
1327 3565 1373 3620 si
1414 3568 1704 3630 retributio
1743 3573 1806 3634 ﬁt

209 3648 504 3720 malorum,
537 3649 750 3724 pejores
779 3668 836 3709 se
864 3653 1019 3710 ﬁant.
1044 3653 1258 3713 Idcirco
1286 3654 1428 3713 nihil
1458 3659 1611 3718 aliud
1641 3681 1804 3738 quam

209 3739 400 3802 bonum
445 3747 776 3804 sectandum
819 3748 1094 3817 hortatur,
1143 3767 1256 3808 non
1297 3754 1478 3811 solum
1529 3757 1589 3814 in
1637 3776 1806 3818 causa

208 3829 452 3904 fratrum,
500 3836 593 3892 sed
640 3844 696 3893 et
741 3837 801 3893 in
846 3840 1122 3897 omnium.
1175 3842 1409 3901 Possunt
1458 3847 1607 3903 enim
1643 3848 1802 3907 bonis

208 3922 454 3993 operibus
501 3926 704 3982 attrahi
757 3927 1006 3984 inﬁdeles
1052 3929 1121 3985 ad
1160 3931 1568 4005 credulitatem,
1596 3955 1665 3994 ex
1695 3956 1804 4013 qua

207 4023 412 4085 semper
453 4017 751 4088 gandeatur
797 4018 853 4072 in
902 4021 1160 4090 Domino,
1191 4021 1293 4079 hoc
1323 4033 1426 4091 est,
1457 4026 1516 4083 in
1563 4029 1797 4086 bonum-

205 4097 484 4160 Orandum
529 4115 719 4161 autem
761 4107 881 4162 sine
928 4109 1372 4169 intermissione:
1413 4115 1614 4174 sedulae
1651 4119 1799 4177 enim

202 4209 390 4266 preces
420 4210 717 4268 provocant
747 4204 991 4259 animum
1027 4204 1234 4276 judicis
1263 4208 1329 4262 ad
1359 4208 1595 4268 dandam
1629 4215 1800 4272 mise-

203 4283 519 4343 ricordiam.
565 4290 625 4345 In
657 4291 914 4347 omnibus
937 4308 1070 4347 vero
1098 4295 1314 4351 actibus
1341 4295 1501 4354 bonis
1528 4303 1639 4358 Deo
1668 4320 1798 4376 gra-

205 4375 304 4434 tias
331 4380 588 4451 agendas,
620 4384 715 4456 qui
749 4383 892 4441 hanc
927 4385 1126 4443 tribuit
1153 4387 1462 4447 doctrinam
1492 4391 1550 4448 in
1578 4393 1796 4455 Christo

208 4463 327 4523 Jesu
357 4470 597 4528 Domino
625 4480 838 4530 nostro.

273 4559 450 4650 (vers.
497 4563 720 4638 18-22.)
767 4589 785 4612 ε
830 4565 1099 4638 Spiritum
1164 4567 1335 4625 nolite
1400 4574 1788 4650 exstinguere:

208 4649 507 4746 prophetias
555 4657 730 4714 nolite
787 4673 1063 4730 spernere.
1117 4657 1317 4716 Omnia
1346 4663 1606 4735 probate:
1645 4672 1792 4746 quod

207 4734 398 4799 bonum
445 4755 547 4815 est,
591 4757 803 4807 tenete:
854 4749 922 4806 ab
953 4751 1105 4807 omni
1145 4755 1324 4825 specie
1348 4734 1493 4815 mala
1521 4734 1790 4821 abstinete

207 4843 314 4925 vos.
343 4858 360 4880 ι
404 4835 518 4896 Hoc
544 4840 699 4910 dicit,
751 4849 814 4898 ut
849 4858 961 4899 non
993 4844 1153 4902 facile
1193 4845 1358 4904 alicui
1397 4866 1494 4923 per
1531 4853 1788 4925 spiritum

208 4917 437 4994 loquenti
483 4930 845 4990 interdicatnr
901 4935 1298 5008 (exstinguitur
1346 4917 1516 5009 enim,
1557 4917 1603 4999 si
1635 4943 1789 5000 inci-

205 5012 392 5111 pientis
419 5023 567 5097 loqui
596 5025 782 5084 fervor
809 5028 1254 5087 contradictione
1282 5033 1498 5104 sopitur
1527 5031 1697 5111 [l8]),
1716 5053 1788 5093 ne

206 5101 332 5202 ferte
361 5128 468 5202 non
511 5117 883 5192 intelligentes
919 5121 1030 5178 dici
1078 5123 1147 5179 ab
1193 5139 1258 5180 eo
1290 5101 1580 5196 spiritalia,
1624 5101 1787 5202 iniu-

205 5201 328 5291 riam
372 5201 574 5265 faciant
613 5209 844 5282 Spiritui
890 5220 1101 5281 sancto,
1134 5223 1189 5271 et
1218 5223 1442 5287 peccent
1490 5233 1586 5289 per
1617 5201 1784 5291 igno-

206 5290 416 5350 rantiam
445 5314 457 5353 :
482 5315 659 5377 neque
686 5304 925 5379 aliquem
956 5307 1053 5382 qui
1090 5309 1245 5382 quasi
1276 5311 1586 5385 Scripturas
1615 5290 1781 5370 reve-

268 5427 558 5523 (ﬁom.
584 5443 765 5523 edit.,.
784 5445 878 5518 qui
905 5447 1158 5506 laborant
1184 5450 1321 5507 inter
1348 5468 1458 5508 vos.
1508 5453 1581 5509 Et
1611 5453 1776 5523 infra,

201 5507 364 5573 Mm
389 5506 559 5569 habete
574 5532 692 5571 cum
717 5506 811 5573 eis:

207 5633 226 5688 Ι
263 5568 376 5692 £17)
417 5568 686 5644 Editus-ct
720 5568 858 5645 'mss.
907 5591 1186 5670 nonnulli,
1242 5593 1335 5665 qui
1376 5595 1593 5654 modesti
1628 5603 1771 5656 sunt.

227 5649 262 5690 η
285 5656 340 5698 1'8
363 5662 488 5700 vero
515 5655 682 5700 rmrlnr
712 5658 860 5700 haan
939 5677 1141 5700 ηωηνρι
1173 5680 1222 5700 η
1249 5664 1452 5700 fana-nm!

399 5663 488 5708 ero
515 5655 688 5715 codex
711 5658 909 5730 Laud.,
934 5659 1141 5736 pejores
1167 5655 1222 5722 se
1244 5655 1472 5739 faciant.

1923 3185 2151 3254 similia,
2183 3200 2397 3242 necnon
2417 3190 2472 3239 et
2496 3197 2646 3246 vera,
2676 3178 3004 3235 mentiretur
3029 3194 3086 3234 se
3108 3192 3223 3233 esse
3249 3174 3517 3249 Spiritum

1922 3284 2193 3334 sanctum.

1995 3393 2179 3466 (Vers.
2239 3389 2358 3463 23.)
2402 3412 2420 3438 ι
2449 3390 2569 3463 Ipse
2613 3395 2795 3446 autem
2843 3388 2988 3444 Deus
3020 3381 3169 3459 pacis
3214 3380 3517 3440 sanctiﬁcet

1921 3499 2020 3540 vos
2066 3499 2163 3556 per
2213 3480 2401 3538 omnia
2447 3479 2736 3553 perfectos,
2793 3485 2855 3534 ut
2895 3478 3104 3548 integer
3152 3473 3382 3548 spiritus
3425 3489 3513 3530 ve.

1920 3585 2050 3647 ster,
2101 3584 2154 3634 et
2214 3577 2419 3643 anima,
2450 3584 2505 3632 et
2541 3590 2740 3647 corpus
2767 3573 2886 3630 sine
2922 3571 3143 3645 querela
3171 3569 3228 3626 in
3273 3569 3514 3627 adventu

1917 3670 2137 3727 Domini
2195 3670 2372 3727 nostri
2409 3669 2536 3725 Jesu
2565 3667 2770 3726 Christi
2810 3672 3078 3724 servetur.
3111 3687 3129 3710 »
3174 3663 3319 3719 Deus
3365 3661 3514 3735 pacis

1917 3759 2169 3818 Christus
2201 3769 2282 3818 est
2315 3778 2327 3816 :
2381 3759 2461 3816 ait
2489 3757 2635 3814 enim
2665 3775 2677 3814 :
2733 3782 2752 3805 ι
2780 3757 2972 3813 Pacem
3006 3769 3181 3810 meam
3227 3751 3300 3808 do
3331 3751 3509 3818 vobis,

1915 3868 2103 3925 pacem
2158 3867 2334 3908 meam
2393 3850 2646 3922 relinquo
2693 3845 2854 3903 vobis
2913 3844 3095 3914 (Joan.
3147 3857 3268 3906 xiv,
3310 3839 3426 3909 27).
3477 3863 3495 3886 ι

1915 3946 2127 4018 Quippe
2176 3961 2300 4000 cum
2351 3943 2539 3998 omnia
2591 3957 2712 4014 quas
2760 3937 2923 3992 habet
2979 3935 3158 4000 Pater,
3192 3931 3322 3989 Filii
3374 3930 3508 4001 sint,

1913 4037 2064 4094 hunc
2126 4037 2468 4095 sanctiﬁcare
2519 4051 2619 4090 nos
2672 4038 2826 4104 optat
2855 4027 3172 4101 Apostolus,
3201 4033 3264 4082 ut
3318 4042 3416 4083 nos
3445 4027 3508 4084 il-

1913 4133 2110 4189 lustrat
2139 4132 2339 4204 pietate
2363 4127 2670 4188 clementiae
2702 4142 2832 4192 sum,
2855 4131 2910 4178 et
2937 4137 3156 4180 omnem
3179 4127 3360 4178 actum
3387 4121 3406 4192 (
3416 4121 3503 4192 l9)

1910 4231 2162 4279 nostrum
2217 4223 2416 4295 dirigat
2465 4221 2522 4278 in
2555 4219 2911 4295 perfectione,
2943 4226 3005 4274 ut
3034 4217 3246 4289 integer
3283 4215 3356 4272 sit
3398 4214 3506 4288 spi-

1908 4315 2050 4373 ritus
2099 4316 2258 4374 datus
2305 4314 2484 4372 nobis.
2521 4316 2674 4373 Tunc
2710 4312 2855 4372 enim
2891 4313 3100 4384 integer
3135 4320 3237 4380 est,
3269 4311 3313 4368 si
3346 4311 3502 4369 bonae

1907 4406 2037 4463 vitae
2093 4406 2428 4474 studeamus,
2484 4406 2722 4465 animam
2784 4404 3045 4463 habentes
3106 4402 3392 4470 mundam,
3448 4410 3503 4460 et

1903 4513 2102 4572 corpus
2151 4498 2269 4556 sine
2324 4499 2563 4572 querela,
2596 4505 2658 4555 ut
2706 4505 2856 4555 totus
2887 4497 3051 4556 homo
3089 4495 3162 4552 sit
3203 4493 3494 4566 perfectus.

1901 4591 2084 4652 Potest
2131 4596 2276 4651 enim
2317 4610 2516 4664 corpus
2549 4591 2815 4649 mundum
2854 4607 2991 4657 esse,
3023 4598 3077 4646 et
3106 4589 3291 4644 anima
3318 4586 3498 4657 inqui-

1900 4683 2020 4739 nari
2076 4699 2171 4756 per
2227 4684 2431 4739 malum
2482 4683 2818 4756 cogitatum:
2856 4681 3087 4753 ideoque
3129 4678 3389 4749 spiritum
3439 4677 3497 4735 in

1900 4771 2125 4830 homine
2172 4773 2441 4829 mundum
2481 4772 2618 4830 dicit
2647 4787 2762 4829 esse
2791 4771 3008 4828 debere.
3040 4771 3098 4827 Si
3139 4775 3320 4825 autem
3354 4771 3498 4828 mala

1904 4865 2016 4920 vita
2051 4865 2140 4920 vel
2186 4863 2446 4934 cogitatio
2497 4862 2819 4928 intercedat,
2853 4877 2966 4916 non
3004 4859 3110 4916 erit
3147 4859 3359 4931 integer
3387 4861 3492 4934 spi-

1897 4953 2058 5022 ritus,
2112 4953 2241 5027 quia
2285 4951 2489 5008 deserit
2542 4952 2824 5008 hominem
2878 4950 3117 5023 peccatis
3163 4949 3490 5009 obnoxium.

1895 5045 2037 5100 Dum
2065 5044 2213 5100 enim
2239 5042 2496 5099 dissentit
2524 5042 2708 5098 anima
2735 5047 2790 5095 et
2825 5055 3044 5113 corpus,
3073 5039 3328 5114 quamvis
3374 5041 3494 5098 sine

1895 5150 2058 5190 sensu
2089 5133 2184 5202 sit,
2215 5131 2382 5189 alieni
2411 5130 2480 5186 ab
2514 5148 2578 5188 eo
2617 5129 2953 5188 efﬁciuntur.
2993 5139 3047 5188 et
3075 5132 3231 5188 velut
3261 5128 3493 5202 perdens

1893 5239 2004 5291 eos,
2037 5239 2148 5279 non
2183 5222 2290 5280 erit
2333 5221 2544 5296 integer
2597 5219 2828 5294 spiritus
2857 5237 2870 5275 :
2905 5219 2974 5276 ad
3004 5220 3111 5279 hoc
3151 5219 3300 5276 enim
3329 5219 3493 5277 datur

1891 5312 2130 5383 homini,
2161 5323 2224 5372 ut
2267 5321 2484 5370 maneat
2535 5312 2592 5369 in
2628 5325 2716 5376 eo,
2759 5314 2817 5364 et
2865 5305 2938 5364 sit
2967 5309 3125 5384 quasi
3156 5315 3323 5383 caput
3349 5306 3489 5380 ejus.

1958 5455 2077 5600 ἕ18)
2110 5456 2238 5513 Mss.
2271 5454 2502 5528 aliquot,
2533 5451 2948 5513 contradictione
2974 5456 3213 5528 rapitur.

1985 5529 2074 5598 19)
2106 5529 2310 5586 Omnes
2336 5526 2498 5599 edit.,
2525 5535 2575 5585 et
2600 5541 2753 5585 omne
2786 5527 2965 5578 votum
2987 5544 3010 5590 ,-
3039 5541 3213 5585 omne:

1985 5529 2074 5598 19)
2106 5529 2310 5586 Omnes
2336 5526 2498 5599 edit.,
2525 5535 2575 5585 et
2600 5541 2753 5585 omne
2786 5527 2965 5578 votum
2987 5544 3010 5590 ,-
3039 5526 3232 5585 omnes
3259 5539 3413 5591 mss.,
3445 5530 3494 5579 st

1882 5615 2086 5658 omnem
2111 5606 2311 5658 actum.
