3908 6192
429 243 533 300 479

1445 248 1541 306 AD
1583 250 1817 307 OPERA
1870 251 1923 307 S.
1967 252 2296 310 AMBROSII
2333 253 2716 313 APPENDIX.

3641 268 3752 329 480

428 370 644 442 Integer
691 385 818 442 ergo
855 385 968 428 non
1024 369 1148 441 erit,
1179 372 1310 446 quia
1354 372 1536 446 perdit
1566 376 1828 445 membra,
1885 379 2016 435 dum
2047 383 2097 442 Α
2130 379 2327 448 stiana,
2382 387 2576 437 caetera
2631 382 2873 439 carnalia
2927 392 3074 454 sunt,
3121 388 3251 459 quia
3295 389 3577 465 quidquid
3624 395 3750 454 sine

428 458 635 516 recedit
686 458 753 516 ab
810 477 874 517 eo
924 459 1091 518 homo
1135 477 1200 518 ea
1241 478 1408 536 agens
1454 481 1576 538 quae
1625 465 1743 522 odit
1788 467 2026 540 Spiritus

427 557 684 710 “1232;.
723 636 813 706 24,
844 637 960 708 25.)
1001 665 1018 685 ε
1045 639 1250 695 Fidelis
1280 648 1361 696 est
1391 641 1539 698 enim
1594 644 1759 713 Deus,
1792 647 1886 719 qui
1934 665 2027 704 vo-

426 728 576 784 cavit
619 743 736 792 vos,
770 724 864 798 qui
896 734 949 781 et
976 726 1159 782 faciet.
1190 728 1428 797 Fratres,
1456 738 1607 788 orate
1656 750 1755 806 pro
1784 735 1961 792 nobis.
1996 763 2014 785 ι

427 815 671 872 Fidelem
711 816 884 870 Deum
940 813 1078 870 dicit
1122 814 1179 870 in
1228 817 1512 888 promissis
1559 821 1693 890 suis,
1737 832 1799 879 ut
1850 826 2027 882 securi

427 905 496 960 de
543 901 768 975 praemio
822 910 970 958 recte
1020 913 1327 962 versentur.
1382 908 1454 964 Et
1505 910 1635 983 quia
1681 912 1774 985 qui
1829 913 2028 971 vivunt

419 993 583 1065 juxta
622 992 1005 1065 Evangelium,
1056 994 1216 1051 facile
1260 1005 1519 1070 poterunt
1571 1001 1861 1075 impetrare
1907 1022 2026 1078 quae

425 1082 730 1155 postulant,
772 1082 980 1140 idcirco
1009 1102 1166 1142 orare
1205 1105 1298 1144 eos
1324 1107 1423 1162 pro
1449 1108 1506 1147 se
1547 1091 1837 1164 hortatur;
1869 1097 2028 1154 facile

421 1171 571 1228 enim
605 1171 768 1228 multi
800 1171 1100 1246 impetrant
1129 1177 1276 1249 quod
1307 1178 1640 1238 desiderant.

495 1263 674 1334 (Vers.
729 1263 844 1336 26.)
897 1289 916 1313 ι
959 1267 1205 1325 Salutate
1245 1270 1443 1328 fratres
1506 1290 1696 1331 omnes
1733 1275 1792 1332 in
1839 1279 2026 1334 osculo

423 1359 630 1409 sancto.
669 1376 688 1402 ι
733 1352 932 1410 Sancta
985 1358 1174 1414 oscula
1213 1366 1342 1414 sunt
1387 1359 1447 1416 in
1483 1363 1812 1421 salutatione
1870 1365 2026 1423 Chri-

429 1503 2856 1537 ———_________________

2133 468 2355 526 Christo
2385 469 2466 538 fit,
2497 473 2716 528 carnale
2744 479 2846 541 est,
2886 489 2949 530 ac
2987 491 3084 548 per
3127 474 3234 533 hoc
3261 485 3315 533 et
3345 483 3605 540 mortale.
3638 484 3748 554 Qui

2136 557 2282 613 enim
2314 567 2592 615 auctorem
2622 561 2748 615 vitae
2781 564 3110 632 contemnit,
3133 565 3191 620 in
3218 577 3392 624 morte
3421 579 3527 626 est.

2210 651 2392 722 (Vers.
2425 650 2542 723 27.)
2581 651 2828 723 «Adjuro
2845 670 2944 709 vos
2974 670 3069 725 per
3087 656 3409 728 Dominum,
3439 669 3502 716 ut
3533 663 3748 736 legatur

2136 740 2367 813 epistola
2397 741 2514 799 haec
2542 743 2800 801 omnibus
2834 745 3117 804 fratribus.
3151 773 3170 796 ι
3211 749 3490 824 Astringit
3537 770 3653 824 eos,
3684 766 3743 814 ut

2137 830 2364 887 solliciti
2395 832 2507 888 sint
2535 833 2602 888 ad
2635 833 2919 906 legendam
2960 837 3250 908 epistolam
3295 843 3515 899 cunctis
3546 843 3742 903 fratri-

2136 919 2257 987 bus,
2290 928 2352 976 ut
2380 930 2712 994 cognoscant
2741 930 2796 978 et
2830 923 3018 981 laudes
3056 933 3110 982 et
3139 927 3555 991 admonitiones
3596 952 3732 1006 suas,

2135 1025 2231 1080 per
2256 1026 2390 1079 quas
2423 1011 2558 1067 ﬁant
2587 1013 2838 1085 perfecti.

2211 1100 2392 1171 (Vers.
2440 1102 2556 1173 28.)
2603 1128 2621 1149 ε
2657 1103 2844 1159 Gratia
2880 1105 3105 1161 Domini
3150 1109 3323 1166 nostri
3360 1112 3492 1170 Jesu
3532 1114 3735 1174 Christi

2136 1188 2446 1246 vobiscum.
2477 1217 2495 1239 ι
2544 1191 2635 1248 Sic
2664 1192 2789 1249 illos
2822 1193 2881 1250 in
2911 1193 3073 1250 bonis
3104 1198 3363 1268 operibus
3406 1204 3534 1259 vult
3564 1207 3733 1277 proﬁ-

2135 1295 2274 1348 cere,
2320 1289 2382 1336 ut
2427 1282 2600 1352 gratia
2641 1283 2866 1339 Domini
2912 1285 3086 1342 nostri
3111 1287 3238 1343 Jesu
3269 1288 3481 1349 Christi
3512 1311 3732 1366 perma-

2136 1375 2261 1424 neat
2289 1368 2348 1424 in
2377 1369 2456 1426 eis
2486 1369 2546 1426 in
2577 1381 2865 1428 aeternum.

2981 1524 3712 1551 ——_—.______..

423 1657 536 1744 ΙΝ
618 1657 970 1745 EPIST.
1047 1659 1144 1746 B.
1225 1661 1550 1750 PAULI
1629 1665 1776 1752 AD
1856 1649 2992 1766 THESSALONICENSES
3069 1681 3710 1781 SECUNDAM.

1021 1981 1405 2044 PROLOGUS.

488 2072 758 2141 Quoniam
806 2073 865 2131 in
919 2072 1104 2147 prima
1155 2075 1386 2148 epistola
1413 2073 1481 2131 ad
1509 2075 2022 2136 Thessalonicenses

416 2162 545 2221 data
579 2164 725 2220 inter
749 2171 945 2220 catera
972 2164 1136 2222 etiam
1157 2165 1226 2222 de
1249 2164 1490 2222 adventu
1520 2167 1745 2224 Domini
1770 2169 2016 2241 quaedam

414 2251 654 2324 scripsit,
687 2259 741 2308 et
770 2251 838 2308 de
874 2253 1271 2311 resurrectione
1302 2263 1639 2325 sanctorum,
1672 2275 1824 2316 nunc
1852 2259 2016 2315 aliam

415 2339 608 2396 scribit
637 2339 705 2396 ad
725 2356 837 2408 eos,
862 2340 918 2396 in
941 2357 1048 2414 qua
1066 2340 1362 2415 significat,
1394 2343 1522 2400 licet
1553 2345 1782 2404 obscure
1815 2349 2017 2424 (neque

414 2427 560 2484 enim
607 2437 794 2502 aperte
847 2430 1031 2502 potuit
1069 2430 1354 2503 scribere),
1393 2432 1460 2488 de
1509 2433 1812 2492 abolitione
1861 2441 2014 2510 regni

413 2516 670 2585 Romani,
701 2526 756 2573 et
785 2517 853 2575 de
881 2518 1195 2575 antichristi
1223 2521 1542 2593 apparentia
1563 2533 1617 2581 et
1639 2523 2012 2600 damnatione,

411 2613 466 2664 et
494 2605 562 2663 de
591 2607 952 2681 quorumdam
987 2608 1220 2666 fratrum
1246 2610 1655 2684 inquietudine.
1728 2620 1732 2624 ’

934 2751 1163 2810 CAPUT
1201 2753 1494 2811 PRIMUM.

485 2873 666 2943 (Vers.
705 2873 848 2943 1-3.)
894 2874 1158 2942 -Paulus,
1188 2883 1242 2930 et
1291 2876 1568 2946 Silvanus,
1600 2888 1653 2937 et
1691 2881 2014 2943 Timotheus

409 2959 672 3015 Ecclesia
700 2959 1269 3018 Thessalonicensium
1305 2964 1363 3018 in
1392 2967 1504 3021 Deo
1532 2967 1690 3024 Patre
1717 2982 1926 3041 nostro,
1958 2982 2012 3030 et

409 3047 469 3103 in
498 3045 735 3103 Domino
762 3047 889 3104 Jesu
934 3047 1176 3106 Christo.
1211 3051 1399 3108 Gratia
1431 3054 1588 3112 vobis
1614 3065 1669 3114 et
1697 3075 1804 3130 pax
1833 3078 1863 3116 a
1899 3064 2010 3119 Deo

407 3141 566 3196 Patre
596 3148 806 3212 nostro,
828 3150 884 3200 et
917 3145 1153 3202 Domino
1181 3146 1308 3204 Jesu
1337 3148 1576 3207 Christo.
1602 3178 1620 3201 ι
1662 3153 2010 3214 Solemnibus

405 3229 590 3286 verbis
619 3231 814 3288 scribit
841 3232 910 3289 ad
939 3250 1068 3291 eos:
1098 3236 1265 3293 solito
1313 3240 1461 3296 enim
1495 3257 1644 3299 more
1691 3260 2008 3304 sermonum

2046 1976 2096 2036 Α
2127 1974 2278 2031 tione
2329 1992 2517 2034 eorum
2556 1989 2805 2039 crescant
2849 1983 2907 2041 in
2939 1985 3231 2046 devotione
3259 1991 3578 2063 passionum
3633 2015 3732 2070 pro

2131 2061 2373 2133 Christo,
2415 2075 2468 2123 et
2507 2078 2822 2127 mereantur
2847 2076 3110 2148 consequi
3153 2061 3275 2152 quas
3298 2083 3573 2153 promissa
3604 2061 3731 2143 sunt

2129 2154 2354 2220 sanctis,
2395 2155 2454 2211 in
2493 2156 2582 2213 die
2604 2157 2742 2229 justi
2779 2159 2980 2234 judicii
3013 2165 3136 2235 Dei,
3167 2166 3324 2240 cujus
3351 2186 3542 2229 amore
3577 2191 3728 2232 mun-

2127 2240 2257 2297 dum
2297 2259 2552 2316 spernere
2591 2265 2704 2304 non
2733 2249 3078 2310 dubitarunt.
3113 2257 3246 2327 Ipsae
3283 2258 3428 2316 enim
3463 2277 3726 2334 pressura

2126 2335 2378 2406 exempla
2401 2343 2533 2391 sunt
2561 2336 2876 2396 futurorum
2918 2344 3239 2401 meritorum
3276 2348 3333 2403 in
3364 2348 3453 2406 his
3500 2353 3599 2424 qui
3631 2371 3721 2427 pa-

2127 2420 2360 2490 tiuntur,
2393 2425 2462 2481 ad
2487 2427 2714 2498 gloriam
2743 2446 2754 2484 :
2788 2429 2846 2484 in
2892 2431 3006 2489 illis
3054 2441 3236 2492 autem
3264 2437 3360 2511 qui
3393 2420 3725 2515 persequun-

2126 2517 2235 2578 tur,
2263 2512 2328 2566 ad
2371 2513 2759 2585 perditionem.

2198 2601 2380 2691 (γεγε.
2413 2602 2551 2676 6-9.)
2600 2630 2617 2652 ι
2659 2605 2943 2681 Siquidem
2978 2609 3191 2682 justum
3227 2622 3309 2670 est
3351 2618 3499 2691 apud
3554 2621 3723 2680 Deum

2124 2687 2426 2747 retribuere
2463 2693 2561 2760 eis,
2608 2696 2702 2769 qui
2751 2714 2850 2753 vos
2894 2699 3236 2774 deprimunt,
3271 2687 3583 2778 pressuram
3618 2731 3629 2766 :
3675 2721 3726 2770 et

2123 2777 2281 2834 vobis
2310 2781 2403 2853 qui
2435 2782 2785 2842 aﬂlictionem
2817 2790 3120 2861 sustinetis,
3157 2796 3402 2870 requiem
3435 2798 3723 2860 nobiscum

2123 2867 2181 2923 in
2223 2869 2560 2929 revelatione
2603 2875 2827 2931 Domini
2868 2879 2995 2935 Jesu
3043 2881 3110 2937 de
3162 2867 3300 2940 caelo
3338 2903 3466 2944 cum
3519 2892 3722 2963 angelis

2122 2955 2346 3014 virtutis
2376 2959 2491 3031 ejus
2540 2961 2598 3017 in
2648 2964 2772 3036 igne
2801 2965 3034 3024 ﬂammai
3087 2969 3271 3030 dantis
3299 2955 3624 3037 vindictam;
3669 2981 3720 3038 in

2120 3061 2212 3102 eos
2263 3047 2359 3119 qui
2414 3065 2524 3105 non
2575 3065 2851 3113 noverunt
2899 3059 3097 3128 Deum,
3148 3070 3203 3118 et
3233 3063 3291 3119 in
3326 3081 3418 3122 eos
3457 3068 3554 3140 qui
3614 3086 3716 3126 non

2119 3135 2426 3194 obaudiunt
2476 3141 2779 3214 Evangelio
2823 3147 3047 3204 Domini
3091 3153 3265 3208 nostri
3312 3153 3440 3210 Jesu
3474 3135 3717 3227 Christi,

2118 3223 2212 3296 qui
2253 3241 2439 3296 poenas
2483 3231 2699 3286 solvent
2741 3232 2798 3288 in
2846 3234 3132 3294 interitum
3186 3248 3452 3298 aeternum
3501 3261 3532 3299 a
3583 3246 3713 3305 facie

407 3327 570 3394 caput
615 3322 934 3380 continetur
974 3326 1257 3397 epistola}:
1304 3336 1359 3383 et
1401 3328 1545 3386 idem
1575 3331 1678 3406 ipsi
1712 3341 1823 3390 tres
1853 3345 2002 3407 sunt,
2036 3343 2082 3403 B
2116 3314 2363 3415 υριηίιξί»
2393 3324 2447 3415 ei
2469 3334 2506 3415 _a
2537 3321 2712 3415 glori?
2739 3323 2962 3415 Virtutis
2983 3326 3119 3398 ejus'
3152 3353 3171 3376 ⁵
3215 3329 3490 3396 Quoniam
3521 3350 3718 3392 exem'

404 3425 639 3483 quorum
687 3412 912 3467 nomine
963 3414 1245 3485 scribitur,
1281 3416 1422 3473 sicut
1470 3427 1523 3474 et
1571 3404 1748 3493 βήσῃ
1776 3404 2009 3497 epistol,
2117 3404 2276 3497 plum
2295 3404 2434 3477 justi
2458 3409 2658 3481 judicii
2688 3413 2788 3469 Dei
2825 3430 3084 3487 apparere
3111 3418 3258 3475 dixit
3282 3421 3400 3477 sive
3428 3423 3488 3478 in
3519 3423 3712 3494 bonos,

406 3498 466 3567 (Ι
497 3498 670 3553 Thess.
705 3516 744 3566 ι,
786 3499 863 3569 1).

492 3609 510 3632 ι
540 3585 754 3642 Gratias
799 3602 956 3659 agere
1005 3587 1268 3646 debemus
1299 3593 1414 3648 Deo
1452 3611 1664 3669 semper
1709 3598 1777 3655 de
1825 3602 2001 3674 vobis,

402 3674 620 3745 fratres,
669 3675 812 3733 sicut
853 3677 1082 3750 dignum
1124 3689 1224 3749 est,
1285 3683 1543 3756 quoniam
1575 3695 2007 3761 superexcrescit

402 3764 539 3822 ﬁdes
560 3773 761 3836 vestra,
793 3777 847 3824 et
873 3769 1279 3844 multiplicatur
1299 3773 1540 3832 charitas
1571 3777 2004 3854 uniuscujusque

403 3867 644 3918 vestrum
671 3862 922 3920 omnium
952 3862 1011 3919 in
1032 3881 1132 3922 vos
1161 3865 1421 3924 invicem.
1448 3893 1466 3915 ι
1503 3869 1614 3925 Deo
1643 3886 1699 3926 se
1728 3870 2002 3932 debitores

400 3948 468 4007 de
496 3949 693 4010 horum
725 3953 976 4027 profectu
1005 3953 1062 4010 in
1087 3955 1382 4026 gratiarum
1405 3959 1620 4016 actione
1651 3962 1998 4035 profitentur,

399 4045 453 4096 et
500 4049 562 4098 ut
605 4058 715 4098 non
764 4044 1146 4119 qualecunque
1195 4062 1308 4103 esse
1346 4046 1595 4106 debitum
1651 4051 1994 4111 ostenderet:

413 4150 433 4173 ι
467 4127 622 4185 Sicut
654 4129 882 4202 dignum
915 4141 1017 4200 est,
1049 4158 1067 4181 ι
1109 4136 1208 4203 ait,
1239 4145 1301 4192 ut
1330 4153 1429 4209 pro
1459 4147 1568 4195 tam
1603 4140 1824 4199 inﬁnito
1851 4143 1999 4202 dono

399 4231 623 4286 magnas
681 4218 881 4288 gratias
932 4220 1243 4278 referendas
1297 4227 1412 4280 Deo
1461 4236 1807 4288 testarentur.
1868 4233 1997 4290 Post

398 4312 675 4378 acceptam
725 4306 873 4363 enim
929 4314 1073 4372 285
1121 4311 1354 4383 primam
1397 4318 1684 4388 epistolam
1742 4322 1996 4380 meliores

399 4418 533 4470 esse,
578 4419 740 4477 quam
786 4404 1023 4474 fuerant,
1058 4408 1434 4479 perstiterunt,
1485 4412 1562 4469 ita
1602 4423 1665 4471 ut
1708 4416 1765 4473 in
1795 4434 1858 4473 eo
1891 4436 1995 4476 co-

397 4491 539 4564 piosi
569 4501 622 4550 et
641 4493 985 4552 abundantes
1005 4495 1346 4567 viderentur,
1369 4501 1514 4572 quod
1539 4512 1662 4576 post
1689 4507 1912 4565 Domini
1939 4517 1994 4566 et

395 4581 497 4640 Dei
522 4583 872 4642 devotionem
922 4585 1191 4646 habemus
1219 4591 1561 4662 mandatum,
1591 4603 1654 4651 ut
1700 4596 1992 4671 diligamus

396 4687 496 4730 nos
525 4672 762 4733 invicem
797 4676 981 4748 (Joan.
1010 4695 1133 4747 xm,
1167 4679 1281 4753 34).

467 4763 650 4832 (Vers.
683 4764 740 4834 4,
770 4765 851 4839 5.)
900 4792 918 4816 ε
943 4768 1027 4825 Ita
1055 4777 1116 4825 ut
1144 4786 1242 4828 nos
1272 4771 1375 4845 ipsi
1407 4772 1474 4830 de
1505 4775 1662 4833 vobis
1689 4777 1987 4850 gloriemur

395 4849 453 4906 in
475 4851 737 4912 Ecclesiis
767 4857 865 4913 Dei
909 4874 1008 4931 pro
1038 4859 1302 4932 patientia
1340 4870 1520 4920 vestra
1548 4873 1601 4922 et
1627 4865 1734 4924 ﬁde
1766 4869 1824 4926 in
1857 4887 1988 4928 om-

391 4938 557 4998 nibus
614 4947 1086 5016 persecutionibus
1144 4952 1341 5008 vestris
1397 4962 1450 5010 et
1505 4957 1794 5027 pressuris,
1853 4975 1988 5032 quas

389 5029 676 5090 sustinetis
722 5034 778 5090 in
807 5039 1123 5111 exemplum
1147 5039 1285 5112 justi
1319 5043 1521 5116 judicii
1550 5046 1672 5116 Dei,
1704 5048 1763 5103 in
1792 5029 1898 5106 hoc
1926 5056 1988 5104 ut

386 5117 541 5191 digni
572 5118 887 5180 habeamini
928 5142 1094 5199 regno
1123 5131 1241 5198 Dei,
1274 5147 1373 5204 pro
1407 5149 1515 5206 quo
1566 5141 1621 5190 et
1649 5135 1924 5206 patimini.
1953 5163 1973 5186 ι

386 5207 628 5268 Gloriam
660 5228 778 5270 esse
809 5230 965 5272 suam
996 5215 1055 5272 in
1082 5216 1279 5276 borum
1321 5224 1741 5281 conversatione
1775 5233 1828 5282 et
1855 5242 1986 5298 per-

386 5297 666 5356 secutione
691 5301 927 5359 tolerata
955 5311 1207 5374 testatur,
1237 5307 1293 5362 in
1323 5315 1535 5365 tantum
1566 5321 1627 5368 ut
1656 5313 1800 5384 apud
1831 5297 1985 5369 ciete-

384 5399 470 5442 ras
499 5387 775 5448 Ecclesias
803 5395 1059 5466 exempla
1086 5410 1277 5452 eorum
1308 5397 1680 5468 proferantur,
1713 5411 1776 5457 ut
1802 5402 1986 5460 imita-

2015 4705 2064 4765 D

2115 3491 2232 3549 sive
2262 3495 2319 3551 in
2353 3498 2543 3566 malos,
2598 3499 2805 3558 idcirco
2849 3503 3172 3562 subsecutus
3218 3507 3334 3565 ait:
3381 3533 3400 3556 ‹
3432 3510 3714 3583 Siquidem

2109 3580 2324 3653 justum
2372 3593 2454 3642 est
2500 3588 2645 3660 apud
2682 3591 2877 3660 Deum,
2910 3616 2928 3640 ι
2973 3600 3035 3648 ut
3070 3595 3261 3651 reddat
3297 3580 3606 3674 unicuique
3642 3618 3712 3659 se-

2113 3672 2355 3729 cundum
2400 3693 2562 3748 opera
2605 3696 2722 3736 sua.
2769 3681 2913 3748 Quid
2944 3690 3052 3738 tam
3078 3682 3312 3754 justum,
3347 3672 3526 3759 quam.
3550 3698 3611 3745 ut
3660 3689 3713 3746 hi

2113 3761 2207 3834 qui
2238 3762 2296 3819 in
2347 3768 2550 3823 saeculo
2579 3768 2898 3842 deprimunt
2926 3771 3121 3842 bonos,
3152 3782 3205 3831 et
3237 3783 3493 3834 extorres
3521 3795 3617 3835 eos
3644 3779 3712 3836 fa-

2111 3851 2266 3908 ciunt
2318 3858 2818 3930 persecutionibus,
2861 3861 2918 3917 in
2965 3861 3154 3919 futuro
3209 3863 3399 3920 eadem
3435 3868 3714 3938 patiantur

2110 3956 2230 4011 quae
2275 3941 2520 4001 faciunt:
2565 3946 2648 4003 illi
2679 3956 2863 4004 autem
2895 3957 2956 4006 ut
2987 3951 3101 4006 sint
3131 3951 3188 4006 in
3236 3953 3426 4026 requie
3455 3971 3587 4011 cum
3618 3973 3713 4014 cae-

2110 4028 2241 4084 teris
2271 4033 2495 4102 sanctis,
2527 4036 2618 4108 qui
2667 4036 2736 4092 de
2778 4054 2975 4108 magna
3008 4039 3368 4098 tribulatione
3400 4044 3705 4114 venientes,

2107 4132 2334 4189 regnum
2382 4122 2656 4195 accipient
2699 4134 2966 4183 aeternum
2999 4128 3055 4183 in
3085 4129 3329 4187 adventu
3373 4132 3603 4189 Domini
3646 4134 3709 4191 de

2107 4207 2288 4263 omlo:
2339 4226 2465 4267 cum
2515 4215 2742 4286 cmperit
2785 4217 2975 4273 venire
3025 4234 3151 4274 cum
3200 4221 3412 4277 cmlesti
3462 4223 3710 4281 exercitu

2105 4311 2204 4352 suo
2249 4304 2304 4353 et
2349 4300 2604 4358 ministro
2646 4305 2768 4376 igne
2805 4305 2872 4362 ad
2903 4306 3147 4362 dandum
3181 4309 3492 4368 vindictam
3533 4313 3594 4368 in
3623 4329 3708 4386 pa-

2104 4398 2290 4454 ganos,
2324 4388 2418 4460 qui
2459 4391 2713 4462 ignorant
2741 4395 2916 4450 Deum
2955 4395 3170 4452 Patrem
3219 4413 3334 4454 esse
3379 4399 3513 4456 Jesu
3549 4400 3708 4458 Chri-

2101 4474 2192 4544 sti,
2251 4484 2305 4532 et
2352 4479 2592 4549 Judaeos,
2648 4483 2742 4555 qui
2793 4483 3038 4542 dicentes
3071 4501 3129 4541 se
3175 4487 3350 4544 Deum
3400 4489 3566 4558 scire,
3599 4507 3708 4548 non

2101 4563 2333 4622 credunt
2378 4568 2679 4641 Evangelia
2734 4570 2959 4643 Christi,
3009 4575 3157 4648 quod
3203 4574 3358 4632 dedit
3416 4575 3503 4634 illi
3553 4579 3709 4636 Pater

2103 4657 2267 4726 Deus,
2297 4666 2359 4714 ut
2391 4661 2627 4717 traderet
2655 4662 2828 4719 servis
2861 4667 2977 4723 suis
2998 4667 3025 4723 ?
3057 4667 3203 4734 Quos
3232 4683 3426 4726 omnes
3457 4686 3708 4742 praesen-

2102 4755 2179 4813 tia
2208 4757 2455 4825 Domini,
2505 4767 2558 4815 et
2608 4762 2782 4833 gloria
2810 4762 3113 4836 majestatis
3141 4763 3260 4836 ejus
3305 4765 3452 4838 ignis
3489 4777 3704 4844 exuret,

2094 4855 2156 4904 ut
2215 4847 2427 4906 debitas
2479 4850 2708 4908 reddant
2747 4869 2933 4925 pugnas
2988 4855 3249 4911 interitus
3305 4856 3365 4912 in
3411 4866 3700 4916 aeternum.

2095 4961 2308 5018 semper
2340 4947 2609 5020 patientes
2639 4950 2780 5024 (20),
2822 4967 2935 5007 non
2964 4959 3148 5009 tamen
3179 4953 3402 5024 penitus
3429 4956 3707 5014 deficien-

2095 5048 2211 5098 tes:
2247 5050 2308 5098 ut
2333 5045 2447 5117 ipsa
2473 5060 2631 5117 poena
2680 5045 2805 5101 illos
2835 5045 3074 5118 quodam
3105 5045 3270 5104 modo
3310 5058 3539 5121 generet
3567 5067 3704 5108 sem-

2094 5149 2208 5206 per,
2231 5151 2340 5208 quo
2369 5147 2786 5194 consumantur.

2169 5223 2349 5294 (Vers.
2404 5225 2518 5295 10.)
2561 5225 2744 5283 «Cum
2791 5224 3005 5280 venerit
3055 5225 3350 5282 clariﬁcari
3397 5227 3459 5284 in
3499 5230 3705 5286 sanctis

2095 5314 2230 5382 suis,
2289 5327 2342 5374 et
2389 5318 2674 5375 miriﬁcari
2728 5319 2786 5373 in
2842 5319 3101 5376 omnibus
3160 5319 3257 5392 qui
3319 5321 3701 5391 crediderunt,

2095 5407 2224 5477 quia
2251 5407 2415 5464 ﬁdem
2460 5407 2656 5465 habuit
2698 5408 3079 5466 testimonium
3129 5417 3382 5466 nostrum
3409 5427 3577 5484 super
3606 5428 3706 5468 vos

457 5518 708 5616 {itaita
755 5543 884 5583 mss.
922 5528 1106 5598 plures
1159 5530 1537 5604 potioresque:
1600 5534 1734 5592 edit.
1780 5551 1911 5593 vero
1962 5540 2216 5597 cumaliis
2289 5557 2418 5600 mss.
2481 5541 2832 5616 quibusdam,
2892 5558 3093 5613 semper
3159 5541 3456 5600 sentientes.
3517 5544 3704 5602 Minus

385 5591 690 5649 commode.
