3908 6192
406 320 511 379 483

1446 311 1541 367 ΑΙ)
1585 310 1819 366 OPERA
1857 308 1912 365 S.
1956 303 2286 364 AMBROSII
2317 297 2699 360 APPENDIX.

3601 291 3713 351 484

394 454 457 501 ut
504 437 634 501 deus
661 440 837 500 coluit
864 441 1085 515 vulgus,
1116 453 1351 512 quorum
1402 435 1473 492 sit
1501 436 1616 507 ipse
1655 433 1866 504 primus
1895 440 1988 488 aut
2017 434 2067 492 A
2101 438 2200 498 est,
2248 428 2371 484 ideo
2430 443 2541 483 non
2590 422 2867 482 dubitavit
2910 422 3090 515 primo
3105 421 3416 515 Dominum
3448 402 3730 515 nostrum.

396 551 670 603 summus,
701 532 847 607 quod
871 533 1152 604 signorum
1187 525 1488 584 virtutibus
1514 523 1678 579 faciet
1707 522 1990 579 credibile.

395 626 526 684 Ideo
553 641 684 682 vero
715 629 965 696 portenta
998 619 1267 676 mendacii
1298 617 1461 683 dixit,
1495 614 1627 688 quia
1659 614 1762 669 hoc
1789 630 1844 669 se
1875 613 1995 668 vult

394 721 544 777 credi
579 737 673 794 per
702 718 876 789 signa,
910 716 1055 787 quod
1083 731 1191 768 non
1223 723 1338 775 est;
1374 719 1433 766 ut
1463 711 1702 782 decipiat
1732 727 1869 784 quos
1890 710 1993 766 cir-

393 817 794 866 cumventurus
821 812 938 860 est:
979 803 1122 876 quod
1157 802 1361 859 sanctis
1390 801 1512 858 ideo
1544 801 1868 875 praedictum
1888 807 1992 869 est,

394 907 459 954 ut
489 900 667 954 sciant
696 894 830 968 quid
860 901 1109 949 caveant.
1555 938 1588 957 ι,

464 984 651 1057 (Vers.
689 983 918 1055 lO.)-Et
947 982 1004 1038 in
1037 981 1189 1038 omni
1223 981 1441 1038 fallacia
1473 981 1882 1054 iniquitatis,iis
1899 981 1991 1054 qui

390 1083 642 1150 pereunt:
666 1091 766 1147 pro
793 1090 856 1131 eo
877 1073 1022 1147 quod
1047 1072 1400 1130 dilectionem
1420 1072 1670 1130 veritatis
1692 1089 1800 1129 non
1816 1089 1993 1129 susce-

388 1171 612 1239 perunt,
642 1165 706 1220 ad
731 1163 838 1220 hoc
871 1171 927 1219 ut
954 1163 1093 1219 salvi
1125 1162 1338 1220 fierent.
1390 1188 1407 1210 ι
1452 1163 1525 1219 Iis
1554 1163 1688 1219 dicit
1721 1164 1991 1220 fallaciam

391 1253 710 1329 iniquitatis
753 1252 1130 1326 prodigiorum
1173 1253 1290 1326 ejus
1321 1252 1602 1326 proﬁcere,
1635 1253 1726 1327 qui
1762 1253 1991 1326 perituri

391 1354 539 1412 sunt;
575 1343 703 1418 quia
729 1343 875 1400 enim
907 1343 1159 1400 veritatis
1188 1343 1514 1400 charitatem
1545 1352 1994 1416 spreverunt,per

390 1451 555 1509 quam
617 1435 818 1490 salvari
876 1441 1169 1507 potuerant
1215 1433 1480 1504 apostolis
1541 1433 1990 1506 praedicantibus,

389 1523 580 1581 traditi
625 1532 754 1581 sunt
793 1523 1050 1580 diabolo:
1113 1524 1363 1580 nolentes
1392 1524 1543 1579 enim
1571 1523 1799 1594 salvari,
1829 1523 1993 1581 dese-

390 1624 593 1674 runtur
621 1632 653 1672 a
676 1617 810 1673 Deo.

464 1705 647 1770 (Vers.
683 1706 796 1777 11.)
856 1730 876 1755 ι
919 1707 992 1764 Et
1029 1706 1239 1764 idcirco
1280 1704 1464 1763 mittet
1490 1705 1601 1762 illis
1630 1707 1777 1762 Deus
1805 1721 1990 1777 opera-

2103 521 2284 577 Jesum
2340 518 2621 576 Christum
2673 529 2980 582 nominare,
3031 512 3230 568 deinde
3273 512 3454 566 Deum
3487 510 3709 565 Patrem

2103 621 2353 668 nostrum
2415 609 2734 681 dignatione
2769 607 2907 678 ejus,
2937 620 3046 660 non
3072 603 3299 658 veritate
3325 608 3580 658 natura}:
3614 602 3709 674 qui

2103 705 2160 760 in
2199 711 2413 760 tantum
2472 701 2670 758 dilexit
2712 717 2834 768 nos,
2879 706 2939 754 ut
2987 695 3190 753 Filium
3229 711 3389 751 suum
3421 694 3582 750 daret
3612 709 3709 766 pro

2104 794 2464 865 nobis(Joa-n.
2500 809 2583 860 nr,
2629 791 2742 861 16),
2777 791 2947 844 Deum
2981 804 3078 860 pro
3109 785 3452 851 hominibus,
3477 801 3579 856 pro
3598 800 3710 840 ser-

2104 885 2191 941 vis
2216 885 2539 950 Dominum,
2567 897 2664 955 pro
2685 879 2962 952 adoptivis
2992 877 3195 932 Filium
3226 890 3443 940 verum;
3476 881 3542 928 ut
3564 889 3706 930 mors

2103 975 2218 1049 ejus
2266 976 2380 1033 vita
2425 983 2611 1030 nostra
2655 973 2746 1038 sit,
2780 978 2832 1026 et
2866 969 3194 1026 resurrectio
3228 965 3348 1038 ejus
3371 964 3702 1038 justiﬁcatio

2102 1075 2287 1123 nostra
2313 1085 2325 1134 ;
2359 1064 2632 1122 secundus
2669 1070 2848 1119 autem
2878 1061 3146 1118 adventus
3173 1057 3293 1129 ejus
3326 1058 3548 1129 requies
3578 1056 3702 1112 vita

2102 1166 2323 1225 nostra},
2355 1164 2409 1212 et
2433 1156 2605 1228 gloria
2641 1153 2698 1210 in
2727 1161 2990 1208 aeternum
3017 1168 3030 1218 ;
3065 1157 3127 1205 ut
3158 1148 3264 1204 ista
3292 1163 3416 1220 spes
3445 1145 3704 1203 consola-

2107 1249 2181 1304 tio
2225 1248 2297 1302 sit
2341 1245 2690 1319 praasentium
2728 1256 3122 1315 pressurarum,
3157 1254 3254 1310 per
3289 1253 3458 1310 quam
3487 1235 3702 1294 fundati

2101 1344 2410 1396 crescerent
2440 1336 2498 1392 in
2529 1334 2691 1392 bonis
2717 1331 2978 1405 operibus
3016 1335 3070 1385 et
3093 1328 3366 1386 doctrina.

2735 1475 2963 1535 CAPUT
2990 1475 3084 1532 III.

2176 1608 2360 1680 (Vers.
2396 1607 2446 1676 1,
2491 1605 2572 1679 2.)
2605 1629 2623 1652 ι
2667 1601 2825 1671 Quod
2853 1601 3127 1672 reliquum
3157 1605 3258 1666 est,
3289 1597 3522 1668 fratres,
3555 1605 3706 1654 orate

2101 1717 2201 1773 pro
2227 1698 2408 1767 nobis,
2439 1707 2501 1754 ut
2529 1695 2760 1754 verbum
2792 1691 3016 1750 Domini
3047 1698 3232 1747 currat
3263 1697 3318 1746 et
3344 1688 3705 1759 clariﬁcetur,

391 1796 596 1854 tionem
649 1796 870 1862 erroris,
903 1796 958 1852 in
994 1794 1100 1852 hoc
1145 1804 1207 1852 ut
1237 1795 1461 1852 credant
1509 1794 1832 1862 mendacio;
1865 1810 1991 1867 qua-
2021 1802 2068 1864 Β
2101 1791 2244 1846 sicut
2291 1796 2346 1845 et
2394 1786 2540 1860 apud
2587 1803 2704 1853 vos,
2754 1791 2808 1839 et
2851 1790 2912 1838 ut
2942 1781 3242 1838 liberemur
3269 1779 3336 1836 ab
3365 1779 3708 1852 importunis

392 1897 554 1946 tenus
569 1887 888 1962 judicentur
908 1905 1099 1944 omnes
1120 1888 1212 1962 qui
1237 1904 1345 1943 non
1377 1885 1729 1944 crediderunt
1746 1885 1990 1956 veritati,

392 1977 487 2034 sed
541 1987 937 2034 consenserunt
984 1977 1289 2052 iniquitati.
1323 2002 1341 2026 ι
1387 1977 1646 2050 Operatio
1675 1977 1881 2033 erroris
1909 1983 1989 2032 est

389 2065 544 2123 falsis
578 2066 740 2124 ﬁdem
785 2085 884 2125 CO'I
914 2068 1152 2134 mittere,
1199 2075 1262 2123 ut
1302 2068 1393 2140 qui
1424 2066 1729 2124 claritatem
1762 2067 1991 2124 luminis

391 2159 536 2220 287
584 2155 728 2214 diem
761 2172 875 2215 esse
915 2157 1226 2214 consentire
1258 2158 1577 2226 noluerunt,
1611 2163 1810 2230 putant
1841 2163 1992 2212 tene-

391 2255 674 2314 brasdiem
702 2257 810 2315 dici
843 2255 1059 2314 debere:
1090 2264 1152 2314 ut
1187 2256 1400 2330 possint
1424 2257 1764 2331 propensiori
1786 2256 1990 2314 delicto

391 2347 470 2403 rei
523 2345 675 2414 facti,
709 2347 826 2403 sine
855 2347 1294 2404 contradictione
1326 2347 1577 2405 damnari
1604 2346 1856 2406 veritatis
1886 2345 1989 2402 ini-

393 2436 546 2505 mici,
580 2437 820 2495 fautores
843 2448 1022 2495 autem
1055 2439 1386 2514 iniquitatis.

465 2529 647 2602 (Vers.
683 2532 770 2598 12,
805 2532 918 2602 13.)
974 2557 992 2579 ε
1022 2533 1132 2590 Nos
1161 2549 1291 2588 vero
1317 2532 1580 2589 debemus
1609 2531 1808 2604 gratias
1834 2547 1990 2604 agere

391 2620 506 2677 Deo
534 2635 746 2694 semper
769 2619 835 2678 de
858 2619 1037 2690 vobis,
1069 2621 1265 2678 fratres
1293 2621 1482 2679 dilecti
1513 2637 1545 2676 a
1572 2622 1829 2688 Domino,
1861 2621 1991 2693 quia

390 2711 686 2782 assumpsit
715 2727 813 2767 vos
841 2711 987 2767 Deus
1014 2727 1046 2766 a
1076 2711 1355 2784 principio
1383 2711 1450 2766 ad
1482 2711 1735 2767 salutem.
1769 2709 1826 2764 in
1869 2724 1989 2764 san-

390 2797 781 2855 ctiﬁcationem
835 2800 1084 2872 spiritus,
1131 2809 1184 2855 et
1239 2800 1401 2855 ﬁdem
1435 2800 1706 2867 veritatis,
1735 2798 1792 2854 in
1823 2813 1987 2871 quam

391 2889 673 2945 revocavit
719 2906 818 2944 vos
853 2905 948 2960 per
988 2889 1352 2959 Evangelium
1399 2897 1647 2944 nostrum
1673 2891 1730 2944 in
1752 2889 1987 2962 acquisi-

389 2981 542 3036 tione
573 2979 758 3052 gloria)
788 2979 1010 3035 Domini
1033 2980 1204 3034 nostri
1236 2980 1363 3036 Jesu
1393 2979 1620 3037 Christi.
1655 3008 1673 3029 ι
1718 2983 1834 3037 Hoc
1869 2983 1987 3038 loco

392 3067 732 3142 praescientia
764 3067 856 3124 Dei
888 3076 1161 3141 personat,
1187 3071 1313 3142 quia
1345 3070 1450 3126 scit
1487 3070 1735 3126 omnium
1777 3081 1986 3128 mentes

2100 1887 2155 1936 et
2183 1895 2416 1952 nequam
2448 1875 2788 1942 hominibus;
2814 1889 2923 1929 non
2945 1871 3093 1929 enim
3117 1870 3363 1927 omnium
3393 1877 3476 1926 est
3505 1869 3693 1926 ﬁdes.-

2099 1973 2178 2028 De
2207 1978 2403 2028 caetero
2432 1967 2698 2025 orandum
2732 1965 3008 2033 hortatur,
3039 1970 3100 2019 ut
3129 1960 3379 2033 dignetur
3405 1961 3558 2014 Deus
3588 1958 3704 2014 do-

2099 2061 2330 2117 ctrinam
2382 2075 2533 2116 suam
2583 2054 2916 2127 infatigabili
2949 2067 3113 2110 cursu
3140 2050 3391 2122 dirigere,
3419 2054 3474 2103 et
3505 2055 3708 2102 trans-

2103 2149 2330 2207 fundere
2359 2165 2454 2222 per
2481 2164 2541 2205 os
2581 2146 2829 2220 Apostoli
2861 2145 2944 2201 sui
2974 2144 3029 2198 in
3060 2156 3218 2198 aures
3243 2138 3619 2205 audientium,
3648 2143 3704 2192 et

2100 2249 2162 2297 ut
2190 2244 2557 2312 compesceret
2586 2243 2641 2293 et
2667 2235 2880 2292 sedaret
2909 2233 3178 2288 malorum
3220 2229 3509 2285 hominum
3542 2225 3704 2282 sedi-

2101 2331 2301 2398 tiones,
2353 2330 2446 2402 qui
2483 2326 2744 2384 diﬂidunt
2791 2322 3034 2390 veritati,
3076 2331 3136 2378 et
3184 2317 3446 2393 loquendi
3499 2315 3702 2372 fiducia

2099 2428 2368 2480 cresceret
2415 2419 2679 2492 Apostolo
2725 2415 2794 2474 ad
2839 2414 2957 2488 ejus
2995 2413 3257 2480 fructum,
3305 2419 3362 2467 et
3388 2407 3702 2466 conversio-

2100 2529 2224 2570 nem
2262 2511 2586 2567 multorum.

2175 2603 2356 2674 (Vers.
2385 2601 2466 2673 3.)
2503 2625 2522 2648 ι
2553 2598 2760 2656 Fidelis
2784 2605 2966 2654 autem
2987 2595 3155 2662 Deus,
3187 2591 3282 2665 qui
3313 2589 3560 2648 stabiliet
3589 2605 3702 2658 eos,

2099 2703 2153 2752 et
2208 2691 2482 2749 custodiet
2518 2708 2550 2747 a
2601 2691 2766 2746 malo.
2807 2714 2826 2738 ι
2881 2686 3153 2756 Quoniam
3184 2685 3330 2742 Deus
3359 2681 3627 2738 ﬁdelibus
3654 2687 3708 2734 et

2098 2783 2258 2841 bona)
2308 2782 2437 2838 vitae
2489 2781 2811 2838 hominibus
2872 2777 3146 2835 auxilium
3199 2790 3360 2832 suum
3393 2787 3508 2828 non
3538 2769 3707 2826 defu-

2098 2881 2283 2929 turum
2337 2872 2394 2929 in
2448 2870 2766 2929 necessitate
2819 2867 3074 2941 promist
3121 2865 3190 2922 ad
3218 2861 3707 2928 conﬁrmationem

2100 2963 2345 3034 illorum,
2387 2961 2427 3019 ii
2457 2969 2638 3020 autem
2670 2972 2782 3019 tam
2815 2961 2872 3015 in
2897 2959 3004 3016 fide
3035 2973 3195 3030 quam
3226 2956 3285 3012 in
3315 2968 3484 3025 opere
3513 2949 3706 3008 amuli

2096 3059 2252 3108 erant
2308 3051 2577 3109 bonorum
2602 3095 2618 3121 ,
2668 3049 2877 3107 idcirco
2937 3048 3155 3104 ﬁdelem
3209 3047 3382 3102 Deum
3445 3041 3592 3100 dicit
3646 3040 3708 3097 in

389 3166 516 3216 ante
545 3158 890 3216 nativitatem
923 3177 1113 3218 eorum
1143 3181 1157 3231 ;
1195 3177 1295 3220 nec
1324 3161 1470 3220 enim
1515 3163 1646 3219 latet
1676 3149 1856 3231 illum,
1892 3164 1984 3237 qui

2104 3143 2390 3214 promissis
2439 3140 2581 3215 ejus,
2636 3138 2767 3214 quia
2813 3135 3165 3212 providentia
3213 3132 3334 3207 ejus
3382 3140 3526 3190 esset
3555 3129 3707 3189 circa

387 3249 653 3308 credituri
700 3260 849 3309 sunt.
898 3253 1109 3310 Idcirco
1158 3269 1186 3309 a
1216 3252 1490 3327 principio
1519 3253 1624 3310 scit
1664 3253 1763 3309 hos
1801 3252 1991 3310 ﬁdeles

388 3355 504 3408 ore,
539 3339 632 3415 qui
683 3341 968 3401 credentes
1006 3352 1360 3416 augmentum
1414 3341 1541 3399 ﬁdei
1587 3343 1821 3412 faciunt,
1880 3361 1990 3400 non

387 3427 804 3486 {detrimentum
831 3450 844 3497 ;
877 3431 1204 3489 sanctiﬁcati
1230 3434 1376 3489 enim
1408 3449 1503 3506 per
1531 3432 1695 3489 ﬁdem
1744 3433 1992 3490 veritatis

385 3520 673 3592 Evangelii
706 3521 835 3576 Filii
861 3520 980 3582 Dei.
1019 3522 1383 3592 acquiruntur
1413 3523 1478 3578 ad
1510 3532 1860 3595 augmentum
1879 3525 1989 3595 glo-

389 3607 487 3662 rias
536 3608 782 3679 corporis
830 3608 1060 3676 Christi,
1102 3611 1246 3664 sicut
1287 3619 1340 3666 et
1371 3612 1427 3666 in
1465 3612 1573 3666 alia
1600 3612 1830 3684 epistola
1859 3611 1937 3667 ait
1971 3629 1982 3666 :

276 3736 283 3742 .
385 3701 448 3750 ut
500 3702 768 3764 crescant,
823 3695 1028 3768 inquit,
1096 3697 1284 3753 omnia
1343 3696 1401 3752 in
1446 3698 1847 3754 incrementum
1892 3699 1988 3754 Dei

387 3783 618 3856 (Colon.
673 3801 736 3854 ιι,
771 3784 883 3857 19).
937 3783 1264 3859 Quicunque
1293 3785 1466 3855 enim,
1503 3785 1718 3844 deserto
1741 3788 1985 3861 diabolo,

381 3873 710 3948 confugiunt
753 3874 821 3931 ad
874 3872 1038 3930 ﬁdem
1087 3874 1323 3946 Christi,
1383 3884 1739 3948 augmentum
1775 3876 1988 3933 faciunt

381 3964 494 4021 Deo
545 3965 605 4020 in
664 3981 892 4038 corpore
949 3965 1180 4036 Christi,
1215 3966 1314 4041 qui
1352 3966 1506 4040 prius
1548 3966 1792 4024 fecerant
1820 3966 1984 4024 detri-

382 4061 650 4109 mentum.

456 4144 639 4214 (Vers.
675 4143 788 4216 14.)
835 4171 853 4194 ε
881 4146 1090 4219 Itaque,
1133 4147 1348 4217 fratres,
1379 4155 1544 4217 state,
1579 4154 1634 4206 et
1661 4155 1843 4205 tenete
1873 4155 1981 4204 tra-

379 4231 622 4289 ditiones
672 4243 905 4304 nostras,
958 4253 1092 4310 quas
1123 4237 1420 4309 didicistis,
1454 4241 1572 4297 sive
1603 4254 1699 4313 per
1723 4240 1976 4309 verbum,

381 4321 498 4378 sive
543 4339 639 4396 per
691 4323 978 4395 epistolam
1010 4334 1276 4384 nostram.
1311 4354 1329 4377 ι
1389 4330 1460 4386 Ut
1504 4330 1852 4402 prascientia
1880 4329 1977 4385 Dei

378 4419 601 4469 moneat
649 4414 706 4470 in
751 4414 983 4471 salutem
1020 4416 1267 4485 illorum,
1322 4417 1529 4475 idcirco
1569 4420 1625 4474 in
1678 4420 1978 4476 traditione

2102 3248 2356 3396 eosZ'Vers.
2386 3321 2468 3394 4.)
2513 3344 2533 3369 ι
2563 3318 2908 3377 Conﬁdimus
2934 3324 3118 3374 autem
3150 3315 3210 3372 in
3237 3312 3480 3370 Domino
3511 3310 3582 3368 de
3609 3326 3703 3367 vo-

2101 3415 2209 3484 bis,
2265 3415 2526 3489 quoniam
2587 3430 2708 3486 quae
2748 3410 3124 3484 praecepimus,
3177 3415 3232 3464 et
3281 3404 3491 3473 facitis,
3519 3411 3575 3460 et
3611 3402 3705 3458 fa-

2101 3506 2278 3563 cietis.
2321 3530 2339 3554 ›
2408 3505 2635 3576 Propter
2681 3501 2829 3575 quod
2875 3499 3074 3557 mereri
3104 3498 3250 3565 illos,
3280 3503 3342 3552 ut
3371 3494 3472 3551 Dei
3499 3492 3703 3549 defen-

2100 3595 2255 3652 sione
2297 3603 2446 3650 totus
2487 3592 2730 3665 praestari
2761 3589 3100 3648 conﬁderet:
3133 3585 3340 3643 idcirco
3367 3600 3432 3641 ea
3458 3599 3584 3657 quae
3622 3582 3702 3638 il-

2099 3685 2167 3742 lis
2212 3684 2562 3758 praecipiebat
2609 3683 2667 3739 in
2721 3681 2945 3738 nomine
2984 3677 3234 3748 Domini,
3257 3674 3378 3732 ﬁeri
3407 3671 3479 3730 ab
3502 3672 3619 3730 illis
3645 3679 3700 3727 et

2098 3775 2286 3831 futura
2317 3790 2430 3830 esse
2452 3789 2563 3830 non
2601 3771 2842 3829 dubitat.
3419 3814 3422 3816 η

2171 3865 2352 3937 (Vers.
2397 3864 2479 3937 5.)
2526 3888 2545 3912 ι
2579 3863 2850 3920 Dominus
2878 3867 3062 3917 autem
3087 3857 3291 3931 dirigat
3319 3851 3487 3913 corda
3514 3860 3698 3909 vestra

2101 3955 2160 4012 in
2209 3953 2508 4012 dilectione
2549 3953 2672 4023 Dei,
2703 3962 2758 4011 et
2803 3951 3069 4026 patientia
3096 3948 3304 4007 Christi
3339 3944 3482 4019 (23).
3515 3968 3536 3994 ι
3581 3941 3701 3998 Hoc

2094 4044 2209 4100 illis
2254 4051 2510 4118 exorptat
2547 4059 2579 4100 a
2611 4046 2747 4114 Deo,
2788 4042 2936 4118 quod
2963 4058 3076 4100 non
3106 4038 3337 4111 ambigit
3364 4051 3523 4110 posse
3544 4049 3699 4106 prae-

2092 4134 2259 4202 stari;
2309 4142 2371 4190 ut
2416 4135 2475 4190 in
2530 4134 2631 4192 Dei
2673 4135 2940 4192 charitate
2968 4149 3063 4190 cor
3091 4146 3282 4188 eorum
3310 4125 3602 4201 proﬁceret
3624 4120 3696 4177 ad

2091 4224 2523 4296 exspectandum
2581 4225 2880 4282 adventum
2932 4221 3180 4290 Domini,
3227 4225 3290 4275 ut
3325 4214 3696 4296 condemnato

2089 4295 2295 4370 saeculo
2354 4313 2496 4388 (24),
2556 4313 2900 4371 desideretur
2943 4310 3218 4368 adventus
3243 4305 3360 4379 ejus
3383 4295 3482 4378 qui
3509 4305 3694 4360 saeu-

2088 4402 2205 4458 lum
2232 4403 2391 4461 vicit.

375 4502 672 4576 Evangelii
730 4502 987 4560 standum
1029 4521 1094 4562 ac
1134 4507 1592 4578 perseverandum
1640 4516 1873 4576 monet;
1914 4517 1976 4564 ut

2164 4492 2346 4565 (Vers.
2405 4492 2486 4564 6.)
2549 4515 2568 4540 ι
2607 4491 3016 4548 Denuntiamus
3045 4495 3226 4546 autem
3257 4482 3438 4551 vobis,
3469 4480 3691 4582 fratres,

377 4593 609 4654 solliciti
631 4594 764 4663 sint,
789 4610 859 4652 ne
885 4593 1099 4652 desidia
1127 4604 1181 4652 et
1208 4595 1323 4653 otio
1342 4603 1622 4671 torpentes
1646 4597 1704 4653 in
1722 4597 1980 4670 operibus

373 4682 497 4752 Dei,
551 4700 664 4741 non
712 4684 980 4758 impleant
1015 4685 1160 4759 quod
1191 4694 1494 4758 cmperunt.
1527 4687 1618 4744 Sic
1650 4686 1796 4742 enim
1832 4704 1980 4759 prae-

378 4771 484 4829 scit
513 4775 734 4831 credere
764 4782 819 4832 et
849 4791 1006 4850 posse
1036 4791 1279 4847 manere,
1304 4778 1350 4834 si
1378 4777 1569 4834 crebra
1597 4776 1976 4834 admonitione

371 4862 682 4934 pulsentur.

447 4951 628 5024 (Vers.
682 4954 768 5014 15.
819 4952 933 5026 16.)
991 4979 1009 5003 ι
1065 4955 1185 5029 Ipse
1231 4965 1412 5013 autem
1463 4958 1734 5014 Dominus
1786 4965 1974 5014 noster

369 5039 528 5097 Iesus
565 5041 841 5108 Christus,
883 5052 938 5100 et
969 5046 1115 5100 Deus
1142 5061 1206 5102 ac
1235 5047 1394 5101 Pater
1422 5055 1628 5116 noster,
1656 5045 1751 5120 qui
1773 5047 1971 5105 dilexit

369 5146 490 5193 nos.
525 5137 580 5186 et
619 5130 772 5189 dedit
798 5134 1236 5190 consolationem
1278 5145 1562 5202 aeternam,
1604 5146 1657 5192 et
1687 5153 1836 5208 spem
1869 5137 1968 5192 bo-

367 5235 495 5276 nam
529 5220 588 5277 in
619 5223 811 5295 gratia,
845 5226 1166 5280 consoletur
1193 5225 1363 5282 corda
1391 5233 1595 5292 vestra,
1626 5233 1681 5281 et
1725 5225 1968 5282 stabiliet

366 5308 426 5366 in
477 5311 629 5368 omni
676 5330 839 5387 opere
868 5322 922 5370 et
949 5315 1120 5371 verbo
1149 5314 1314 5370 bono.
1343 5339 1362 5363 ι
1412 5316 1685 5383 Quoniam
1727 5316 1885 5370 Pater
1911 5321 1967 5370 et

365 5398 545 5458 Filius
589 5417 700 5460 una
744 5403 948 5474 virtus,
1004 5419 1222 5478 unaque
1282 5403 1550 5463 divinitas
1576 5415 1632 5463 et
1658 5404 1961 5462 substantia

779 5615 938 5687 edit.,
965 5617 1025 5674 in
1050 5617 1374 5677 dilectionem
1400 5619 1582 5690 Dei,et
1607 5618 1958 5690 exspectatio-

363 5702 482 5744 um
513 5689 734 5743 Christi.

2090 4583 2150 4639 in
2195 4583 2420 4639 nomine
2469 4582 2694 4639 Domini
2737 4581 2911 4639 nostri
2939 4583 3070 4638 Jesu
3095 4576 3322 4645 Christi,
3346 4572 3562 4631 secerni
3592 4585 3692 4626 vos

2091 4673 2160 4729 ab
2202 4671 2356 4729 omni
2411 4671 2579 4727 fratre
2629 4671 3061 4743 intemperanter
3107 4664 3449 4728 ambulante,
3494 4671 3550 4717 et
3577 4674 3690 4716 non

2088 4761 2390 4820 secundum
2447 4759 2804 4816 traditionem
2849 4776 3015 4832 quam
3043 4754 3332 4830 accepistis
3359 4769 3390 4809 a
3428 4750 3615 4807 nobis.
3656 4772 3677 4796 ι

2085 4851 2363 4920 Quoniam
2395 4850 2452 4906 in
2495 4849 2646 4906 omni
2669 4849 2827 4922 plebe
2862 4865 2973 4905 non
2994 4863 3185 4904 omnes
3204 4843 3528 4903 obedientes
3556 4845 3690 4897 sunt

2082 4941 2251 4998 verbo
2301 4939 2590 5008 doctu-nas,
2641 4954 2754 4994 non
2798 4937 2951 5010 legis,
2987 4936 3082 4993 sed
3139 4951 3300 4992 suum
3331 4931 3604 5005 placitum
3634 4935 3689 4985 et

2079 5037 2373 5094 consilium
2421 5041 2745 5108 sequentes;
2797 5038 3019 5104 propter
3061 5029 3167 5086 hoc
3192 5023 3589 5084 declinandum
3621 5019 3690 5077 ab

2081 5127 2150 5184 iis
2183 5128 2448 5201 praecipit,
2479 5135 2542 5183 ut
2571 5129 2904 5198 cognoscant
2931 5120 3254 5192 semetipsos
3282 5129 3488 5173 errare.

2151 5219 2334 5291 (Vers.
2375 5219 2425 5287 7,
2458 5218 2513 5285 8,
2544 5218 2626 5288 9.)
2664 5214 2810 5287 «Ipsi
2840 5212 2990 5270 enim
3019 5209 3174 5268 scitis
3212 5202 3684 5282 quemadmodum

2081 5307 2325 5365 debeatis
2363 5307 2575 5363 imitari
2627 5322 2748 5374 nos,
2795 5302 3058 5377 quoniam
3101 5315 3212 5358 non
3241 5299 3679 5369 intemperanter

2071 5397 2324 5454 viximus
2367 5398 2514 5454 inter
2562 5413 2683 5466 vos,
2728 5410 2906 5468 neque
2950 5391 3119 5465 gratis
3160 5403 3360 5463 panem
3388 5384 3610 5442 edimus
3647 5395 3681 5434 a

2140 5615 2260 5692 (24)
2295 5617 2448 5676 Edit.
2481 5633 2607 5676 cum
2641 5614 2833 5690 paucis
2864 5628 3019 5682 mss.,
3049 5615 3110 5665 ut
3135 5610 3436 5678 contempto
3460 5601 3678 5660 seculo.
