3908 6192
113 309 209 367 185
1073 304 1436 367 COMMENT.
1478 308 1548 366 IN
1584 307 1800 366 EPIST.
1845 309 1891 364 Il
1931 309 2027 365 AD
2065 304 2402 366 THESSAL.

3292 309 3395 372 486

107 452 359 511 quoquam
387 435 502 508 (25)
529 455 543 504 ;
595 435 690 492 sed
720 436 781 495 in
812 436 998 496 labore
1046 444 1101 495 et
1146 437 1486 510 fatigatione,
1537 443 1682 502 238
1715 444 1766 502 Α
1794 434 2091 506 disciplina
2116 436 2443 504 Dominica;
2473 436 2669 495 borum
2701 439 2851 496 enim
2890 447 3083 497 venter
3108 443 3257 498 Deus
3287 452 3394 512 est,

105 541 251 590 nocte
277 533 474 608 dieque
503 543 817 606 operantes,
849 534 917 591 ad
947 535 1053 593 hoc
1084 553 1153 592 ne
1199 554 1393 610 graves
1439 553 1682 596 essemus

103 625 343 699 cuiquam
372 633 618 682 vestrum
656 644 668 683 :
707 642 818 683 non
861 627 989 700 quia
1037 643 1147 684 non
1193 629 1548 686 habuerimus
1578 646 1685 702 po-

103 725 364 786 testatem,
419 719 512 775 sed
588 727 652 775 ut
725 724 1090 792 nosmetipsos
1145 720 1375 776 formam
1432 720 1686 778 daremus

101 805 247 863 vobis
266 806 333 863 ad
371 808 672 865 =mitandos
717 825 838 864 nos.
873 835 890 856 -
942 811 1072 866 Illos
1128 809 1266 867 dicit
1308 827 1419 866 non
1468 813 1686 884 ignaros

100 899 270 967 Oper's
297 905 351 953 et
379 897 583 955 laboris
611 899 719 966 sui,
751 914 910 972 quem
941 898 1133 954 sedulo
1161 900 1316 955 exitu
1359 901 1686 972 operabatur

97 984 230 1056 (26),
265 1001 331 1042 ne
369 1003 505 1059 pane
536 987 804 1059 indigeret
834 988 1035 1054 alieno,
1073 997 1134 1043 ut
1179 989 1494 1061 exemplum
1529 990 1684 1045 daret

95 1074 164 1131 eis
190 1075 257 1131 ad
286 1075 614 1133 imitandum
664 1078 843 1132 illum.
895 1077 1079 1150 Neque
1128 1077 1274 1133 enim
1327 1079 1682 1152 reprehensi-

94 1162 216 1220 bilis
244 1172 403 1233 esset,
448 1166 493 1221 si
542 1182 732 1238 panem
766 1165 834 1220 ab
873 1165 960 1222 his
1007 1165 1271 1239 reciperet
1319 1168 1385 1224 ad
1435 1168 1682 1240 corporis

94 1268 291 1322 curam,
323 1255 417 1326 qui
450 1255 651 1311 animis
680 1255 904 1311 illorum
950 1272 1126 1311 escam
1177 1256 1481 1329 spiritalem
1534 1275 1682 1330 prae-

94 1339 262 1409 bebat,
289 1358 410 1414 qua
430 1343 594 1399 etiam
626 1345 841 1416 corpori
863 1344 1337 1402 immortalitatem
1361 1364 1484 1404 cum
1509 1349 1683 1420 gloria

95 1439 418 1502 procuraret.
451 1431 604 1488 Tunc
633 1433 836 1489 etenim
871 1443 1058 1491 exerta
1089 1443 1266 1507 potest
1297 1452 1412 1492 esse
1436 1436 1678 1506 libertas,

95 1518 136 1574 si
185 1522 539 1593 semetipsum
562 1523 686 1594 quis
715 1523 928 1578 ventris
955 1540 1119 1580 causa
1145 1532 1242 1580 aut
1270 1524 1514 1598 pecuniae
1540 1526 1680 1582 nulli

94 1607 357 1680 subjiciat,
395 1625 494 1666 suo
546 1626 684 1684 pane
731 1620 1067 1681 contentus;
1126 1615 1367 1672 maxime
1415 1615 1564 1689 quod
1612 1615 1679 1673 ad

94 1697 298 1755 laudem
352 1701 525 1772 magis
569 1702 804 1774 proiicit,
863 1703 909 1758 si
950 1720 1074 1760 cum
1126 1704 1306 1774 liceat,
1361 1716 1415 1763 et
1464 1707 1537 1764 sit
1577 1724 1681 1764 su-

93 1794 267 1851 mendi
303 1803 562 1868 potestas,
595 1799 914 1855 contineat:
962 1799 1055 1857 hic
1097 1802 1224 1858 talis
1281 1803 1534 1875 prodesse
1575 1821 1685 1878 po-
1715 1811 1760 1872 B

96 1894 185 1945 test
239 1889 597 1947 audientibus
636 1907 692 1948 se
730 1909 742 1947 :
783 1894 1144 1951 reverentiam
1195 1896 1344 1952 enim
1395 1897 1679 1954 habebunt

93 1984 275 2056 rigoris
302 1984 488 2058 hujus,
521 1995 574 2043 et
601 2005 663 2044 ea
689 2005 810 2062 quae
839 1987 907 2045 ab
937 1989 1043 2048 hoc
1063 1991 1422 2062 mandantur,
1453 2001 1675 2067 praeter-

95 2078 226 2137 mitti
261 2097 370 2137 non
405 2089 683 2154 poterunt.

156 2190 339 2261 (Vers.
375 2191 490 2262 10.)
535 2217 554 2238 ι
583 2194 718 2250 Nam
751 2212 879 2253 cum
926 2215 1169 2257 essemus
1214 2201 1359 2274 apud
1404 2219 1526 2269 vos,
1573 2202 1680 2262 hoc

94 2279 538 2351 praecipiebamus
571 2282 748 2352 vobis,
780 2288 925 2358 quod
955 2290 998 2344 si
1017 2291 1142 2362 quis
1167 2307 1277 2347 non
1300 2293 1423 2347 vult
1441 2293 1679 2363 operari,

94 2385 182 2426 nec
226 2371 596 2431 manducet.»
662 2377 784 2434 Non
826 2380 1006 2436 solum
1052 2380 1238 2438 verbis
1283 2382 1535 2451 docebat,
1586 2385 1681 2441 sed

96 2459 407 2521 hortabatur
435 2474 491 2523 et
521 2467 724 2525 factis:
760 2469 948 2528 idonei
998 2473 1146 2529 enim
1201 2473 1449 2546 magistri
1500 2483 1603 2541 est,
1634 2475 1680 2531 si

97 2565 151 2608 ea
177 2569 290 2626 quea
319 2555 506 2614 verbis
527 2557 706 2629 docet,
739 2561 998 2633 operibus
1025 2564 1262 2636 expleat.
1295 2565 1450 2621 Tunc
1477 2564 1679 2621 etenim

97 2643 421 2707 addiscentes
451 2667 578 2709 vera
627 2668 742 2710 esse
788 2655 974 2712 sciunt
1015 2671 1135 2728 quae
1181 2656 1436 2725 audiunt,
1481 2657 1526 2714 si
1571 2673 1679 2713 ne-

95 2733 207 2807 gligi
237 2737 330 2794 illa
357 2755 473 2797 non
511 2741 755 2800 viderint
782 2761 812 2800 a
840 2744 1083 2802 doctore.
1105 2745 1371 2813 Quamvis
1395 2747 1541 2803 enim
1566 2763 1677 2804 ma-

91 2824 266 2883 nifeste
320 2845 459 2886 tera.
506 2846 620 2888 esse
667 2848 778 2888 non
824 2834 1147 2907 ignorentur
1193 2851 1314 2910 quas
1367 2835 1672 2905 docentur;

89 2920 272 2987 tamen,
300 2919 343 2976 si
375 2921 592 2994 ne-gligi
621 2923 887 2995 cmperint
916 2941 947 2980 a
976 2926 1258 2995 magistro,
1281 2925 1508 2983 difﬁcile
1537 2943 1676 2999 pro-

96 3000 262 3062 ﬁcient
311 3009 727 3067 audientibus:
761 3013 934 3086 magis
985 3017 1132 3071 enim
1199 3033 1365 3088 opera
1419 3018 1671 3087 suadent,

99 3107 240 3166 quam
269 3099 450 3157 verba.
476 3101 850 3170 Quamobrem
883 3109 1094 3180 magnis
1136 3111 1378 3180 praemiis
1406 3125 1674 3166 remune-

99 3186 234 3243 raudi
278 3199 420 3259 sunt,
465 3194 570 3265 qui
618 3196 1023 3268 negligentibus
1091 3200 1388 3271 magistris,
1429 3201 1498 3257 de
1543 3200 1678 3257 solis

99 3281 261 3341 verbis
308 3288 612 3360 proﬁciunt
659 3298 773 3347 tam
823 3292 883 3348 in
941 3310 1105 3366 opere
1155 3310 1316 3368 quam
1373 3295 1432 3351 in
1489 3311 1672 3353 sensu.

101 3375 275 3437 Forma
297 3398 422 3458 ergo
450 3394 571 3442 erat
601 3384 670 3442 iis
700 3386 797 3459 qui
828 3388 1124 3447 mediocris
1153 3392 1240 3447 vel
1288 3391 1473 3448 tenuis
1521 3399 1677 3448 erant

97 3467 388 3529 substantias
425 3475 482 3531 in
517 3475 698 3546 plebe,
756 3484 818 3532 ut
864 3476 1140 3535 discerent
1186 3487 1456 3552 quatenus
1503 3480 1680 3536 liber-

96 3563 240 3617 tatem
292 3578 442 3620 suam
506 3581 617 3621 non
675 3567 1013 3626 amitterent.
1053 3568 1205 3626 Unde
1259 3579 1313 3626 et
1367 3570 1670 3628 Salomon:

110 3671 126 3693 ι
156 3649 304 3719 Raro,
333 3654 542 3728 inquit,
587 3655 788 3714 inferes
821 3657 1011 3730 pedem
1039 3658 1107 3716 ad
1135 3661 1376 3716 amicum
1406 3667 1586 3731 tuum,
1609 3677 1678 3718 ne

101 3746 351 3821 saturatus
387 3745 470 3800 tui
501 3744 684 3801 oderit
716 3756 766 3802 te
791 3748 976 3815 (Prov.
1011 3764 1150 3815 xxv,
1185 3750 1295 3821 17).
1329 3773 1348 3796 ι
1391 3748 1496 3817 Qui
1527 3750 1674 3806 enim

101 3820 391 3899 frequenter
420 3832 487 3888 ad
520 3832 756 3891 alienam
788 3852 1031 3894 mensam
1060 3820 1344 3906 convenit,
1363 3840 1478 3896 otio
1508 3840 1678 3897 dedi-

96 3921 171 3974 tus
195 3922 447 3984 aduletur
476 3944 700 3986 necesse
745 3940 826 3987 est
874 3935 1116 4005 pascenti
1165 3952 1260 4002 se;
1305 3951 1430 3992 cum
1477 3934 1674 4008 religio

95 4016 259 4065 nostra
282 4012 348 4068 ad
395 4016 704 4075 libertatem
751 4019 1006 4080 homines
1059 4025 1312 4082 advocet.
1359 4027 1598 4100 Ideoque
1627 4027 1674 4083 si

95 4105 220 4196 quis,
254 4109 459 4184 inquit,
495 4115 826 4173 manducare
855 4121 1085 4192 spernit,
1118 4129 1291 4180 cesset
1337 4123 1406 4179 ab
1450 4140 1613 4196 opere
1655 4143 1668 4182 :

94 4193 171 4285 sed
198 4198 332 4285 quia
350 4200 551 4285 (nullus
581 4204 699 4259 sine
729 4205 854 4262 cibo
881 4217 1061 4279 potest
1089 4212 1298 4280 vivere,
1331 4211 1422 4269 det
1451 4193 1670 4285 operem

95 4277 397 4351 laborandi;
427 4294 493 4341 ut
521 4289 754 4346 arbitrio
783 4277 1098 4353 suo—vivens
1118 4277 1294 4354 Deum
1326 4277 1502 4372 possit
1512 4301 1671 4358 babe-

93 4379 139 4423 re
170 4373 498 4447 propitium.

153 4483 325 4554 (Vers.
366 4489 487 4563 11.)
536 4516 556 4540 ι
578 4491 912 4553 Audivimus
931 4497 1080 4554 enim
1100 4497 1362 4571 quosdam
1392 4501 1671 4561 ambulare

97 4577 220 4629 tuter
244 4594 342 4635 vos
373 4578 826 4655 intemperanter,
863 4585 1006 4643 nihil
1039 4599 1344 4662 operantes,
1374 4591 1468 4649 sed
1496 4595 1674 4651 curio-

97 4672 144 4714 se
187 4677 417 4737 agentes.
448 4696 467 4718 ι
519 4671 625 4741 Qui
679 4675 843 4733 otiosi
888 4693 1004 4735 esse
1049 4679 1381 4752 desiderant,
1415 4682 1468 4738 id
1498 4691 1667 4756 agunt

1791 522 1886 596 qui
1915 523 2056 579 foeda
2082 540 2216 579 cura
2244 526 2545 581 necessaria
2573 527 2883 598 provident.

1869 613 2054 686 (Vers.
2101 614 2214 685 i2.)
2267 639 2286 660 ι
2319 615 2416 670 His
2465 615 2631 688 igitur
2668 618 2761 689 qui
2811 617 3192 690 hujuscemodi
3239 629 3389 688 sunt,

1795 702 2207 772 denuntiamus,
2237 712 2290 760 et
2317 705 2677 762 exhortamur
2717 707 2772 763 in
2805 709 3040 765 Domino
3070 709 3196 766 Iesu
3235 708 3391 768 Chri-

1799 802 1904 862 sto,
1948 802 2008 849 ut
2036 811 2159 850 cum
2191 797 2378 869 quiete
2407 805 2700 869 operantes
2720 813 2878 853 suum
2913 815 3106 869 panem
3165 800 3392 858 mandu-

1797 892 1945 940 cent.
1971 908 1989 931 ι
2039 885 2105 940 Ut
2135 885 2213 940 eis
2243 885 2461 942 facilius
2509 885 2758 951 suadeat,
2809 883 3135 958 interposito
3170 888 3394 945 nomine

1794 973 2021 1029 Domini
2061 973 2189 1029 Jesu
2217 975 2447 1043 Christi,
2488 976 2820 1032 exhortatur
2849 990 2942 1030 eos
2989 983 3051 1031 ut
3097 976 3396 1033 obaudiant

1793 1063 1940 1133 quod
1975 1064 2053 1118 eis
2083 1065 2156 1118 sit
2192 1063 2348 1120 utile.

1867 1151 2050 1221 (Vers.
2087 1155 2172 1222 13,
2209 1154 2294 1219 ili,
2349 1156 2464 1228 15.)
2509 1180 2527 1202 ι
2559 1156 2673 1212 Vos
2709 1162 2917 1223 autem,
2962 1151 3178 1222 fratres,
3225 1151 3397 1213 nolite

1792 1239 2025 1298 deiicere
2081 1242 2138 1298 in
2193 1243 2592 1301 benefaciendo
2639 1245 2781 1317 (27).
2828 1245 2985 1313 Quod
3028 1246 3076 1301 si
3108 1246 3233 1318 quis
3285 1261 3394 1303 non

1791 1328 1978 1385 obedit
2028 1331 2196 1387 verbo
2246 1343 2438 1390 nostro
2487 1350 2582 1406 per
2629 1336 2941 1405 epistolam,
2997 1333 3148 1390 hunc
3188 1341 3394 1404 notate,

1792 1423 1847 1471 et
1896 1419 2066 1475 nolite
2115 1437 2240 1476 cum
2288 1438 2352 1478 eo
2403 1423 2741 1491 conversari,
2774 1431 2836 1479 ut
2890 1424 3202 1480 reverentia
3251 1440 3395 1481 cou-

1791 1505 2062 1564 fundatur
2119 1527 2132 1564 :
2188 1518 2243 1567 et
2303 1528 2414 1568 non
2481 1513 2634 1570 velut
2689 1513 2979 1570 inimicum
3039 1513 3390 1584 existimetis,

1791 1596 1884 1652 sed
1913 1597 2204 1657 admonete
2243 1602 2517 1672 consiliis,
2555 1611 2616 1659 ut
2647 1603 2894 1660 fratrem.
2927 1629 2947 1653 ι
2990 1604 3221 1678 Propter
3249 1605 3395 1678 quod

1789 1690 2044 1760 superius
2098 1707 2550 1768 unumquemque
2598 1711 2758 1752 suum
2812 1711 3005 1769 panem
3055 1696 3390 1754 manducare

1792 1775 1990 1834 debere
2025 1781 2306 1852 praecepit,
2341 1797 2408 1838 ne
2433 1783 2574 1840 forte
2603 1785 2826 1857 quidam
2867 1786 3092 1842 illorum
3141 1785 3394 1843 occasio-

1792 1881 1914 1922 nem
1974 1870 2259 1940 parcitatis
2297 1879 2352 1927 et
2401 1872 2828 1931 inhumanitatis
2871 1882 3156 1946 captarent
3207 1891 3220 1930 :
3267 1874 3393 1931 ideo

1791 1966 1975 2014 statim
2007 1959 2241 2032 subjecit
2282 1979 2294 2018 :
2339 1987 2359 2010 ιι
2387 1962 2500 2020 Vos
2527 1975 2733 2034 autem,
2784 1965 2997 2034 fratres,
3029 1965 3201 2022 nolite
3229 1965 3392 2022 defa-

1790 2049 1953 2119 tigari
1999 2050 2422 2109 benefacientes.
2456 2079 2473 2100 -
2526 2055 2714 2129 Neque
2761 2071 2908 2112 emm
2967 2056 3026 2111 in
3085 2055 3392 2128 reprehen-

1791 2139 2000 2196 sionem
2033 2143 2206 2209 venit,
2243 2143 2334 2215 qui
2370 2143 2646 2202 humanus
2675 2155 2730 2204 et
2767 2147 2952 2218 largus
2981 2153 3104 2215 est;
3156 2146 3250 2202 sed
3299 2145 3393 2202 hic

1792 2227 1885 2299 qui
1916 2245 2040 2285 cum
2074 2233 2246 2301 possit
2287 2231 2338 2287 la
2367 2231 2553 2288 borem
2588 2235 2752 2302 ferre,
2785 2235 2843 2290 in
2889 2235 3006 2292 otio
3051 2236 3175 2292 vult
3216 2235 3390 2292 vitam

1793 2337 1967 2394 agere.
2000 2324 2170 2392 Quem
2203 2325 2249 2380 si
2274 2326 2519 2397 epistola
2548 2330 2850 2386 auctoritas
2879 2345 2991 2386 non
3016 2331 3268 2404 corrigit,
3294 2347 3389 2388 no-

1792 2414 2024 2470 tandum
2057 2415 2226 2486 hunc,
2267 2427 2320 2474 et
2351 2434 2452 2476 nec
2479 2420 2922 2478 conversandum
2974 2438 3099 2478 cum
3148 2438 3213 2479 eo
3242 2440 3392 2496 prae-

1793 2503 1929 2574 cipit
1955 2521 1968 2570 ;
1998 2512 2060 2559 ut
2086 2507 2368 2575 confusus,
2398 2510 2491 2580 qui
2522 2509 2589 2564 ab
2618 2509 2878 2565 omnibus
2907 2512 3164 2568 evitatur.
3201 2511 3387 2584 subji-

1792 2599 1939 2649 ceret
1963 2611 2019 2650 se
2051 2595 2338 2667 praeceptis
2375 2597 2647 2669 Apostoli.
2681 2598 2840 2666 Quod
2886 2609 3070 2656 tamen
3117 2600 3237 2657 sinc
3270 2602 3389 2657 ira-

1790 2683 1991 2739 cundia
2022 2691 2074 2739 et
2104 2685 2440 2741 contumelia
2474 2694 2594 2742 vult
2621 2686 2764 2749 ﬁeri,
2797 2697 2859 2745 ut
2907 2687 3179 2761 patienter
3224 2688 3390 2746 decli-

1788 2781 1952 2829 netur
1979 2774 2048 2830 ab
2077 2792 2142 2830 eo
2177 2793 2189 2832 :
2226 2776 2300 2831 ita
2329 2783 2534 2846 tamen,
2571 2785 2631 2833 ut
2669 2780 2712 2836 si
2750 2796 2836 2836 res
2867 2780 3056 2836 tulerit
3087 2780 3238 2854 loqui
3262 2797 3389 2838 cum

1787 2881 1873 2936 eo,
1908 2867 2243 2923 monendum
2277 2867 2456 2935 illum,
2518 2877 2579 2926 ut
2625 2873 2866 2944 patiatur
2906 2888 2965 2931 se
3017 2873 3245 2946 corripi,
3290 2890 3391 2932 nec

1786 2957 1935 3012 ultra
1964 2965 2231 3030 praecepta
2260 2959 2509 3030 Apostoli
2531 2962 2935 3019 contemnenda
2966 2981 2980 3031 ;
3025 2962 3386 3019 familiarita-

1787 3050 1894 3099 tem
1947 3060 2165 3116 quoque
2217 3045 2411 3101 tandiu
2463 3063 2585 3103 cum
2629 3063 2694 3103 eo
2737 3065 2848 3105 non
2898 3047 3116 3119 habere,
3139 3051 3388 3124 quandiu

1785 3134 2086 3191 obaudieus
2115 3135 2209 3191 fiat
2261 3136 2402 3209 (28).
2434 3138 2572 3194 Nam
2613 3143 2658 3194 si
2696 3139 2765 3196 ad
2795 3138 3141 3197 iracundiam
3190 3151 3383 3198 contu-

1787 3222 1968 3279 meliis
1998 3224 2314 3293 lacessatur,
2344 3225 2498 3297 pejor
2525 3242 2581 3282 se
2607 3226 2701 3283 fiet
2730 3246 2742 3284 :
2783 3229 3106 3284 incitabitur
3135 3230 3283 3285 enim
3318 3230 3386 3286 ad

1787 3313 2222 3381 contentionem,
2255 3321 2310 3368 et
2339 3313 2569 3386 incipiet
2606 3324 2848 3371 erratum
2905 3333 3066 3372 suum
3110 3317 3252 3375 velle
3297 3317 3385 3374 de‘

1785 3401 2033 3471 fendere,
2084 3411 2207 3475 post
2258 3410 2440 3458 autem
2495 3405 2814 3462 erubescere
2852 3405 3148 3463 emendare
3187 3423 3264 3476 se,
3318 3424 3387 3466 ne

1786 3492 1934 3566 quod
1967 3491 2123 3565 prius
2143 3493 2462 3562 excusabat,
2503 3505 2690 3567 postea
2713 3496 2870 3552 fateri
2898 3497 3169 3554 videatur.

1861 3583 2042 3652 (Vers.
2074 3584 2183 3656 l6.)
2204 3609 2220 3630 ι
2240 3586 2359 3657 Ipse
2379 3592 2561 3641 autem
2578 3587 2724 3642 Deus
2741 3588 2890 3658 pacis
2905 3587 2997 3644 det
3015 3587 3172 3644 vobis
3194 3602 3381 3661 pacem

1785 3687 1997 3745 semper
2027 3672 2084 3729 in
2115 3673 2266 3730 omni
2297 3673 2438 3730 loco.
2469 3675 2740 3732 Dominus
2759 3677 2831 3731 sit
2858 3692 2983 3732 cum
3013 3676 3272 3736 omnibus
3292 3693 3384 3734 vo-

1784 3759 1886 3818 bis.
1907 3787 1926 3808 »
1969 3761 2194 3836 Semper
2221 3763 2367 3838 quod
2398 3780 2558 3821 suum
2589 3773 2690 3833 est,
2721 3765 2867 3822 bono
2897 3773 3028 3821 voto
3058 3766 3184 3822 illos
3205 3782 3384 3838 prose-

1785 3851 1994 3924 quitur,
2026 3853 2181 3925 quasi
2211 3854 2566 3910 cliarissimos
2594 3853 2762 3922 filios,
2792 3862 2990 3927 optans
3017 3869 3230 3926 semper
3257 3869 3383 3911 cum

1784 3943 1898 4002 illis
1922 3962 2106 4019 pacem
2142 3963 2382 4016 manere,
2416 3965 2536 4021 quae
2570 3957 2652 4006 est
2679 3949 2796 4006 dux
2817 3949 2885 4007 ad
2907 3949 3078 4005 vitam
3097 3956 3380 4007 aeternam.

1783 4045 1918 4105 Cum
1952 4045 2040 4102 his
2055 4045 2204 4102 enim
2233 4045 2507 4102 Dominus
2531 4062 2588 4102 se
2617 4061 2734 4103 esse
2759 4047 3042 4120 promisit,
3063 4048 3159 4124 qui
3173 4049 3384 4106 fuerint

1783 4135 2020 4210 paciﬁci.

1855 4227 2038 4299 (Vers.
2079 4226 2194 4299 17.)
2258 4249 2278 4275 ι
2335 4228 2458 4300 Ipsa
2513 4228 2772 4288 salutatio
2815 4245 2939 4288 mea
2989 4248 3157 4292 manu
3202 4231 3380 4306 Pauli,

1781 4315 1930 4390 quod
1962 4327 2042 4373 est
2063 4316 2280 4390 signum
2311 4319 2371 4375 in
2399 4319 2554 4376 omni
2580 4321 2812 4393 epistola
2846 4340 2859 4380 :
2895 4325 2973 4380 ita
2999 4325 3381 4384 scribo.nPro-

1779 4414 1902 4478 pter
1966 4405 2267 4480 interpoles
2293 4418 2348 4466 et
2374 4408 2773 4469 adulteratores
2801 4411 3211 4487 Scripturarum
3239 4431 3378 4472 sem-

1782 4510 1880 4567 per
1908 4511 1966 4553 se
2001 4512 2169 4552 manu
2198 4514 2297 4555 sua
2327 4500 2386 4554 in
2415 4499 2568 4556 omni
2595 4501 2828 4574 epistola
2867 4519 2966 4558 sua
2994 4504 3379 4561 salutationem

1782 4585 2129 4644 subscribere
2177 4595 2432 4657 testatur;
2483 4597 2545 4646 ut
2584 4590 2686 4646 sub
2737 4590 2963 4646 nomine
3006 4591 3124 4664 ejus
3152 4591 3384 4663 epistola

1777 4687 1997 4750 accepto
2028 4678 2160 4735 ferri
2186 4696 2300 4736 non
2329 4681 2503 4753 possit
2531 4696 2652 4753 quae
2694 4697 2810 4737 non
2851 4679 3022 4735 fuerit
3065 4696 3237 4736 manu
3263 4679 3383 4750 ejus

99 4760 342 4842 quatenus
396 4764 614 4820 occasio
672 4775 932 4824 nascatur
985 4786 1091 4842 qua
1145 4772 1437 4831 introitum
1503 4792 1667 4832 suum

1795 4765 1877 4821 iub
1892 4765 1988 4822 scri
1998 4777 2108 4838 pla.

98 4834 487 4909 desiderabilem
523 4853 727 4913 faciant
764 4834 1023 4916 domibus
1067 4859 1328 4932 divitum,
1369 4864 1668 4921 ambulan-

97 4933 165 5028 tes
189 4945 329 5002 gesta
357 4949 410 4996 et
440 4943 732 5015 opiniones
753 4949 1046 5005 verborum
1079 4952 1357 5022 subtiliter
1377 4955 1667 5026 colligunt,

101 5029 306 5082 scientes
331 5031 464 5103 quid
509 5032 576 5090 de
618 5053 726 5110 quo
776 5039 952 5096 velint
999 5042 1210 5110 audire,
1245 5051 1307 5100 ut
1354 5043 1588 5099 libenter
1616 5053 1670 5100 et

101 5112 325 5180 requisiti
356 5132 653 5192 pascantur
705 5125 863 5194 Quod
892 5129 1102 5187 factum
1133 5131 1294 5188 valde
1333 5131 1595 5190 abhorret
1640 5149 1671 5189 a

291 5303 448 5390 Brom.
481 5307 638 5390 edit,
667 5327 854 5390 partem
881 5317 1174 5390 accepimus
1213 5336 1247 5373 a
1275 5335 1561 5390 quoquam.

161 5369 265 5461 96)
311 5377 519 5461 _Eadem
567 5369 700 5439 edit.
742 5369 1670 5461 ιιοωῖζῖιὶέἡῖεὲιιὶιῶᾮᾶἑιέξςειίο

101 5445 410 5505 operabatur.

1853 4855 2034 4926 (Vers.
2071 4855 2180 4925 18.)
2226 4878 2244 4900 ι
2276 4853 2462 4909 Gratia
2509 4855 2735 4910 Domini
2794 4851 2968 4908 nostri
3011 4853 3139 4909 Iesu
3168 4851 3380 4910 Christi

1777 4957 1904 4998 cum
1931 4942 2192 4997 omnibus
2222 4941 2399 4995 vobis.
2433 4965 2451 4987 ι
2498 4941 2624 4997 Haec
2653 4940 2910 4996 salutatio
2931 4956 3094 4997 manu
3125 4943 3380 5015 ApOsloli

1779 5031 2092 5102 conscripta
2139 5039 2240 5098 est,
2299 5045 2407 5101 qua
2458 5030 2686 5101 gratiam
2745 5028 2972 5086 Domini
3026 5032 3201 5089 nostri
3253 5031 3383 5089 Jesu

1780 5122 1988 5179 Christi
2017 5129 2170 5193 optat
2198 5136 2314 5176 esse
2334 5135 2460 5175 cum
2485 5119 2581 5175 eis.
2613 5123 2813 5176 Amen.

1855 5311 1974 5391 (g2)
2007 5313 2168 5391 Rom.
2193 5307 2353 5391 e_dit.,
2383 5309 2546 5366 nolite
2573 5306 2864 5391 defetigari
2893 5307 3286 5391 benefacientes.

1855 5378 1974 5458 (28)
2004 5381 2274 5440 Nonnulli
2304 5398 2459 5450 mss.,
2486 5378 2724 5452 quandiu
2746 5378 2860 5432 non
2889 5378 3127 5436 obediens
3154 5385 3268 5455 ﬁat.
