3908 6192
484 291 588 350 487

1481 293 1576 353 AD
1614 295 1849 354 OPERA
1887 297 1942 354 S.
1984 297 2318 357 AMBROSII
2355 293 2736 356 APPENDIX.

479 460 3781 488 W

618 623 733 709 IN
820 622 1453 708 EPISTOLAM
1545 623 1645 708 B.
1745 623 2067 708 PAULI
2158 623 2307 706 AD
2398 620 3074 707 TIMOTHEUM
3161 622 3647 710 PRIMAM.

981 929 1126 990 289
1184 925 1568 983 PROLOGUS.

548 1028 874 1086 Timotheus
899 1028 1049 1085 ﬁlius
1077 1027 1184 1083 fuit
1206 1027 1454 1083 mulieris
1469 1026 1667 1084 Iudaeae
1694 1026 1893 1094 ﬁdelis,
1921 1033 2073 1098 patre

479 1121 690 1190 Graeco,
718 1119 877 1192 cujus
906 1135 1068 1175 causa
1089 1119 1351 1191 parvulus
1379 1119 1703 1175 circumcidi
1737 1134 1846 1174 non
1871 1116 2070 1190 potuit.

478 1209 585 1277 Qui
625 1209 810 1266 studio
840 1211 1031 1265 matris
1055 1227 1166 1266 suae
1187 1224 1365 1264 sacras
1393 1209 1629 1264 Litteras
1649 1205 2076 1279 didicit,quibus

481 1318 702 1374 operam
751 1301 905 1370 dans,
959 1301 1158 1357 bonam
1208 1300 1316 1356 sibi
1364 1300 1534 1354 vitam
1585 1298 1848 1354 instituit.
1919 1297 2076 1352 Hunc

479 1391 779 1464 Apostolus
810 1407 935 1447 cum
971 1389 1236 1445 voluisset
1261 1404 1558 1456 assumere,
1591 1387 1768 1443 sciens
1813 1385 2074 1442 idoneum

485 1481 602 1538 fore
628 1481 1064 1554 dispensatorem
1098 1479 1430 1551 evangelicae
1461 1477 1734 1544 veritatis,
1788 1491 1954 1531 causa
1986 1474 2076 1530 Ju-

479 1571 722 1629 daeorum
740 1571 1059 1644 compulsus
1074 1577 1156 1625 est
1180 1567 1576 1626 circumcidere
1587 1584 1710 1623 eum
1722 1566 2078 1634 ,instantibus

480 1663 583 1729 eis,
617 1670 677 1719 ut
708 1661 802 1736 qui
834 1669 1006 1718 matre
1035 1659 1221 1716 Judzea
1263 1668 1431 1716 notus
1476 1667 1637 1727 esset,
1659 1657 2080 1714 incircumcisus

479 1752 685 1808 assumi
725 1767 836 1808 non
865 1750 1086 1807 deberet
1126 1749 1194 1806 ad
1242 1749 1613 1822 magisterium
1660 1756 1882 1821 propter
1931 1746 2078 1805 testi-

480 1841 732 1897 monium
793 1840 1004 1912 generis
1046 1841 1184 1912 (Act.
1237 1855 1356 1907 xvr,
1408 1839 1558 1909 1-5).
1611 1839 1770 1894 Hunc
1807 1854 1935 1910 ergo
1963 1836 2077 1908 jam

481 1941 724 1991 creatum
759 1933 1073 2004 episcopum
1108 1929 1334 1986 instruit
1363 1947 1458 2004 per
1488 1929 1774 2002 epistolam
1801 1927 2079 2002 quomodo

481 2023 702 2081 deberet
749 2021 1053 2080 Ecclesiam
1083 2019 1358 2078 ordinare.

1001 2139 1228 2198 CAPUT
1248 2139 1558 2197 PRIMUM.

557 2249 739 2323 (Vers.
793 2248 842 2318 1,
889 2249 969 2321 2.)
1039 2273 1056 2296 ε
1107 2247 1310 2304 Paulus
1359 2246 1638 2318 apostolus
1689 2243 1896 2304 Christi
1953 2243 2079 2300 Jesu

483 2347 789 2404 secundum
824 2344 1116 2417 imperium
1149 2343 1246 2399 Dei
1280 2341 1581 2398 Salvatoris
1614 2342 1808 2409 nostri,
1841 2348 1895 2396 et
1925 2338 2080 2396 Chri-

483 2436 552 2492 sti
571 2435 697 2491 Jesu
718 2435 828 2507 spei
847 2442 1068 2500 nostrae,
1091 2431 1381 2489 Timotheo
1413 2447 1671 2502 germano
1699 2430 1816 2486 ﬁlio
1862 2429 1920 2485 in
1951 2429 2077 2485 ﬁde.

484 2524 691 2592 Gratia,
724 2522 1123 2591 misericordia,
1156 2530 1210 2580 et
1239 2539 1346 2595 pax
1376 2538 1407 2576 a
1433 2524 1548 2578 Deo
1577 2523 1736 2577 Patre
1785 2528 1995 2587 nostro,
2029 2525 2083 2574 et

485 2612 704 2670 Christo
732 2613 858 2670 Jesu
885 2614 1123 2670 Domino
1144 2621 1352 2668 nostro.
1380 2639 1397 2661 ›
1425 2612 1602 2668 Patris
1617 2622 1670 2667 et
1692 2609 1820 2666 Filii
1849 2607 2082 2680 imperio

485 2705 793 2777 apostolum
808 2721 864 2760 se
880 2705 1083 2761 factum
1100 2704 1362 2772 ostendit,
1381 2713 1442 2760 ut
1461 2704 1514 2758 in
1539 2706 1653 2759 Deo
1672 2703 1831 2758 Patre
1847 2699 2078 2755 salutem

485 2802 539 2850 et
567 2794 788 2851 Christo
818 2795 962 2850 Filio
982 2794 1100 2865 ejus
1119 2811 1272 2865 spem
1295 2793 1617 2866 praedicaret
1648 2811 1659 2848 :
1685 2800 1745 2847 ut
1770 2792 1898 2864 quia
1918 2805 2082 2846 nemo

485 2893 646 2957 negat
675 2886 905 2942 salutem
942 2902 1059 2941 esse
1088 2886 1145 2940 in
1175 2887 1307 2952 Deo,
1341 2901 1440 2940 nec
1491 2885 1784 2957 quisquam
1806 2883 2084 2940 dubitaret

488 2990 639 3046 spem
669 2990 784 3030 esse
823 2974 881 3030 in
909 2973 1129 3031 Christo
1155 2974 1302 3042 Jesu,
1331 2989 1492 3046 quem
1532 2991 1564 3029 a
1594 2974 1828 3029 mortuis
1861 2973 2082 3028 excita—

487 3071 626 3135 tum,
660 3065 973 3135 exemplum
992 3063 1156 3136 hujus
1186 3064 1301 3136 spei
1331 3063 1545 3120 dedisse
1565 3072 1930 3136 cognosceret.
1967 3063 2083 3121 Hoc

491 3155 655 3210 modo
701 3153 896 3212 scribit
947 3153 1261 3224 Timotheo,
1319 3161 1382 3211 ut
1434 3169 1659 3210 securus
1705 3160 1845 3209 esset
1880 3151 1948 3208 de
1977 3169 2077 3209 sua

488 3245 874 3313 ordinatione;
909 3245 1040 3320 quia
1068 3245 1302 3319 imperio
1332 3245 1508 3301 Patris
1529 3252 1580 3301 et
1606 3244 1736 3301 Filii
1766 3245 1971 3300 electus
2000 3252 2082 3300 est

487 3336 554 3392 ad
583 3336 912 3394 docendum.
956 3337 1129 3405 Quem
1163 3353 1354 3393 verum
1387 3335 1565 3392 ﬁlium
1609 3336 1868 3408 appellat,
1898 3333 1989 3391 sed
2022 3333 2080 3389 in

486 3423 615 3480 ﬁde.
649 3425 791 3482 sicut
813 3427 880 3481 ad
910 3425 1229 3481 Corinthios
1266 3444 1319 3482 τε
1350 3427 1408 3481 In
1441 3424 1661 3482 Christo
1693 3427 1840 3493 Jesu,
1874 3422 2077 3495 inquit,

489 3528 588 3582 per
640 3511 1002 3582 Evangelium
1057 3528 1155 3582 ego
1204 3529 1302 3567 vos
1351 3513 1512 3583 genui
1559 3515 1617 3583 (Ι
1645 3512 1770 3567 Cor.
1804 3510 2019 3580 iv,15).
2050 3534 2066 3556 ι

495 3598 624 3652 Haec
651 3613 782 3651 vero
812 3605 865 3652 et
895 3596 1052 3652 ﬁrma
1083 3598 1360 3669 generatio
1407 3607 1508 3664 est,
1561 3615 1680 3670 quae
1728 3599 1902 3655 nescit
1929 3614 2081 3654 occa-

502 3699 646 3752 sum,
678 3684 854 3740 nescit
881 3683 1102 3740 morbos
1135 3693 1191 3742 et
1218 3685 1612 3757 pestilentiam,
1635 3695 1689 3742 et
1717 3703 1835 3759 quae
1867 3687 2082 3758 ignorat
2113 3673 2156 3733 Ο

489 3775 692 3832 famem
723 3783 778 3831 et
809 3775 961 3831 sitim
991 3793 1003 3831 :
1033 3773 1231 3832 didicit
1260 3781 1442 3830 autem
1474 3774 1532 3830 in
1554 3789 1722 3847 regno
1745 3776 1844 3832 Dei
1873 3777 2082 3834 nullius

487 3883 642 3940 egere
676 3867 827 3941 (29);
862 3866 992 3942 quia
1021 3867 1206 3924 futura
1231 3875 1311 3924 est
1359 3865 1506 3922 dono
1554 3867 1654 3922 Dei
1700 3867 2082 3924 immortalitas

488 3959 726 4030 gloriosa
779 3958 837 4014 in
889 3975 1056 4031 regno
1086 3959 1185 4015 Dei
1217 3966 1271 4016 et
1300 3955 1526 4026 Christi,
1560 3972 1795 4031 quorum
1827 3958 2077 4030 gratiam,

488 4049 947 4120 misericordiam,
977 4059 1032 4107 et
1055 4068 1245 4124 pacem
1285 4059 1508 4126 exoptat
1537 4067 1662 4108 cum
1695 4050 1800 4107 isto
1840 4067 2077 4108 manere.

561 4149 745 4218 (Vers.
806 4149 862 4217 3,
919 4149 1000 4222 4.)
1063 4174 1081 4196 ι
1136 4151 1290 4207 Sicut
1346 4151 1533 4224 rogavi
1587 4157 1642 4206 te
1697 4150 2081 4208 subremanere

488 4234 717 4308 Ephesi,
746 4251 870 4293 cum
928 4237 1065 4293 irem
1110 4237 1167 4294 in
1216 4240 1614 4308 Macedoniam,
1667 4248 1729 4296 ut
1786 4240 2080 4297 denunties

487 4325 843 4398 quibusdam,
871 4343 939 4383 ne
969 4329 1127 4384 aliter
1147 4328 1427 4396 docerent,
1449 4345 1589 4384 neve
1609 4329 1900 4386 intendant
1926 4329 2080 4385 fabu-

490 4414 562 4471 lis
603 4425 655 4472 et
685 4412 1016 4488 genealogiis
1041 4417 1295 4484 inﬁnitis,
1317 4435 1436 4491 quae
1465 4419 1793 4488 quaestiones
1823 4425 2082 4490 praastant

489 4505 686 4579 magis,
711 4522 871 4578 quam
929 4507 1348 4565 aediﬁcationem
1395 4508 1514 4578 Dei,
1563 4524 1684 4581 quae
1731 4516 1812 4564 est
1855 4507 1913 4563 in
1940 4508 2075 4576 ﬁde;

491 4601 571 4658 ita
599 4600 788 4658 facito.
826 4627 844 4650 ι
885 4601 1062 4659 Filius
1091 4619 1122 4658 a
1149 4611 1302 4678 patre
1329 4603 1507 4676 rogari
1538 4618 1650 4658 non
1701 4601 1891 4659 debuit
1918 4617 1931 4670 ;
1982 4602 2079 4659 sed

488 4710 712 4775 propter
766 4701 1054 4760 charitatis
1100 4703 1354 4760 affectum
1403 4711 1457 4759 et
1502 4711 1565 4760 ut
1603 4703 1686 4760 illi
1717 4703 1947 4760 formam
1978 4704 2078 4760 hu-

488 4793 741 4851 militatis
771 4794 1104 4863 ostenderet,
1127 4797 1374 4853 obsecrat
1392 4796 1678 4869 episcopus
1694 4795 2074 4868 coepiSCOpum

486 4899 670 4951 suum,
703 4900 771 4939 ne
800 4891 1078 4956 pateretur
1113 4885 1331 4944 Iudaeos
1383 4886 1544 4942 aliter
1583 4887 1869 4959 populum,
1914 4901 2076 4958 quam

485 4975 554 5032 ab
583 4976 850 5048 Apostolo
877 4977 1216 5049 tradebatur,
1276 4980 1507 5049 docere;
1565 4988 1627 5036 ut
1673 4980 2079 5035 oblectarentur

485 5064 710 5135 fabulis,
743 5083 876 5139 quas
925 5084 1144 5124 narrare
1185 5071 1432 5125 consueti
1480 5077 1610 5124 sunt
1656 5069 1830 5124 Judaei
1877 5067 1944 5122 de
1991 5083 2075 5138 ge-

487 5155 771 5212 neratione
803 5173 1025 5213 suarum
1055 5157 1353 5229 originum,
1381 5159 1448 5214 de
1477 5157 1777 5227 Abraham,
1822 5164 1877 5212 et
1904 5155 2070 5224 Isaac,

486 5250 542 5298 et
588 5245 800 5301 caeteris
847 5246 1194 5318 patriarchis,
1240 5257 1294 5302 et
1338 5247 1406 5302 de
1431 5247 1872 5314 circumcisione,
1905 5255 1958 5302 et
1990 5246 2077 5301 his

485 5348 605 5405 quae
637 5342 823 5407 postea
851 5335 1053 5392 tradita
1100 5345 1230 5392 sunt
1258 5353 1288 5391 a
1319 5337 1543 5408 Moyse;
1595 5354 1662 5394 ne
1709 5335 2075 5394 circumveni-

487 5431 677 5477 rentur
703 5422 774 5478 ad
802 5422 919 5481 haec
941 5425 1192 5489 colenda,
1223 5441 1344 5497 quae
1369 5426 1662 5481 carnaliter
1681 5426 1809 5482 data
1837 5425 2074 5481 fuerant.

487 5509 633 5577 Quid
661 5515 811 5570 enim
841 5532 978 5591 opus
1004 5525 1088 5574 est
1116 5518 1551 5590 generationum,
1574 5533 1708 5590 quas
1727 5524 1941 5575 constat
1965 5533 2079 5572 esse

2105 928 2156 986 Α
2184 921 2435 976 inﬁnitas
2466 937 2560 994 per
2587 921 2892 990 traducem,
2933 923 3108 979 facere
3155 923 3524 994 mentionem,
3567 935 3622 983 et
3658 929 3781 1001 quid

2187 1019 2241 1066 et
2274 1018 2544 1083 quatenus
2574 1011 2779 1067 factum
2828 1020 2910 1067 est
2948 1011 3048 1067 sub
3096 1028 3429 1086 unoquoque
3465 1031 3698 1081 eorum;
3737 1025 3781 1071 et

2187 1114 2298 1153 non
2330 1100 2513 1170 potius
2543 1099 2869 1171 compendio
2901 1117 2996 1172 per
3033 1099 3199 1155 ﬁdem
3232 1102 3467 1157 salutem
3499 1107 3780 1176 quaret-ei

2187 1189 2320 1245 Inde
2349 1190 2496 1245 enim
2521 1191 2848 1263 quaestiones
2869 1190 3275 1260 oriuntur,cum
3299 1193 3518 1264 qui:l,et
3534 1195 3772 1268 quando,

2189 1287 2242 1334 et
2267 1279 2564 1351 quomodo,
2598 1287 2651 1336 et
2681 1296 2848 1353 quare
2880 1280 3086 1336 factum
3113 1289 3213 1350 est,
3247 1289 3669 1357 tractaturzquaa
3698 1302 3777 1341 res

2189 1367 2421 1439 impedit
2455 1370 2707 1424 salutem.
3415 1366 3422 1370 ’

2264 1457 2445 1527 (Vers.
2469 1457 2523 1525 5,
2557 1457 2608 1526 6,
2644 1457 2724 1529 7.)
2773 1482 2791 1505 ε
2818 1455 2954 1512 Nam
2995 1456 3122 1512 ﬁnis
3170 1458 3430 1531 pracepti
3466 1467 3551 1516 est
3610 1461 3785 1518 chari-

2190 1553 2272 1601 tas
2301 1546 2366 1602 de
2397 1547 2561 1604 corde
2589 1565 2748 1621 puro,
2776 1556 2830 1603 et
2857 1547 3198 1606 conscientia
3230 1549 3396 1618 bona,
3433 1561 3491 1608 et
3519 1550 3630 1608 ﬁde
3679 1569 3788 1608 non

2191 1641 2340 1712 ﬁcta,
2381 1660 2411 1699 a
2467 1644 2669 1718 quibus
2710 1645 2935 1718 quidam
2974 1644 3307 1715 aberrantes,
3356 1647 3616 1704 conversi
3664 1659 3792 1705 sunt

2191 1729 2249 1786 in
2274 1731 2678 1804 vaniloquium,
2717 1734 2964 1789 volentes
3015 1748 3131 1790 esse
3172 1733 3306 1807 legis
3351 1734 3631 1802 doctores,
3684 1752 3788 1792 non

2195 1819 2563 1892 intelligentes
2610 1837 2787 1894 neque
2835 1838 2955 1894 quae
3009 1821 3224 1890 dicunt,
3259 1841 3436 1897 neque
3482 1825 3554 1881 de
3587 1825 3788 1898 quibus

2191 1909 2484 1966 affirmant.
2514 1935 2532 1960 ι
2574 1909 2845 1978 Quoniam
2877 1912 3125 1968 omnium
3177 1912 3347 1985 major
3390 1922 3474 1970 est
3525 1914 3789 1982 Charitas,

2191 2000 2334 2056 hanc
2362 1999 2526 2055 ﬁnem
2543 2015 2657 2055 esse
2673 1999 2841 2068 dixit,
2858 2000 2914 2057 id
2936 2009 3037 2070 est,
3059 2002 3397 2074 perfectionis
3427 2019 3792 2062 consumma-

2190 2089 2420 2156 tionem,
2443 2089 2692 2144 omnium
2723 2100 3121 2162 praeceptorum
3149 2109 3162 2159 ;
3195 2091 3239 2146 si
3285 2098 3468 2147 tamen
3515 2108 3596 2149 ex
3630 2095 3791 2150 corde

2190 2194 2328 2251 puro
2356 2179 2428 2235 sit
2473 2187 2526 2235 et
2568 2179 2712 2235 bona
2739 2181 3098 2238 conscientia.
3153 2181 3301 2238 Vera
3344 2182 3494 2237 enim
3543 2183 3787 2242 charitas

2191 2284 2302 2324 non
2330 2275 2508 2340 potest
2538 2269 2736 2324 malam
2768 2269 2964 2337 vitam,
3003 2286 3105 2328 nec
3133 2270 3448 2327 simulatam
3476 2270 3649 2328 ﬁdem
3678 2272 3784 2331 ha-

2189 2357 2336 2426 bere,
2378 2358 2438 2413 in
2467 2357 2668 2431 quibus
2705 2358 2905 2417 omnis.
2956 2359 3069 2415 Lex
3114 2359 3378 2432 impletur
3410 2369 3465 2416 et
3491 2361 3780 2435 Propheta

2195 2449 2406 2518 (Matth.
2434 2465 2537 2516 vn,
2575 2448 2689 2519 12).
2723 2448 2956 2516 Quidam
2997 2456 3179 2504 autem
3209 2449 3530 2507 Judzeorum
3577 2460 3790 2525 myste-

2193 2537 2336 2592 rium
2379 2536 2514 2609 legis
2541 2537 2859 2608 ignorantes
2887 2544 2942 2595 et
2981 2537 3393 2612 prophetarum,
3440 2539 3577 2614 quia
3623 2557 3791 2615 usque

2191 2625 2260 2682 ad
2315 2625 2598 2683 Christum
2651 2628 2922 2684 servanda
2983 2636 3113 2685 sunt
3168 2629 3404 2699 tradita;
3467 2640 3790 2687 erraverunt

2192 2723 2464 2788 putantes,
2515 2717 2810 2789 praedicata
2867 2717 3108 2786 Christo,
3165 2719 3331 2776 etiam
3399 2720 3580 2791 legem
3649 2725 3789 2783 290

2191 2814 2462 2869 factorum
2522 2814 2580 2869 in
2623 2815 2951 2884 neomeniis,
2993 2824 3049 2872 et
3095 2816 3523 2875 circumcisione
3572 2827 3628 2874 et
3652 2819 3786 2876 escis

2190 2903 2571 2961 discernendis
2591 2904 2798 2961 servari
2819 2905 3038 2961 debere.
3062 2905 3275 2962 Idcirco
3306 2906 3366 2961 in
3394 2906 3785 2980 vaniloquium

2190 2993 2326 3050 dicit
2371 3009 2464 3050 eos
2518 3010 2856 3052 conversos:
2921 2995 3050 3068 quia
3102 2995 3364 3054 volebant
3416 2995 3619 3054 docere
3673 3013 3790 3071 qua

2190 3083 2537 3156 ignorabant.

2265 3174 2447 3246 (Vers.
2473 3174 2651 3248 8-H.)
2697 3200 2716 3222 ι
2742 3174 2960 3233 Scimus
2988 3184 3170 3232 autem
3199 3176 3329 3248 quia
3357 3175 3505 3233 bona
3529 3186 3614 3234 est
3655 3177 3747 3233 lex
3773 3196 3786 3244 ;

2191 3265 2237 3320 si
2274 3264 2398 3336 quis
2430 3281 2491 3320 ea
2520 3264 2768 3338 legitime
2797 3272 3002 3334 utatur,
3035 3272 3246 3321 certum
3277 3264 3486 3322 habens
3506 3266 3618 3323 hoc
3647 3265 3790 3340 quod

2185 3353 2336 3426 justo
2367 3354 2456 3409 lex
2489 3370 2601 3410 non
2633 3362 2715 3410 est
2743 3354 2940 3426 posita,
2975 3353 3069 3410 sed
3097 3352 3318 3426 injustis
3337 3353 3792 3428 etinobsequen-

2190 3445 2359 3511 tibus,
2394 3444 2583 3516 impiis
2609 3451 2663 3499 et
2691 3445 3088 3516 peccatoribus,
3120 3447 3365 3502 scelestis
3415 3455 3473 3502 et
3522 3446 3787 3519 profanis,

2191 3535 2481 3609 parricidis
2510 3542 2564 3590 et
2602 3534 2932 3604 matricidis,
2963 3535 3412 3604 fornicatoribus,
3464 3535 3787 3603 homicidis,

2191 3625 2561 3681 masculorum
2591 3624 3064 3694 concubitoribus,
3082 3625 3385 3698 plagiariis,
3405 3626 3785 3692 mendacibus,

2191 3713 2429 3787 perjuris
2455 3731 2466 3768 :
2495 3721 2550 3769 et
2577 3715 2622 3769 si
2646 3713 2781 3786 quid
2812 3714 2964 3770 aliud
2993 3730 3138 3770 sanae
3160 3714 3428 3771 doctrinae
3442 3714 3787 3784 aduersatur,

2191 3820 2311 3874 quae
2339 3812 2421 3858 est
2467 3803 2768 3860 secundum
2824 3803 3185 3875 Evangelium
3235 3803 3422 3876 gloria:
3470 3805 3618 3861 beati
3667 3805 3787 3874 Dei,

2190 3891 2337 3964 quod
2359 3891 2629 3948 creditum
2659 3899 2741 3948 est
2772 3891 2932 3947 mihi.
2965 3915 2984 3940 ι
3027 3893 3235 3950 Bonam
3266 3910 3382 3950 esse
3433 3894 3632 3966 legem,
3670 3911 3788 3968 qua:

2189 3995 2286 4053 per
2338 3982 2564 4054 Moysen
2613 3980 2739 4037 data
2783 3988 2884 4049 est,
2943 3996 3054 4036 non
3108 3991 3294 4055 negat;
3340 3983 3416 4039 ita
3465 3991 3674 4052 tamen,
3730 3991 3790 4039 ut

2189 4091 2382 4130 sensus
2410 4073 2528 4145 ejus
2559 4074 2782 4143 sciatur,
2814 4083 2867 4130 et
2916 4075 3194 4148 quomodo
3236 4074 3362 4132 data
3405 4085 3508 4147 est,
3557 4079 3790 4151 accipia-

2189 4171 2300 4221 tur.
2343 4163 2445 4220 Hic
2473 4165 2619 4219 enim
2650 4163 2754 4220 scit
2773 4164 2970 4236 legem,
3000 4172 3053 4220 et
3088 4181 3196 4238 qua
3223 4181 3385 4222 causa
3412 4164 3542 4222 data
3571 4165 3786 4239 sit,qui,

2190 4251 2487 4325 praedicato
2515 4250 2753 4312 Christo.
2799 4250 3000 4308 deserit
3028 4251 3180 4308 illam
3228 4270 3297 4309 ex
3332 4261 3507 4326 parte,
3540 4271 3652 4328 qua
3696 4255 3784 4311 lex

2189 4343 2459 4400 factorum
2491 4343 2798 4415 appellatur
2829 4361 2840 4399 ε
2883 4343 3029 4399 circa
3055 4343 3410 4400 dilectionem
3451 4353 3643 4400 autem
3681 4345 3776 4402 Dei

2189 4433 2368 4489 utitur
2421 4449 2502 4502 ea,
2553 4448 2797 4489 asserens
2840 4440 2895 4489 et
2949 4433 3228 4490 afﬁrmans
3277 4450 3400 4506 quae
3430 4450 3464 4489 a
3497 4435 3785 4490 Salvatore

2189 4522 2338 4579 dicta
2366 4529 2495 4578 sunt
2541 4522 2599 4577 in
2648 4523 2763 4594 lege
2796 4529 2850 4577 et
2896 4522 3197 4596 prophetis.
3232 4523 3335 4579 Hic
3361 4523 3513 4579 enim
3545 4523 3787 4595 legitime

2187 4612 2365 4668 utitur
2395 4612 2532 4682 lege,
2563 4610 2660 4682 qui
2689 4619 2866 4682 potest
2896 4611 3206 4668 discernere
3233 4627 3296 4668 ea
3322 4628 3441 4684 quae
3473 4610 3543 4668 ad
3572 4621 3786 4685 tempus

2187 4701 2313 4758 data
2364 4707 2512 4767 sunt,
2561 4699 2629 4754 ab
2687 4698 2756 4754 iis
2799 4716 2920 4772 quae
2965 4708 3225 4772 perpetua
3272 4707 3401 4756 sunt
3436 4719 3451 4768 ;
3485 4707 3538 4756 et
3569 4717 3693 4774 quae
3721 4698 3787 4756 ad

2187 4795 2394 4853 Christi
2423 4794 2699 4865 pertinent
2729 4803 3155 4866 sacramentum,
3205 4794 3413 4852 seruari
3450 4792 3570 4866 jam
3617 4796 3679 4852 in
3708 4795 3787 4851 fu-

2185 4893 2370 4940 turum
2418 4900 2529 4940 non
2602 4891 2875 4956 oportere,
2940 4886 3094 4959 quasi
3162 4892 3430 4941 venturus
3505 4885 3782 4952 credatur,

2187 4975 2281 5047 qui
2305 4973 2419 5046 jam
2446 4975 2620 5029 venit.
2643 4974 2700 5031 Si
2731 4989 2859 5047 ergo
2893 4975 3078 5030 omnia
3104 4973 3240 5030 locis
3269 4974 3383 5030 suis
3403 4975 3777 5046 accipiantur,

2188 5064 2333 5120 bona
2389 5071 2517 5118 sunt
2577 5081 2588 5120 :
2648 5063 2695 5119 si
2751 5063 3066 5135 quominus,
3104 5063 3245 5119 mala
3301 5071 3469 5119 erunt
3527 5079 3784 5136 perverse

2184 5154 2495 5221 asserenti;
2547 5169 2771 5226 peccare
2823 5160 2904 5210 est
2956 5153 3128 5222 enim,
3157 5169 3501 5228 unaquaeque
3547 5154 3779 5210 minime

2184 5245 2320 5302 locis
2362 5245 2476 5300 suis
2521 5259 2816 5316 exponere.
2861 5244 3128 5299 Praeterea
3156 5244 3287 5316 quia
3325 5242 3495 5314 justis
3527 5244 3646 5316 lege
3675 5257 3783 5298 non

2186 5353 2324 5408 opus
2351 5344 2452 5405 est,
2484 5335 2537 5390 id
2567 5344 2668 5403 est,
2699 5335 2770 5391 iis
2798 5335 2891 5409 qui
2922 5343 3143 5407 accepta
3173 5335 3502 5392 remissione
3533 5343 3784 5408 peccato-

2187 5443 2305 5482 rum
2323 5425 2615 5498 justiﬁcati
2643 5433 2794 5494 sunt,
2838 5441 2904 5481 ne
2927 5425 3042 5497 jam
3075 5425 3271 5481 vivant
3299 5424 3401 5481 sub
3441 5425 3586 5497 lege,
3619 5443 3652 5481 a
3681 5439 3788 5499 qua

2190 5516 2408 5575 liberati
2435 5523 2564 5576 sunt
2591 5515 2738 5574 dono
2763 5516 2863 5574 Dei
2890 5532 2986 5591 per
3015 5513 3177 5573 ﬁdem
3219 5514 3427 5574 Christi
3458 5522 3524 5572 ut
3568 5516 3641 5572 de
3688 5531 3788 5573 ca:-

562 5659 679 5732 (29)
711 5660 868 5717 Rom.
898 5663 1056 5736 edit.,
1090 5665 1193 5734 Qui
1219 5666 1355 5722 enim
1382 5673 1504 5722 sunt
1533 5665 1592 5721 in
1630 5683 1789 5737 regno
1817 5665 1936 5732 Dei,
1958 5664 2160 5721 nullius
2182 5670 2341 5737 egent.
