3908 6192
177 221 276 283 t£89

1195 239 1558 303 COMMENT.
1600 246 1669 306 IN
1705 247 1920 309 EPIST.
1961 253 1984 309 Ι
2021 257 2119 313 ΑΙ)
2156 257 2446 323 TIMOTH.

3354 280 3459 341 490

155 368 269 419 tero
296 372 512 422 servata
541 366 657 441 lege
674 376 905 440 naturae,
928 386 1049 446 quae
1070 374 1346 435 Creatoris
1372 383 1743 454 cognitionem
1772 395 1824 455 Α
1858 387 2212 463 descendens,
2250 412 2465 456 carnem
2513 406 2719 475 peccati
2747 409 2957 484 accepit
3010 412 3126 485 (31)
3166 433 3180 473 ;
3221 422 3456 480 ιειτθηίε

155 451 340 485 ..οηςηςο
425 463 475 485 ..ι
536 474 646 485 ειη..
707 475 926 485 _----..-
977 461 1235 485 LA-.-A._,-
1361 467 1372 478 -
1435 469 1473 485 ιο
1517 470 1551 482 η
1616 471 1654 485 ι.
2011 480 2026 485 -
2100 482 2109 485 -
2224 483 2229 485 Α

153 451 362 527 recipit,
424 463 476 512 et
536 474 651 515 non
707 475 929 533 peccare
977 461 1237 522 hortatur
1286 485 1298 524 :
1351 451 1554 541 judﬁicii
1600 471 1746 530 diem

150 554 484 616 exspectent,
520 546 580 605 in
625 565 735 623 quo
758 547 898 621 justi
935 557 1325 614 remunerandi
1373 568 1522 630 sunt,
1570 571 1748 620 custo-

148 630 355 690 dientes
383 635 558 708 legem
602 642 932 710 naturalem,
966 658 1130 716 quam
1162 646 1207 702 si
1237 646 1539 706 humanum
1580 668 1749 724 genus

146 719 336 779 ducem
359 723 466 781 sibi
484 724 790 798 habuisset,
815 730 987 787 lexin
1016 733 1218 792 litteris
1245 753 1342 808 per
1368 719 1606 811 Moysen
1622 740 1748 798 data

145 826 252 866 non
299 819 459 869 esset.
513 812 617 871 Sed
672 817 801 890 quia
851 823 1191 894 contemptui
1239 824 1405 882 ducta
1447 835 1546 897 est,
1591 830 1747 903 quasi

142 899 358 956 nullius
389 910 531 958 esset
567 906 933 977 auctoritatis,
966 909 1249 983 Scriptura
1277 913 1495 970 ﬁrmata
1531 899 1649 985 est;
1682 925 1745 973 ut

138 987 379 1044 sciretur
427 993 576 1064 quod
632 996 899 1052 servanda
954 1006 1114 1067 esset,
1157 1007 1210 1054 et
1246 1010 1469 1074 propter
1525 1012 1743 1078 tempus

140 1094 395 1150 praesens,
428 1089 484 1137 et
528 1083 658 1155 quia
696 1085 1061 1159 requisiturus
1099 1096 1181 1145 est
1226 1090 1285 1146 in
1332 1093 1606 1163 futurum,
1645 1095 1742 1169 qui

137 1165 288 1223 illam
319 1168 584 1241 ﬁrmavit,
613 1189 645 1227 a
674 1174 875 1247 quibus
921 1178 1189 1251 neglecta,
1241 1187 1295 1237 et
1324 1176 1357 1236 εί
1404 1183 1605 1255 quibus
1634 1165 1741 1242 ser-

137 1266 260 1314 vata
290 1266 391 1315 est.
424 1261 617 1335 Itaque
663 1280 776 1320 non
806 1265 985 1322 solum
1034 1276 1260 1342 propter
1296 1271 1469 1329 malos
1497 1280 1649 1330 actus
1687 1284 1741 1332 et

135 1348 269 1407 vitia
314 1352 565 1427 corporis
612 1354 784 1429 legem
836 1356 1022 1416 datam
1070 1360 1229 1431 dicit,
1277 1363 1372 1420 sed
1427 1372 1482 1421 et
1519 1376 1741 1441 propter

134 1438 438 1510 perﬁdiam,
495 1459 604 1516 qua
660 1446 991 1517 spernebant
1052 1449 1410 1520 Creatorem;
1473 1438 1536 1511 ut
1601 1438 1740 1515 bene

134 1527 319 1586 vivere
349 1530 700 1590 addiscerent
727 1541 782 1591 et
816 1537 1017 1609 gratias
1048 1550 1270 1613 agerent
1301 1542 1610 1605 Conditori.

200 1658 385 1730 (Vers.
422 1661 512 1728 12,
546 1661 633 1732 13,
670 1663 783 1737 Il.)
831 1688 850 1712 ι
884 1666 956 1723 Et
1003 1668 1205 1739 gratias
1249 1686 1350 1743 ago
1385 1673 1474 1743 ei,‘
1507 1675 1601 1748 qui
1647 1693 1733 1734 me

1856 493 1915 533 se
1964 480 2280 554 admiscuit,
2319 495 2382 543 ut
2436 506 2561 547 eum
2618 480 2894 555 caelestem
2952 502 3191 562 efﬁceret
3239 524 3252 564 :
3310 513 3452 569 mori

1857 583 1913 667 se
1952 585 2141 640 passus
2186 582 2288 643 est,
2320 584 2380 632 ut
2409 577 2566 636 illum
2603 587 2771 642 morti
2799 597 3014 648 erutum
3046 595 3300 667 paradiso
3329 601 3448 658 red-

1856 654 2012 715 deret
2041 659 2406 721 immortalem
2425 666 2453 722 ‘i
2484 668 2616 736 Quis
2646 672 2763 731 haec
2798 654 3065 738 beneﬁcia:
3091 676 3205 743 non
3231 686 3290 744 in

1855 744 2036 803 nilum
2068 751 2316 821 extollat,
2350 770 2470 827 quae
2485 758 2631 815 Deus
2642 765 2897 833 praestitit
2916 767 3152 840 homini,
3177 744 3451 837 Dominus

1854 848 2033 904 servo,
2071 838 2338 898 Conditor
2364 852 2626 903 creaturae
2648 849 2676 905 ‘P
2706 858 2767 905 ut
2817 855 2942 923 plus
2997 838 3146 914 esset
3182 861 3362 922 adhuc
3392 867 3450 923 in

1852 922 2138 984 beneﬁciis
2165 928 2441 1003 humanis,
2471 952 2633 1009 quam
2657 956 2785 995 cum
2808 922 2959 1012 fecit,
2982 962 3102 1019 quae
3132 965 3244 1006 non
3273 964 3447 1026 erant,

1854 1021 2203 1090 posteaquam
2236 1020 2384 1079 fecit.
2421 1024 2641 1082 Etenim
2674 1027 2970 1089 derelictus
2996 1034 3064 1091 ab
3093 1035 3201 1107 his,
3233 1050 3287 1097 et
3324 1020 3451 1100 con;

1853 1108 2113 1189 temptus,
2145 1116 2199 1164 et
2223 1113 2580 1171 contumeliis
2611 1118 2907 1189 appetitus,
2930 1122 3146 1181 addidit
3177 1127 3243 1183 ad
3270 1130 3450 1189 bene-

1851 1187 1977 1246 ﬁcia
2015 1208 2126 1249 non
2159 1197 2476 1270 requisitus,
2508 1209 2571 1259 ut
2616 1187 2824 1278 gratior
2852 1187 3015 1280 esset,
3045 1222 3101 1271 et
3142 1218 3267 1288 plus
3303 1187 3451 1292 prai-

1847 1277 2127 1369 ferendus,
2160 1284 2293 1343 dum
2325 1301 2561 1369 reparat,
2593 1277 2760 1369 quam
2788 1315 2915 1356 cum
2946 1277 3110 1359 fecit:
3142 1277 3219 1363 ‘ut
3258 1277 3451 1367 osten-

1848 1367 2001 1425 deret
2029 1390 2201 1430 unum
2246 1393 2303 1433 se
2354 1396 2493 1450 esse,
2524 1367 2624 1456 qui
2662 1384 2780 1445 haec
2822 1391 3011 1448 omnia
3050 1396 3243 1465 possit.
3276 1399 3451 1471 Igitur

1846 1456 1928 1515 sic
1956 1459 2207 1519 Christus
2238 1467 2557 1538 praesidium
2607 1475 2741 1531 tulit
2775 1475 3013 1550 homini,
3043 1456 3107 1538 ut
3152 1456 3448 1556 puritatem

1846 1563 2001 1605 suam
2050 1567 2161 1608 non
2192 1552 2443 1626 violaret,
2475 1576 2577 1618 nec
2616 1563 2893 1624 amitteret
2936 1552 3284 1642 potestatem.
3325 1577 3450 1633 Ho-

1845 1638 2052 1697 minem
2106 1644 2254 1707 enim
2307 1662 2361 1703 se
2419 1651 2571 1707 nasci
2619 1654 2837 1724 voluit,
2888 1638 2986 1730 pro
3042 1670 3190 1719 certo
3239 1663 3447 1725 habens

129 1727 471 1808 confortavit
496 1727 563 1809 in
610 1727 829 1813 Christo
868 1727 1311 1819 JesuvDominou
1336 1727 1731 1841 nosiroimquia
1759 1767 1806 1828 B
2373 1754 2460 1841 se,_
2486 1738 2715 1840 minime
2754 1743 3001 1841 Viomif
3036 1755 3443 1811 οοηνθτδθῖίοηί

128 1839 351 1899 ﬁdelem
380 1860 470 1900 me
513 1846 828 1917 aestimavit,
855 1864 1065 1920 ponens
1095 1868 1183 1907 me
1222 1852 1280 1909 in
1331 1839 1723 1927 ministerium,

129 1928 255 2001 quia
281 1931 439 2003 prius
462 1949 613 1990 eram
641 1935 1017 2008 blasphemus,
1047 1948 1101 1996 et
1126 1951 1459 2014 persecutor,
1490 1953 1545 2001 et
1582 1963 1726 2003 con-

129 2018 454 2077 tumeliosus
483 2065 499 2091 ,
550 2024 644 2080 sed
692 2024 1126 2085 misericordiam
1184 2040 1512 2092 consecutus
1566 2051 1721 2104 sum;

128 2106 253 2179 quia
279 2109 543 2183 ignorans
562 2112 668 2169 feci
689 2115 938 2172 nondum
963 2117 1212 2176 credens.
1244 2120 1724 2194 Superabundavit

125 2204 307 2254 autem
338 2201 515 2271 gratia
539 2203 765 2259 Domini
794 2206 969 2261 nostri
1012 2224 1139 2264 cum
1183 2208 1292 2265 ﬁde
1320 2218 1375 2267 et
1403 2211 1722 2283 dilectione,

124 2300 242 2358 quae
269 2295 356 2344 est
384 2288 442 2345 in
492 2290 715 2350 Christo
742 2294 888 2351 Jesu.
921 2318 939 2343 ι
983 2296 1211 2369 Propter
1246 2300 1394 2372 quod
1435 2303 1616 2359 omnis
1644 2303 1724 2360 in-

126 2375 381 2433 credulus
433 2378 817 2439 inﬁrmitatem
871 2383 1043 2441 animi
1092 2385 1343 2457 patitur,
1391 2391 1726 2451 constrictus

126 2467 323 2523 carnali
356 2467 593 2538 ratione,
625 2486 695 2526 ne
723 2471 910 2529 credat
937 2473 1204 2544 spiritali;
1243 2475 1453 2534 idcirco
1482 2494 1541 2536 se
1569 2479 1723 2538 Chri-

127 2562 204 2613 sto
231 2557 436 2629 gratias
488 2558 630 2617 dicit
670 2576 848 2634 agere,
890 2563 1021 2636 quia
1058 2566 1379 2638 apparentia
1421 2570 1725 2642 majestatis

127 2661 227 2701 suae
274 2644 717 2707 imbecillitatem
776 2653 980 2710 mentis
1033 2655 1152 2728 ejus
1208 2657 1496 2716 roboravit
1539 2679 1551 2717 :
1594 2663 1723 2735 quia

129 2732 461 2806 impossibile
491 2737 718 2809 putabat
746 2754 882 2810 esse,
902 2742 1049 2814 quod
1079 2743 1148 2800 de
1175 2745 1401 2803 Domini
1431 2732 1719 2821 potestate,

127 2830 175 2878 et
215 2825 429 2895 gemina
477 2827 788 2898 nativitate,
820 2838 874 2887 et
903 2833 1321 2905 resurrectione,
1355 2846 1409 2894 et
1451 2856 1544 2912 spe
1570 2858 1720 2915 prte-

126 2909 421 2972 dicabatur.
456 2917 829 2980 Conﬁrmatus
879 2930 1064 2981 autem
1107 2927 1234 2984 talis
1284 2929 1439 2988 visus
1479 2909 1588 3003 est,
1623 2936 1718 3008 qui

127 3000 309 3075 dignus
336 3014 486 3063 esset
519 3023 583 3066 ac
624 3019 806 3082 posset
847 3029 962 3071 esse
1004 3015 1352 3089 dispensator
1388 3000 1717 3081 sacramenti

128 3090 384 3151 Dominici
412 3113 427 3152 :
465 3106 528 3154 ut
554 3114 618 3155 ea
644 3116 776 3157 vera
794 3118 891 3174 per
919 3104 1091 3177 legem
1119 3105 1381 3179 ﬁrmaret,
1414 3114 1717 3187 quaeuprius
1750 3123 1794 3185 ο

125 3196 291 3241 amore
319 3185 464 3259 legis
489 3184 842 3248 incredibilia
862 3190 1169 3264 judicabat,
1191 3203 1246 3253 et
1274 3197 1332 3254 in
1367 3184 1713 3271 persecutio-

124 3269 271 3328 nibus
320 3275 604 3349 gauderet,
663 3295 798 3352 quas
851 3282 1003 3354 prius
1050 3284 1205 3358 quasi
1247 3269 1393 3359 juste
1429 3292 1712 3351 credenti-

121 3365 212 3424 bus
240 3370 531 3439 inferebat,
583 3368 777 3426 dolens
805 3371 937 3444 quia
984 3373 1208 3444 fecerat,
1261 3378 1418 3435 laetus
1446 3381 1577 3454 quia
1604 3399 1711 3456 pa-

121 3456 356 3519 tiebatur.
386 3463 623 3520 Tantam
653 3461 801 3518 enim
841 3478 990 3535 spem
1036 3463 1307 3524 didicerat
1336 3468 1395 3523 in
1435 3485 1520 3539 eo,
1543 3487 1703 3545 quem

121 3554 230 3605 ante
257 3551 510 3625 negabat,
544 3558 606 3608 ut
650 3553 776 3624 plus
831 3552 1092 3624 gauderet
1120 3554 1182 3610 in
1234 3557 1492 3628 patiendo
1539 3578 1704 3634 quam

119 3635 255 3706 prius
281 3642 656 3698 exsultaverat
698 3640 756 3696 in
796 3643 1195 3715 persequendo.
1225 3645 1346 3702 Non
1386 3648 1535 3706 enim
1576 3669 1704 3709 ma-

121 3722 230 3782 litia
257 3727 360 3787 hoc
388 3729 603 3804 agebat,
636 3729 732 3788 sed
761 3747 963 3801 errore,
1000 3733 1090 3790 cui
1140 3733 1301 3792 facile
1344 3746 1542 3810 potest,
1573 3757 1700 3800 cum

118 3814 390 3888 resipiscit,
438 3818 670 3891 ignosci.
721 3819 828 3887 Qui
870 3828 1052 3879 autem
1096 3823 1202 3880 scit
1239 3840 1369 3883 vera
1395 3842 1530 3897 esse,
1577 3846 1697 3903 quae

116 3911 278 3974 negat,
323 3905 418 3964 hic
458 3924 568 3964 non
609 3924 794 3966 errore
840 3908 947 3967 hoc
977 3912 1111 3982 agit,
1156 3913 1251 3970 sed
1278 3917 1695 3991 malevolentia,

115 3984 264 4061 hujus
300 3994 613 4053 incurabile
641 4001 847 4054 vulnus
865 4006 947 4055 est
980 4015 992 4054 :
1023 4000 1237 4058 invidia
1264 3990 1412 4062 enim
1442 4010 1697 4081 compel-

112 4073 232 4136 litur
259 4082 460 4140 falsum
493 4086 769 4157 appellare
798 4087 947 4158 quod
976 4087 1079 4146 scit
1107 4105 1322 4147 verum.

172 4207 353 4279 (Vers.
395 4210 484 4277 i5,
517 4211 630 4282 I6.)
675 4236 694 4257 ι
723 4212 1010 4270 Humanus
1056 4232 1237 4274 sermo
1265 4227 1318 4275 et
1347 4221 1499 4275 omni
1529 4238 1693 4278 acce-

110 4293 281 4363 ptione
328 4294 550 4366 dignus,
605 4298 735 4371 quia
787 4299 1040 4358 Christus
1085 4309 1223 4367 291
1270 4305 1425 4362 Jesus
1453 4308 1605 4364 venit
1634 4310 1692 4366 in

1836 1813 2092 1874 humana:
2139 1837 2194 1877 se
2241 1822 2485 1895 miscuit,
2535 1829 2712 1887 sciens
2766 1835 3005 1905 peccatis
3058 1854 3115 1894 se
3161 1844 3441 1917 corrumpi

1835 1921 1946 1961 non
1977 1924 2136 1980 posse
2170 1930 2182 1968 :
2218 1913 2399 1970 occidi
2428 1932 2485 1973 se
2527 1934 2717 1991 passus
2746 1929 2849 1992 est,
2886 1942 2999 1982 non
3034 1927 3254 1987 nescius
3279 1913 3439 1989 mor-

1835 2002 1942 2052 tem
1976 1999 2080 2055 sibi
2127 2000 2405 2061 dominari
2452 2023 2563 2064 non
2590 2026 2768 2082 posse,
2811 2013 2906 2070 sed
2960 2031 3078 2073 eam
3109 2035 3208 2075 sua
3257 2022 3438 2096 oppri-

1836 2100 1982 2141 mere
2011 2094 2299 2158 potestate.
2329 2092 2459 2151 Hasc
2482 2110 2608 2169 ergo
2640 2099 2825 2171 gessit,
2868 2108 2930 2158 ut
2975 2106 3164 2162 omnia
3193 2123 3251 2163 se
3278 2092 3438 2181 posse

1834 2170 2071 2232 doceret.
2114 2178 2415 2238 Humilitas
2447 2183 2594 2241 enim
2626 2170 2730 2244 iSta
2754 2206 2867 2246 non
2899 2191 2967 2248 ad
3002 2192 3435 2257 diminutionem

1835 2260 1951 2332 ejus
1982 2264 2221 2335 proﬁcit,
2272 2269 2368 2325 sed
2398 2270 2467 2327 ad
2514 2273 2743 2346 gloriam
2777 2295 2791 2345 ;
2825 2287 2880 2336 et
2926 2297 3039 2338 non
3078 2286 3259 2343 solum
3292 2286 3432 2361 ejus,

1835 2360 2025 2403 verum
2074 2351 2239 2409 etiam
2292 2355 2350 2411 in
2407 2357 2588 2431 ipsum
2629 2363 3005 2436 credentium;
3056 2351 3434 2444 dignitas'est

1835 2433 1983 2490 enim
2030 2453 2250 2496 servum
2293 2459 2409 2499 esse
2456 2450 2714 2517 potentis.
2765 2453 2903 2511 Cum
2935 2465 3061 2514 ante
3103 2433 3431 2533 Apostolum

1836 2523 1999 2580 multi
2042 2527 2250 2627 ptique
2297 2533 2659 2593 credidissent
2717 2540 3034 2602 Iudaeorum
3088 2523 3173 2604 ex.
3215 2551 3286 2608 iis
3335 2556 3431 2627 qui

1835 2611 2014 2684 ipsum
2042 2610 2344 2674 Dominum
2400 2622 2762 2696 occiderunt;
2794 2631 3092 2704 Apostolus
3139 2645 3322 2696 tamen
3350 2610 3432 2699 ‘ut

1832 2717 1889 2757 se
1917 2701 2197 2774 humiliet,
2228 2706 2409 2767 adhuc
2437 2710 2630 2771 dolens
2655 2701 2862 2775 desua‘
2886 2719 3290 2797 incredulitate,
3319 2730 3430 2802 pri-

1830 2806 1983 2848 mum
2016 2809 2074 2849 se
2103 2796 2352 2854 omnium
2390 2804 2734 2872 peccantium
2764 2818 2944 2866 vocat.
2977 2811 3249 2879 Quoniam
3277 2796 3427 2877 enim

1828 2894 1939 2951 prae
1970 2881 2183 2940 caeteris
2218 2898 2561 2947 sacramento
2597 2909 2655 2949 se
2705 2894 2907 2953 imbuit
2934 2899 3252 2974 Salvatoris,
3286 2924 3427 2980 pro-

1828 2975 1954 3046 pius
1982 2977 2050 3033 ad
2103 2985 2535 3054 cognoscendam
2588 2992 3058 3064 magniﬁcentiam
3110 2999 3227 3073 ejus
3272 3019 3424 3061 acce-

1827 3065 1983 3132 dens,
2047 3080 2269 3129 accusat
2323 3090 2379 3131 se
2419 3078 2612 3152 magis,
2668 3082 2764 3154 qui
2817 3093 3033 3144 tantum
3082 3088 3216 3147 boni
3273 3093 3424 3152 tarde

1822 3157 2067 3228 agnovit,
2089 3176 2191 3217 nec
2220 3162 2388 3233 ultro,
2415 3168 2511 3223 sed
2539 3168 2915 3230 misericordia
2944 3176 3062 3248 ejus
3089 3189 3420 3251 praeventus,

1821 3254 1882 3303 ut
1913 3247 2029 3320 ipse
2073 3253 2233 3309 testis
2280 3264 2421 3312 esset
2450 3257 2764 3318 divinitatis
2801 3263 2941 3334 ejus,
2974 3247 3136 3338 quem
3177 3269 3333 3341 prius
3360 3247 3422 3327 ut

1819 3334 2102 3395 hominem
2134 3352 2419 3400 mortuum
2467 3347 2793 3406 aestimabat.
2830 3352 2957 3410 Haec
2989 3334 3276 3415 accusatio
3305 3357 3422 3432 ejus

1817 3433 1920 3493 est,
1956 3428 2074 3484 laus
2119 3446 2253 3487 vero
2307 3432 2627 3505 Salvatoris,
2678 3438 2773 3511 qui
2828 3441 2897 3497 ad
2953 3444 3268 3516 exemplum
3320 3464 3419 3504 caa-

1816 3519 2058 3572 terorum
2114 3518 2457 3577 credentium
2516 3534 2931 3599 persequentem
2985 3546 3043 3588 se
3088 3535 3306 3593 vocavit
3349 3537 3417 3594 ad

1813 3604 2062 3675 gratiam;
2088 3615 2149 3664 ut
2180 3626 2276 3681 per
2307 3612 2625 3683 patientiam
2651 3632 2803 3673 suam
2828 3627 2882 3676 et
2908 3622 3412 3693 magnanimitatem

1811 3690 1868 3748 in
1898 3710 1963 3750 eo
2002 3697 2315 3754 ostenderet
2365 3701 2597 3772 caeteris,
2658 3705 2752 3778 qui
2809 3690 3040 3767 inimico
3087 3718 3199 3767 tam
3245 3712 3413 3770 bene-

1807 3785 1970 3841 volus
1999 3787 2303 3858 exstiterit;
2339 3790 2518 3863 qualis
2561 3802 2701 3851 esset
2745 3795 2965 3854 futurus
3019 3799 3088 3855 ad
3137 3816 3193 3855 se
3221 3800 3411 3859 decur-

1808 3873 2076 3931 rentibus.

1880 3962 2063 4032 (Vers.
2098 3963 2212 4035 17.)
2261 3989 2280 4014 ι
2318 3965 2450 4040 Regi
2498 3977 2680 4025 autem
2729 3970 3056 4028 saeculorum
3106 3971 3408 4035 immortali

1805 4058 1859 4106 et
1891 4049 2187 4121 invisibili,
2220 4054 2325 4109 soli
2354 4056 2468 4113 Deo
2497 4056 2678 4113 honor
2707 4066 2761 4114 et
2790 4059 2966 4131 gloria
2993 4059 3052 4117 in
3082 4067 3282 4122 saecula
3308 4085 3403 4125 saa-

1803 4139 2077 4207 culorum,
2145 4156 2323 4199 amen.
2356 4168 2374 4192 ι
2442 4145 2570 4202 Haec
2615 4147 2684 4203 ad
2735 4148 2834 4204 Dei
2887 4149 3064 4208 Patris
3115 4169 3403 4226 personam

1802 4226 2101 4298 pertinent,
2134 4246 2296 4310 quem
2330 4231 2701 4292 immortalem
2733 4236 2859 4295 ideo
2892 4242 3070 4298 solum
3114 4250 3168 4299 et
3209 4244 3400 4305 invisi.

1799 4314 1967 4372 bilem
2017 4320 2274 4391 appellat,
2324 4324 2454 4396 quia
2510 4326 2690 4384 omnis
2745 4327 3134 4390 immortalitas
3181 4334 3247 4391 ab
3280 4335 3400 4410 ipso

2051 4386 2103 4391 _-
2260 4386 2267 4389 .
2339 4386 2356 4396 .
3182 4386 3244 4391 ηπ
3280 4386 3395 4410 την

108 4386 240 4448 hunc
290 4393 567 4450 mundum
623 4403 939 4467 peccatores
984 4399 1165 4455 salvos
1216 4400 1412 4472 facere,
1453 4420 1686 4477 quorum
1714 4479 1761 4499 ἢ
1798 4414 1900 4476 est,
1928 4414 1991 4464 ut
2041 4408 2147 4482 ipsi
2194 4411 2297 4467 soli
2332 4414 2504 4487 magis
2553 4425 2824 4490 competat
2871 4420 2929 4478 in
2974 4423 3236 4493 veritate;
3269 4426 3395 4499 quia

2065 4479 2082 4482 _
2424 4479 2449 4487 -
2678 4479 2697 4490 .
3188 4479 3235 4493 γι

110 4479 300 4547 primus
329 4498 453 4539 sum
482 4500 602 4556 ego.
626 4483 734 4541 Sed
753 4484 880 4541 ideo
902 4486 1333 4546 misericordiam
1363 4504 1685 4552 consecutus
1713 4479 1762 4539 D
1795 4496 2044 4570 quisquis
2091 4499 2421 4561 immortalis
2455 4515 2554 4576 est,
2588 4524 2699 4564 non
2746 4526 2777 4565 a
2814 4527 2871 4567 se
2918 4510 3061 4570 hanc
3090 4511 3276 4582 habet,
3303 4516 3393 4571 sed

109 4580 297 4638 sum,ut
315 4571 373 4629 in
397 4588 484 4629 me
498 4574 682 4647 primo
699 4575 1011 4633 ostenderet
1030 4577 1282 4636 Christus
1295 4580 1449 4639 Iesus
1463 4599 1682 4642 omnem

110 4662 596 4730 magnanimitatem
649 4672 704 4721 et
756 4665 1076 4738 patientiam
1122 4668 1191 4725 ad
1238 4674 1552 4745 exemplum
1593 4693 1681 4733 eo-

109 4756 211 4801 rum
244 4750 381 4823 (30),
418 4753 511 4827 qui
557 4754 827 4813 credituri
875 4765 1004 4813 sunt
1058 4758 1163 4828 illi,
1210 4759 1269 4817 in
1318 4762 1486 4821 vitam
1526 4775 1678 4823 aeter-

108 4845 233 4891 nam.
265 4863 283 4886 ι
327 4840 473 4908 Quid
498 4851 608 4901 tam
640 4853 857 4917 gratum
902 4854 1120 4920 tamque
1144 4847 1473 4921 jucundum,
1511 4871 1674 4929 quam

106 4929 460 5011 peccatoribus
509 4934 907 5010 indulgentiam
965 4938 1311 5011 praedicare?
1339 4941 1473 5009 Quis
1526 4943 1675 4999 enim

106 5008 204 5070 sine
231 5030 452 5090 peccato
481 5032 581 5093 est,
613 5008 689 5083 uti
712 5025 819 5085 hoc
852 5045 1057 5086 munus
1087 5046 1199 5087 non
1227 5048 1355 5088 cum
1385 5034 1535 5089 omni
1558 5051 1674 5106 gra-

107 5098 282 5161 tiarum
326 5110 543 5170 actione
597 5116 880 5189 suscipiat,
939 5120 1115 5175 Deum
1162 5128 1443 5178 auctorem
1507 5121 1673 5194 hujus

104 5192 390 5267 Praeferens,
432 5209 487 5259 et
531 5206 856 5264 collaudans
884 5206 943 5263 in
974 5206 1229 5278 Christo;
1263 5210 1356 5287 qui
1389 5217 1450 5266 ut
1478 5192 1672 5266 homi-

106 5291 211 5338 nem
256 5291 492 5358 peccatis
536 5293 802 5366 ablueret,
850 5296 918 5354 de
973 5298 1287 5355 welestibus
1340 5301 1408 5358 ad
1456 5307 1670 5357 terrena

104 5513 268 5642 90:30)
299 5522 456 5583 Rom.
490 5524 622 5588 edit.
672 5528 767 5587 hic
814 5537 870 5588 et
909 5529 1076 5601 infra,
1116 5530 1188 5588 ad
1239 5530 1668 5603 informationem

213 5607 277 5642 m.

213 5607 277 5650 m.

388 5692 628 5755 PATROL.
668 5698 843 5759 XVII.

1791 4585 1859 4641 ab
1906 4586 2023 4645 illo.
2071 4589 2254 4649 Simili
2300 4594 2466 4651 modo
2496 4603 2550 4652 et
2593 4597 2651 4653 in
2702 4598 3005 4671 Evangelia
3059 4600 3280 4672 legitur,
3313 4601 3393 4657 di-

1788 4682 1944 4731 cente
1973 4678 2213 4736 Domino
2246 4700 2259 4738 :
2309 4707 2327 4730 ε
2361 4684 2501 4750 Quia
2540 4702 2703 4740 nemo
2748 4695 2830 4742 est
2871 4686 3069 4753 bonus,
3101 4686 3210 4743 nisi
3249 4704 3393 4744 unus

1786 4764 1931 4821 Deus
1963 4768 2158 4837 (Marc.
2191 4786 2250 4836 χ,
2281 4770 2394 4842 18).
2418 4797 2436 4819 ιι
2472 4774 2543 4827 Et
2571 4773 2771 4828 iterum
2794 4774 2908 4845 ipse
2931 4774 3068 4830 dicit
3100 4793 3112 4831 :
3161 4800 3180 4823 ι
3206 4777 3393 4836 Bonus

1786 4853 1953 4911 homo
1993 4855 2060 4912 de
2091 4856 2239 4912 bono
2289 4858 2548 4915 thesauro
2594 4861 2805 4931 profert
2850 4861 2995 4917 bona
3026 4862 3240 4933 (Matth.
3283 4881 3385 4937 xu,

1785 4941 1902 5013 35).
1933 4966 1952 4989 ι
1996 4943 2168 4999 Nemo
2201 4950 2385 4999 tamen
2415 4945 2523 5000 nisi
2553 4960 2701 5002 unus
2733 4948 2878 5003 Deus
2906 4947 3084 5007 bonus
3113 4958 3225 5019 est;
3258 4954 3386 5026 quia

1784 5033 1900 5103 ipse
1946 5030 2070 5087 fons
2112 5030 2378 5086 bonitatis
2405 5039 2505 5101 est,
2552 5048 2622 5089 ex
2664 5049 2773 5104 quo
2800 5035 2983 5091 caeteri
3011 5047 3293 5110 potantur,
3324 5050 3386 5099 ut

1780 5119 1915 5176 boni
1963 5120 2093 5177 sint.
2140 5121 2260 5192 Ipse
2305 5128 2388 5177 est
2434 5129 2489 5177 et
2528 5120 2829 5179 invisibilis
2874 5124 3024 5183 solus
3064 5129 3211 5186 Deus
3256 5129 3382 5202 quia

1780 5207 1924 5263 nulli
1954 5223 2198 5281 unquam
2215 5208 2371 5265 visus
2390 5216 2504 5278 est;
2524 5207 2715 5265 omnia
2734 5209 2881 5265 enim
2906 5212 3020 5281 agit
3036 5231 3132 5286 per
3153 5215 3379 5283 Filium,

1780 5311 1944 5368 quem
1992 5295 2201 5353 idcirco
2248 5297 2430 5354 visum
2461 5296 2721 5367 dicimus,
2751 5306 2814 5354 ut
2854 5297 2986 5355 licet
3013 5302 3174 5361 aliter
3218 5318 3379 5375 quam

1856 5531 1972 5602 (31)
2030 5531 2239 5589 Eadem
2303 5535 2463 5595 Rom.
2525 5532 2685 5600 edit.,
2741 5530 3149 5596 similitudinem
3203 5532 3381 5593 carnis

1770 5602 1973 5674 peccati
2000 5603 2213 5674 accepit.

3033 5701 3100 5763 16
