3908 6192
461 307 562 371 ιρι

1496 291 1592 397 ei)
1620 285 1853 349 OPEllA
1890 287 1945 345 S.
1986 278 2319 345 AMBROSII
2357 268 2737 338 APPENDIX.

3655 261 3764 326 492

461 439 564 511 εει,
593 431 908 514 apparuisse
948 434 1132 489 tamen
1181 420 1338 482 ίιιιιηι
1369 389 2050 514 είξηίῖιὶθωιξε.(³²)κ¹¹9·
2080 414 2130 474 Α
2365 395 3141 514 ιέἳ.,ίῖἷ³⁰ῗξ¹³ἷτῖ-ἓξ-.ίί“ίῗξῗίῗ
3171 389 3675 514 iam???
3709 395 3765 514 '12

462 502 869 588 noriﬁcentiam
900 535 1027 594 ergo
1063 525 1118 575 et
1148 514 1376 590 gloriam
1420 511 1534 568 Deo
1563 505 1713 564 Patri
1741 502 1798 560 in
1824 502 2057 594 veritate

464 599 806 694 pronuntiat,
862 593 1020 684 cujus
1075 606 1272 680 pietate
1306 609 1359 658 et
1410 594 1758 672 providentia
1806 593 2059 653 Christus

464 707 722 769 liberavit
750 707 1058 779 peccatores
1087 713 1155 752 ex
1185 698 1380 749 morte.

539 798 720 870 (Vers.
751 771 842 859 ιϐ,
877 789 963 854 19,
993 786 1110 857 20.)
1175 809 1192 831 ι
1224 783 1340 838 Hoc
1369 786 1697 870 praeceptum
1731 771 2056 834 commendo

461 869 587 953 tibi,
629 881 708 939 ﬁli
739 878 1043 944 Timothee,
1081 872 1383 931 secundum
1425 869 1791 945 prmeedentes
1815 882 1975 940 super
2005 873 2058 921 te

461 971 798 1051 prophetias,
831 977 893 1027 ut
925 966 1131 1024 milites
1175 965 1233 1022 in
1265 963 1377 1020 illis
1404 963 1605 1018 bonam
1653 959 1932 1027 militiam,
1965 956 2056 1012 ha-

459 1047 597 1123 bens
632 1059 797 1119 ﬁdem
843 1067 897 1116 et
941 1072 1134 1131 puram
1173 1051 1590 1121 conscientiam,
1621 1067 1782 1124 quam
1832 1047 2057 1122 quidam

463 1157 807 1234 repellentes,
843 1151 988 1210 circa
1010 1149 1176 1206 ﬁdem
1212 1146 1732 1234 naufragaverunti
1756 1136 2060 1234 ex_quibus

462 1228 545 1304 est
583 1246 915 1317 Hymenaeus
951 1245 1006 1296 et
1050 1237 1386 1304 Alexander,
1427 1250 1564 1308 quos
1593 1228 1796 1288 tradidi
1825 1228 2059 1317 Satanae,

463 1344 527 1393 ut
583 1313 797 1391 discant
837 1346 950 1386 non
997 1325 1396 1400 blasphemare.
1431 1348 1450 1372 ι
1491 1323 1786 1394 Postquam
1831 1316 1929 1374 Dei
1966 1313 2061 1370 Pa-

465 1425 568 1484 tris
597 1433 652 1482 et
692 1420 900 1482 Christi
937 1418 1069 1477 Filii
1117 1418 1234 1490 ejus
1282 1433 1403 1490 quae
1450 1421 1504 1471 et
1549 1420 1753 1486 quanta
1796 1404 2063 1466 beneﬁcia

468 1518 580 1576 sint
609 1515 754 1574 Circa
782 1521 1092 1589 peccatores
1121 1508 1375 1568 homines
1422 1500 1768 1570 memoravit,
1811 1498 1906 1574 qui
1937 1514 2062 1554 cum

467 1613 647 1667 essent
678 1587 968 1680 puniendi,
1015 1618 1126 1658 non
1157 1600 1335 1657 solum
1368 1595 1581 1670 ignovit
1624 1594 1721 1663 eis,
1764 1591 1857 1648 sed
1906 1598 1960 1646 et
1979 1587 2066 1660 ju-

466 1679 752 1767 stiﬁcavit,
783 1703 836 1752 et
883 1694 942 1751 in
998 1692 1144 1749 ﬁlios
1187 1688 1293 1747 sibi
1339 1684 1624 1760 adoptavit
1666 1701 1677 1739 :
1715 1699 1824 1756 quo
1875 1679 2066 1767 ordine

2166 497 2316 555 omni
2348 494 2548 569 pietate
2593 500 2646 549 et
2694 491 2960 550 castitate.
3009 489 3123 544 Hoc
3169 484 3316 542 enim
3347 485 3564 544 bonum
3595 491 3678 540 est
3716 493 3768 541 et

2167 596 2446 661 acceptum
2491 599 2673 641 coram
2731 577 2956 638 salutari
3005 583 3194 633 nostro
3245 575 3380 643 Deo,
3429 573 3530 648 qui
3578 589 3767 630 omnes

2167 675 2420 734 homines
2450 675 2572 730 vult
2611 674 2792 730 salvos
2841 666 2980 736 ﬁeri,
3011 677 3066 724 et
3093 667 3151 723 in
3189 665 3533 738 agnitionem
3571 663 3765 719 verita-

2168 767 2239 823 tis
2281 765 2488 822 venire.
2539 789 2557 812 ›
2614 763 2741 818 Haec
2789 759 2977 833 regula
3005 754 3375 815 ecclesiastica
3429 761 3535 822 est,
3569 751 3768 811 tradita

2168 869 2200 912 a
2227 855 2486 928 magistro
2518 851 2788 925 gentium,
2821 864 2928 922 qua
2973 852 3209 902 utuntur
3237 843 3552 900 sacerdotes
3575 843 3765 911 nostri,

2169 951 2230 1001 ut
2258 960 2355 1018 pro
2385 939 2642 998 omnibus
2671 937 3001 1010 supplicent,
3033 934 3385 1007 deprecantes
3414 947 3516 1006 pro
3557 931 3766 1004 regibus

2169 1035 2335 1108 hujus
2373 1031 2558 1090 saeculi
2592 1049 2602 1088 :
2637 1037 2699 1086 ut
2736 1027 3006 1098 subjectas
3061 1025 3300 1081 habeant
3345 1030 3555 1097 gentes,
3598 1027 3662 1078 ut
3717 1023 3766 1078 in

2171 1141 2299 1200 pace
2349 1121 2538 1196 positi,
2575 1120 2630 1176 in
2680 1116 3083 1192 tranquillitate
3112 1113 3315 1169 mentis
3361 1120 3416 1168 et
3445 1111 3638 1186 quiete
3666 1113 3768 1168 Deo

2171 1221 2360 1270 nostro
2413 1209 2620 1267 servire
2682 1208 2972 1282 possimus.
3032 1206 3262 1262 Orantes
3319 1202 3490 1257 etiam
3551 1216 3653 1273 pro
3707 1200 3771 1256 iis

2172 1303 2373 1378 quibus
2403 1301 2657 1360 sublimis
2686 1306 2924 1373 potestas
2967 1304 3049 1353 est
3084 1295 3294 1353 credita
3326 1311 3338 1350 :
3379 1299 3442 1349 ut
3473 1293 3534 1348 in
3560 1291 3773 1364 iustitia

2172 1402 2226 1451 et
2272 1393 2501 1450 veritate
2550 1391 2856 1465 gubernent
2909 1385 3330 1460 rempublicam,
3386 1383 3770 1456 suppeditante

2175 1495 2356 1539 rerum
2404 1476 2760 1545 abundantia,
2791 1483 2854 1532 ut
2895 1482 3076 1531 amota
3109 1473 3529 1547 perturbatione
3549 1472 3770 1529 seditio-

2175 1572 2286 1640 nis,
2316 1569 2569 1627 succedat
2603 1566 2829 1633 laztitia;
2859 1564 3016 1638 panis
3059 1561 3206 1620 enim
3252 1562 3551 1620 conﬁrmat
3582 1575 3696 1629 cor,
3725 1570 3779 1617 et

2176 1662 2373 1719 vinum
2406 1658 2648 1716 laetiﬁcat
2670 1664 2906 1714 mentem
2936 1655 3108 1726 (Psal.
3135 1669 3250 1722 cui,
3281 1653 3395 1726 15).
3430 1653 3778 1710 Postulantes

468 1742 752 1767 υν...ν.....,
785 1742 835 1752 ν.
998 1742 1141 1749 --ηπ
1187 1742 1293 1747 --η-
1347 1742 1390 1743 η
1447 1742 1464 1760 _
1731 1742 1748 1756 _

468 1788 735 1864 populum
765 1781 1060 1857 disciplina
1101 1775 1470 1837 ecclesiastica
1511 1773 1802 1840 imbueret,
1840 1771 1896 1826 in
1940 1765 2064 1864 sub-

2191 1767 2315 1808 vero
2353 1767 2451 1822 pro
2499 1748 2568 1804 iis
2611 1746 2708 1820 qui
2738 1745 2796 1802 in
2835 1744 3157 1802 necessitate
3186 1743 3338 1799 varia
3363 1750 3518 1812 sunt,
3547 1753 3614 1802 ut
3640 1742 3779 1800 eruti

2191 1849 2231 1864 ..ι
2255 1836 2466 1864 ιιι-..-ηιξ
2507 1838 2677 1864 nm"...
2712 1832 3022 1864 ηΛιιηιιι-ιηηι
3056 1831 3448 1864 ςηηηιιιπιςθηοῖο
3473 1840 3757 1864 ..ι-..ιη-ηπι

463 1857 628 1951 jectis
683 1873 940 1942 ostendit,
999 1885 1356 1930 commonens
1402 1873 1464 1923 ut
1516 1878 1726 1922 memor
1783 1857 2068 1917 electionis

471 1947 584 2027 suae
612 1972 832 2024 sanctus
874 1957 1217 2028 Timotheus,
1253 1955 1309 2013 id
1351 1953 1420 2012 ad
1460 1950 1608 2028 quod
1647 1947 2068 2024 praedestinatus

471 2063 572 2126 est,
620 2053 865 2128 impleat.
915 2047 1341 2109 Praedestinatus
1386 2053 1468 2102 est
1514 2041 1684 2110 enim,
1735 2037 1953 2114 quando
2000 2035 2068 2093 ad

471 2145 580 2204 hoc
627 2143 694 2201 ab
740 2139 1004 2216 Apostolo
1058 2144 1370 2210 assumptus
1425 2143 1528 2202 est,
1581 2139 1642 2188 ut
1699 2128 2068 2196 ordinaretur,

472 2232 675 2307 dignus
727 2231 1008 2306 judicatus
1056 2227 1277 2284 futurus
1321 2219 1639 2298 episcopus,
1695 2228 1757 2276 ut
1817 2216 2072 2307 impleret

473 2305 732 2389 militiam
770 2320 1140 2395 evangelicam
1187 2317 1247 2374 in
1292 2314 1399 2372 ﬁde
1428 2322 1482 2372 et
1519 2329 1656 2386 pura
1684 2305 2023 2368 conscientia
2055 2324 2067 2363 :

475 2414 571 2490 qui
606 2409 754 2476 enim
785 2405 1022 2469 ﬁdeliter
1050 2407 1229 2477 docet,
1262 2422 1374 2462 non
1404 2411 1583 2478 potest
1627 2401 1828 2458 malam
1869 2395 2070 2490 habere

471 2486 888 2564 conscientiam.
935 2496 1089 2556 Tunc
1132 2496 1279 2554 enim
1328 2491 1492 2551 ﬁdem
1542 2489 1768 2549 exhibet
1807 2486 2074 2562 pradica-

474 2589 645 2651 tionis
685 2608 816 2662 sum,
856 2606 903 2648 si
951 2605 1008 2647 se
1056 2591 1203 2650 292
1232 2583 1505 2646 abstineat
1553 2597 1585 2638 a
1629 2576 1925 2638 contrariis
1957 2592 2070 2631 om-

473 2692 672 2761 nibus;
718 2691 848 2766 quia
877 2688 1132 2761 exemplo
1161 2686 1434 2744 bonorum
1480 2700 1705 2758 operum
1736 2679 1940 2737 multos
1987 2678 2076 2733 la-

475 2781 640 2840 cessit
668 2779 737 2838 ad
769 2779 1173 2846 credulitatem,
1204 2777 1436 2834 ﬁdentes
1481 2775 1550 2832 de
1596 2789 1689 2846 spe
1716 2767 2075 2844 praedicatio-

474 2869 600 2938 nis;
649 2883 776 2926 nam
815 2865 911 2938 qui
959 2864 1126 2920 ﬁdem
1173 2865 1406 2934 spernit,
1453 2861 1646 2934 procul
1694 2859 1865 2916 dubio
1917 2857 2073 2913 malai

476 2964 557 3012 est
612 2951 983 3011 conscientia}.
1032 2953 1146 3006 Aut
1199 2951 1347 3006 enim
1395 2949 1689 3022 hypocrita
1721 2948 2070 3022 praedicatur,

476 3051 572 3100 aut
618 3045 838 3113 apertus
870 3035 1245 3110 blasphemus,
1288 3036 1430 3094 sicut
1473 3043 1632 3094 erant
1661 3036 1992 3108 Hymenzeus
2023 3043 2079 3092 et

475 3123 816 3197 Alexander,
843 3123 938 3200 qui
969 3125 1278 3184 deserentes
1299 3123 1463 3182 ﬁdem
1489 3123 1741 3196 naufragi
1763 3124 1896 3181 facti
1927 3133 2076 3194 sunt,
2115 3141 2158 3202 ρ

479 3213 538 3277 id
570 3225 673 3286 est,
702 3213 839 3274 nudi
870 3215 1124 3285 veritate,
1145 3223 1240 3271 aut
1270 3211 1472 3289 privati
1493 3214 1626 3272 vita.
1651 3213 1796 3282 Quid
1813 3220 1894 3269 est
1925 3212 2075 3269 enim

481 3309 705 3378 veritas,
739 3307 846 3366 nisi
877 3305 1038 3365 vita?
1067 3306 1215 3375 Quos
1244 3303 1535 3364 tradidisse
1579 3321 1635 3362 se
1678 3303 1816 3362 dicit
1843 3304 2075 3373 Satanae,

481 3407 544 3456 ut
576 3396 1002 3456 emendarentur
1029 3412 1192 3453 causa
1209 3393 1587 3469 blasphemiae.
1617 3392 1866 3450 Traditio
1894 3401 2078 3449 autem

481 3487 600 3544 haec
656 3495 759 3556 est,
817 3485 950 3558 quia
1004 3493 1312 3541 commotus
1371 3483 1667 3558 Apostolus
1718 3478 2081 3555 blasphemiis

483 3590 697 3641 eorum,
741 3569 1074 3628 sententiain
1133 3568 1363 3643 protulit
1408 3573 1467 3628 in
1513 3588 1605 3628 eos
1640 3588 1650 3626 :
1682 3570 1938 3626 diabolus
1974 3585 2084 3624 au—

485 3671 597 3719 tem
631 3659 726 3735 qui
773 3659 842 3716 ad
879 3658 985 3715 hoc
1015 3667 1236 3731 paratus
1265 3668 1368 3726 est,
1400 3668 1462 3715 ut
1500 3658 1757 3716 adversos
1786 3676 1818 3714 a
1843 3659 1956 3715 Deo
1985 3674 2088 3713 ac-

488 3747 656 3824 cipiat
713 3747 772 3805 in
827 3754 1151 3822 potestatem
1185 3789 1200 3816 ,
1255 3745 1444 3802 audita
1489 3745 1799 3815 sententia,
1855 3745 2087 3818 corripit

489 3855 581 3896 eos
614 3857 626 3895 ;
659 3847 721 3896 ιιι
761 3835 1138 3910 intelligerent
1176 3833 1279 3893 hac
1324 3852 1487 3904 causa
1527 3853 1584 3893 se
1630 3835 1805 3909 poenis
1832 3834 2083 3907 astringi,

490 3927 621 4002 quia
664 3926 1198 4000 blasphemaverant.
1234 3924 1378 3982 Hinc
1420 3932 1520 3994 est,
1553 3924 1700 3980 unde
1736 3923 1795 3980 in
1834 3925 2091 3996 Evange-

492 4013 570 4070 lio
611 4011 818 4071 dictum
870 4020 951 4069 est
997 4011 1144 4068 inter
1185 4017 1425 4070 caetera:
1472 4011 1636 4068 «1am
1685 4011 1800 4068 noli
1842 4027 2087 4085 peccare,

493 4119 563 4159 ne
591 4103 749 4176 ;quid
799 4102 899 4159 tibi
946 4102 1188 4160 deterius
1244 4101 1527 4176 contingat
1576 4103 1758 4176 (Joan.
1809 4120 1866 4172 v,
1914 4101 2028 4175 14),
2061 4127 2079 4150 ιι

495 4191 792 4246 ostendens
855 4208 1018 4250 causa
1093 4193 1305 4266 peccati
1382 4192 1680 4268 aliquando
1741 4192 2092 4250 inﬁrmitates

499 4277 694 4335 inferri
733 4281 1076 4351 corporibus.
1116 4282 1190 4336 Et
1235 4281 1365 4354 quia
1394 4282 1902 4340 ministro‘diabolo
1928 4281 2090 4350 ﬁunt,

499 4365 800 4425 declaravit
840 4365 1132 4438 Dominus,
1177 4367 1367 4427 dicens
1413 4370 1557 4428 inter
1599 4373 1775 4428 multa
1815 4389 1828 4428 :
1893 4395 1912 4422 ι
1970 4372 2098 4428 Haec

500 4460 683 4513 autem
713 4471 839 4512 cum
884 4455 956 4511 sit
988 4455 1105 4511 ﬁlia
1149 4454 1406 4528 Abrahae,
1443 4475 1604 4532 quam
1645 4460 1964 4534 alligaverat
1992 4462 2098 4518 Sa-

502 4549 658 4601 tanas
711 4541 898 4601 decem
931 4551 984 4600 et
1038 4549 1161 4601 octo
1213 4545 1395 4616 annis,
1446 4564 1560 4605 non
1600 4551 1844 4623 oportuit
1891 4550 2032 4608 solvi
2071 4567 2103 4608 a

504 4633 733 4693 vinculo
761 4632 851 4690 die
871 4631 1092 4691 Sabbati
1125 4633 1276 4708 (Luc.
1315 4653 1440 4707 xm,
1475 4637 1564 4710 16)
1583 4639 1611 4695 ‘I
1642 4665 1661 4688 ι

1110 4763 1338 4822 CAPUT
1375 4765 1444 4822 Ιῐ.

582 4869 766 4940 (Vere.
786 4865 923 4943 1-4.)
955 4869 1289 4930 «Exhortare
1307 4889 1436 4947 ergo
1459 4872 1574 4947 (33)
1595 4873 1834 4948 primum
1852 4875 2101 4933 omnium

510 4959 633 5016 ﬁeri
682 4960 1112 5034 deprecationes,
1171 4963 1467 5034 orationes,
1518 4965 1931 5038 postulationes,
1987 4983 2103 5040 gra-

511 5050 717 5106 tiarum
769 5051 1012 5109 actiones
1060 5063 1160 5126 pro
1215 5053 1473 5110 omnibus
1516 5053 1856 5126 hominibus,
1888 5075 1986 5130 pro
2023 5073 2104 5114 re-

514 5139 694 5212 gibus,
725 5146 779 5196 et
808 5155 909 5213 pro
938 5141 1196 5199 omnibus
1225 5144 1320 5216 qui
1350 5144 1407 5199 in
1436 5142 1750 5201 sublimiori
1783 5147 1902 5202 loco
1941 5146 2106 5220 positi

600 5345 718 5422 (32)
745 5349 902 5431 Edit.
950 5367 1256 5431 omnesac
1311 5368 1441 5431 mss.
1492 5355 1769 5431 nonnulli,
1815 5375 1974 5428 quam
2015 5364 2106 5431 est,

518 5425 901 5548 apptaruisset:
943 5425 1098 5480 illum
1152 5429 1325 5477 tamen
1377 5425 1747 5496 signiﬁcemus.
1803 5425 1924 5495 Non
1980 5425 2112 5484 satis

523 5510 614 5549 rec
641 5510 689 5548 e.

595 5563 713 5645 (33)
744 5563 902 5645 Hom.
933 5565 1092 5645 edit.,
1117 5569 1395 5645 Exhortor
1422 5581 1562 5642 ergo.
1592 5570 1665 5629 Et
1693 5567 1860 5642 infra,
1884 5576 1940 5630 ut
1966 5576 2107 5629 tran-

524 5633 750 5701 quillam
775 5640 823 5690 et
851 5635 1080 5709 quietam
1111 5639 1291 5699 vitam.

2180 1849 2234 1897 et
2254 1836 2681 1904 liberati,Deum
2711 1832 3027 1892 collaudent
3056 1831 3452 1888 incolumitatis
3469 1840 3777 1890 auctorem.

2180 1929 2495 1988 Referentes
2541 1940 2758 1998 quoque
2802 1922 3102 1996 gratiarum
3131 1920 3368 1978 actiones
3419 1939 3524 1993 pro
3555 1922 3632 1978 iis
3666 1935 3780 1996 qua

2181 2017 2340 2076 nobis
2371 2015 2617 2090 quotidie
2651 2016 2751 2071 Dei
2773 2012 3126 2087 providentia
3145 2017 3461 2084 praestantur
3479 2010 3556 2066 ad
3579 2012 3782 2078 vitam,

2180 2115 2243 2164 ιιι
2273 2109 2330 2164 in
2361 2106 2450 2163 his
2473 2105 2733 2162 omnibus
2747 2105 2908 2161 Pater
2937 2102 3274 2160 collaudetur
3301 2102 3468 2169 Deus,
3515 2125 3535 2147 ι
3573 2117 3653 2157 ex
3680 2119 3783 2176 quo

2181 2203 2312 2255 sunt
2339 2195 2527 2252 omnia
2558 2195 2609 2266 (1
2643 2195 2769 2251 Cor.
2801 2210 2926 2262 vin,
2965 2193 3023 2264 6)
3057 2210 3069 2248 :
3104 2216 3121 2241 ι
3166 2199 3220 2249 et
3247 2190 3422 2248 Filius
3449 2189 3598 2262 ejus,
3645 2214 3665 2236 ι
3695 2207 3783 2262 per

2183 2301 2344 2360 quem
2402 2291 2531 2339 sunt
2585 2280 2774 2337 omnia
2832 2279 3042 2352 (Ibid),
3088 2303 3108 2328 ι
3161 2285 3223 2333 ιιι
3272 2275 3469 2349 sopitis
3527 2276 3784 2332 omnibus

2183 2391 2304 2447 quae
2327 2373 2458 2430 huic
2488 2370 2720 2444 imperio
2749 2369 2951 2426 infesta
2971 2375 3024 2425 et
3052 2366 3281 2424 inimica
3308 2374 3460 2434 sunt,
3491 2365 3553 2420 in
3581 2365 3777 2421 aifectu

2185 2463 2404 2538 pietatis
2441 2469 2495 2519 et
2523 2459 2790 2518 castitatis
2833 2461 2947 2516 Deo
2992 2457 3199 2514 servire
3228 2457 3544 2529 possimus:
3577 2463 3782 2528 pertur-

2183 2553 2334 2611 batio
2365 2551 2515 2609 enim
2563 2558 2617 2608 et
2657 2548 2950 2621 captivitas
2995 2565 3098 2606 nec
3141 2547 3401 2621 pietatem
3452 2554 3659 2612 servat,
3689 2561 3786 2602 nec

2184 2643 2510 2702 castitatem.
2545 2639 2699 2696 Unde
2721 2637 2869 2695 enim
2901 2639 3043 2711 pius,
3075 2636 3172 2711 qui
3196 2635 3379 2693 nudus
3402 2635 3530 2692 est?
3557 2643 3614 2692 et
3644 2635 3786 2691 unde

2185 2739 2386 2799 castus,
2430 2729 2525 2786 ubi
2573 2727 2689 2801 (34)
2743 2726 3024 2801 potestatis
3069 2743 3182 2784 sum
3233 2742 3344 2782 non
3381 2725 3512 2782 est?
3562 2725 3632 2782 Ut
3673 2723 3786 2780 haec

2189 2840 2315 2896 ergo
2341 2821 2547 2880 servari
2571 2820 2803 2895 possint,
2833 2820 2988 2894 quies
3009 2819 3308 2876 necessaria
3339 2827 3422 2876 est
3451 2837 3463 2875 :
3497 2826 3562 2875 ut
3589 2817 3790 2892 placita

2186 2917 2300 2972 Deo
2329 2913 2630 2970 reddantur
2676 2911 2958 2984 obsequia,
3003 2911 3101 2984 qui
3150 2927 3342 2968 omnes
3389 2911 3645 2968 homines
3690 2908 3790 2966 sal-

2188 3019 2288 3059 vos
2317 3003 2438 3060 vult
2482 3001 2624 3070 ﬁeri,
2666 3009 2720 3058 et
2749 3016 3074 3073 cognoscere
3103 3001 3414 3058 veritatem.
3469 3025 3487 3048 ε
3520 3000 3652 3057 Haec
3689 3007 3788 3067 est,

2190 3091 2394 3165 inquit,
2434 3091 2550 3148 vita
2579 3099 2804 3158 aeterna,
2833 3098 2897 3146 ut
2931 3098 3263 3163 cognoscant
3292 3097 3345 3146 te
3388 3091 3570 3147 solum
3600 3106 3791 3147 verum

2189 3183 2386 3251 Deum,
2445 3189 2500 3237 et
2553 3196 2715 3253 quem
2773 3179 2977 3238 misisti
3033 3180 3219 3237 Jesum
3272 3178 3558 3237 Christum
3602 3181 3788 3250 (locu.

2189 3287 2330 3340 xvii,
2364 3270 2440 3339 3).
2475 3295 2494 3319 ι
2537 3269 2595 3326 Si
2627 3271 2775 3326 Deus
2805 3269 3018 3342 utique,
3045 3269 3142 3342 qui
3182 3269 3535 3342 omnipotens
3565 3269 3792 3341 dicitur,

2189 3376 2381 3430 omnes
2427 3359 2680 3416 homines
2708 3359 2888 3416 salvos
2918 3359 3040 3415 vult
3072 3358 3213 3428 ﬁeri,
3246 3375 3358 3415 non
3387 3359 3655 3433 impletur
3680 3359 3796 3432 ejus

2193 3449 2449 3506 voluntas
2469 3450 2495 3504 ?
2523 3448 2628 3504 Sed
2658 3448 2716 3505 in
2746 3449 2899 3505 omni
2932 3449 3212 3506 locutione
3241 3464 3436 3506 sensus
3463 3457 3519 3505 et
3547 3449 3794 3507 conditio

2193 3539 2347 3607 latet,
2395 3539 2540 3595 unde
2595 3537 2733 3596 dicit
2782 3539 2976 3595 Petrus
3025 3539 3305 3612 apostolus
3353 3557 3365 3595 :
3417 3539 3614 3596 Omnis
3657 3540 3796 3598 Scri-

2195 3636 2357 3702 ptura
2386 3627 2597 3700 indiget
2645 3627 3097 3701 interpretatione
3128 3628 3216 3699 (ΙΙ
3240 3629 3388 3685 Patr.
3434 3645 3476 3696 ι,
3516 3628 3634 3701 20).
3663 3629 3800 3686 Vult

2195 3717 2345 3773 enim
2393 3717 2538 3774 Deus
2576 3734 2766 3774 omnes
2809 3716 3066 3774 homines
3111 3716 3293 3773 salvos
3322 3715 3465 3786 ﬁeri,
3504 3716 3604 3773 sed
3640 3717 3689 3774 si
3716 3733 3800 3775 ac-

2196 3807 2395 3866 cedant
2437 3806 2505 3864 ad
2547 3824 2672 3864 eum
2706 3826 2718 3864 :
2753 3823 2865 3864 non
2921 3807 3072 3863 enim
3119 3806 3199 3864 sic
3246 3807 3389 3875 vult,
3439 3813 3503 3862 ut
3551 3807 3801 3864 nolentes

2199 3897 2483 3953 salvantur
2516 3915 2528 3953 :
2560 3896 2655 3954 sed
2684 3896 2807 3953 vult
2836 3896 2964 3952 illos
2993 3896 3220 3966 salvari,
3261 3895 3307 3953 si
3353 3903 3407 3952 et
3451 3896 3559 3968 ipsi
3606 3897 3800 3953 velint.

2198 3988 2335 4044 Nam
2368 3987 2562 4060 utique
2604 3986 2700 4060 qui
2731 3987 2904 4059 legem
2946 3985 3207 4043 omnibus
3253 3984 3425 4054 dedit,
3457 3987 3682 4044 nullum
3713 4004 3804 4043 ex-

2201 4075 2347 4149 cepit
2373 4093 2406 4132 a
2444 4078 2640 4133 salute.
2671 4074 2954 4149 Numquid
2993 4075 3242 4132 medicus
3277 4091 3390 4131 non
3441 4075 3654 4133 idcirco
3687 4091 3806 4148 pro-

2203 4167 2360 4240 ponit
2407 4166 2465 4222 in
2505 4166 2745 4239 publico,
2784 4173 2847 4221 ut
2889 4183 3079 4222 omnes
3126 4182 3183 4223 se
3222 4166 3474 4224 ostendat
3517 4167 3665 4223 velle
3704 4167 3805 4222 sal-

2205 4271 2352 4324 vare,
2393 4255 2438 4311 si
2479 4263 2659 4312 tamen
2690 4255 2758 4311 ab
2789 4254 2946 4328 aegris
2975 4255 3334 4329 requiratur?
3360 4256 3483 4312 Non
3527 4263 3611 4312 est
3658 4256 3804 4312 enim

2206 4359 2336 4400 vera
2379 4344 2544 4411 salus,
2585 4343 2631 4399 si
2671 4343 2885 4399 nolenti
2924 4344 3205 4401 tribuatur
3245 4361 3258 4401 :
3299 4360 3402 4401 nec
3449 4347 3688 4418 gaudere
3717 4364 3806 4419 po-

2207 4440 2311 4489 test
2347 4433 2404 4487 in
2451 4437 2704 4505 percepta
2750 4433 2943 4501 salute,
2993 4433 3088 4506 qui
3141 4433 3373 4502 invitus,
3405 4433 3453 4490 si
3493 4444 3680 4492 tamen
3719 4453 3808 4510 po-

2211 4528 2316 4580 test
2361 4520 2502 4590 ﬁeri,
2542 4521 2750 4595 accepit
2799 4521 3150 4592 medicinam,
3192 4531 3253 4580 ut
3301 4538 3414 4580 non
3466 4523 3654 4580 dicam
3684 4525 3812 4600 quia

2212 4607 2499 4666 medicinae
2529 4609 2782 4666 effectum
2814 4608 3014 4666 habere
3045 4623 3153 4667 non
3186 4618 3383 4686 potest,
3416 4610 3530 4668 nisi
3563 4612 3633 4669 ad
3659 4614 3812 4669 illam

2210 4713 2352 4771 aeger
2402 4697 2650 4753 animum
2682 4699 3118 4757 commodaverit
3151 4719 3163 4756 :
3199 4701 3328 4776 quia
3370 4700 3490 4758 haec
3537 4703 3818 4759 medicina

2211 4805 2324 4846 non
2359 4794 2441 4844 est
2469 4788 2790 4860 corporalis,
2821 4788 2916 4846 sed
2945 4789 3233 4864 spiritalis,
3264 4807 3385 4864 quae
3415 4807 3596 4865 neque
3629 4792 3820 4850 dubiis

2211 4877 2452 4953 proﬁcit,
2483 4893 2660 4952 neque
2712 4879 2908 4938 invitis
2954 4879 3097 4954 (35).
3149 4880 3309 4937 Fides
3359 4889 3442 4938 est
3492 4883 3648 4940 enim
3697 4899 3820 4958 qua:

2214 4969 2308 5028 dat
2337 4969 2587 5039 salutem,
2630 4985 2794 5044 quam
2841 4971 2948 5028 nisi
3009 4988 3162 5028 mens
3212 4977 3327 5028 tota
3377 4974 3690 5047 susceperit
3731 4994 3824 5030 vo-

2216 5061 2449 5130 luntate,
2498 5075 2611 5117 non
2665 5063 2844 5118 solum
2891 5060 3034 5117 nihil
3081 5060 3345 5136 proderit,
3377 5060 3472 5119 sed
3517 5070 3576 5120 et
3619 5066 3823 5127 oberit.

2217 5150 2372 5208 Fidei
2426 5151 2630 5209 etenim
2690 5151 2865 5224 gratia
2919 5151 3061 5209 hanc
3117 5150 3282 5209 habet
3334 5159 3708 5226 potestatem,
3764 5166 3826 5213 ut

2261 5360 2413 5488 ὗ(34)
2443 5353 2567 5418 Vet.
2616 5362 2749 5418 edit.
2780 5378 2842 5418 ac
2881 5379 3011 5418 mss.
3056 5361 3287 5434 aliquot,
3323 5365 3370 5414 et
3398 5361 3538 5417 unde
3585 5364 3830 5430 castitas,

2294 5450 2330 5488 ι.
2361 5449 2388 5486 e
2417 5449 2467 5488 c.

2222 5449 2330 5498 uos,
2361 5449 2467 5488 etc.

2295 5503 2408 5630 (35)
2437 5504 2639 5586 Eadem
2672 5511 2780 5560 vet.
2813 5504 2944 5561 edit.
2978 5511 3178 5563 etmss.
3211 5503 3492 5574 nonnulli,
3515 5522 3641 5578 quw
3671 5524 3835 5578 neque

2333 5589 2397 5630 us
2425 5575 2652 5630 proﬂat.
2684 5593 2845 5630 neque
2875 5575 3088 5630 invidis.

2222 5571 2397 5630 dubiis
2419 5575 2652 5648 proﬁcit,
2684 5593 2845 5648 neque
2875 5575 3088 5634 invidis.
