3908 6192
76 372 172 438 493
1083 369 1444 437 COMMENT.
1494 373 1564 436 IN
1602 368 1663 436 El

1777 374 1818 436 Γ.
1863 374 1883 435 I
1924 373 2019 436 AD
2058 369 2344 438 TIMOTH.

3251 379 3356 447 491.

75 501 278 566 devotis
302 504 406 566 sibi
442 503 688 578 divinam
739 503 998 568 infundat
1043 506 1333 582 medelam,
1384 505 1659 570 indevotis
1690 513 1740 573 A
1772 508 2090 586 semetipsas
2127 525 2238 569 non
2261 512 2420 570 tortis
2447 511 2715 586 crinibus,
2765 522 2861 575 aut
2889 531 3044 588 auro,
3073 525 3170 578 aut
3199 528 3356 578 mar-

75 613 196 654 vero
259 597 504 656 conferat
563 597 843 668 morbum,
899 607 995 674 per
1051 615 1212 673 quem
1271 605 1420 659 totus
1492 601 1658 658 homo

72 687 324 744 interant.

139 774 318 848 (Vers.
349 773 432 850 ὅ.)
487 804 506 826 ι
537 777 689 836 Unus
719 777 866 835 enim
913 779 1078 848 Deus,
1120 784 1174 835 et
1202 795 1345 836 unus
1393 779 1662 838 mediator

70 865 159 924 Dei
193 873 246 925 et
276 863 568 926 hominum
625 867 792 926 homo
849 865 1100 928 Christus
1150 871 1322 928 Iesus.
1372 897 1390 919 ι
1450 870 1550 928 Dei
1607 879 1661 927 et

68 953 274 1014 Christi
313 975 478 1015 unam
512 957 783 1032 signiﬁcat
813 975 927 1016 esse
956 961 1296 1016 voluntatem
1341 959 1400 1016 in
1429 961 1660 1016 salvan-

65 1043 147 1102 dis
191 1043 532 1116 hominibus,
583 1047 728 1104 unde
775 1049 946 1106 Deum
978 1047 1216 1119 Patrem,
1248 1047 1377 1122 quia
1423 1047 1492 1106 ab
1540 1049 1660 1124 ipso

66 1141 141 1192 est
170 1135 354 1192 omnis
385 1136 701 1206 auctoritas,
733 1154 904 1194 unum
953 1155 1069 1195 esse
1116 1137 1337 1206 fatetur,
1383 1143 1438 1195 et
1484 1157 1657 1196 unum

67 1225 416 1284 mediatorem
472 1227 570 1284 Dei
628 1236 683 1285 et
753 1227 1042 1286 hominum
1101 1229 1385 1288 Christum
1451 1229 1656 1288 Jesum.

66 1325 256 1382 Missus
293 1325 441 1382 enim
493 1321 636 1380 293
677 1341 709 1381 a
759 1325 917 1383 Patre
961 1326 1140 1384 factus
1169 1326 1374 1384 arbiter
1403 1329 1660 1386 reconci-

69 1414 217 1471 liavit
245 1413 419 1472 Deum
443 1421 498 1471 et
527 1409 802 1484 homines,
826 1411 1176 1473 reformando
1205 1432 1296 1473 eos
1325 1413 1392 1474 ad
1413 1415 1660 1490 agnitio-

69 1521 184 1560 nem
218 1503 368 1576 ejus;
399 1503 532 1577 quia
561 1501 710 1562 enim
742 1520 887 1562 unus
925 1512 1006 1561 est
1047 1504 1164 1577 (36)
1197 1505 1356 1562 Pater
1384 1513 1438 1562 et
1463 1505 1657 1576 Filius,

68 1609 170 1650 non
216 1609 466 1667 persona,
527 1589 622 1656 sed
660 1588 1036 1650 indifferentia
1076 1601 1305 1663 naturae,
1350 1602 1412 1651 ut
1457 1590 1661 1651 arbiter

67 1691 196 1740 esset
222 1684 323 1740 Dei
353 1691 406 1739 et
435 1681 728 1740 hominum
761 1681 936 1741 Filius
977 1682 1099 1753 Dei,
1149 1691 1429 1759 assumpta
1472 1701 1657 1754 carne,

70 1775 226 1833 homo
256 1787 418 1836 natus
449 1787 529 1836 est
553 1799 566 1836 :
611 1787 672 1836 ut
701 1780 970 1837 mediator
988 1779 1088 1836 Dei
1118 1787 1172 1836 et
1209 1779 1497 1836 hominum
1521 1787 1661 1837 esset

1768 600 1977 673 garitis,
2009 608 2102 656 aut
2153 609 2301 658 veste
2350 603 2606 676 pretiosa,
2651 605 2768 675 sed,
2799 608 2946 680 quod
2975 609 3129 667 decet
3159 610 3353 668 mulie-

1768 707 1854 747 res
1887 689 2202 763 proﬁtentes
2233 692 2512 765 pietatem,
2547 709 2646 767 per
2676 711 2840 768 opera
2870 697 3032 753 bona.
3066 723 3085 743 ι
3144 697 3354 756 Humili

1768 777 1961 836 habitu
2013 779 2269 836 mulieres
2316 796 2470 836 orare
2521 781 2717 840 debere
2763 793 2967 852 monet,
3011 801 3123 842 non
3173 787 3230 843 in
3261 787 3358 862 ja-

1767 871 2010 939 ctantia;
2062 871 2157 946 qui
2204 871 2353 929 enim
2385 870 2507 928 vult
2534 871 2738 941 audiri,
2785 870 3050 932 inclinare
3093 891 3147 932 se
3176 876 3355 946 debet,

1767 969 1951 1020 amota
1979 980 2008 1020 a
2038 981 2094 1022 se
2125 981 2344 1039 pompa,
2375 970 2436 1020 ut
2465 963 2899 1022 misericordiam
2932 967 3031 1024 Dei
3080 971 3358 1041 provocet.

1770 1052 2002 1110 Ilabitus
2039 1052 2185 1109 enim
2216 1053 2484 1127 superbus
2527 1072 2627 1112 nec
2658 1054 2936 1128 impetrat,
2967 1071 3069 1113 nec
3115 1063 3260 1115 recta
3295 1055 3363 1114 de

1769 1161 1824 1200 se
1855 1143 1986 1199 facit
2015 1142 2186 1200 credi.
2219 1141 2354 1211 Quis
2383 1143 2531 1200 enim
2564 1143 2918 1218 prudentium
2945 1144 3218 1218 jactanter
3261 1165 3364 1204 or—

1767 1238 1950 1288 natam
2001 1232 2288 1289 mulierem
2347 1249 2457 1288 non
2504 1229 2774 1290 horreat?
2823 1240 3027 1309 quanto
3072 1235 3244 1310 magis
3271 1253 3364 1304 au-

1768 1325 1887 1377 ctor
1914 1322 2079 1386 Deus,
2112 1320 2206 1393 qui
2243 1339 2442 1396 corpus
2477 1340 2508 1378 a
2537 1339 2593 1380 se
2623 1321 2857 1379 liberum
2888 1323 3115 1394 factum,
3147 1321 3366 1398 obliga-

1769 1415 1885 1465 tum
1910 1409 2145 1466 metallis
2176 1407 2326 1466 videt
2351 1411 2362 1466 l
2389 1411 2524 1467 Nam
2563 1410 2793 1469 humilis
2829 1411 3052 1474 habitus
3068 1414 3227 1486 bona:
3246 1432 3368 1490 pro-

1769 1498 1993 1555 fessioni
2041 1499 2316 1574 congruit,
2379 1507 2441 1557 ut
2493 1501 2667 1575 possit
2711 1520 2820 1561 non
2868 1501 3018 1563 aliud
3083 1505 3365 1570 aestimari.

1769 1605 1934 1660 quam
1953 1591 2227 1646 cernitur:
2262 1607 2382 1664 quae
2402 1600 2585 1648 autem
2618 1591 2674 1648 in
2697 1593 2863 1650 domo
2889 1593 2988 1652 Dei
3015 1611 3142 1652 cum
3170 1611 3368 1669 pompa

1770 1695 1826 1735 se
1878 1682 2090 1736 mavult
2127 1679 2329 1749 videri,
2379 1698 2490 1737 non
2535 1683 2726 1756 utique
2775 1691 2998 1758 propter
3041 1686 3242 1754 Deum,
3271 1683 3367 1742 sed

1769 1775 1992 1842 propter
2022 1769 2273 1826 homines
2312 1771 2670 1844 consequitur
2716 1773 2862 1845 quod
2893 1771 3035 1842 vult,
3078 1781 3140 1829 ut
3168 1775 3366 1847 glorio-

71 1866 226 1923 homo
261 1867 514 1926 Christus
541 1869 716 1937 Jesus,
761 1867 820 1925 id
867 1876 969 1938 est,
1018 1885 1129 1926 non
1177 1867 1294 1925 sine
1341 1867 1658 1938 divinitate,

1777 1876 1828 1917 sa
1866 1859 2143 1929 videatur,
2186 1859 2331 1916 nihil
2383 1869 2746 1918 consecutura
2787 1879 2818 1919 ιι
2844 1863 2979 1933 Deo,
3030 1863 3135 1920 nisi
3185 1880 3366 1922 macu-

71 1956 189 2028 quia
215 1956 273 2014 in
307 1957 423 2014 Deo
472 1957 637 2016 homo
666 1965 801 2028 erat,
853 1967 906 2016 et
932 1959 1079 2016 Deus
1107 1958 1166 2016 in
1197 1957 1454 2015 homine:
1513 1966 1568 2015 et
1598 1966 1662 2014 ut

72 2060 131 2100 ex
181 2051 413 2120 utroque
459 2053 598 2104 esset
627 2045 918 2116 mediator,
951 2055 1006 2104 et
1036 2055 1098 2103 ut
1124 2054 1420 2121 utrumque
1455 2065 1660 2106 recon-

73 2135 290 2206 ciliaret,
323 2137 383 2194 in
417 2154 472 2193 se
499 2137 741 2210 primum
779 2137 885 2196 hoc
915 2138 1064 2195 fecit.
1105 2140 1226 2194 Non
1269 2137 1419 2195 enim
1451 2145 1664 2212 poterat

76 2224 338 2282 unitatem
368 2225 470 2283 Dei
499 2225 816 2283 custodiens
847 2226 1117 2282 mediator
1151 2226 1251 2282 Dei
1289 2236 1343 2284 et
1371 2226 1661 2282 hominum

75 2313 272 2383 vocari,
323 2313 480 2386 quasi
539 2314 680 2372 alius
736 2322 878 2372 esset
931 2316 1098 2383 Deus,
1165 2315 1262 2388 qui
1306 2315 1663 2372 dissidentem

79 2401 344 2460 hominem
365 2420 398 2460 a
425 2405 538 2460 Deo
557 2403 619 2459 in
649 2405 880 2476 gratiam
911 2411 1191 2460 revocaret
1215 2419 1227 2458 :
1261 2404 1355 2462 sed
1386 2403 1552 2460 homo
1573 2403 1668 2477 qui

83 2491 234 2564 legem
255 2491 440 2550 datam
461 2509 575 2550 non
613 2493 936 2566 praeteriret,
967 2493 1146 2552 factus
1183 2501 1266 2550 est
1293 2492 1500 2548 arbiter
1525 2492 1670 2550 inter

83 2597 189 2637 eum
216 2582 308 2654 qui
337 2580 611 2655 peccavit,
643 2591 696 2638 et
729 2582 875 2639 inter
911 2581 1072 2639 illum
1104 2583 1199 2656 qui
1239 2599 1460 2656 peccare
1504 2583 1670 2655 igno-

86 2668 252 2726 rabat:
284 2675 346 2728 ut
375 2669 471 2727 hic
498 2669 827 2744 ignosceret,
858 2679 911 2729 et
940 2670 1108 2728 homo
1139 2671 1205 2728 de
1239 2680 1437 2728 caztero
1480 2670 1538 2726 in
1567 2669 1666 2727 Dei

93 2757 182 2815 ﬁde
217 2767 480 2818 maneret.

143 2847 310 2917 (Vers.
344 2848 396 2917 6,
436 2847 516 2920 7.)
564 2843 708 2917 «Qui
753 2847 905 2906 dedit
942 2848 1293 2923 semetipsum
1325 2847 1667 2922 redemptio-

87 2950 189 2991 nem
237 2953 330 3009 pro
356 2936 647 3008 omnibus,
697 2936 856 3010 cujus
897 2938 1277 2995 testimonium
1327 2935 1668 3010 temporibus

89 3024 184 3080 suis
207 3025 389 3084 datum
420 3034 532 3096 est,
573 3026 634 3084 in
676 3043 785 3100 quo
815 3027 1026 3101 positus
1056 3045 1177 3085 sum
1210 3045 1308 3102 ego
1341 3027 1669 3100 praedicator

86 3118 129 3168 et
167 3117 429 3188 apostolus
490 3115 808 3189 (veritatem
854 3116 1001 3185 dico,
1050 3133 1162 3174 non
1209 3116 1496 3188 mentior),
1539 3131 1666 3170 ma-

87 3203 225 3274 gister
247 3207 497 3296 gentium
528 3206 588 3264 in
618 3206 728 3296 ﬁde
758 3215 812 3264 et
839 3207 1092 3264 veritate.
1127 3233 1145 3257 ι
1190 3206 1464 3275 Quoniam
1492 3205 1663 3296 homo
1696 3235 1740 3296 ο

88 3293 434 3355 reconciliatus
477 3298 613 3366 Deo,
640 3295 756 3369 jam
785 3296 1063 3354 obnoxius
1113 3303 1229 3354 erat
1276 3295 1442 3352 morti
1485 3295 1666 3352 infer-

88 3398 172 3453 nae,
224 3394 280 3442 ut
324 3388 390 3445 ad
445 3387 634 3444 Deum
694 3385 786 3443 cui
844 3385 1233 3444 reconciliatus
1285 3394 1421 3458 erat,
1487 3394 1668 3459 posset

87 3475 358 3546 ascendere,
404 3477 674 3535 Salvator
710 3484 772 3532 ut
797 3474 1089 3531 arbitrium
1120 3491 1281 3532 suum
1311 3476 1379 3532 ad
1413 3475 1665 3532 eﬁ'ectum

92 3565 396 3639 perduceret,
434 3568 589 3625 mori
619 3584 675 3625 se
704 3583 892 3642 passus
937 3573 1020 3625 est
1059 3574 1252 3624 contra
1272 3565 1366 3639 jus
1397 3586 1410 3623 z
1468 3574 1530 3623 ut
1559 3566 1667 3623 de-

97 3657 330 3715 scendens
364 3659 431 3716 ad
479 3657 710 3728 inferos,
773 3665 1006 3715 mortem
1053 3656 1121 3714 de
1165 3656 1444 3733 impietate
1500 3672 1666 3730 quam

102 3741 224 3801 ineo
251 3756 498 3820 gesserat,
554 3747 866 3816 damnaret,
912 3746 1168 3805 auferens
1210 3745 1292 3803 eis
1335 3762 1472 3820 quos
1501 3753 1664 3802 tene-

101 3829 191 3900 bat,
230 3845 286 3892 ut
325 3839 391 3896 de
435 3846 636 3897 caetero
683 3837 932 3912 quisquis
979 3837 1197 3912 signum
1254 3835 1372 3909 ejus
1418 3835 1662 3905 haberet,

102 3917 155 3972 ab
193 3939 248 3978 ea
291 3926 463 3982 teneri
520 3942 632 3982 non
691 3933 890 3998 posset.
940 3924 1113 3996 Cujus
1158 3924 1239 3982 rei
1289 3922 1664 3982 testimonium

103 4011 313 4082 tempore
341 4032 450 4089 quo
487 4016 818 4084 resurrexit,
853 4013 1132 4082 ostendit;
1184 4013 1486 4070 destructio
1515 4011 1664 4069 enim

104 4100 266 4158 mortis
331 4105 662 4162 resurrectio
725 4111 1069 4162 mortuorum
1117 4110 1218 4160 est.
1283 4102 1455 4169 Quam
1513 4118 1664 4175 spem

105 4187 272 4248 missus
299 4201 381 4250 est
421 4194 516 4250 hic
544 4195 840 4265 Apostolus
870 4193 1114 4266 gentium
1165 4191 1478 4266 praedicare,
1509 4199 1572 4249 ut
1599 4193 1665 4248 ab

106 4290 154 4331 eo
197 4279 470 4337 discerent
535 4298 656 4354 qua:
719 4298 842 4354 spes
894 4289 1034 4339 esset
1091 4282 1150 4337 in
1205 4280 1471 4338 Christo:
1537 4279 1667 4338 hinc

106 4367 222 4425 enim
252 4371 436 4429 dictus
465 4379 546 4428 est
575 4370 855 4444 magister,
881 4379 943 4429 ut
969 4371 1136 4427 ﬁdem
1166 4370 1386 4428 doceret
1414 4377 1468 4427 et
1511 4370 1669 4426 veri-

108 4461 238 4515 tatem
247 4503 259 4518 .

162 4547 326 4616 (Vere.
359 4550 443 4624 8.)
488 4575 509 4600 ι
539 4549 683 4610 Volo
711 4549 896 4624 itaque
922 4565 1074 4607 orare
1096 4547 1246 4606 viros
1264 4547 1322 4605 in
1353 4549 1504 4606 omni
1523 4550 1664 4620 loco,

113 4628 317 4696 levantes
347 4647 563 4700 sanctas
595 4657 792 4698 manus
834 4639 952 4696 sine
981 4639 1060 4696 ira
1089 4649 1144 4698 et
1188 4641 1598 4715 disceptatione.
1630 4666 1650 4690 ι

111 4720 362 4791 Paciﬁcum
409 4735 658 4792 animum
706 4741 894 4792 monet
934 4733 992 4791 in
1024 4735 1270 4792 oratione
1299 4751 1413 4794 esse
1445 4735 1662 4805 debere,

113 4820 160 4868 ιιι
189 4819 246 4876 ad
273 4819 520 4883 eﬁ'ectum
558 4825 864 4884 deducatur
892 4826 1106 4896 oratio;
1139 4835 1343 4884 sanctae
1371 4827 1520 4885 enim
1553 4843 1664 4883 ma-

115 4915 196 4961 nus
225 4921 362 4983 sunt,
407 4916 625 4988 quando
675 4933 773 4976 cor
814 4916 1086 4974 mundum
1124 4922 1226 4974 est.
1273 4916 1364 4975 Sic
1392 4925 1578 4974 tamen
1605 4915 1665 4973 in

115 4995 235 5085 amni
263 4999 374 5059 loco
417 5005 683 5064 orandum
714 5006 982 5081 precipit,
1039 5013 1101 5063 ut
1151 5012 1466 5079 competens
1513 5006 1667 5062 locus

120 5085 438 5164 mtelligatur,
460 5111 573 5153 non
598 5096 791 5171 utique
818 5097 1140 5170 importuno
1159 5106 1254 5153 aut
1271 5094 1496 5153 sordido
1521 5095 1662 5163 loco,

119 5171 282 5259 ἷίηίΡΡθ
309 5198 428 5240 cum
480 5185 768 5259 prohibeat
808 5186 1078 5244 Dominus
1120 5187 1288 5259 vulgo
1332 5199 1524 5242 orare:
1570 5183 1664 5240 sed

121 5253 198 5351 φο
224 5279 412 5342 monet.
444 5253 512 5331 ne
552 5275 610 5334 in
657 5277 774 5335 sola
810 5273 1057 5336 Ecclesia
1102 5285 1358 5351 putarent
1396 5273 1664 5332 orandum

123 5346 298 5414 (Matth.
329 5377 403 5432 vr,
430 5364 487 5436 ὅ,
514 5366 596 5438 6).

177 5449 333 5537 (Vera.
363 5460 416 5530 9,
468 5463 582 5537 10.)
628 5487 646 5512 ε
675 5465 944 5524 Similiter
995 5473 1049 5524 et
1078 5466 1338 5523 mulieres
1385 5466 1442 5520 in
1472 5462 1667 5520 habitu

123 5535 353 5618 0I’dinate,
397 5565 522 5610 cum
562 5535 904 5614 verecundia
965 5563 1022 5614 et
1068 5555 1359 5630 pudicitia,
1408 5560 1667 5611 ornantes

1771 1947 1898 2005 lam.
1943 1947 2161 2017 Quanto
2217 1947 2363 2006 enim
2413 1948 2736 2008 hominibus
2797 1950 3086 2024 splendida
3125 1952 3366 2024 videtur,

1770 2043 1925 2093 tanto
1954 2036 2127 2110 magis
2156 2036 2460 2110 despicitur
2497 2056 2526 2094 a
2557 2040 2690 2097 Deo.

1845 2127 2027 2198 (Vers.
2063 2126 2148 2196 11,
2199 2127 2312 2198 12.)
2359 2153 2378 2176 ι
2424 2127 2623 2186 Mulier
2652 2129 2709 2187 in
2745 2126 2968 2189 silentio
3023 2129 3198 2192 discat
3242 2151 3368 2194 cum

1773 2218 1924 2273 omni
1973 2217 2334 2290 subjectione.
2381 2219 2515 2276 Nam
2569 2218 2763 2279 docere
2811 2221 3034 2283 mulieri
3092 2242 3204 2284 non
3235 2242 3369 2300 per-

1775 2305 2036 2375 mittitur,
2096 2322 2271 2379 neque
2318 2307 2591 2364 dominari
2634 2308 2691 2365 in
2749 2310 2952 2380 virum,
3003 2312 3095 2370 sed
3154 2331 3270 2372 esse
3313 2315 3372 2374 in

1777 2393 2016 2450 silentio.
2046 2418 2063 2440 -
2107 2395 2227 2451 Non
2257 2395 2436 2451 solum
2467 2393 2717 2456 habitum
2750 2397 3017 2458 humilem
3052 2401 3253 2461 habere
3281 2405 3372 2463 de-

1775 2479 1904 2540 bere
1935 2482 2240 2552 mulierem,
2274 2501 2467 2540 verum
2500 2485 2662 2546 etiam
2694 2488 3079 2548 auctoritatem
3110 2489 3160 2548 ei
3197 2492 3375 2551 dene-

1777 2570 2031 2646 gandam,
2075 2580 2128 2628 et
2166 2571 2564 2644 subjiciendum
2612 2571 2861 2649 praecipit
2922 2579 3086 2636 viro:
3146 2588 3209 2638 ut
3261 2589 3375 2639 tam

1776 2661 1990 2731 habitu,
2025 2677 2188 2736 quam
2238 2657 2516 2737 obsequiis
2562 2663 2664 2721 sub
2713 2673 2980 2738 potestate
3022 2666 3094 2724 sit
3142 2664 3271 2737 viri,
3305 2685 3376 2727 ex

1775 2769 1884 2827 quo
1919 2749 2089 2808 trahit
2117 2751 2406 2824 originem.

1850 2841 2033 2915 (Vers.
2073 2840 2158 2910 13,
2199 2839 2285 2911 lli,
2319 2838 2434 2915 15.)
2481 2865 2500 2890 ‹
2529 2832 2706 2900 Adam
2738 2837 2886 2903 enim
2917 2842 3129 2920 primus
3157 2855 3374 2906 creatus

1775 2940 1856 2990 est
1887 2931 2042 3006 (Gen.
2091 2950 2130 3001 ι,
2164 2931 2278 3004 27),
2312 2929 2511 2988 deinde
2549 2933 2668 2988 Eva
2702 2932 2858 3005 (Gen.
2891 2951 2954 3004 ιι,
2983 2935 3075 3008 21)
3112 2943 3166 2995 et
3194 2938 3370 2996 Adam

1776 3041 1887 3083 non
1935 3033 2015 3082 est
2062 3022 2340 3096 seductus,
2389 3024 2589 3082 mulier
2635 3034 2815 3082 autem
2867 3026 3091 3085 seducta
3119 3028 3261 3086 facta
3287 3035 3370 3089 est

1775 3115 1833 3172 in
1864 3110 2315 3188 praevaricatione
2347 3114 2504 3186 (Gen.
2532 3131 2616 3182 ιιι,
2649 3113 2728 3185 6).
2761 3114 2924 3170 Salva
2941 3123 3124 3173 autem
3149 3117 3253 3176 erit
3274 3134 3370 3191 per

1776 3205 2020 3261 ﬁliorum
2069 3205 2498 3276 generationem,
2547 3202 2594 3259 si
2624 3205 2888 3260 manserit
2930 3206 2988 3261 in
3037 3205 3144 3262 ﬁde
3189 3215 3243 3263 et
3271 3205 3370 3264 di-

1779 3294 2033 3364 lectione,
2075 3302 2129 3350 et
2173 3293 2539 3352 sanctimonia
2582 3309 2708 3350 cum
2749 3294 3034 3368 pudicitia.
3065 3319 3085 3344 ι
3146 3296 3372 3354 Ριοειιῑθινι

1776 3381 1961 3441 virum
2009 3383 2252 3453 mulieri,
2308 3388 2530 3456 propter
2571 3381 2718 3456 quod
2760 3382 2972 3456 primus
3009 3392 3221 3443 creatus
3269 3395 3370 3457 est,

1777 3481 1838 3529 ut
1875 3471 2107 3528 inferior
2135 3473 2208 3530 sit
2251 3473 2472 3542 mulier,
2514 3471 2642 3547 quia
2671 3480 2792 3546 post
2849 3472 3032 3530 virum
3071 3483 3126 3532 et
3153 3490 3223 3532 ex
3252 3476 3375 3534 viro

1776 3571 1955 3618 creata
1983 3569 2082 3617 est.
2115 3560 2326 3634 Adjicit
2381 3569 2436 3617 et
2477 3561 2651 3631 aliud,
2683 3561 2812 3635 quia
2839 3561 3092 3620 diabolus
3136 3580 3248 3622 non
3279 3565 3376 3626 vi-

1775 3667 1901 3707 rum
1952 3650 2192 3720 seduxit,
2224 3650 2319 3706 sed
2359 3650 2687 3719 mulierem;
2715 3650 2804 3707 vir
2829 3658 3011 3708 autem
3042 3667 3138 3726 per
3165 3653 3376 3712 mulie-

1775 3755 1890 3796 rem
1921 3739 2181 3814 deceptus
2209 3746 2332 3797 est:
2380 3755 2442 3796 ac
2471 3756 2567 3814 per
2608 3740 2714 3797 hoc
2755 3740 2911 3796 nulla
2935 3741 3020 3797 illi
3058 3742 3376 3800 conceden-

1775 3835 1845 3892 da
1871 3835 2098 3892 audacia
2142 3843 2244 3905 est,
2295 3837 2392 3894 sed
2436 3852 2554 3893 esse
2581 3834 2744 3892 debet
2774 3835 2833 3891 in
2863 3834 3212 3892 humilitate:
3244 3836 3376 3908 quia

1775 3941 1871 3999 per
1895 3925 2047 3982 illam
2077 3941 2225 3982 mors
2263 3923 2493 3980 intravit
2546 3924 2605 3980 in
2637 3923 2930 3980 mundum.
2997 3945 3018 3970 ι
3047 3921 3210 3979 Salva
3245 3925 3370 3993 erit,

1774 4014 1978 4088 inquit,
2001 4031 2097 4089 per
2127 4014 2373 4072 ﬁliorum
2406 4012 2812 4086 generationem
2838 4030 2850 4069 :
2881 4011 2929 4069 si
2968 4020 3152 4069 tamen
3177 4011 3236 4070 in
3263 3999 3372 4072 ﬁde

1775 4104 2061 4171 manserit,
2111 4111 2164 4160 et
2212 4102 2500 4172 charitate,
2540 4109 2593 4158 et
2627 4117 2764 4174 pura
2801 4099 2935 4158 vita.
2988 4126 3008 4150 ι
3069 4101 3181 4160 Hos
3222 4103 3372 4162 enim

1776 4194 1923 4252 ﬁlios
1941 4193 2100 4262 dicit,
2129 4191 2224 4267 qui
2261 4200 2650 4266 regenerantur
2678 4208 2774 4265 per
2796 4191 2962 4250 ﬁdem
2987 4191 3214 4264 Christi,
3242 4195 3374 4270 quia

1775 4285 1821 4343 si
1847 4284 1906 4339 in
1949 4284 2298 4357 generatione
2345 4299 2441 4341 sua
2469 4282 2529 4340 lii
2578 4282 3072 4356 perseveraverint,
3111 4300 3237 4343 cum
3283 4285 3372 4343 his

1776 4372 2101 4431 liberabitur
2141 4373 2343 4430 mulier
2367 4388 2657 4448 resurgens
2685 4389 2755 4431 ex
2785 4374 3040 4443 mortuis,
3072 4389 3184 4430 non
3222 4375 3370 4448 quod

1775 4471 1842 4528 ab
1887 4471 2002 4529 illis
2050 4469 2390 4542 liberabitur,
2424 4469 2570 4528 294
2597 4473 2692 4532 sed
2727 4489 2824 4548 per
2867 4473 3092 4532 illorum
3135 4490 3369 4546 genera-

1775 4563 2018 4633 tionem;
2061 4581 2189 4622 nam
2232 4581 2358 4622 cum
2403 4566 2656 4634 credunt,
2704 4564 2801 4636 qui
2846 4562 3108 4622 destinati
3154 4571 3284 4618 sunt
3309 4561 3370 4617 in

1773 4654 1943 4712 vitam
1991 4663 2267 4724 aeternam,
2330 4656 2651 4727 pervenitur
2696 4652 2764 4710 ad
2814 4649 3270 4708 resurrectionem
3299 4664 3370 4703 ex

1775 4745 2028 4813 mortuis,
2079 4753 2132 4801 et
2171 4745 2265 4799 ﬁet
2320 4745 2490 4811 salva,
2530 4738 2883 4798 credentibus
2914 4739 3050 4806 illis,
3096 4743 3150 4791 et
3198 4734 3370 4791 vitam

1773 4842 1977 4891 castam
2033 4833 2339 4903 agentibus.
2399 4829 2616 4885 Tandiu
2666 4826 2816 4883 enim
2871 4820 3199 4882 resurrectio
3255 4838 3369 4880 sus-

1774 4938 1942 4995 pensa
1988 4928 2092 4990 est,
2161 4918 2411 4991 quandiu
2464 4932 2658 4973 omnes
2712 4911 2942 4971 credant
2998 4908 3369 4986 praedestinati

1773 5011 1841 5068 ad
1872 5011 2128 5068 salutem.

2379 5091 2606 5153 CAPUT
2643 5090 2739 5152 ΙΙΙ.

1849 5189 2030 5261 (Vera.
2066 5186 2144 5258 1.)
2188 5209 2206 5234 ι
2229 5183 2514 5242 Humanus
2539 5196 2749 5241 sermo:
2772 5175 2820 5233 si
2847 5178 2972 5250 quis
2996 5178 3371 5252 episcopatum

1772 5280 2067 5349 desiderat,
2115 5278 2324 5336 bonum
2371 5293 2510 5350 opus
2550 5272 2847 5333 desiderat.
2879 5294 2899 5318 ι
2945 5268 3218 5338 Quoniam
3261 5268 3371 5340 epi-

1773 5389 1998 5445 scopum
2027 5373 2184 5430 bonaa
2215 5369 2345 5428 vitae
2375 5383 2490 5427 esse
2519 5370 2754 5440 oportet,
2797 5358 3008 5419 idcirco
3037 5358 3132 5432 qui
3160 5356 3372 5445 episeo-

1775 5443 1962 5536 patum
1992 5462 2164 5534 cupit,
2225 5458 2433 5514 bonum
2462 5472 2598 5528 opus
2628 5446 2927 5536 desiderat.
2959 5448 3076 5536 Hoc
3100 5443 3247 5502 enim
3277 5461 3374 5504 cu-

1774 5533 1952 5626 piens,
1982 5533 2182 5606 bonam
2212 5547 2385 5604 vitam
2410 5551 2662 5620 appetere
2690 5533 2952 5607 videtur;
2984 5534 3031 5593 si
3061 5542 3244 5594 tamen
3265 5547 3378 5592 non

181 5739 276 5818 (36)
305 5747 454 5810 Rom.
489 5753 646 5825 edit.,
679 5755 809 5829 quia
839 5755 979 5814 enim
1007 5771 1172 5814 unum
1193 5761 1298 5822 est;
1326 5759 1538 5816 caeteras
1557 5767 1622 5814 ac
1643 5767 1846 5859 mss...,
1874 5761 2010 5806 unus
2041 5751 2134 5816 est,
2165 5743 2360 5819 supple
2389 5743 2554 5802 Deus.
