3908 6192
543 319 650 376 495
1561 314 1658 372 AD
1698 313 1932 372 OPERA
1970 315 2027 370 S.
2067 309 2401 370 AMBROSII
2440 306 2821 366 APPENDIX.
3747 308 3848 366 496

531 443 599 500 ab
651 440 722 498 iis
770 442 1009 500 declinet
1065 459 1185 516 quae
1250 441 1308 498 in
1375 439 1638 512 subjectis
1697 438 1991 510 habentur,
2060 456 2128 494 ne
2162 443 2211 502 Α
2240 435 2425 510 quiin
2466 433 2762 490 mundanis
2810 431 2970 489 rebus
3013 437 3070 487 et
3123 429 3548 487 conversatione
3600 429 3846 488 humana

530 533 832 590 ambitione
888 540 981 588 aut
1025 531 1298 589 desiderio
1355 529 1602 604 pecunia:
1661 527 1766 584 hoc
1810 529 1982 601 egisse
2049 527 2128 582 vi-
2239 525 2419 582 ﬁdelis
2448 523 2678 580 minime
2717 521 3019 590 invenitur,
3049 519 3281 576 dubium
3311 537 3424 577 non
3451 519 3528 576 sit
3550 520 3691 593 quia
3719 522 3845 578 etin

530 621 749 678 deatur.
2238 617 2449 674 divinis
2477 616 2706 674 idoneus
2735 633 2846 673 non
2868 615 3005 672 erit:
3038 613 3085 671 si
3105 621 3285 670 autem
3317 612 3656 669 hominibus
3685 613 3842 669 ﬁdem

603 711 786 782 (Vers.
822 710 901 778 2.)
949 733 966 754 α
1014 708 1242 780 Oportet
1307 706 1455 762 enim
1514 706 1830 779 episcopum
1882 705 2128 777 irrepre-
2238 704 2577 773 exhibuerit,
2623 705 2797 760 multo
2847 702 3018 776 magis
3050 703 3181 758 Deo.
3230 725 3248 748 σ
3277 701 3354 756 Ne
3385 699 3445 755 in
3477 699 3843 773 opprobrium

530 798 859 855 hensibilem
900 813 1034 852 esse.
1084 820 1102 843 ι
1165 796 1355 862 Qualis
1408 795 1697 869 episcopus
1751 795 1944 853 debeat
1990 811 2126 862 esse,
2241 793 2452 851 incidat
2479 802 2534 851 et
2566 796 2819 867 laqueum
2858 790 3087 850 diaboli.
3124 817 3142 838 ι
3195 788 3256 846 Si
3296 789 3558 846 timorem
3590 792 3696 848 Dei
3727 801 3843 848 ante

529 885 824 951 describit;
875 893 936 941 ut
964 901 1125 942 nemo
1158 884 1533 958 episcopatum
1565 893 1782 958 appetat
1813 885 1919 941 nisi
1963 884 2131 940 fuerit
2239 884 2428 939 oculos
2473 899 2583 939 non
2634 883 2890 939 habuerit
2937 880 3244 953 episcopus,
3303 878 3544 951 tempori
3577 880 3758 952 magis
3793 898 3842 936 se

529 973 695 1039 ﬁdus,
743 981 797 1029 et
842 973 937 1046 qui
989 975 1055 1031 ab
1095 973 1352 1032 omnibus
1402 974 1696 1032 contrariis
1753 974 2027 1031 abstinere
2074 989 2129 1029 se
2240 971 2616 1041 commodans,
2676 972 2825 1028 hunc
2869 971 3022 1044 quasi
3071 968 3351 1026 inﬁdelem
3401 977 3456 1025 et
3511 970 3841 1042 pseudopro-

528 1061 701 1134 possit
725 1077 737 1116 :
772 1070 832 1117 ut
863 1078 973 1118 non
1001 1062 1262 1136 indignus
1283 1065 1354 1119 sit
1383 1081 1483 1121 sua
1510 1063 1866 1137 professione.
1915 1088 1931 1108 -
1956 1062 2130 1118 Unius
2239 1061 2459 1134 phetam
2480 1061 2682 1118 deserit
2700 1064 2862 1130 Deus,
2897 1067 2951 1116 et
2979 1059 3245 1116 deformis
3275 1059 3562 1116 videbitur
3587 1060 3843 1116 omnibus

527 1151 721 1208 uxoris
750 1151 954 1207 virum.
984 1175 1002 1199 ι
1047 1151 1312 1219 Quamvis
1358 1153 1656 1210 secundam
1701 1168 1930 1209 numero
1979 1168 2130 1206 uxo-
2240 1161 2293 1207 et
2339 1153 2687 1209 maculosus:
2743 1151 2872 1224 quia
2942 1150 3103 1206 aliter
3146 1150 3281 1205 facit
3330 1166 3495 1222 quam
3557 1149 3840 1222 praedicat,

528 1256 642 1296 rem
684 1255 793 1294 non
843 1239 913 1294 sit
973 1239 1172 1296 habere
1224 1240 1604 1313 prohibitum;
1644 1251 1707 1298 ut
1769 1248 1950 1296 tamen
2006 1240 2129 1312 quis
2240 1241 2424 1296 verbis
2480 1241 2594 1296 suis
2643 1239 2757 1313 ipse
2799 1256 2856 1296 se
2907 1255 3189 1307 accusans,
3231 1237 3362 1311 quia
3418 1239 3723 1311 deputatus
3769 1247 3844 1295 est

528 1326 730 1400 dignus
757 1327 824 1384 ad
852 1327 1226 1400 episcopatum
1257 1329 1350 1398 sit,
1381 1330 1546 1386 etiam
1579 1329 1731 1386 licita
1776 1329 1934 1386 debet
1985 1344 2129 1401 sper-
2241 1330 2386 1403 gregi
2416 1331 2660 1395 Satanae;
2700 1338 2835 1385 tunc
2862 1328 3013 1384 enim
3043 1345 3172 1384 vera
3203 1345 3258 1384 se
3289 1327 3486 1400 probat
3525 1329 3841 1401 praedicare,

528 1432 658 1472 nere
699 1423 922 1489 propter
951 1416 1349 1473 sublimitatem
1399 1418 1573 1490 ipsius
1603 1417 1835 1487 ordinis,
1869 1417 1997 1490 quia
2030 1434 2128 1473 ειη·
2239 1419 2284 1474 si
2331 1437 2394 1476 ea
2421 1428 2650 1476 conetur
2688 1427 2743 1476 et
2772 1434 2975 1491 gerere.
3005 1418 3200 1490 Magna
3227 1434 3357 1491 ergo
3386 1435 3520 1474 cura
3561 1419 3844 1491 eligendus

527 1505 661 1562 teris
717 1506 914 1562 melior
967 1505 1130 1563 debet
1187 1524 1324 1576 esse,
1384 1507 1478 1580 qui
1537 1507 1771 1580 cupidus
1835 1514 1918 1563 est
1986 1507 2130 1563 sedis
2239 1517 2322 1567 est
2349 1511 2443 1583 qui
2473 1510 2699 1566 domum
2731 1509 2828 1566 Dei
2863 1507 3153 1581 regendam
3187 1507 3427 1580 accipit;
3463 1508 3510 1563 si
3538 1509 3693 1564 enim
3726 1517 3844 1567 ter-

529 1595 704 1653 illius.
2238 1599 2495 1654 restrium
2530 1615 2711 1655 rerum
2739 1597 3145 1670 dispensatores
3162 1595 3350 1654 idonei
3381 1596 3668 1670 quaerendi
3691 1605 3841 1665 sunt,

603 1685 786 1755 (Vers.
811 1683 966 1756 3,4.)
1003 1710 1020 1732 ι
1041 1685 1623 1760 Sobrium,pudicum,
1646 1696 1922 1758 ornatum,
1945 1687 2128 1761 hospi-
2239 1695 2446 1760 quanto
2476 1688 2648 1759 magis
2690 1685 2997 1743 ccelestium
3023 1687 3035 1741 l

528 1775 717 1841 talem,
752 1773 1073 1843 docibilem,
1114 1792 1228 1832 non
1257 1777 1562 1834 obnoxium
1611 1778 1766 1847 vino,
1798 1795 1907 1834 non
1941 1778 2127 1834 verbe-
2156 1803 2202 1863 Β
2313 1777 2492 1848 (Vers.
2532 1776 2585 1845 8,
2637 1777 2691 1844 9,
2728 1776 2841 1848 10.)
2883 1801 2900 1823 ι
2931 1774 3204 1832 Diaconos
3231 1774 3349 1847 pari
3389 1774 3556 1831 modo
3588 1775 3840 1849 pudicos,

530 1871 792 1930 ratorem,
822 1863 916 1920 sed
962 1865 1270 1922 modestum
1325 1867 1472 1939 (37);
1510 1885 1620 1924 non
1650 1867 1976 1940 litigiosum,
2016 1883 2127 1922 non
2238 1881 2349 1922 non
2371 1865 2666 1937 bilingues,
2695 1881 2805 1920 non
2836 1864 2968 1920 vino
2989 1866 3167 1920 multo
3190 1863 3422 1932 deditos,
3449 1881 3566 1920 non
3585 1865 3841 1938 turpibus

530 1969 782 2026 asperum
813 1971 825 2008 :
876 1953 970 2010 sed
1002 1955 1229 2012 domum
1278 1973 1432 2012 suam
1486 1957 1622 2013 bene
1652 1965 1949 2029 regentem,
1984 1956 2128 2012 ﬁlios
2239 1954 2408 2011 lucris
2443 1961 2717 2022 vacantes,
2750 1953 3015 2009 habentes
3062 1951 3380 2025 mysterium
3410 1952 3541 2008 ﬁdei
3606 1953 3672 2009 in
3704 1971 3841 2012 con-

530 2040 822 2098 habentem
872 2042 1122 2098 subditos
1173 2060 1298 2100 cum
1349 2046 1502 2100 omni
1551 2046 1819 2102 castitate.
1863 2072 1881 2094 ι
1941 2047 2128 2102 Talem
2241 2043 2467 2100 scientia
2495 2060 2650 2115 pura.
2683 2043 2755 2098 Et
2805 2041 2864 2097 hi
2902 2049 3086 2098 autem
3133 2040 3423 2114 probentur
3471 2040 3757 2113 primum,
3795 2050 3841 2098 et

529 2129 812 2187 hominem
867 2131 962 2203 qui
1011 2131 1128 2188 haec
1175 2133 1474 2202 custodiat,
1503 2151 1623 2206 quae
1648 2142 1933 2197 enumerat
1961 2135 2125 2205 bona,
2239 2134 2318 2192 sic
2347 2132 2665 2189 ministrent
2712 2131 2830 2188 sine
2880 2131 3132 2188 crimine.
3167 2155 3185 2180 ι
3227 2130 3329 2198 Qui
3358 2137 3512 2185 tanta
3541 2129 3701 2187 circa
3729 2132 3836 2188 dia-

529 2220 703 2278 creari
751 2219 888 2276 dicit
942 2220 1138 2276 debere
1190 2223 1529 2296 episcopum.
1587 2225 1711 2281 Ilaec
1766 2225 1910 2281 enim
1975 2226 2128 2298 signa
2239 2240 2405 2280 conos
2458 2222 2739 2294 eligendos
2788 2221 3058 2295 prmcipit,
3106 2237 3242 2294 quos
3285 2227 3500 2276 constat
3558 2221 3840 2280 ministros

531 2318 657 2366 sunt
703 2309 988 2382 dignitatis
1035 2309 1385 2384 episcopalis.
1438 2313 1493 2367 Si
1550 2323 1731 2369 autem
1763 2315 1886 2387 quis
1915 2315 2131 2387 potiora
2239 2329 2353 2370 esse
2389 2313 2756 2380 sacerdotum,
2802 2313 2990 2384 quales
3036 2312 3157 2367 vult
3213 2326 3329 2366 esse
3381 2311 3689 2383 episcopos,
3735 2310 3837 2365 nisi

530 2407 786 2470 sectatus,
847 2407 899 2454 et
928 2416 1126 2472 corpus
1155 2408 1209 2456 et
1244 2400 1484 2456 animam
1515 2419 1668 2458 suam
1698 2404 1811 2458 Deo
1839 2401 2126 2470 dicaverit,
2239 2401 2381 2458 sicut
2428 2402 2541 2474 ipse
2589 2403 2688 2468 ait,
2738 2399 3266 2472 irreprehensibiles,
3327 2399 3547 2471 negotia
3600 2399 3834 2472 publica,

529 2504 598 2544 ne
629 2505 683 2544 se
713 2489 930 2562 copulet
959 2489 1346 2545 matrimonio:
1380 2499 1534 2546 tanto
1563 2492 1737 2564 magis
1766 2491 1984 2564 dignior
2010 2490 2124 2546 ﬁet.
2238 2491 2421 2563 turpia
2473 2499 2527 2546 et
2595 2491 2730 2546 vilia
2795 2490 2946 2546 lucra
3003 2505 3115 2545 non
3163 2489 3471 2544 habentes?
3520 2487 3639 2544 Scit
3694 2489 3833 2544 enim

529 2579 660 2636 Ideo
690 2579 840 2634 enim
872 2579 1192 2636 inferiorem
1230 2581 1437 2652 posuit,
1478 2589 1539 2637 ut
1589 2582 1656 2637 de
1708 2583 1920 2654 potiore
1966 2598 2128 2638 nemo
2240 2580 2362 2636 ideo
2393 2579 2682 2652 negotiari,
2707 2589 2769 2636 ut
2807 2581 3027 2653 capiant
3057 2582 3227 2648 lucra,
3259 2595 3361 2636 nec
3393 2579 3545 2634 aliud
3574 2579 3830 2651 proﬁten-

529 2665 826 2724 dubitaret.
2237 2677 2329 2725 tur
2375 2685 2538 2742 quam
2587 2677 2801 2742 gerunt.
2851 2671 3056 2743 Turpia
3102 2671 3286 2724 autem
3333 2669 3483 2724 lucra
3535 2667 3654 2724 haec
3700 2668 3828 2724 dicit

606 2759 792 2827 (Vers.
825 2757 906 2830 5.)
968 2783 987 2807 ι
1018 2758 1074 2814 Si
1107 2758 1230 2831 quis
1279 2767 1461 2816 autem
1513 2759 1704 2816 domui
1751 2777 1861 2817 sua:
1900 2776 2128 2832 prmesse
2238 2776 2374 2827 esse,
2423 2759 2470 2815 si
2501 2759 2601 2814 sub
2631 2758 2721 2830 pia
2762 2757 3100 2830 professione
3153 2756 3456 2831 quaestibus
3513 2757 3827 2823 studeatur;

539 2847 737 2914 nescit,
775 2846 1048 2918 quomodo
1093 2848 1354 2904 Ecclesiae
1403 2849 1502 2906 Dei
1532 2850 1877 2922 diligentiam
1906 2851 2128 2906 adhibe-
2239 2847 2417 2921 turpis
2443 2847 2592 2903 enim
2623 2846 3074 2920 deprehenditur,
3108 2862 3232 2902 cum
3256 2861 3312 2901 se
3344 2861 3548 2918 purum
3579 2854 3828 2902 ostentet.

533 2932 658 2988 bit?
703 2956 722 2980 ι
777 2935 1127 2990 Manifestum
1167 2945 1247 2991 est
1313 2937 1442 3010 quia
1495 2946 1630 2994 tunc
1677 2948 1852 3011 potest
1900 2940 2130 2996 idoneus
2239 2937 2368 2992 Post
2420 2938 2739 3010 episcopum
2791 2944 2976 2992 tamen
3050 2934 3372 2992 diaconatus
3427 2935 3830 2992 ordinationem

533 3027 713 3076 rector
743 3021 963 3078 futurus
993 3022 1234 3095 probari,
1265 3025 1312 3080 si
1339 3027 1494 3097 prius
1522 3026 1748 3081 domum
1779 3044 1932 3082 suam
1982 3035 2129 3082 recte
2239 3025 2473 3097 subjecit
2507 3025 2653 3098 (40).
2685 3025 2882 3094 Quare,
2905 3025 3012 3080 nisi
3034 3024 3163 3098 quia
3178 3023 3418 3096 episcopi
3439 3031 3494 3079 et
3527 3024 3826 3097 presbyteri

532 3109 950 3182 gubernaverit;
979 3111 1074 3184 qui
1101 3113 1249 3168 enim
1280 3113 1339 3168 in
1368 3113 1617 3170 minimis
1639 3114 1817 3171 fidelis
1851 3123 1954 3184 est,
1988 3125 2041 3171 et
2071 3115 2128 3170 in
2157 3155 2201 3216 Ο
2239 3133 2350 3173 una
2378 3115 2658 3173 ordinatio
2688 3117 2818 3172 est?
2862 3117 3101 3188 Uterque
3147 3114 3295 3171 enim
3327 3113 3583 3171 sacerdos
3610 3123 3712 3182 est,
3744 3114 3828 3170 sed

529 3199 744 3272 magnis
763 3198 942 3256 ﬁdelis
966 3208 1048 3256 est
1079 3203 1230 3272 (Luc.
1259 3218 1377 3270 xw,
1413 3203 1524 3274 10).
2159 3198 2201 3216 υ
2237 3207 2523 3280 episcopus
2552 3206 2764 3278 primus
2791 3213 2872 3260 est
2897 3222 2908 3260 :
2943 3212 3006 3260 ut
3027 3204 3207 3260 omnis
3234 3203 3526 3276 episcopus
3555 3203 3827 3275 presbyter

607 3289 789 3360 (Vers.
841 3289 920 3360 6.)
967 3313 984 3336 ι
1019 3289 1140 3345 Νοη
1187 3291 1553 3364 neophytum,
1605 3310 1672 3350 ne
1721 3293 1778 3349 in
1818 3293 2127 3366 superbiam
2238 3299 2328 3365 sit,
2389 3313 2500 3352 non
2547 3305 2729 3352 tamen
2797 3293 2978 3351 omnis
3030 3295 3316 3368 presbyter
3363 3293 3685 3367 episcopus;
3748 3294 3828 3350 hic

529 3378 726 3444 elatus,
781 3377 838 3430 in
882 3377 1156 3447 judicium
1205 3381 1412 3437 incidat
1459 3381 1687 3437 diaboli.
1721 3407 1740 3430 ι
1805 3383 2010 3439 Verum
2049 3391 2129 3438 est
2239 3387 2386 3442 enim
2417 3387 2702 3458 episcopus
2745 3393 2847 3454 est,
2897 3385 2994 3457 qui
3043 3385 3185 3440 inter
3227 3383 3581 3456 presbyteros
3630 3385 3830 3459 primus

531 3463 662 3536 quia
709 3462 872 3517 rudes
902 3463 959 3516 in
987 3462 1093 3517 ﬁde
1125 3467 1302 3521 solent
1331 3468 1526 3523 extolli
1573 3469 1848 3542 superbia,
1889 3470 2129 3524 maxime
2237 3484 2340 3533 est,
2377 3476 2625 3547 Denique
2677 3475 3029 3532 Timotheum
3077 3473 3460 3547 presbyterum
3519 3473 3829 3530 ordinatum

531 3548 578 3638 si
610 3547 1232 3638 _accipian_t‘ordinem;
1283 3557 1530 3610 novitate
1581 3556 1728 3611 enim
1760 3563 1814 3610 et
1861 3565 2129 3627 potestate
2237 3562 2530 3635 signiﬁcat,
2579 3563 2673 3619 sed
2715 3563 2844 3638 quia
2869 3569 2996 3619 ante
3041 3577 3098 3617 se
3143 3563 3378 3617 alterum
3432 3579 3546 3618 non
3577 3562 3825 3628 habebat,

533 3633 786 3726 inflatur,
810 3634 1089 3726 arbitrans
1111 3653 1167 3694 se
1187 3655 1296 3710 pra:
1327 3641 1541 3696 caeteris
1568 3643 1895 3713 digniorem.
1921 3646 2129 3702 V'idens
2239 3633 2528 3726 episcopus
2574 3661 2709 3709 erat.
2731 3633 2902 3708 Unde
2927 3661 2980 3709 et
3010 3650 3474 3725 quemadmodum
3516 3651 3826 3725 episcopum

531 3723 683 3780 enim
737 3725 917 3798 primo
963 3741 1110 3781 anno
1159 3729 1471 3786 nativitatis
1499 3731 1762 3788 collatum
1793 3735 1850 3789 in
1880 3751 1936 3790 se
1960 3735 2130 3791 hono-
2238 3723 2478 3811 ordinet,
2511 3741 2781 3808 ostendit;
2839 3723 3191 3815 nequeenim
3225 3740 3304 3796 fas
3332 3748 3453 3796 erat
3479 3723 3575 3797 aut
3617 3723 3826 3810 licebat,

531 3830 672 3884 rem,
724 3823 882 3888 putat
917 3832 1031 3872 non
1079 3817 1252 3891 magis
1298 3818 1368 3874 ad
1417 3836 1602 3890 suum,
1649 3821 1738 3878 sed
1780 3822 1847 3878 ad
1894 3825 2127 3881 aliorum
2239 3841 2300 3888 ut
2331 3829 2563 3889 inferior
2591 3832 2874 3889 ordinaret
2911 3830 3212 3903 majorem:
3263 3846 3426 3887 nemo
3453 3832 3601 3888 enim
3641 3832 3826 3888 tribuit

529 3905 838 3978 profectum
889 3923 946 3963 se
989 3915 1268 3978 vocatum,
1302 3909 1456 3982 quasi
1502 3910 1833 3969 beneﬁcium
1874 3915 2127 3988 religioni
2239 3926 2386 3995 quod
2413 3939 2523 3978 non
2553 3922 2784 3996 accepit.

529 3996 623 4086 det
677 3998 849 4070 magis
905 4013 1070 4070 quam
1127 3999 1362 4074 accipiat
1425 4000 1492 4057 ab
1541 4017 1632 4069 ea;
1685 4019 1974 4077 perquam
2013 4023 2127 4062 rem
2311 4014 2495 4086 (Vers.
2543 4016 2656 4086 11.)
2727 4038 2744 4062 ι
2802 4014 3061 4072 Mulieres
3111 4012 3369 4071 similiter
3416 4013 3666 4086 pudicas,
3722 4029 3825 4068 non

529 4085 986 4152 θιλῖαενίηθῖπτίῐ
1014 4088 1269 4161 laqueum
1301 4090 1511 4147 ἀίᾶδοιί
1547 4090 1685 4164 (38)·
1722 4093 1952 4151 Inventa
1979 4096 2126 4151 enim
2238 4102 2519 4162 studentes
2566 4085 2879 4172 diScordiaa,
2908 4104 3003 4160 sed
3045 4102 3276 4171 sobrias,
3329 4101 3521 4158 ﬁdeles
3563 4103 3621 4158 in
3659 4103 3827 4158 omni-

529 4179 817 4238 occasione
868 4185 1137 4254 superbia:
1183 4187 1355 4256 illius,
1385 4188 1612 4245 Satanas
1642 4191 1949 4264 praecipitat
1978 4210 2124 4251 eum.
2235 4191 2358 4248 bus.
2389 4217 2407 4240 ι
2467 4193 2607 4260 Quia
2656 4200 2906 4250 sanctum
2954 4192 3202 4266 praecipit
3271 4191 3444 4248 creari
3495 4192 3826 4264 episcopum,

529 4265 762 4355 Ideoque
791 4268 850 4324 in
880 4271 1171 4328 Salomone
1215 4275 1416 4346 legitur
1448 4295 1460 4332 :
1508 4301 1526 4324 ε
1557 4279 1815 4351 Superbis
1845 4283 1991 4338 Deus
2031 4299 2128 4339 re—
2235 4280 2458 4355 adaeque
2477 4289 2531 4337 et
2561 4281 2878 4351 diaconum,
2909 4265 3021 4338 non
3042 4265 3233 4353 utique
3265 4279 3540 4352 disparem
3569 4283 3690 4338 vult
3716 4297 3826 4336 esse

529 4354 677 4412 sistit
707 4358 894 4428 (Prov.
931 4375 1012 4427 ιιι,
1043 4359 1159 4431 34).
1188 4385 1206 4409 ι
1252 4363 1406 4419 Unde
1437 4373 1490 4421 et
1511 4367 1567 4421 in
1589 4368 1697 4422 alia
1724 4369 1955 4441 epistola
1978 4371 2124 4428 idem
2235 4354 2468 4444 plebem,
2501 4371 2704 4445 quippe
2731 4388 2859 4428 cum
2881 4371 3028 4428 dicat
3052 4371 3322 4427 Dominus
3347 4387 3358 4424 :
3398 4371 3622 4428 «Sancti
3640 4379 3824 4439 estote,

528 4448 827 4520 Apostolus
872 4448 985 4506 ait:
1053 4476 1071 4499 ‹
1119 4451 1225 4518 Qui
1269 4469 1326 4508 se
1371 4463 1525 4526 putat
1573 4474 1687 4514 esse
1733 4461 1966 4532 aliquid,
1998 4479 2122 4518 cum
2153 4512 2201 4534 ἢ
2234 4459 2364 4532 quia
2418 4469 2470 4515 et
2517 4477 2615 4532 ego
2663 4469 2883 4518 sanctus
2937 4477 3058 4518 sum
3104 4460 3294 4532 (Leuit.
3327 4476 3452 4528 xix,
3483 4461 3566 4533 2).
3599 4461 3827 4534 Ideoque

526 4535 671 4593 nihil
699 4537 793 4607 sit,
825 4555 881 4595 se
915 4538 1096 4612 ipsum
1137 4540 1350 4598 seducit
1395 4544 1602 4615 (Galat.
1634 4565 1712 4616 v1,
1753 4512 1875 4620 3).]:
1920 4512 1992 4607 έῑ
2019 4553 2124 4608 Do-
2153 4512 2202 4572 D
2232 4512 2396 4606 etiam
2445 4512 2724 4619 mulieres,
2776 4568 2897 4625 qua:
2927 4512 3215 4607 inferidres
3243 4512 3538 4620 videntur:
3567 4551 3686 4607 sine
3713 4512 3828 4607 cii-

525 4627 749 4684 minus:
799 4652 817 4676 ‹
846 4627 951 4694 Qui
993 4645 1070 4698 se,
1117 4629 1321 4704 inquit,
1360 4634 1708 4701 exaltaverit,
1738 4637 2126 4698 humiliabitur
2233 4638 2382 4694 mine
2412 4639 2535 4694 vult
2565 4656 2702 4708 esse,
2724 4649 2785 4698 ut
2812 4641 3018 4697 munda
3038 4641 3109 4697 sit
3132 4641 3379 4698 Ecclesia
3405 4639 3528 4696 Dei.
3553 4640 3659 4696 Sed
3679 4640 3831 4697 Cata-

530 4718 686 4787 (Ῑιιισο
718 4734 838 4787 XI":
877 4719 990 4791 11)-
1025 4745 1044 4769 ι
2232 4727 2456 4802 phrygas
2485 4729 2686 4786 erroris
2715 4731 3057 4788 occasionem
3088 4737 3388 4804 captantes,
3421 4737 3652 4804 propter
3685 4729 3830 4804 quod

597 4808 780 4879 (Vers.
816 4809 896 4881 7.)
941 4833 960 4856 ε
988 4809 1217 4884 Oportet
1244 4819 1427 4872 autem
1463 4824 1519 4872 et
1550 4816 1707 4875 illum
1740 4819 2119 4878 testimonium
2230 4827 2353 4891 post
2400 4818 2660 4877 diaconos
2690 4822 2949 4879 mulieres
2976 4820 3297 4895 alloquitur,
3339 4819 3507 4877 etiam
3541 4819 3686 4894 ipsas
3713 4820 3829 4876 dia-

523 4893 724 4953 habere
751 4897 961 4954 bonum
991 4896 1060 4955 ab
1094 4900 1164 4958 iis
1196 4902 1290 4976 qui
1319 4903 1456 4961 foris
1493 4915 1641 4964 sunt.
1675 4932 1694 4956 ι
1739 4909 1968 4967 Sensum
2015 4912 2120 4967 Do-
2229 4924 2394 4966 conas
2440 4908 2683 4966 ordinari
2737 4910 2934 4968 debere
2963 4893 3122 4967 vana‘
3155 4893 3590 4983 praesumptione
3641 4909 3828 4967 defen-

522 4984 803 5084 mirﬁcum.
823 4994 1066 5084 secutus,
1111 4989 1480 5084 ait-oportere
1508 4995 1760 5055 futurum
1800 4999 2117 5073 episcopum
2229 5001 2388 5070 dunt,
2441 5019 2567 5060 cum
2625 5004 2803 5063 sciant
2853 5003 3128 5078 apostolos
3158 5012 3365 5077 septem
3415 5002 3685 5061 diaconos
3725 5005 3828 5060 ele-

521 5075 919 5174 testimonium‘
942 5075 1159 5174 bonum
1207 5076 1410 5174 habere
1438 5081 1507 5139 ab
1535 5086 1832 5174 extraneis,
1867 5089 1998 5160 quia
2022 5091 2118 5163 qui
2229 5094 2388 5168 gisse.
2437 5096 2721 5170 Numquid
2760 5075 2914 5153 nulla
2959 5096 3160 5153 mulier
3206 5075 3341 5152 tunc
3373 5094 3580 5152 idonea
3607 5096 3828 5152 inventa

519 5162 858 5265 inminin'i‘is
886 5162 1067 5264 fidelis
1095 5173 1195 5265 est,
1227 5175 1281 5224 et
1310 5169 1369 5224 in
1399 5171 1631 5242 magnis,
1655 5175 1809 5265 sicut
1832 5175 1969 5234 dicit
1997 5162 2118 5237 Do-
2227 5162 2328 5254 est,
2361 5202 2488 5243 cum
2517 5162 2662 5244 inter
2704 5185 2961 5244 undecim
2993 5187 3270 5259 apostolos
3312 5193 3533 5241 sanctas
3573 5185 3826 5241 mulieres

520 5253 726 5350 minus.
774 5253 847 5308 Et
886 5253 933 5350 si
985 5253 1042 5309 in
1088 5255 1272 5313 alieno
1294 5274 1608 5350 mammona
1640 5264 1757 5335 (39)
1788 5265 1977 5324 ﬁdeles
2004 5285 2116 5327 non
2227 5253 2396 5331 fuisse
2452 5276 2744 5350 legamus?
2798 5275 2904 5333 Sed
2952 5253 3307 5332 ut—hzeretici
3358 5274 3616 5331 animum
3668 5291 3825 5330 suum

521 5337 727 5409 fuistis,
760 5341 908 5414 quod
947 5352 1191 5400 vestrum
1241 5356 1322 5402 est
1351 5348 1475 5420 quis
1503 5351 1657 5407 dabit
1689 5353 1848 5410 vobis
1868 5355 1896 5412 ?
1926 5357 1996 5411 Ut
2025 5357 2116 5415 hic
2225 5363 2428 5431 verbis,
2462 5337 2573 5420 nan
2599 5381 2762 5420 sensu
2793 5364 2927 5436 legis
2947 5372 3190 5420 astruere
3220 5363 3541 5433 videantur,
3579 5363 3826 5437 Apostoli

595 5489 712 5563 (37)
743 5475 1156 5555 Eademdlom.
1187 5499 1344 5571 edit.,
1385 5505 1745 5584 compositum.
1783 5507 2113 5590 hospitalem,
2299 5515 2416 5587 (39)
2466 5516 2650 5574 Dictio
2696 5534 2995 5572 mammona
3028 5517 3087 5572 in
3144 5518 3304 5574 Rom.
3356 5515 3494 5572 edit.
3554 5525 3826 5592 expuncta

519 5563 705 5612 autum
729 5565 803 5612 ad
827 5565 1111 5612 docendum
1230 5587 1333 5612 mm
1367 5573 1644 5612 hrmmmm
1699 5595 1800 5612 mm
1844 5581 2086 5612 ...ηηιηη
2225 5585 2402 5612 c..-..-.
2460 5588 2548 5612 --.ι
2578 5604 2732 5612 ---μμ
2773 5589 2833 5612 ,ι
2871 5604 3080 5612 _-----...
3102 5587 3131 5612 ο

551 5563 711 5661 Ρξξτέξ
1230 5563 1804 5661 non'_litig{ost¢nt,'non
1843 5563 2113 5661 capiti-unt:
2223 5563 2426 5661 fuerit],

592 5629 711 5704 (38)
742 5633 948 5693 Eadem
976 5638 1110 5698 edit.
1141 5643 1323 5710 Rom.,
1349 5629 1862 5716 ἰησιῖιϊὶῌιῖἀίξίιιηί
2446 5629 3377 5726 ἧδῖιιῗῖείῖἶ,ῖυοῗᾶἓδῆἒυδναιὶοηεηι
3407 5659 3659 5731 subjecit.
