3908 6192
137 314 232 370 497

1143 312 1508 370 COMMENT.
1551 312 1621 368 IN
1658 310 1875 368 EPIST.
1918 311 1940 368 Ι
1979 313 2074 368 AD
2113 313 2398 372 TIMOTH.

3319 322 3424 381 498

135 438 302 497 verbis
346 446 537 496 contra
583 454 806 496 sensum
851 438 1109 496 nituntur
1152 439 1444 510 Apostoli:
1481 444 1544 494 ut
1587 453 1714 495 cum
1744 438 1797 498 Α
1826 437 2047 493 visurus
2092 447 2266 496 esset:
2321 442 2414 499 sed
2459 442 2588 516 quia
2631 445 2770 503 solet
2811 445 2966 504 aliud
3013 446 3228 520 placere
3271 449 3421 518 Deo,

135 529 218 585 ille
261 528 548 584 mulierem
595 528 655 584 in
703 526 951 585 Ecclesia
997 528 1055 584 in
1100 528 1324 584 silentio
1367 545 1480 584 esse
1517 527 1715 584 debere

132 615 416 690 praecipiat,
463 616 548 672 illi
591 633 621 672 e
650 625 843 673 contra
871 617 1038 672 etiam
1077 617 1460 674 auctoritatem
1502 615 1561 672 in
1598 618 1717 673 Ec-

130 706 280 762 clesia
307 704 597 763 vindicent
628 706 947 764 ministerii.

191 795 368 868 (Vers.
405 796 496 865 12,
532 796 646 870 13.)
686 820 704 844 α
733 796 1002 854 Diacones
1033 797 1146 853 sint
1174 797 1340 854 unius
1368 797 1562 853 uxoris
1584 796 1712 865 viri,

127 886 260 942 ﬁlios
289 885 432 942 bene
461 895 730 958 regentes,
771 894 824 941 et
863 886 1056 943 domos
1101 887 1379 959 proprias;
1428 888 1524 960 qui
1564 887 1712 942 enim

123 974 252 1030 bene
279 975 740 1043 ministraverint,
772 975 999 1047 gradum
1027 975 1234 1032 bonum
1264 976 1371 1032 sibi
1391 976 1709 1049 acquirunt,

122 1071 170 1118 et
213 1064 446 1120 multam
492 1063 752 1120 ﬁduciam
806 1065 864 1118 in
916 1062 1042 1132 ﬁde,
1093 1081 1213 1138 quae
1259 1073 1343 1121 est
1389 1065 1448 1120 in
1487 1064 1710 1122 Christo

121 1154 259 1208 Jesu.
297 1177 315 1199 ι
359 1155 439 1209 Ea
475 1169 597 1226 quae
636 1155 821 1210 minus
849 1153 1066 1210 dixerat
1102 1152 1169 1209 de
1201 1154 1551 1211 ordinatione
1581 1152 1712 1208 dia-

121 1252 356 1311 conatus,
391 1259 540 1301 nunc
569 1243 823 1316 subjecit.
870 1243 1126 1300 Ostendit
1161 1243 1326 1300 etiam
1356 1245 1505 1316 ipsos
1542 1243 1710 1299 unius

123 1332 306 1389 uxoris
328 1333 477 1389 viros
514 1349 631 1390 esse
660 1333 879 1402 debere,
913 1343 976 1390 ut
1010 1334 1070 1389 hi
1100 1333 1170 1390 ad
1208 1333 1580 1390 ministerium
1608 1333 1708 1389 Dei

120 1421 398 1491 eligantur,
449 1423 544 1495 qui
593 1439 706 1478 non
753 1432 886 1479 sunt
932 1425 1130 1495 egressi
1180 1422 1544 1479 constitutum
1583 1420 1704 1478 Dei.

122 1508 331 1564 Homini
357 1510 508 1566 enim
539 1527 707 1567 unam
728 1528 962 1568 uxorem
990 1512 1236 1568 decrevit
1259 1514 1428 1580 Deus,
1450 1529 1576 1568 cum
1598 1527 1707 1584 qua

120 1596 465 1654 benedicatur
492 1618 503 1656 :
537 1616 701 1656 nemo
729 1599 880 1657 enim
911 1617 1034 1656 cum
1066 1601 1306 1656 secunda
1333 1599 1700 1657 benedicitur.

119 1685 213 1752 Qui
243 1686 288 1742 si
325 1687 472 1744 ﬁlios
499 1688 637 1745 bene
673 1688 1123 1761 gubernaverint,
1155 1697 1211 1745 et
1239 1689 1434 1744 domos
1467 1703 1614 1756 suas,
1645 1687 1702 1744 id

117 1783 207 1842 est,
241 1778 564 1834 vernaculos
592 1785 688 1834 aut
716 1779 1068 1846 domesticos,
1113 1786 1370 1849 poterunt
1399 1777 1552 1849 digni
1580 1776 1700 1832 ﬁeri
1732 1800 1778 1860 Β

117 1863 436 1933 sacerdotio,
458 1873 511 1922 et
531 1865 788 1922 ﬁduciam
812 1865 1010 1922 habere
1029 1866 1175 1938 apud
1194 1867 1368 1922 Deum
1390 1883 1404 1932 ;
1439 1873 1500 1922 ut
1521 1865 1703 1922 sciant

117 1967 164 2007 se
192 1969 346 2023 posse
393 1953 686 2026 impetrare
716 1955 864 2027 quod
911 1954 1210 2026 postulant,
1251 1953 1367 2025 jam
1397 1954 1464 2010 de
1502 1963 1700 2010 caetero

117 2057 165 2096 se
191 2042 257 2098 ab
284 2060 387 2100 usu
433 2044 650 2100 feminae
694 2044 1037 2101 cohibentes.
1071 2044 1363 2101 Veteribus
1406 2044 1552 2100 enim
1601 2043 1699 2100 id-

115 2130 248 2186 circo
272 2148 592 2188 concessum
627 2141 708 2188 est
737 2132 923 2188 levitis
958 2141 1051 2188 aut
1090 2132 1467 2189 sacerdotibus
1496 2149 1700 2189 uxores

113 2218 172 2273 ad
214 2237 377 2276 usum
427 2220 653 2288 habere,
697 2221 827 2292 quia
875 2222 1111 2277 multum
1143 2229 1360 2293 tempus
1385 2222 1500 2278 otio
1530 2238 1702 2278 vaca-

114 2307 233 2364 bant
263 2325 296 2364 a
336 2308 650 2364 ministerio
692 2316 787 2364 aut
837 2309 1141 2366 sacerdotio
1192 2309 1515 2380 (multitudo
1551 2309 1700 2364 enim

115 2403 216 2451 erat
271 2397 644 2465 sacerdotum,
701 2405 756 2453 et
810 2413 1007 2469 magna
1058 2397 1216 2468 copia
1273 2396 1592 2463 levitarum,
1649 2405 1702 2453 et

119 2485 480 2558 unusquisque
509 2493 658 2541 certo
685 2492 932 2558 tempore
975 2486 1248 2542 serviebat
1289 2485 1500 2541 divinis
1527 2502 1702 2542 caere-

119 2573 304 2630 moniis
345 2573 651 2632 secundum
702 2574 1024 2630 institutum
1072 2574 1251 2630 David
1302 2575 1361 2646 (I
1394 2575 1585 2630 Paral.
1619 2591 1696 2640 vr,

120 2661 195 2729 3t,
224 2663 352 2734 32);
401 2663 499 2720 hic
528 2663 676 2719 enim
712 2663 912 2735 viginti
953 2670 1008 2719 et
1046 2670 1283 2735 quatuor
1326 2663 1527 2719 classes
1554 2679 1700 2718 con-

117 2750 281 2808 stituit
323 2752 710 2820 sacerdotum,
752 2759 814 2807 ut
861 2751 1078 2808 vicibus
1124 2751 1499 2819 deservirem;
1551 2751 1697 2808 unde

118 2838 240 2895 Abia
266 2849 516 2897 octavam
545 2841 771 2897 classem
814 2839 1026 2908 habuit,
1069 2838 1225 2918 cujus
1255 2840 1377 2897 vice
1408 2839 1697 2898 Zacharias

116 2927 424 3000 fungebatur
479 2929 809 2996 sacerdotio,
866 2929 1009 2986 sicut
1061 2929 1379 2986 continetur
1435 2929 1493 2984 in
1551 2929 1694 2985 libro

116 3016 554 3091 Paralipomenon
587 3019 644 3091 (Ι
667 3019 860 3076 Paral.
891 3035 1051 3087 XXIV,
1085 3019 1200 3089 10),
1246 3018 1322 3074 ita
1349 3027 1412 3074 ut
1447 3025 1694 3089 tempore

115 3120 208 3176 quo
231 3123 338 3164 non
365 3109 503 3165 illos
523 3107 876 3179 contingebat
902 3107 1178 3163 deservire
1196 3107 1376 3175 altari,
1401 3106 1690 3162 domorum
1725 3143 1768 3204 ρ

114 3211 310 3252 suarum
340 3204 572 3270 agerent
601 3213 789 3254 curam
822 3215 834 3252 :
875 3205 930 3253 at
958 3195 1056 3251 ubi
1092 3211 1222 3251 vero
1251 3204 1468 3266 tempus
1497 3195 1695 3251 immi-

113 3285 256 3341 nebat
282 3286 605 3356 ministerii,
641 3285 917 3360 puriﬁcati
949 3285 1246 3358 aliquantis
1273 3284 1491 3353 diebus,
1528 3301 1693 3342 acce-

113 3369 292 3432 debant
314 3378 382 3434 ad
408 3379 686 3450 templum
709 3379 904 3434 oﬁ'erre
922 3379 1057 3434 Deo.
1088 3375 1247 3433 Nunc
1273 3383 1456 3431 autem
1485 3384 1694 3448 septem

113 3461 351 3522 diaconos
403 3483 529 3524 esse
574 3475 811 3539 oportet,
862 3473 916 3522 et
967 3465 1278 3537 aliquantos
1325 3463 1693 3537 presbyteros,

113 3558 165 3604 ut
200 3552 310 3609 bini
339 3558 459 3613 sint
498 3573 593 3628 per
620 3555 914 3624 Ecclesias,
951 3561 1005 3610 et
1033 3570 1178 3609 unus
1220 3552 1280 3608 in
1311 3552 1535 3609 civitate
1565 3553 1692 3625 epi-

113 3654 328 3713 sc0pus:
384 3663 454 3702 ac
511 3662 606 3717 per
661 3645 766 3701 hoc
813 3660 1004 3700 omnes
1059 3661 1091 3699 a
1145 3649 1424 3700 conventu
1471 3642 1692 3699 feminae

114 3726 362 3791 abstinere
413 3735 617 3792 debere
639 3779 655 3804 ,
709 3734 841 3807 quia
894 3748 1112 3790 necesse
1157 3741 1239 3788 est
1299 3749 1392 3789 eos
1444 3732 1691 3805 quotidie

116 3829 289 3888 praesto
315 3841 430 3882 esse
481 3825 538 3880 in
569 3823 835 3889 Ecclesia,
882 3839 982 3880 nec
1022 3822 1221 3879 habere
1249 3821 1598 3890 dilationem,
1629 3829 1692 3878 ut

115 3915 219 3973 post
242 3919 576 3967 conventum
609 3911 851 3983 legitime
879 3909 1260 3982 puriﬁcentur,
1293 3912 1436 3965 sicut
1457 3916 1685 3964 veteres.

115 3991 260 4051 Omni
302 3999 450 4055 enim
499 3999 845 4056 hebdomada
887 3997 1227 4064 olferendum
1275 4006 1390 4066 est,
1435 3997 1600 4053 etiam
1641 3996 1688 4052 si

114 4095 208 4138 non
235 4088 482 4158 quotidie
527 4087 847 4160 peregrinis,
897 4086 1095 4142 incolis
1139 4095 1323 4142 tamen
1361 4087 1450 4142 vel
1495 4085 1582 4142 bis
1631 4086 1688 4140 in

114 4166 442 4229 beddomada
472 4192 484 4229 :
535 4175 637 4230 etsi
673 4191 785 4230 non
833 4173 1049 4241 desint,
1083 4174 1179 4246 qui
1231 4189 1400 4245 prope
1438 4172 1688 4246 quotidie

115 4255 450 4330 baptizentur
493 4263 643 4333 aegri.
695 4263 831 4319 Nam
872 4264 1151 4319 veteribus
1199 4262 1324 4319 ideo
1371 4279 1688 4319 concessum

114 4356 198 4416 est,
227 4350 361 4423 quia
390 4350 569 4406 multo
601 4357 846 4423 tempore
875 4352 934 4413 in
965 4353 1172 4423 templo
1204 4367 1316 4406 non
1338 4350 1686 4419 videbantur,

114 4438 191 4494 sed
227 4448 385 4496 erant
415 4440 640 4513 privati.
687 4441 746 4497 Si
775 4440 925 4496 enim
957 4438 1188 4512 plebeiis
1217 4438 1534 4496 hominibus
1557 4458 1686 4496 ora-

117 4525 263 4584 tionis
303 4547 471 4587 causa
516 4531 584 4588 ad
632 4540 850 4604 tempus
902 4529 1175 4586 abstinere
1219 4546 1276 4586 se
1322 4531 1590 4602 praecipit,
1626 4539 1686 4587 ut

117 4625 290 4673 vacent
321 4620 595 4690 orationi,
627 4628 834 4694 quanto
861 4619 1036 4692 magis
1078 4619 1262 4674 levitis
1303 4628 1397 4676 aut
1423 4620 1686 4676 sacerdo-

117 4699 266 4774 tibus,
306 4724 444 4781 quos
472 4709 573 4769 .die
616 4717 888 4782 nocteque
929 4724 1029 4780 pro
1058 4707 1213 4780 plebe
1251 4707 1358 4763 sibi
1395 4710 1688 4765 commissa

117 4803 307 4862 oportet
334 4814 491 4855 orare
517 4802 528 4856 l
569 4797 887 4856 Mundiores
916 4813 1046 4870 ergo
1078 4812 1192 4854 esse
1220 4797 1422 4855 debent
1450 4799 1684 4868 caeteris,

117 4881 227 4949 quia
249 4895 457 4943 actores
485 4887 581 4944 Dei
618 4895 766 4944 sunt.

178 4971 346 5041 (Vers.
381 4977 481 5044 14,
515 4978 628 5050 15.)
679 5001 698 5024 ι
738 4978 863 5035 Haec
891 4977 992 5035 tibi
1033 4977 1232 5044 scribo,
1265 4975 1346 5032 ﬁli
1377 4975 1682 5044 Timothee,

117 5072 317 5127 sperans
343 5064 455 5120 cito
491 5083 573 5121 me
611 5067 799 5122 venire
832 5066 901 5122 ad
929 5074 982 5121 te
1016 5083 1028 5121 :
1079 5065 1125 5121 si
1160 5074 1342 5121 autem
1373 5065 1682 5132 tardavero,

117 5156 168 5202 ut
185 5152 314 5210 scias
331 5156 794 5228 quemadmodum
817 5164 1063 5228 oporteat
1086 5165 1141 5212 te
1172 5156 1230 5211 in
1254 5155 1420 5212 domo
1439 5154 1537 5210 Dei
1562 5153 1686 5226 (41)

117 5246 429 5315 conversari,
470 5265 590 5321 quae
620 5256 701 5304 est
747 5248 994 5305 Ecclesia
1028 5249 1128 5305 Dei
1158 5248 1296 5315 vivi,
1344 5247 1603 5304 columna
1631 5252 1686 5300 et

117 5321 502 5391 ﬁrmamentum
550 5336 817 5393 veritatis.
869 5363 887 5384 ι
948 5336 1225 5404 Quantum
1274 5337 1341 5392 ad
1397 5336 1683 5393 scientiam

118 5415 218 5486 eius
260 5427 585 5498 pertinebat,
630 5428 737 5486 hoc
761 5439 876 5486 erat
919 5429 977 5484 in
1020 5445 1084 5485 eo
1118 5428 1265 5502 quod
1311 5429 1478 5485 citius
1525 5428 1683 5483 illum

180 5556 287 5636 (id)
319 5561 478 5636 Rom.
504 5563 670 5636 edit.,
703 5565 958 5636 quomodo
990 5564 1278 5622 Ecclesium
1309 5563 1540 5629 ordines,
1571 5577 1687 5632 quia

118 5631 178 5681 est
203 5627 310 5688 dom
319 5649 379 5686 us
411 5633 511 5692 Dei
535 5627 660 5693 vivi.

1822 533 1982 604 cujus
2016 535 2364 607 providentia
2395 538 2498 611 ipsi
2523 541 2624 596 soli
2643 546 2863 616 cognita
2884 553 2998 614 est;
3033 544 3176 602 296
3208 549 3422 608 idcirco

1824 637 1892 676 ne
1914 622 2077 690 forte,
2105 623 2306 696 inquit,
2333 628 2562 697 tardem,
2584 632 2764 687 scribo
2783 633 2908 700 tibi,
2931 644 2993 690 ut
3019 636 3159 692 scias
3180 653 3416 710 quomo-

1822 710 1894 766 do
1924 713 2226 768 Ecclesiam
2257 715 2500 784 ordines,
2533 735 2652 790 quae
2681 728 2762 775 est
2790 723 2988 778 domus
3030 726 3166 793 Dei;
3197 735 3261 783 ut
3288 745 3416 786 cum

1821 806 1972 856 totus
2014 801 2254 858 mundus
2280 804 2379 859 Dei
2427 806 2518 874 sit,
2565 806 2810 864 Ecclesia
2850 818 3035 867 tamen
3063 813 3259 872 domus
3299 819 3420 890 ejus

1820 887 2056 960 dicatur,
2093 893 2251 964 cujus
2295 893 2461 950 hodie
2509 905 2688 954 rector
2726 908 2808 955 est
2852 902 3136 960 Damasus.
3182 887 3421 963 Mundus

1823 980 1971 1035 enim
2017 982 2074 1038 in
2123 986 2575 1055 praevaricatione
2619 997 2720 1057 est,
2769 991 2989 1047 diverso
3031 994 3280 1052 turbatus
3325 1014 3422 1053 er-

1820 1085 1942 1124 rore
1971 1089 1983 1126 :
2022 1070 2148 1128 ideo
2178 1073 2298 1130 illic
2328 1091 2547 1132 necesse
2575 1086 2659 1134 est
2688 1079 2908 1136 dicatur
2931 1097 3046 1138 esse
3073 1083 3270 1140 domus
3297 1087 3420 1156 Dei,

1819 1165 1874 1213 et
1900 1160 2121 1230 veritas,
2155 1163 2249 1218 ubi
2283 1165 2587 1221 secundum
2609 1167 2953 1226 voluntatem
2985 1188 3138 1228 suam
3172 1174 3421 1232 timetur.

1820 1246 1935 1304 Hoc
1967 1249 2356 1320 proﬁtentibus
2395 1254 2463 1310 de
2501 1271 2565 1311 eo
2598 1257 2790 1326 servis,
2836 1260 2984 1332 quod
3028 1262 3142 1334 ipse
3167 1263 3422 1335 dignatus

1817 1342 1900 1390 est
1945 1337 2170 1408 docere,
2220 1357 2288 1396 ne
2335 1342 2476 1399 forte
2520 1345 2688 1400 verba
2734 1345 2853 1416 ejus
2898 1359 3228 1420 negarentur
3273 1367 3419 1420 esse,

1818 1424 2122 1484 virtutibus
2151 1429 2270 1487 haec
2303 1430 2564 1504 signavit,
2595 1451 2716 1506 quae
2747 1451 2778 1490 a
2807 1437 2964 1492 nullo
3001 1438 3112 1494 alio
3141 1439 3260 1496 ﬁeri
3300 1457 3421 1512 pos-

1815 1523 1966 1582 sunt,
1999 1525 2060 1572 ut
2106 1517 2194 1574 his
2238 1518 2538 1576 infidelitas
2579 1531 2830 1578 accusata
2871 1523 3269 1598 inexcusabilis
3310 1545 3418 1600 pe-

1816 1609 1951 1658 reat.
2018 1605 2458 1665 Firmamentum
2517 1609 2662 1664 enim
2724 1612 2973 1671 veritatis
3034 1615 3201 1688 hujus
3262 1617 3420 1690 signa

1811 1701 1942 1748 sunt
1971 1702 2027 1749 et
2065 1697 2333 1769 prodigia.

1885 1781 2070 1851 (Vers.
2124 1785 2237 1855 16.)
2292 1810 2310 1833 ‹
2362 1789 2435 1843 Et
2492 1789 2713 1860 quidem
2765 1793 3016 1848 omnium
3069 1795 3417 1852 confessione

1813 1885 2074 1942 magnum
2105 1881 2187 1928 est
2233 1873 2400 1946 hujus
2450 1877 2669 1949 pietatis
2717 1880 3066 1951 mysterium.
3116 1908 3136 1931 ι
3186 1883 3414 1942 Nullum

1811 1957 2056 2016 ﬁdelium
2097 1961 2360 2020 admirari
2407 1976 2566 2037 negat
2607 1979 3013 2026 sacramentum
3059 1973 3308 2030 veritatis
3355 1973 3412 2030 in

1807 2047 2053 2104 Ecclesia
2084 2051 2410 2121 praedicata),
2459 2071 2622 2127 quam
2656 2054 2912 2128 pietatem
2957 2061 3232 2132 appellat;
3285 2078 3414 2118 ma—

1811 2139 2230 2207 gnanimitatem
2259 2145 2408 2198 enim
2431 2152 2485 2200 et
2513 2145 2862 2204 clementiam
2894 2166 3048 2205 suam
3081 2167 3411 2222 cognoscen-

1810 2224 1960 2281 tibus
1990 2235 2196 2284 azterna
2244 2239 2298 2287 et
2343 2231 2536 2288 divina
2580 2235 2779 2290 tribuit
2825 2237 2970 2293 dona
3009 2238 3153 2310 (42),
3185 2249 3414 2312 excepta

1812 2313 2137 2372 remissione
2205 2329 2584 2390 peccatorum,
2649 2339 2813 2396 quam
2869 2325 2962 2382 hic
3028 2326 3086 2382 in
3153 2331 3408 2400 praesenti

1812 2398 2061 2470 largitur.
2111 2428 2129 2451 ι
2167 2404 2324 2472 Quod
2355 2407 2692 2466 declaratum
2723 2419 2804 2467 est
2855 2413 2914 2468 in
2960 2398 3410 2487 earnm—justiﬁ-

1811 2495 1997 2544 catum
2019 2499 2102 2546 est
2130 2490 2188 2546 in
2218 2493 2441 2565 spiritu,
2463 2497 2644 2553 visum
2675 2508 2758 2555 est
2789 2503 3019 2572 angelis,
3045 2505 3408 2575 praedicatum

1810 2584 1891 2632 est
1911 2577 2190 2648 gentibus,
2217 2581 2490 2638 creditum
2509 2593 2589 2640 est
2615 2586 2673 2640 in
2691 2586 2798 2642 hoc
2817 2589 3044 2658 mundo,
3064 2602 3408 2664 assumptum

1809 2673 1890 2720 est
1935 2666 1994 2752 in
2036 2667 2228 2738 gloria.
2277 2693 2295 2716 ι
2338 2670 2750 2730 Sacramentum
2793 2677 3044 2748 mysterii
3091 2679 3213 2748 Dei,
3262 2680 3409 2752 quod

1808 2759 1890 2808 est
1939 2751 2194 2811 Christus
2242 2755 2300 2812 in
2358 2775 2543 2827 carne,
2591 2760 2728 2818 dicit
2777 2763 3209 2834 manifestatum,
3260 2751 3410 2839 quod

1809 2840 2012 2897 latebat
2042 2843 2100 2899 in
2129 2846 2348 2917 spiritu.
2381 2848 2553 2906 Natus
2581 2851 2728 2909 enim
2763 2852 2928 2909 homo
2957 2855 3133 2911 Filius
3157 2856 3278 2924 Dei,
3311 2857 3408 2930 qui

1806 2927 1864 2982 in
1897 2940 2108 2988 secreto
2150 2941 2264 2989 erat
2312 2936 2458 3008 apud
2493 2939 2688 3007 Deum,
2722 2956 2885 3012 opere
2916 2950 2970 2998 et
3015 2927 3404 3014 praedicatione

1805 3017 2106 3078 declaravit
2140 3037 2197 3078 se
2224 3032 2509 3094 creaturas,
2540 3034 2596 3080 et
2637 3025 2742 3084 hoc
2770 3037 2852 3085 est
2892 3029 3256 3102 justiﬁcatum
3288 3049 3404 3090 esse

1804 3108 1862 3162 in
1909 3107 2140 3181 Spiritu,
2189 3113 2449 3184 operibus
2477 3123 2531 3170 et
2561 3115 2767 3174 virtute
2814 3119 3074 3177 claruisse
3106 3139 3254 3192 eum,
3305 3123 3402 3195 qui

1803 3205 1918 3254 erat
1944 3197 2002 3254 in
2025 3215 2208 3269 carne,
2239 3201 2364 3274 quis
2391 3211 2531 3259 esset
2557 3222 2569 3259 :
2604 3204 2804 3261 deinde
2827 3210 3142 3278 apparuisse
3171 3211 3401 3282 angelis,

1807 3301 1916 3341 non
1953 3285 2066 3358 jam
2117 3288 2175 3343 in
2224 3289 2401 3346 forma
2448 3291 2815 3361 humilitatis,
2867 3296 2959 3351 sed
3007 3296 3065 3351 in
3114 3305 3399 3368 potestate.

1805 3375 2022 3432 Tandiu
2051 3377 2197 3433 enim
2226 3387 2449 3452 aspectu
2475 3380 2708 3438 humilis
2735 3383 2890 3441 visus
2915 3393 2996 3440 est
3031 3403 3129 3458 per
3155 3403 3398 3458 carnem,

1804 3464 2054 3536 quandiu
2100 3464 2320 3522 devicta
2361 3477 2559 3538 morte,
2608 3481 2913 3544 resurgeret
2958 3490 2992 3529 a
3039 3476 3303 3544 mortuis,
3347 3485 3402 3534 et

1805 3551 2087 3610 videretur
2130 3555 2385 3627 majestas
2433 3557 2569 3630 ejus,
2614 3560 2708 3633 qui
2756 3569 2918 3618 natus
2948 3571 3009 3618 ut
3046 3563 3237 3630 homo,
3285 3581 3398 3620 non

1804 3649 1918 3696 erat
1947 3649 2097 3698 totus
2125 3641 2292 3700 homo
2318 3662 2329 3700 :
2364 3654 2426 3702 ut
2454 3655 2808 3719 agnoscentes
2838 3651 3016 3722 angeli
3046 3653 3396 3725 mysterium,

1803 3731 1949 3802 quod
1995 3731 2149 3803 prius
2183 3733 2365 3802 latuit,
2415 3735 2756 3793 declaratum
2804 3738 2863 3794 in
2906 3756 3087 3809 carne,
3140 3758 3283 3812 genu
3313 3742 3396 3798 illi

1802 3820 2082 3878 ﬂectentes
2112 3824 2266 3896 quasi
2298 3826 2433 3893 Deo,
2467 3826 2667 3898 gratias
2695 3837 2889 3899 agant,
2923 3830 3052 3901 quia
3081 3830 3398 3888 didicerunt

1801 3909 2110 3980 veritatem,
2135 3928 2255 3984 quae
2297 3914 2550 3985 gentibus
2578 3915 2872 3987 praedicata
2895 3925 2998 3985 est,
3021 3926 3082 3972 ut
3117 3919 3184 3974 ab
3214 3935 3396 3976 errore

1799 3996 2199 4054 liberarentur:
2233 4000 2289 4054 in
2318 4017 2427 4072 quo
2456 4003 2697 4058 mundus
2723 4003 2962 4075 proﬁcit,
2994 4012 3056 4060 ut
3092 4021 3202 4060 non
3231 4006 3398 4063 dam—

1799 4093 1981 4142 netur.
2018 4110 2036 4132 ι
2068 4085 2348 4143 Creditum
2372 4098 2452 4144 est
2483 4090 2709 4146 mundo.
2741 4116 2760 4140 ι
2794 4092 2921 4148 Ideo
2949 4093 3095 4150 enim
3124 4095 3393 4154 creditum

1799 4182 1879 4228 est
1911 4175 2118 4231 mundo
2147 4176 2244 4231 Dei
2293 4185 2716 4246 sacramentum,
2759 4188 2821 4235 ut
2868 4181 3098 4252 perﬁdia
3141 4182 3258 4255 ejus
3290 4202 3394 4240 ve-

1799 4261 1947 4316 niam
1979 4264 2182 4318 erroris
2228 4265 2425 4320 mereri
2469 4283 2577 4320 non
2612 4267 2800 4338 possit,
2837 4269 2980 4326 sicut
3009 4270 3145 4328 dicit
3193 4274 3394 4331 Domi-

1799 4367 1901 4406 nus
1949 4351 2016 4407 de
2044 4352 2282 4410 Iudaeis:
2337 4379 2355 4401 ι
2403 4354 2458 4410 Si
2505 4371 2616 4412 non
2647 4358 2918 4415 venissem
2968 4367 3022 4416 et
3069 4361 3285 4420 locutus
3313 4366 3391 4420 eis

1795 4440 2062 4510 fuissem,
2122 4454 2404 4516 peccatum
2458 4461 2569 4501 non
2631 4445 2938 4506 haberent:
3005 4465 3155 4507 nunc
3208 4460 3389 4508 autem

1795 4531 2201 4589 excusationem
2235 4550 2346 4591 non
2376 4533 2655 4593 habebunt
2683 4536 2749 4592 de
2798 4545 3022 4611 peccato
3063 4556 3162 4594 suo
3205 4540 3385 4612 (Joan.

1796 4636 1895 4688 xv,
1933 4621 2046 4694 22).
2089 4649 2110 4690 ρ

1882 4736 1899 4757 ε
1938 4712 2295 4786 Assumptum
2340 4724 2421 4770 est
2466 4714 2524 4769 in
2569 4717 2763 4784 gloria.
2801 4739 2819 4761 ι
2864 4713 3006 4780 Quia
3047 4713 3193 4782 quod
3238 4714 3388 4769 velut

1795 4798 2080 4873 inﬁrmum
2126 4811 2178 4857 et
2224 4803 2469 4857 deforme
2518 4810 2996 4873 contempserunt,
3046 4810 3387 4873 assumptum

1794 4872 1873 4943 est
1906 4888 1960 4941 in
1995 4888 2205 4957 gloria:
2257 4897 2378 4959 post
2418 4904 2643 4943 crucem
2687 4872 2835 4944 enim
2881 4888 3228 4945 manifestata
3256 4908 3390 4962 per-

1795 4992 1926 5032 sona
1963 4984 2014 5030 et
2055 4974 2262 5029 virtute
2305 4993 2402 5030 sua
2451 4973 2700 5030 Salvator
2739 4977 2939 5047 palam,
2989 4977 3387 5039 famulantibus

1794 5064 2057 5133 nubibus,
2099 5061 2349 5119 ascendit
2378 5061 2648 5133 gloriosus
2678 5063 2736 5118 in
2766 5064 2952 5120 caelos.

2409 5200 2638 5258 CAPUT
2676 5203 2773 5262 IV.

1866 5331 2048 5403 (Vers.
2077 5330 2213 5401 1-5.)
2259 5353 2277 5375 ι
2307 5327 2546 5400 Spiritus
2570 5336 2752 5383 autem
2784 5330 3075 5388 manifesto
3093 5333 3231 5390 dicit
3261 5337 3387 5408 quia

1794 5422 1852 5478 in
1883 5420 2201 5478 novissimis
2231 5416 2575 5491 temporibus
2621 5415 2876 5472 recedent
2921 5420 3145 5490 quidam
3193 5439 3224 5478 a
3257 5423 3383 5494 ﬁde,

1867 5557 1984 5627 (42)
2028 5551 2295 5610 Nonnulli
2339 5562 2492 5631 mssa,
2538 5546 2966 5631 magnanimitate
3006 5552 3142 5631 enim
3184 5560 3231 5607 et
3275 5556 3387 5611 cie-

1791 5616 1984 5685 mentiri
2014 5645 2111 5686 sua
2138 5616 2555 5693 cognoscentibus
2588 5634 2640 5674 se
2657 5616 2841 5676 divina
2873 5617 3058 5676 tribuit
3087 5623 3242 5682 bona.
