3908 6192
478 299 585 362 499

1509 295 1605 352 AD
1643 292 1877 351 OPERA
1916 289 1971 349 S.
2016 287 2346 348 AMBROSII
2385 285 2764 352 APPENDIXs

3689 279 3799 337 500

481 446 826 507 attendentes
851 443 1079 517 spiritus
1108 441 1348 508 fallaces,
1368 448 1431 496 se
1460 434 1737 493 doctrinas
1757 431 2070 488 daemonio-
2101 426 2152 486 A
2180 428 2444 502 reprobus
2473 434 2526 483 et
2572 426 2687 499 igni
2715 423 3124 482 comburendae
3159 429 3468 481 censeatur.
3510 420 3635 480 Hoc
3660 419 3796 482 boui

483 557 608 598 rum
639 540 697 595 in
732 537 1084 594 simulatione
1113 533 1553 603 falsiloquorum,
1583 523 1936 583 cauteriatam
1964 521 2074 577 ha-

483 629 730 688 bentium
791 623 1224 689 conscientiam,
1288 615 1704 692 prohibentium
1758 615 1964 670 nubere
2023 620 2076 667 et

483 720 758 777 abstinere
786 733 818 772 a
859 715 1018 780 cibis,
1051 726 1187 782 quos
1216 712 1361 766 Deus
1408 706 1616 764 creavit
1647 704 1710 760 ad
1760 702 2078 776 percipien-

483 809 616 866 dum
664 821 790 863 cum
841 803 1135 874 gratiarum
1185 797 1398 854 actione
1447 793 1722 861 ﬁdelibus,
1772 801 1826 849 et
1876 791 1946 847 iis
1981 790 2076 863 qui

484 903 865 970 cognoverunt
907 892 1237 947 veritatem:
1291 887 1422 960 quia
1455 885 1637 942 omnis
1683 892 1932 941 creatura
1977 880 2078 938 Dei

483 989 628 1043 bona
655 990 756 1051 est,
780 989 835 1038 et
864 979 1006 1038 nihil
1040 975 1424 1049 rejiciendum,
1447 972 1595 1046 quod
1622 989 1748 1030 cum
1780 971 2075 1045 gratiarum

483 1075 700 1136 actione
739 1070 1062 1144 percipitur.
1113 1065 1501 1124 Sanctiﬁcatur
1529 1063 1677 1120 enim
1725 1078 1820 1135 per
1847 1060 2077 1116 verbum

482 1167 606 1233 Dei,
636 1173 691 1221 et
718 1162 1042 1220 orationem.
1075 1183 1092 1206 ι
1139 1157 1270 1226 Quae
1299 1157 1406 1213 sibi
1438 1154 1676 1228 Spiritus
1713 1159 1934 1210 sanctus
1980 1150 2080 1206 fu-

483 1267 609 1315 tura
654 1251 985 1312 revelaverit
1034 1249 1102 1308 ad
1152 1247 1573 1304 instructionem
1626 1243 1996 1322 Ecclesiarum
2026 1249 2080 1298 et

483 1352 753 1409 cautelam
781 1389 796 1415 ,
862 1361 974 1402 non
1035 1351 1178 1402 tacet
1209 1386 1224 1410 ,
1290 1351 1352 1398 ut
1415 1341 1753 1414 prtemonitze
1799 1322 2080 1395 'Ecclesiaa

485 1438 739 1496 sollicitae
767 1437 898 1503 sint,
931 1451 999 1491 ne
1029 1433 1096 1488 ab
1143 1430 1464 1504 hujusmodi
1507 1429 1719 1501 possint
1761 1427 2082 1485 circumve-

484 1531 596 1589 niri
648 1526 988 1585 hominibus.
1020 1523 1192 1591 ,Quid
1235 1523 1382 1578 enim
1437 1527 1550 1576 tam
1602 1521 1810 1576 clarum
1860 1526 2081 1590 tamque

486 1632 735 1700 apertum
787 1623 852 1680 ad
912 1620 1200 1678 evitandos
1257 1623 1352 1673 aut
1405 1613 1578 1683 magis
1634 1609 2082 1668 condemnandos

485 1715 751 1773 doctrinae
771 1714 939 1786 hujus
961 1711 1229 1784 pestiferae
1251 1709 1403 1764 viros
1431 1704 1612 1778 potuit
1640 1702 1928 1758 manifesta
1948 1715 2080 1756 voce

2184 519 2424 576 doctoris
2469 527 2552 574 est
2597 526 2759 591 atque
2807 518 2992 575 idonei
3042 515 3282 572 ministri
3327 512 3561 576 Domini
3618 512 3791 568 nostri

2185 611 2312 666 Jesu
2360 608 2603 676 Christi;
2658 607 2860 681 quippe
2910 623 3036 663 cum
3085 606 3390 662 enutritum
3440 602 3622 660 hunc'
3647 603 3794 660 dicat

2186 701 2370 757 verbis
2408 700 2534 756 ﬁdei
2582 706 2636 755 et
2672 699 2831 755 bonas
2879 696 3168 764 doctrinm,
3219 711 3384 768 quam
3430 693 3504 750 ab
3555 693 3790 752 infantia

2187 791 2336 847 hunc
2364 798 2671 848 assecutum
2703 789 2920 846 asserit.
2965 788 3072 856 Qui
3106 786 3254 844 enim
3287 785 3502 858 integre
3530 784 3789 846 omnibus

2188 883 2541 940 Hebraeorum
2573 882 2732 939 libris
2763 880 3010 937 imbutus
3035 886 3183 946 erat,
3217 883 3440 949 accepta
3473 875 3623 944 ﬁde,
3659 893 3791 949 per.

2188 972 2392 1029 fectum
2424 971 2555 1029 fecit
2586 971 2888 1028 doctorem.

2263 1061 2444 1134 (Vers.
2491 1062 2540 1129 7,
2590 1061 2672 1132 8.)
2719 1085 2737 1109 ι
2785 1060 3043 1120 Profanas
3071 1067 3253 1115 autem
3286 1063 3341 1114 et
3370 1055 3549 1112 aniles
3577 1055 3787 1113 fabulas

2188 1150 2387 1220 abnuo,
2418 1165 2682 1208 exercens
2712 1150 3064 1223 temetipsum
3095 1148 3165 1205 ad
3193 1147 3476 1220 pietatem.
3509 1145 3786 1218 Corpora-

2190 1239 2259 1296 lis
2303 1239 2452 1296 enim
2497 1240 2818 1298 exercitatio
2865 1238 2934 1295 ad
2981 1236 3287 1303 modicum,
3335 1235 3511 1308 pietas
3544 1250 3678 1292 vero
3721 1234 3784 1290 ad

2191 1330 2379 1386 omnia
2421 1330 2579 1386 utilis
2625 1338 2725 1398 est,
2772 1328 3194 1402 promissionem
3227 1326 3437 1383 habens
3465 1327 3610 1383 vitae.
3642 1343 3786 1399 pras-

2192 1420 2362 1476 sentis
2403 1426 2457 1475 et
2504 1419 2724 1475 futurae.
2757 1443 2775 1466 ι
2819 1417 3056 1474 Profana
3087 1416 3255 1472 verba
3294 1415 3529 1478 adversa
3571 1415 3787 1472 intelli-

2191 1516 2432 1579 guntur;
2485 1507 2658 1564 aniles
2690 1515 2873 1578 autem
2909 1506 3108 1563 fabulae
3143 1505 3510 1562 deliramenta
3538 1504 3785 1578 quadam

2191 1607 2340 1656 sunt.
2407 1598 2534 1656 Hinc
2606 1597 2969 1671 quorumdam
3044 1594 3509 1669 perstrepentium
3560 1593 3790 1650 vocibus

2191 1690 2372 1746 solent
2413 1691 2472 1746 in
2514 1689 2927 1748 contentionem
2956 1688 3191 1756 deduci;
3226 1696 3290 1745 ut
3333 1688 3492 1760 quasi
3525 1693 3791 1744 tractatus

488 1804 728 1880 praefari,
783 1775 892 1859 nisi
943 1775 1005 1857 ut
1052 1775 1513 1856 asseverationem
1564 1808 1753 1849 eorum
1807 1791 2077 1858 fallacem,
2108 1791 2154 1851 B
2189 1778 2456 1880 Ῐιαδεξῆῐιξι·
2484 1780 2563 1836 rei
2611 1781 2816 1848 ίηθηίε,
2859 1779 3020 1852 cuius
3043 1779 3269 1835 θίῖθοῖῐιδ
3313 1778 3504 1834 “unus
3532 1785 3637 1844 est.
3681 1775 3787 1836 IliSi

487 1911 551 1953 ac
579 1895 894 1952 simulatam
924 1891 1230 1948 doctrinam
1256 1885 1656 1943 daemoniorum
1696 1888 2038 1954 nuncuparet
2062 1895 2075 1938 :

488 1996 552 2046 ut
580 1999 707 2045 cum
738 1984 905 2057 hujus
945 1979 1363 2039 asseveratiottis
1391 1989 1668 2033 sermones
1697 1971 2017 2038 audiuntur,
2050 1985 2082 2025 a

489 2077 712 2135 diabolo
741 2074 1047 2147 composita
1075 2086 1190 2128 esse
1219 2067 1472 2126 doctrina
1497 2066 1616 2123 haec
1645 2065 1896 2130 sciretur,
1916 2076 2080 2134 quam

489 2167 822 2243 praedixerat
873 2165 1110 2239 Spiritus
1151 2169 1369 2220 sanctus
1424 2175 1545 2233 quae
1589 2157 1656 2213 de
1703 2153 2082 2243 incarnatione

489 2239 791 2316 Salvatoris
821 2253 1013 2313 asserit
1047 2251 1202 2320 falsa,
1251 2265 1369 2324 quas
1416 2264 1565 2304 nunc
1612 2244 1670 2302 in
1718 2239 2079 2306 Marcionitis,

488 2347 744 2421 quamvis
796 2361 933 2419 pene
989 2338 1330 2410 defecerint,
1382 2334 1709 2395 Patricianis
1757 2331 2084 2421 (d3)_,_au_t

489 2417 730 2492 maxime
782 2417 839 2490 in
887 2429 1203 2490 Manichaeis
1255 2430 1550 2485 denotatur
1604 2425 1705 2494 (De
1759 2417 2083 2478 Patricianis

488 2523 836 2592 Philastrius,
868 2529 917 2578 et
951 2522 1293 2592 Augustinus
1321 2515 1504 2574 hwrrs.
1546 2515 1663 2588 (61)
1687 2514 1716 2570 ?
1753 2511 1821 2568 Hi
1851 2510 1999 2566 enim
2027 2512 2082 2562 et

490 2612 770 2674 Christum
811 2619 998 2670 natum
1039 2617 1271 2682 negant,
1303 2617 1357 2665 et
1400 2604 1622 2679 nuptias
1667 2599 2000 2676 prohibent,
2028 2601 2081 2650 et

486 2702 873 2762 abstinendum
907 2717 938 2759 a
975 2699 1114 2760 cibis
1145 2697 1389 2757 tradunt.
1431 2692 1676 2765 Quorum
1726 2687 2078 2748 cauteriatam

487 2795 623 2853 dicit
671 2793 1090 2861 conscientiam,
1148 2791 1254 2846 hoc
1308 2797 1412 2856 est,
1475 2783 1829 2843 simulatione
1879 2789 2082 2835 corru-

486 2894 669 2960 ptam;
709 2885 838 2957 quia
879 2884 1025 2939 sicut
1067 2879 1368 2938 cauterium
1409 2877 1622 2935 corium
1662 2867 2001 2941 corrumpit,
2029 2870 2083 2920 et

492 2981 679 3030 notam
732 2973 952 3046 inﬂigit,
1005 2973 1080 3027 ita
1126 2978 1180 3026 et
1227 2967 1446 3026 fallacia
1496 2964 1912 3026 conscientiam,
1961 2969 2082 3032 quas

488 3059 618 3122 dolo
658 3059 1060 3118 malevolentiae
1101 3054 1252 3116 aliud
1292 3056 1417 3125 scit,
1464 3062 1517 3111 et
1571 3051 1724 3111 aliud
1770 3050 2081 3125 proﬁtetur,

2190 1869 2472 1927 vanitatis.
2502 1870 2588 1927 Ab
2623 1871 2692 1926 iis
2716 1885 2844 1942 ergo
2869 1885 2991 1943 quae
3014 1869 3289 1926 contraria
3317 1875 3466 1936 sunt,
3499 1866 3786 1924 declinan-

2192 1960 2324 2016 dum
2357 1968 2568 2029 monet,
2596 1959 2772 2016 simili
2798 1961 2964 2017 modo
2983 1968 3038 2018 et
3068 1958 3135 2016 ab
3165 1959 3277 2016 illis
3297 1973 3411 2030 qua:
3435 1958 3615 2013 anilia
3637 1965 3786 2021 sunt,

2191 2049 2436 2107 vanitate
2464 2050 2698 2123 quadam
2732 2051 3074 2124 composita;
3116 2056 3245 2105 sunt
3270 2047 3411 2103 enim
3441 2045 3623 2119 aliqui
3647 2089 3663 2114 ,
3693 2046 3786 2119 qui

2191 2139 2369 2194 calore
2399 2138 2569 2194 animi
2596 2139 2827 2194 mittunt
2853 2155 2911 2196 se
2941 2138 3000 2194 in
3019 2137 3416 2211 disputationes
3435 2133 3783 2208 hujusmodi.

2190 2226 2388 2282 Pietati
2414 2236 2594 2284 autem
2617 2243 2838 2300 operam
2859 2227 3096 2284 dandam
3123 2232 3455 2292 commonet,
3477 2224 3612 2298 quia
3637 2239 3785 2297 gran-

2191 2316 2316 2372 dem
2347 2317 2512 2374 habet
2540 2318 2871 2390 profectum.
2919 2317 3025 2386 Qui
3065 2317 3214 2373 enim
3253 2313 3653 2372 misericordia
3681 2321 3782 2368 stu-

2191 2406 2344 2476 dent,
2374 2409 2686 2465 senioribus
2713 2408 2892 2465 vicem
2934 2408 3224 2466 reddentes
3253 2404 3614 2480 parentibus:
3647 2412 3704 2460 et
3730 2404 3779 2459 in

2191 2498 2445 2570 praesenti
2475 2499 2591 2555 vita
2637 2500 2847 2556 auxilia
2884 2501 2985 2556 Dei
3033 2513 3144 2555 non
3175 2498 3410 2555 deerunt
3457 2495 3596 2562 illis,
3627 2503 3682 2550 et
3729 2494 3780 2548 in

2189 2587 2378 2643 futuro
2408 2588 2878 2646 immortalitatem
2908 2587 3191 2645 habebunt
3221 2601 3349 2644 cum
3392 2585 3590 2658 gloria.
3624 2585 3782 2640 Exer-

2189 2678 2386 2733 citium
2430 2686 2612 2734 autem
2664 2679 2948 2752 corporale
2995 2678 3065 2734 ad
3113 2677 3393 2734 modicum
3437 2674 3581 2731 utile
3617 2672 3778 2736 dicit;

2186 2761 2437 2836 jejunare
2465 2769 2612 2824 enim
2645 2775 2699 2824 et
2726 2767 3002 2825 abstinere
3040 2783 3071 2822 a
3103 2767 3265 2835 cibis,
3302 2774 3564 2822 manente
3592 2770 3783 2820 aucto-

2192 2853 2353 2910 ritate
2403 2854 2681 2913 Creatoris
2731 2857 2873 2930 (45),
2927 2873 3038 2914 non
3095 2857 3332 2913 multum
3382 2853 3631 2927 prodest,
3684 2851 3780 2908 nisi

2191 2945 2427 3004 addatur
2454 2948 2586 3006 huic
2614 2950 2807 3022 pietas,
2832 2949 2991 3024 cujus
3011 2966 3176 3024 opera
3203 2950 3510 3005 multorum
3540 2945 3786 3020 precibus

2190 3035 2486 3109 adjuvatur
2504 3040 2572 3096 ad
2593 3041 2889 3097 Dominum
2913 3039 3358 3114 promerendum.
3381 3037 3642 3110 Denique
3667 3035 3786 3090 illos

487 3147 714 3208 denotat
743 3149 811 3207 ad
863 3149 1248 3224 perditionem.
1298 3147 1416 3203 Jam
1457 3144 1604 3201 enim
1653 3141 1754 3200 hos
1799 3139 2081 3197 immutari
2115 3146 2157 3207 ί]
2190 3125 2285 3199 (illi
2317 3126 2580 3224 fratribus
2610 3129 2744 3201 largi
2781 3137 2930 3199 sunt,
2961 3128 3227 3224 et_variis
3259 3125 3786 3224 titulisobsequen-

489 3248 649 3314 negat
701 3239 842 3314 (44),
893 3247 957 3297 ιιι
1010 3240 1331 3304 salvantur;
1393 3234 1522 3309 quia
1579 3232 1723 3291 sicut
1776 3230 2079 3288 cauterium

489 3329 773 3387 immutari
806 3341 917 3387 non
947 3335 1145 3402 potest,
1181 3327 1259 3383 ita
1290 3339 1389 3382 nec
1418 3341 1605 3381 eorum
1639 3321 1858 3378 animus
1886 3333 2084 3375 emen-

487 3420 647 3486 dari;
697 3419 843 3476 nihil
887 3415 1034 3475 enim
1076 3416 1230 3489 pejus
1273 3415 1644 3470 simulatione.
1679 3409 1834 3466 Tales
1863 3409 2010 3464 enim
2045 3407 2082 3462 li

490 3516 641 3575 sunt,
664 3507 851 3578 quales
870 3513 924 3562 et
951 3503 1149 3572 Judaei,
1173 3503 1254 3558 illi
1277 3505 1371 3574 qui
1403 3501 1774 3574 intelligentes
1801 3498 2082 3556 Christum

488 3595 590 3650 Dei
617 3595 826 3648 virtute
855 3592 1088 3664 operari,
1140 3591 1197 3644 in
1243 3589 1546 3646 Beelzebub
1589 3587 1707 3644 haec
1753 3588 1820 3644 ab
1852 3599 1917 3642 eo
1963 3583 2083 3642 ﬁeri

490 3683 767 3743 dicebant.
801 3681 872 3742 Ut
900 3685 1048 3740 enim
1083 3681 1466 3740 fabricatorem
1495 3679 1639 3737 297
1668 3680 1914 3738 hominis
1944 3682 2084 3739 male

489 3782 745 3846 tractent,
778 3791 904 3835 cum
937 3783 1094 3830 natos
1131 3790 1187 3829 se
1228 3788 1338 3828 non
1368 3771 1610 3836 doleant,
1650 3767 1872 3842 nuptias
1900 3779 2083 3828 tamen

491 3863 810 3939 prohibent,
834 3868 887 3924 et
916 3863 1138 3924 Christo
1163 3879 1382 3920 carnem
1415 3861 1749 3918 Subtrahunt
1785 3878 1797 3916 :
1846 3867 1899 3918 et
1927 3869 1988 3918 ut
2017 3857 2083 3918 ad

490 3955 608 4029 ejus
637 3955 900 4030 injuriam
947 3955 1260 4029 proﬁciant,
1291 3953 1359 4010 ab
1399 3951 1466 4009 iis
1497 3969 1617 4027 quae
1653 3950 1846 4008 usibus
1886 3951 2086 4007 nostris

491 4045 758 4117 instituit,
787 4043 1177 4105 abstinendum
1206 4043 1442 4112 docent;
1484 4049 1545 4099 ut
1590 4058 1686 4117 per
1709 4039 1765 4098 id
1796 4041 1942 4116 quod
1980 4041 2087 4097 de-

492 4135 999 4213 spiciuntur,.ma1a
1039 4153 1174 4204 esse,
1224 4139 1278 4191 et
1325 4151 1355 4190 a
1405 4132 1551 4189 malo
1591 4134 1811 4189 auctore
1861 4130 2086 4187 inventa

489 4219 803 4280 videantur.
840 4221 983 4281 Hinc
1024 4233 1104 4281 est
1151 4223 1296 4280 unde
1336 4223 1632 4296 Apostolus
1674 4221 1861 4277 omnia
1905 4238 1937 4276 a
1973 4221 2086 4277 Deo

489 4309 637 4367 bona
672 4312 815 4369 facta
861 4311 1119 4380 ostendit,
1171 4313 1217 4367 si
1254 4320 1438 4368 tamen
1473 4329 1597 4369 cum
1649 4311 1943 4383 gratiarum
1987 4327 2089 4366 ac—

490 4399 644 4458 tione
684 4411 992 4470 sumantur,
1036 4401 1321 4458 immunda
1361 4402 1508 4456 enim
1539 4409 1701 4457 erunt
1737 4401 1808 4470 ei,
1848 4401 1940 4474 qui
1973 4418 2085 4457 non

492 4485 680 4546 laudat
711 4489 770 4546 in
818 4487 906 4546 his
950 4489 1282 4548 Creatorem.
1330 4487 1442 4544 Nec
1483 4489 1628 4544 enim
1675 4499 1900 4561 possunt
1945 4488 2082 4545 bene
2110 4513 2158 4570 ι)

491 4575 577 4633 illi
608 4577 891 4651 proﬁcere,
941 4575 1035 4651 qui
1085 4577 1164 4634 sic
1212 4576 1309 4632 illa
1359 4575 1548 4644 sumit,
1592 4581 1656 4631 ut
1705 4576 1844 4632 male
1888 4583 2085 4634 tractet

491 4675 774 4725 auctorem
807 4684 993 4725 eorum
1006 4711 1017 4724 .

563 4754 747 4830 (Vers.
771 4756 852 4830 6.)
898 4781 917 4805 ι
956 4755 1084 4813 Haec
1122 4754 1291 4829 igitur
1318 4769 1628 4828 proponens
1658 4752 1943 4823 fratribus,
1975 4755 2086 4810 bo-

488 4846 595 4900 nus
641 4846 749 4902 eris
800 4846 1056 4903 minister
1107 4845 1233 4902 Iesu
1281 4841 1527 4913 Christi,
1580 4843 1856 4900 enutritus
1901 4841 2084 4899 verbis

487 4931 647 5002 ﬁdei,
697 4941 751 4992 et
805 4933 962 4993 bonae
1011 4933 1312 5002 doctrinae,
1373 4948 1535 5007 quam
1593 4939 1873 4990 assecutus
1927 4948 2005 4988 es.
2052 4957 2070 4979 ι

489 5015 636 5088 Quid
664 5027 775 5078 tam
818 5037 1034 5092 verum,
1082 5022 1214 5097 quid
1261 5028 1371 5079 tam
1415 5023 1626 5082 clarum
1666 5029 1720 5078 et
1765 5021 2080 5095 providum,

488 5109 599 5166 nisi
638 5119 700 5167 ut
747 5110 1043 5184 disciplina
1089 5107 1403 5169 Christiana
1448 5113 1764 5184 incorrupte
1811 5110 2081 5178 tradatur,

487 5205 551 5254 ut
578 5198 792 5256 fructus
821 5198 939 5272 ejus
978 5199 1036 5254 in
1074 5214 1198 5258 area
1235 5200 1526 5258 Dominioa
1565 5199 1764 5256 fertilis
1794 5215 1858 5256 ac
1891 5198 2083 5254 ﬁrmus

486 5284 878 5356 collaudetur;
944 5285 1050 5342 hoc
1113 5292 1232 5354 est,
1294 5293 1356 5342 ut
1421 5285 1481 5342 in
1546 5284 1636 5343 die
1701 5285 1903 5358 judicii
1970 5301 2082 5342 non

559 5427 678 5500 (L3)
711 5427 966 5485 Valesius
995 5426 1053 5500 in
1084 5424 1370 5500 Addendis
1389 5427 1598 5500 Annot.
1631 5427 1686 5500 in
1719 5427 1996 5500 Socratem
2026 5435 2082 5483 et

487 5494 849 5579 Spiqnienum
905 5497 1045 5554 male
1087 5496 1203 5575 Ohic
1266 5494 1554 5568 legendum
1612 5499 1728 5565 ait,
1794 5499 2080 5570 Patripas-

491 5581 679 5708 mag).
708 5635 911 5692 Omnes
937 5637 1070 5694 edit.
1102 5646 1155 5693 et
1194 5637 1417 5710 quidam
1450 5653 1582 5693 mss.
1614 5638 1707 5694 hes
1743 5638 1951 5692 imitari
1977 5655 2081 5692 ne-

2190 3223 2292 3284 tes,
2333 3217 2390 3272 in
2421 3218 2594 3274 vitam
2624 3226 2884 3276 aeternam
2916 3219 3178 3293 proﬁcere
3214 3215 3570 3288 evangelicae
3614 3229 3788 3270 sermo

2193 3315 2468 3366 testatur:
2524 3309 2911 3367 dissentientes
2961 3315 3143 3366 autem
3196 3307 3265 3364 ab
3322 3306 3430 3362 hoc
3483 3319 3674 3377 opere,
3729 3303 3780 3358 in

2193 3405 2456 3455 aeternum
2489 3399 2672 3473 ignem
2721 3397 2934 3473 (Matth.
2965 3416 3103 3469 xxv,
3134 3395 3251 3469 34).
3301 3393 3566 3468 Corporis
3609 3403 3784 3452 autem

2193 3487 2520 3546 exercitium
2570 3489 2713 3546 nihil
2745 3491 2894 3548 aliud
2926 3505 3088 3564 quam
3125 3488 3304 3547 carnis
3345 3487 3501 3542 frena
3535 3493 3688 3542 sunt.
3737 3485 3785 3540 Si

2194 3577 2316 3649 quis
2345 3594 2492 3650 ergo,
2537 3580 2667 3652 quia
2708 3578 3086 3637 misericordia
3116 3593 3312 3650 magna
3339 3591 3426 3632 res
3455 3583 3559 3643 est,
3610 3574 3790 3630 lubri—

2192 3676 2534 3724 cumtamen
2575 3670 2757 3726 carnis
2803 3669 3064 3742 patiatur,
3117 3665 3436 3741 hujusmodi
3477 3664 3614 3738 quid
3651 3663 3790 3720 ﬁet?

2193 3756 2322 3812 Sine
2350 3757 2522 3814 dubio
2551 3759 2867 3834 vapulabit;
2901 3759 3030 3834 quia
3061 3758 3198 3815 illud
3229 3757 3389 3831 (Ibid.
3417 3755 3511 3828 41)
3546 3752 3787 3828 oportuit

2194 3842 2336 3914 ﬁeri,
2366 3855 2420 3904 et
2468 3845 2575 3905 hoc
2631 3847 2862 3905 minime
2904 3846 3253 3923 praetermitti
3286 3843 3439 3918 (Luc.
3464 3861 3546 3913 χι,
3585 3842 3703 3914 42).
3738 3841 3787 3896 8i

2195 3943 2375 3991 autem
2407 3937 2584 3994 solum
2611 3939 2856 4012 corporis
2888 3937 3084 3995 habuit
3115 3935 3443 3994 exercitium
3466 3978 3479 4002 ,
3526 3947 3792 4006 perennes

2195 4037 2380 4096 poenas
2409 4028 2672 4098 patietur,
2704 4027 2847 4085 sicut
2879 4025 2935 4084 in
2975 4025 3280 4100 Evangelia
3307 4025 3582 4082 Dominus
3613 4035 3791 4096 repro-

2195 4112 2347 4171 misit
2378 4115 2590 4188 (Matth.
2618 4133 2757 4187 xxv,
2802 4117 2894 4189 41)
2925 4137 2938 4175 :
2975 4115 3157 4174 omnis
3193 4115 3343 4173 enim
3385 4127 3602 4171 summa
3631 4110 3792 4168 disci.

2195 4205 2359 4277 plinas
2392 4216 2591 4264 nostrae
2635 4205 2693 4263 in
2727 4205 3105 4264 misericordia
3140 4214 3194 4263 et
3235 4205 3437 4279 pietate
3467 4212 3570 4259 est.
3623 4198 3792 4258 Aliud

2194 4301 2375 4350 tamen
2402 4295 2729 4352 exercitium
2758 4297 3002 4370 corporis
3031 4295 3236 4352 habent
3266 4293 3534 4360 carnales,
3558 4298 3613 4347 et
3643 4287 3793 4346 aliud

2195 4385 2497 4457 spiritales;
2531 4389 2777 4444 carnales
2807 4388 2953 4444 enim
2985 4386 3171 4460 sagina
3193 4393 3246 4442 et
3274 4383 3507 4458 dapibus
3534 4382 3792 4439 nutriunt

2195 4491 2422 4548 corpora
2461 4493 2581 4545 sua,
2613 4486 2676 4534 ut
2713 4477 2877 4536 celeri
2917 4485 3071 4534 motu
3102 4475 3393 4549 proﬁciant
3423 4472 3490 4530 ad
3530 4472 3791 4546 perditio-

2195 4579 2320 4619 nem
2359 4581 2368 4620 :
2403 4565 2677 4638 spiritales
2713 4573 2898 4623 autem
2931 4565 3162 4639 jejuniis
3189 4573 3243 4621 et
3281 4563 3622 4621 abstinentia
3661 4570 3792 4617 tem.

2194 4660 2386 4725 perant
2414 4669 2643 4728 corpora
2672 4671 2806 4724 sua;
2861 4665 2922 4714 ut
2955 4656 3109 4729 pigra
3143 4655 3284 4711 facta
3321 4653 3472 4711 circa
3496 4649 3790 4718 desideria,

2193 4741 2404 4814 possint
2447 4741 2614 4816 digna
2652 4760 2768 4800 esse
2810 4743 2998 4801 futura
3039 4742 3462 4800 resurrectione.
3513 4739 3618 4796 Hic
3646 4739 3791 4794 enim

2194 4839 2417 4903 propter
2463 4847 2612 4904 spem
2663 4833 2905 4889 futuram
2951 4831 3178 4906 castigat
3224 4847 3472 4905 corpus:
3524 4829 3624 4884 ille
3665 4841 3794 4882 vero

2194 4927 2414 4992 propter
2471 4921 2644 4977 futuri
2704 4922 3140 4995 desperationem
3197 4921 3369 4988 fovet,
3426 4930 3620 4975 curam
3681 4915 3795 4996 ejus

2192 5026 2355 5154 Egens
2395 5010 2462 5068 ad
2511 5019 2762 5086 tempus;
2803 5017 2867 5068 ut
2910 5017 3200 5069 moveatur
3234 5008 3404 5067 citius
3436 5009 3506 5066 ad
3552 5021 3795 5084 peccan-

2232 5115 2347 5154 um.

2232 5115 2347 5156 um.

2265 5193 2446 5267 (Vers.
2469 5197 2524 5262 9,
2550 5195 2665 5270 10.)
2707 5220 2725 5244 ε
2757 5189 2963 5254 Fidelis
2993 5209 3192 5264 seruio,
3216 5202 3269 5252 et
3293 5189 3449 5252 omni
3475 5193 3792 5269 acceptione

2191 5281 2407 5357 dignus.
2455 5280 2545 5343 Ad
2591 5285 2696 5343 hoc
2727 5285 2876 5342 enim
2907 5283 3258 5352 laboramus,
3288 5291 3343 5342 et
3389 5283 3793 5358 persecutionis

2188 5434 2295 5498 gat,
2319 5428 2414 5485 alii
2440 5428 2785 5496 concinnius,
2819 5438 2880 5487 ut
2911 5428 2970 5485 in
3001 5435 3180 5487 textu.

2191 5499 2379 5623 tog-45)
2431 5502 2559 5557 Mss.
2620 5501 2899 5569 nonnulli,
2949 5505 3190 5555 monente
3241 5501 3566 5557 auctoritate
3619 5501 3791 5559 Crea-

2278 5587 2343 5623 t8.
