3908 6192
446 337 552 396 503

1468 330 1564 386 ΑΙ)
1605 326 1836 387 OPEBA
1874 326 1930 384 S.
1966 325 2298 386 AMBROSII
2337 322 2714 384 APPENDIX.

3674 322 3777 381 504

451 466 927 525 obsecrationibus
955 465 1068 521 Deo
1114 463 1388 520 serviebat
1426 467 1585 515 nocte
1625 459 1842 530 dieque,
1886 457 2052 513 unius
2081 459 2128 518 A
2164 459 2331 525 dicit;
2365 458 2493 532 quia
2534 457 2676 513 sicut
2703 454 2920 528 perﬁdi,
2964 453 3070 527 legi
3103 451 3326 510 Domini
3372 467 3490 507 non
3522 451 3777 511 obedivit

452 557 562 612 viri
588 564 814 629 experta
843 553 1200 611 concubitum
1227 554 1377 619 (Luc.
1408 566 1467 614 ιι,
1497 547 1584 613 36,
1619 546 1733 617 37).

528 647 712 717 (Vers.
747 644 826 715 4.)
870 669 887 690 α
909 644 965 698 Si
997 659 1100 713 qua
1127 649 1308 695 autem
1342 636 1512 691 vidua
1540 635 1685 691 ﬁlios
1712 636 1799 690 vel
1833 643 2056 706 nepotes

454 734 640 800 habet,
672 733 844 788 discat
873 730 1114 802 primum
1147 728 1372 783 domum
1403 742 1556 781 suam
1585 724 1675 796 pie
1719 732 1974 788 tractare,
2003 730 2056 778 et

453 835 702 880 mutuam
735 823 912 878 vicem
960 819 1258 890 gratiarum
1305 815 1532 872 reddere
1561 814 1906 887 parentibus:
1952 813 2057 870 hoc

453 912 600 966 enim
632 919 915 979 acceptum
950 914 1030 961 est
1072 923 1253 962 coram
1289 907 1422 961 Deo.
1453 931 1471 953 ι
1527 905 1764 961 Viduam
1814 903 1967 976 prius
1998 903 2055 958 in

453 999 558 1055 hac
586 999 702 1052 vita
725 1005 777 1052 et
815 996 1236 1053 conversatione
1267 994 1406 1049 dicit
1434 993 1795 1066 probandam,
1831 1000 1893 1047 ut
1923 1000 2056 1048 tunc

452 1087 675 1143 demum
713 1085 879 1157 digna
920 1086 992 1140 sit
1039 1085 1208 1140 vidua
1255 1083 1516 1140 Ecclesize
1563 1081 1891 1154 nuncupari,
1936 1098 2055 1153 quze

453 1193 565 1234 non
602 1186 843 1248 quaestus
889 1192 1051 1231 causa
1081 1174 1254 1247 magis
1293 1190 1452 1245 quam
1489 1171 1844 1238 defensionis,
1888 1173 2055 1227 eccle-

454 1267 688 1323 siastica:
727 1263 1051 1321 succumbat
1081 1263 1412 1335 disciplinae.
1446 1262 1645 1317 Praaire
1674 1261 1818 1317 enim
1854 1260 2056 1316 debent

455 1351 669 1420 merita,
720 1363 782 1410 ut
837 1351 1118 1409 accedenti
1186 1351 1404 1407 debitus
1470 1349 1649 1405 honor
1710 1349 1826 1419 (48)
1884 1349 2056 1404 tribui

455 1442 744 1508 videatur;
795 1459 915 1515 quae
953 1441 1100 1496 enim
1132 1440 1358 1495 affectus
1388 1454 1516 1493 suos
1558 1437 1644 1509 pie
1687 1436 1966 1503 tractavit,
2005 1445 2059 1492 et

455 1533 681 1588 domum
705 1534 843 1588 bene
875 1530 1222 1602 gubernavit,
1252 1528 1350 1583 Dei
1379 1528 1555 1599 legem
1594 1527 1858 1594 servavit,
1892 1525 2058 1597 digna

456 1621 645 1677 effecta
668 1620 1114 1676 remuneratione
1142 1617 1423 1673 Ecclesiae.

533 1712 715 1782 (Vers.
749 1711 830 1782 5.)
876 1734 893 1756 ι
919 1710 1054 1765 Nam
1087 1725 1207 1781 quas
1237 1724 1366 1763 vere
1393 1706 1562 1762 vidua
1590 1714 1670 1763 est
1701 1715 1754 1762 et
1793 1707 2054 1775 desolata,

2165 558 2225 605 ut
2251 549 2402 621 pejor
2431 547 2714 603 habeatur.
2749 545 2977 601 Necesse
3008 549 3090 598 est
3123 541 3274 597 enim
3311 549 3372 596 ut
3399 541 3657 598 deterior
3685 542 3770 610 sit,

2166 641 2259 714 qui
2294 639 2394 695 sub
2452 639 2568 710 lege
2608 647 2661 694 et
2707 637 2905 691 timore
2939 634 3035 689 Dei
3078 648 3242 704 agens
3279 639 3640 702 contemptor
3677 640 3772 700 est,

2167 747 2328 803 quam
2363 728 2457 801 qui
2497 743 2607 782 non
2640 724 2920 796 subjectus
2959 731 3038 778 est
3069 720 3208 792 legi;
3257 718 3351 775 hic
3377 719 3535 775 enim
3578 721 3770 788 nescit,

2166 820 2261 874 ille
2281 827 2464 874 autem
2486 817 2663 872 sciens
2689 812 3020 871 contemnit.

2240 908 2422 979 (Vers.
2452 906 2506 974 9,
2534 904 2646 976 10.)
2694 929 2711 950 ι
2733 903 2912 959 Vidua
2941 900 3177 971 eligatur
3205 912 3481 952 annorum
3513 913 3629 952 non
3661 898 3769 952 mi—

2167 1014 2270 1053 nus
2299 996 2603 1068 sexaginta,
2638 1011 2758 1066 quae
2790 991 2957 1047 fuerit
2988 988 3154 1045 unius
3193 987 3300 1042 viri
3332 1003 3500 1054 uxor,
3550 987 3609 1043 in
3651 1004 3764 1059 ope-

2168 1089 2321 1145 ribus
2341 1089 2499 1144 bonis
2533 1086 2908 1142 testimonium
2941 1082 3169 1148 habens,
3213 1079 3257 1134 si
3289 1077 3438 1132 ﬁlios
3479 1077 3762 1144 enutrivit,

2166 1181 2211 1235 si
2273 1179 2514 1251 hospitio
2560 1177 2786 1248 recepit,
2834 1174 2879 1230 si
2929 1180 3243 1228 sanctorum
3296 1167 3462 1240 pedes
3509 1166 3666 1234 lavit,
3724 1167 3764 1221 si

2167 1285 2472 1341 pressuram
2508 1266 2842 1340 patientibus
2872 1258 3339 1327 subministravit,
3373 1258 3419 1314 si
3451 1274 3617 1313 omne
3637 1275 3764 1330 opus

2166 1358 2371 1414 bonum
2393 1359 2681 1414 subsecuta
2701 1364 2800 1412 est.
2824 1380 2842 1402 ›
2886 1355 2939 1410 Si
2965 1351 3324 1426 praerogativa
3361 1349 3759 1422 praeteritorum

2168 1464 2392 1518 operum
2418 1447 2587 1501 vidua
2617 1443 3054 1508 commendatur,
3087 1440 3400 1512 eligendam
3422 1437 3571 1493 hanc
3590 1437 3758 1494 docet:

2167 1537 2389 1593 Domini
2420 1537 2566 1592 enim
2606 1535 2819 1606 judicio
2864 1531 3160 1589 ascribitur
3198 1545 3400 1584 nomen
3447 1527 3566 1599 ejus
3602 1528 3761 1584 eccle-

2168 1627 2403 1684 siasticis
2434 1626 2826 1693 monumentis,
2858 1639 3019 1698 quam
3061 1620 3283 1693 dignam
3318 1626 3477 1673 vetus
3521 1618 3636 1672 vita
3663 1616 3764 1670 de-

2167 1719 2357 1774 clarat.
2407 1717 2623 1772 Imbuta
2672 1714 2820 1770 enim
2866 1710 3074 1767 divinis
3104 1707 3402 1780 obsequiis,
3463 1717 3518 1764 et
3575 1707 3632 1762 in
3681 1705 3762 1762 his

459 1808 638 1871 sperat
680 1801 736 1855 in
767 1802 901 1867 Deo,
939 1807 992 1854 et
1024 1799 1190 1854 instat
1219 1797 1562 1852 orationibus
1591 1804 1758 1852 noctu
1787 1794 2003 1868 dieque.
2027 1819 2043 1840 ι
2090 1817 2133 1876 Β
2168 1807 2338 1862 vitam
2392 1814 2646 1872 atterens,
2697 1799 3046 1873 suscipienda
3086 1805 3168 1854 est
3212 1798 3271 1852 in
3323 1797 3449 1852 sinu
3485 1795 3759 1864 Ecclesiae,

459 1889 700 1947 Viduam
752 1888 896 1944 ﬁlios
943 1897 1039 1943 aut
1094 1895 1318 1958 nepotes
1373 1885 1666 1941 habentem
1726 1901 1838 1939 non
1896 1883 2057 1940 facile

459 1976 859 2034 admittendam
903 1975 970 2032 ad
1007 1974 1280 2047 stipendia
1309 1974 1607 2040 Ecclesiae;
1641 1973 1771 2046 quia
1812 1972 1858 2027 si
1888 1972 1976 2044 pie
2007 1979 2060 2027 et

460 2070 698 2126 sollicite
729 2068 955 2124 domum
993 2084 1146 2123 suam
1179 2065 1526 2138 gubernavit,
1563 2081 1780 2121 necesse
1801 2071 1883 2120 est
1903 2061 2058 2118 reddi

461 2159 547 2214 illi
572 2160 750 2214 vicem
796 2173 827 2212 a
853 2157 988 2223 suis,
1041 2155 1182 2212 sicut
1212 2164 1265 2211 et
1296 2155 1393 2210 illa
1424 2153 1665 2210 reddidit
1697 2151 2056 2225 propinquis:

461 2249 506 2304 si
551 2257 756 2315 autem,
806 2255 870 2301 ut
919 2245 1158 2313 adsolet,
1193 2245 1448 2316 impietas
1494 2244 1663 2299 fuerit
1719 2249 1958 2315 operata,
2001 2248 2063 2296 ut

461 2351 600 2390 anus
628 2333 1012 2404 despiciatura
1048 2333 1183 2401 suis,
1215 2349 1352 2406 quos
1398 2333 1485 2404 pie
1519 2331 1795 2398 tractavit,
1828 2330 2059 2402 dignum

462 2439 580 2478 esse
621 2423 761 2478 hanc
789 2421 992 2494 suscipi
1023 2423 1090 2478 ab
1130 2421 1392 2488 Ecclesia,
1443 2420 1573 2493 quia
1600 2421 1657 2475 in
1693 2418 1918 2475 Domini
1948 2419 2062 2490 lege

463 2513 701 2570 ﬁdeliter
728 2522 1048 2569 conversata
1092 2523 1193 2569 est.
1227 2512 1409 2569 Vidua
1448 2512 1616 2583 igitur
1643 2511 1905 2579 desolata,
1951 2517 2002 2566 et
2032 2525 2063 2564 a

465 2603 580 2660 suis
627 2604 961 2674 contempta,
1011 2607 1191 2674 sperat
1244 2601 1301 2656 in
1358 2603 1498 2668 Deo;
1554 2600 1750 2656 videns
1787 2600 1935 2656 enim
1994 2614 2063 2653 ex

465 2695 620 2749 nulla
640 2702 791 2765 parte
821 2709 876 2748 se
908 2691 1106 2747 habere
1127 2691 1470 2763 suffragium,
1504 2699 1621 2746 toto
1651 2690 1836 2746 animo
1865 2688 2064 2744 devota

465 2791 548 2840 est
576 2786 708 2851 Deo,
750 2782 817 2838 de
860 2799 970 2854 quo
1010 2783 1127 2837 solo
1153 2781 1425 2837 auxilium
1460 2780 1586 2836 vita;
1627 2778 1926 2850 salutisque
1956 2794 2064 2832 ex-

465 2880 694 2944 spectat.

540 2962 720 3032 (Vers.
754 2963 835 3032 6.)
881 2963 1049 3017 «Nam
1081 2978 1201 3033 quze
1231 2961 1287 3015 in
1307 2959 1522 3015 deliciis
1551 2957 1836 3025 estvidua,
1871 2958 2066 3014 vivens

468 3061 686 3109 mortua
709 3060 810 3108 est.
840 3077 857 3098 ι
901 3052 1163 3119 Viduam,
1203 3057 1425 3123 propter
1453 3049 1600 3121 quod
1641 3047 1808 3102 vidua
1838 3048 2063 3116 dicitur,

465 3140 631 3196 talem
680 3156 795 3236 esse
833 3139 1031 3195 debere
1061 3139 1335 3236 signiﬁcat
1379 3137 1520 3210 (49),
1558 3145 1620 3192 ut
1658 3137 1725 3192 ad
1763 3137 2062 3193 Dominum
2097 3176 2140 3236 Ο

467 3229 892 3298 promerendum
924 3228 1268 3286 orationibus
1288 3237 1467 3295 vacet,
1499 3229 1612 3283 Deo
1639 3227 1883 3282 serviens
1905 3233 2063 3282 nocte

468 3314 702 3390 dieque;
761 3326 824 3373 ut
879 3318 1132 3375 ostendat
1176 3335 1233 3374 se
1280 3317 1486 3374 idcirco
1535 3315 1755 3388 nuptias
1799 3315 2065 3371 secundas

468 3404 881 3474 contempsisse,
922 3415 986 3460 ut
1032 3407 1259 3462 instaret
1292 3405 1600 3476 disciplinae
1637 3403 1962 3460 Dominicze.
2007 3402 2065 3458 Si

469 3492 617 3546 enim
646 3493 748 3546 sub
777 3496 1003 3550 nomine
1031 3496 1216 3550 viduae
1241 3498 1462 3552 deliciis
1499 3505 1656 3552 vacet
1684 3503 1778 3551 aut
1805 3493 2063 3561 luxuriae,

469 3577 666 3630 vivens
705 3587 921 3634 mortua
959 3581 1210 3636 habenda
1242 3593 1356 3648 est;
1392 3584 1518 3653 quia
1554 3584 1870 3653 imposturaa
1897 3598 2065 3652 genus

471 3671 572 3730 est,
614 3664 766 3720 aliud
792 3681 968 3738 agere,
1000 3677 1054 3724 et
1092 3669 1245 3724 aliud
1275 3669 1549 3741 proﬁteri:
1583 3686 1693 3723 non
1725 3669 1984 3741 obsequia
2013 3679 2067 3726 et

471 3750 821 3811 devotionem
851 3757 949 3812 Dei
993 3757 1134 3829 (50),
1168 3757 1261 3814 sed
1293 3757 1557 3813 honorem
1608 3756 1790 3812 vidua:
1819 3758 2068 3814 volentes

471 3841 706 3912 habere;
739 3863 866 3902 cum
906 3847 1150 3904 nominis
1181 3847 1354 3920 ipsius
1393 3846 1660 3919 professio
1691 3846 1796 3903 hoc
1826 3846 2063 3914 indicet;

471 3932 600 4003 quia
646 3943 827 4006 spreto
883 3937 1026 4004 viro,
1082 3939 1256 3994 Deum
1313 3937 1497 4009 elegit,
1555 3937 1648 3992 cui
1705 3935 1910 3991 serviat
1948 3943 2066 3991 tota

471 4030 674 4090 mente,
705 4033 928 4095 propter
959 4025 1131 4082 vitam
1154 4027 1498 4098 promissam.

545 4110 726 4179 (Vers.
762 4113 840 4182 7.)
883 4137 902 4159 ι
936 4114 1009 4168 Et
1039 4113 1157 4170 hac
1185 4114 1438 4186 praecipe,
1472 4122 1533 4169 ut
1557 4112 2068 4185 irreprehensibiles

471 4197 604 4252 sint.
639 4223 658 4245 ι
699 4199 928 4255 Tantam
977 4202 1322 4274 diligentiam
1363 4211 1588 4259 actuum
1635 4220 1698 4260 ac
1741 4221 1955 4260 morum
1987 4205 2066 4259 vi-

472 4284 638 4339 duam
670 4288 790 4341 vult
821 4287 1040 4357 habere,
1063 4299 1123 4345 ut
1153 4291 1481 4362 reprehendi
1508 4309 1618 4348 non
1649 4293 1852 4364 possit;
1887 4301 2070 4348 amota

473 4372 622 4428 enim
672 4391 703 4429 a
739 4391 832 4446 spe
882 4377 1176 4432 mundanae
1223 4381 1679 4448 conversationis,
1728 4389 1783 4436 et
1823 4383 2068 4453 corporis

469 4461 701 4518 curandi
731 4463 932 4532 ofﬁcio,
984 4473 1204 4536 propter
1245 4466 1352 4522 hoc
1393 4484 1448 4523 se
1485 4468 1553 4523 ad
1595 4470 1769 4524 Deum
1809 4471 2066 4539 contulit,

469 4559 532 4606 ut
562 4552 904 4622 probabilem
939 4533 1061 4626 agat
1086 4533 1285 4609 vitam.
1315 4554 1558 4611 Sublatis
1588 4557 1734 4617 enim
1767 4533 2065 4615 occasioni;
2094 4533 2142 4590 D

469 4639 592 4709 bus,
621 4657 744 4714 quae
772 4641 957 4699 aditus
988 4643 1167 4698 solent
1197 4643 1407 4714 aperire
1436 4642 1690 4716 peccatis,
1720 4655 1897 4717 potest
1924 4647 2068 4704 bona

468 4730 818 4788 conversatio
847 4731 1145 4788 incolumis
1170 4748 1507 4804 permanere.

542 4832 724 4916 (Vers.
758 4832 840 4906 8.)
902 4856 920 4879 ι
949 4832 1006 4888 Si
1045 4832 1169 4906 quis
1206 4839 1387 4888 autem
1424 4833 1540 4906 (51)
1574 4850 1824 4904 suorum,
1862 4847 1916 4894 et
1955 4855 2064 4894 ma-

466 4922 618 4977 xime
638 4923 1063 4981 domesticorum
1085 4941 1272 4980 curam
1296 4941 1407 4980 non
1431 4925 1611 4994 habet,
1636 4925 1799 4981 ﬁdem
1823 4928 2060 4998 negavit,

467 5019 521 5066 et
553 5023 636 5068 est
663 5013 876 5070 inﬁdeli
908 5014 1165 5070 deterior.
1199 5039 1218 5062 ι
1271 5015 1425 5071 Hanc
1463 5014 1688 5070 viduam
1719 5031 1838 5086 quae
1879 5016 2064 5087 negli-

467 5118 598 5174 gens
638 5102 748 5158 fuit
791 5104 937 5160 circa
983 5121 1111 5160 suos
1155 5105 1402 5173 affectus,
1461 5114 1522 5161 ut
1566 5104 1823 5161 educaret
1866 5123 1958 5162 eos
2004 5109 2061 5163 in

466 5189 762 5262 disciplina
815 5201 869 5247 et
922 5192 1262 5249 correctione
1313 5194 1560 5262 Domini,
1618 5195 2060 5252 inhonorandam

539 5367 655 5439 (48)
688 5369 847 5439 Rom.
878 5367 1036 5433 edit.,
1071 5374 1128 5422 ut
1155 5368 1414 5422 accedenti
1440 5337 1660 5422 meritus
1687 5369 1881 5425 honor.

501 5436 656 5518 ,(42)
708 5438 896 5518 Codex
941 5439 1112 5505 Vall.,
1162 5440 1496 5510 Quapropter
1522 5439 1738 5493 viduam
1774 5442 1869 5496 Dei
1907 5443 2059 5498 talem

465 5509 841 5660 “ggoﬁﬁtdem
880 5579 1093 5660 eodem,
1125 5597 1230 5635 ηοη
1259 5581 1596 5660 Ε’δδξίίίίέθ-θί
1635 5583 1903 5640 ἀθυοείθηε
1937 5585 2056 5652 Μ’

465 5643 554 5699 sed
573 5643 765 5702 honore
793 5665 977 5705 nomen
1003 5643 1167 5706 vidua
1197 5643 1420 5707 volentes
1445 5651 1658 5710 habere.

2168 1895 2256 1951 cui
2288 1894 2420 1950 olim
2448 1911 2504 1950 se
2533 1895 2690 1950 vovit
2721 1890 2985 1964 legitimis
3015 1887 3282 1944 servitiis.

2241 1984 2422 2054 (Vers.
2457 1984 2570 2053 11.)
2618 2007 2636 2029 ι
2665 1979 3122 2038 Adolescentulas
3151 1992 3277 2031 vero
3302 1974 3496 2029 viduas
3536 1974 3758 2030 devita:

2170 2092 2293 2131 cum
2316 2074 2461 2130 enim
2479 2073 2648 2127 vitam
2669 2071 2726 2127 in
2751 2068 2967 2126 deliciis
2985 2068 3222 2140 egerint,
3245 2066 3301 2121 in
3315 2064 3534 2122 Christo
3555 2063 3762 2120 nubere

2170 2166 2386 2220 volunt.
2411 2187 2428 2210 ι
2471 2161 2733 2218 Prohibet
2762 2158 3199 2215 adolescentulas
3224 2153 3416 2210 viduas
3443 2153 3504 2208 in
3527 2151 3637 2207 hac
3654 2169 3760 2207 sus-

2170 2254 2278 2325 cipi
2318 2252 2675 2325 professione,
2726 2249 2953 2306 lubricae
3008 2247 3156 2304 enim
3213 2245 3358 2300 aetati
3415 2240 3554 2298 ﬁdes
3609 2241 3758 2297 facile

2172 2341 2361 2397 haberi
2392 2355 2504 2395 non
2546 2339 2736 2405 debet;
2782 2338 2983 2411 quippe
3020 2353 3145 2392 cum
3177 2331 3542 2408 quarumdam
3589 2347 3758 2386 exem-

2172 2429 2261 2500 pla
2300 2427 2629 2500 praecedant,
2652 2444 2772 2500 quae
2808 2435 2932 2499 post
2953 2425 3347 2497 professionem
3377 2423 3511 2478 vitae
3539 2421 3759 2477 delicia-

2173 2534 2293 2573 rum
2326 2517 2694 2573 ohlectatione
2733 2531 2953 2582 nomen,
2996 2531 3106 2570 non
3146 2528 3313 2585 opera
3349 2510 3642 2566 viduitatis
3676 2509 3758 2565 ha~

2171 2605 2322 2673 bent,
2368 2615 2421 2662 et
2467 2622 2743 2662 conversa:
2775 2603 2984 2676 nuptiis
3039 2603 3436 2659 sollicitantur.
3485 2599 3592 2666 Qui
3622 2599 3757 2654 enim

2173 2703 2328 2768 putat
2357 2712 2412 2751 se
2442 2695 2500 2750 in
2535 2694 2754 2752 Christo
2781 2695 2954 2750 vitam
2984 2691 3201 2748 deliciis
3229 2705 3406 2762 agere,
3438 2689 3668 2745 minime
3687 2689 3757 2743 in-

2173 2803 2375 2842 nocens
2404 2794 2745 2859 perseverat:
2806 2783 3031 2840 luxuria
3075 2782 3223 2837 enim
3269 2780 3444 2836 trahit
3497 2779 3654 2834 illum
3698 2777 3758 2834 ad

2175 2892 2271 2930 sua
2300 2875 2564 2943 membra,
2596 2884 2660 2930 ut
2701 2873 3028 2946 subjiciatur
3079 2879 3338 2944 peccato:
3373 2869 3588 2926 delicias
3623 2869 3757 2924 enim

2169 2967 2352 3039 januze
2381 2977 2510 3023 sunt
2540 2967 2766 3039 peccati.
2797 2968 2918 3023 Non
2943 2964 3092 3022 enim
3114 2979 3224 3036 quo
3254 2961 3443 3018 tendat
3465 2961 3758 3033 ignoratur,

2175 3058 2268 3131 qui
2301 3057 2526 3113 ﬂuidam
2551 3066 2698 3114 amat
2720 3058 2914 3114 vitam.

2248 3147 2430 3218 (Vers.
2464 3148 2577 3220 12.)
2642 3171 2659 3194 ε
2701 3146 2974 3202 Habentes
3021 3144 3450 3210 damnationem,
3499 3141 3628 3214 quia
3665 3139 3761 3212 pri-

2176 3253 2322 3292 mam
2363 3235 2527 3293 ﬁdem
2569 3237 2780 3292 irritam
2830 3236 3139 3291 fecerunt.-
3190 3239 3335 3296 300
3372 3230 3523 3300 Quid
3559 3234 3762 3284 maneat

2176 3333 2333 3400 tales,
2395 3333 2652 3401 ostendit,
2712 3349 2781 3389 ne
2832 3331 2992 3388 facile
3039 3331 3296 3397 audeant,
3339 3327 3490 3401 quod
3546 3325 3762 3397 implere

2177 3423 2400 3479 diﬂicile
2421 3432 2501 3480 est
2526 3443 2537 3480 :
2555 3433 2648 3480 aut
2674 3424 2719 3480 si
2742 3424 2960 3480 animus
2981 3433 3063 3482 est
3082 3422 3214 3478 huic
3233 3419 3515 3477 devotioni
3531 3417 3760 3482 deditus,

2177 3513 2320 3584 apud
2373 3531 2429 3568 se
2475 3513 2694 3569 interim
2744 3521 2948 3580 teneat,
2991 3512 3122 3584 quia
3169 3509 3369 3572 didicit
3414 3506 3761 3563 temerarium

2181 3602 2297 3672 (52)
2329 3619 2443 3658 esse
2472 3601 2738 3675 proﬁteri,
2768 3601 2912 3675 quod
2950 3601 3130 3658 adhuc
3151 3597 3392 3672 juvenili
3423 3597 3574 3652 aetati
3597 3593 3764 3652 credi-

2177 3706 2287 3745 nou
2318 3690 2495 3748 debet.
2545 3691 2898 3748 Damnationi
2945 3690 3093 3746 enim
3140 3689 3202 3745 ﬁt
3239 3680 3536 3754 obnoxius,
3576 3684 3669 3758 qui
3703 3681 3764 3738 ab

2177 3778 2286 3836 hoc
2306 3780 2544 3836 declinat
2572 3780 2719 3854 quod
2751 3789 2894 3837 recte
2925 3780 3146 3835 fecerat.
3179 3777 3458 3845 Quantum
3479 3775 3630 3831 enim
3657 3774 3763 3829 lau-

2179 3867 2359 3924 dabile
2383 3877 2483 3938 est,
2516 3870 2562 3924 si
2593 3871 2816 3942 impleat
2836 3869 2983 3943 quod
3008 3870 3155 3924 ultra
3184 3867 3332 3922 vires
3359 3865 3477 3937 ejus
3506 3863 3763 3929 creditur,

2178 3965 2330 4014 tanto
2359 3959 2531 4030 magis
2568 3957 2880 4031 puniendus
2908 3959 3032 4026 erit,
3074 3958 3120 4013 si
3155 3956 3261 4012 hoc
3296 3954 3493 4012 audeat
3535 3954 3638 4009 sibi
3671 3953 3765 4008 im-

2179 4062 2380 4117 ponere
2409 4049 2834 4120 prmsumptione
2873 4045 3219 4113 temeritatis,
3269 4044 3417 4117 quod
3467 4045 3611 4099 ferre
3662 4057 3766 4097 non

2180 4136 2375 4206 possit:
2410 4153 2511 4193 nec
2545 4139 2615 4193 ad
2653 4139 2870 4193 veniam
2920 4134 3079 4192 debet
3122 4134 3419 4207 pertinere,
3467 4132 3566 4205 qui
3619 4140 3699 4187 est
3739 4146 3766 4183 a

2180 4226 2484 4296 primordio
2504 4227 2746 4284 inﬁdelis
2776 4228 3056 4283 inventus.

2253 4315 2434 4386 (Vers.
2473 4316 2586 4388 13.)
2622 4342 2639 4364 ι
2670 4318 2843 4374 Simul
2875 4325 3057 4373 autem
3093 4325 3146 4372 et
3177 4317 3365 4371 otiosa:
3395 4314 3620 4370 discunt
3657 4313 3766 4367 cir-

2179 4403 2363 4461 cuire:
2418 4422 2528 4461 non
2570 4408 2747 4462 solum
2793 4415 2974 4463 autem
3021 4405 3228 4473 otiosae,
3279 4403 3376 4460 sed
3414 4411 3468 4458 et
3509 4403 3765 4464 verbosas,

2179 4501 2232 4548 et
2260 4493 2510 4561 curiosae,
2543 4496 2828 4566 loquentes
2866 4511 2986 4568 quae
3024 4511 3136 4550 non
3181 4501 3416 4566 oportet.
3451 4517 3468 4539 ι
3514 4490 3764 4560 Quasdam

2177 4580 2420 4650 virgines
2459 4582 2545 4636 vel
2578 4582 2781 4648 viduae,
2812 4584 3232 4640 commendante
3253 4580 3593 4654 professione
3625 4581 3768 4652 (glo—

2180 4669 2386 4725 riosum
2417 4678 2498 4726 est
2526 4672 2674 4727 enim
2706 4671 2873 4743 hujus
2901 4673 2979 4728 rei
3001 4673 3381 4742 vocabulum),
3413 4668 3768 4742 acceptabiles

2178 4767 2306 4814 sunt
2335 4759 2591 4816 domibus
2635 4760 2898 4830 divitum,
2947 4780 3067 4835 quae
3118 4762 3173 4818 id
3225 4768 3418 4832 agunt,
3451 4768 3514 4815 ut
3552 4763 3769 4831 pareant

2178 4848 2556 4905 voluntatibus
2584 4865 2796 4919 eorum,
2833 4851 3177 4907 ambulantes
3221 4859 3273 4906 et
3303 4857 3616 4922 quaerentes
3656 4861 3768 4919 quae

2178 4937 2452 5009 perferant
2511 4938 2580 4994 ad
2624 4939 2770 5008 illos,
2802 4939 3004 5013 quibus
3046 4939 3408 5006 delectentur,
3468 4946 3533 4994 ut
3587 4937 3767 4992 otiosa:

2178 5027 2500 5084 muneribus
2535 5028 2874 5096 afﬁciantur;
2905 5037 2959 5085 et
2989 5030 3133 5084 malo
3180 5043 3332 5083 more
3357 5029 3484 5100 plus
3527 5031 3766 5099 quaerant

2177 5115 2398 5184 fabulis,
2453 5133 2616 5189 quam
2664 5134 2785 5190 quae.
2841 5125 3138 5189 operantur
3169 5116 3466 5181 manibus;
3518 5123 3581 5171 ut
3621 5115 3766 5170 elatae

2175 5206 2474 5277 procedant
2499 5217 2553 5264 et
2587 5206 2922 5280 compositae,
2966 5215 3158 5263 contra
3187 5204 3592 5278 professionem
3618 5215 3765 5258 suam

2248 5377 2363 5449 (51)
2397 5377 2554 5434 Rom.
2584 5377 2743 5447 edit.,
2767 5378 2825 5433 Si
2851 5393 2957 5448 qua
2977 5383 3172 5434 autem.
3201 5375 3272 5431 Et
3302 5375 3470 5444 infra,
3494 5377 3624 5448 quia
3639 5375 3767 5430 sicut

2165 5449 2375 5518 per/ida
2389 5492 2401 5504 .

2247 5519 2363 5600 ($2)
2397 5519 2600 5578 Omnes
2628 5519 2760 5579 edit.
2784 5529 2838 5577 et
2868 5537 2998 5577 mss.
3029 5519 3258 5593 aliquot,
3301 5519 3431 5596 quia
3463 5519 3596 5576 dicit
3625 5525 3764 5578 tente-

2170 5604 2379 5644 ramum
2393 5634 2404 5646 .
