3908 6192
192 320 291 378 505

1191 319 1554 381 COMMENT.
1596 321 1667 379 IN
1703 322 1920 380 EPIST.
1959 324 1983 380 Ι
2016 323 2114 382 ΑΙ)
2151 323 2439 386 ΤΙΜΟΤΗ.

3377 332 3483 392 506

191 453 419 520 agentes.
465 447 599 514 Quae
645 462 733 502 res
779 446 916 503 solet
945 447 1060 504 illis
1081 448 1244 505 etiam
1288 449 1347 505 in
1376 448 1480 506 hac
1506 449 1621 504 vita
1649 463 1764 505 esse
1793 451 1845 511 Α
1873 466 1970 522 per
1997 451 2384 524 negligentiam
2414 453 2495 522 ﬁt,
2524 454 2820 530 aliquando
2849 463 3141 530 potentatu
3171 455 3480 515 insinuan-

190 537 454 593 contraria
484 553 498 604 ;
555 536 833 592 revelatur
887 536 1036 594 enim
1086 536 1142 593 id
1173 537 1322 611 quod
1352 554 1566 611 semper
1594 540 1771 596 occul-

189 633 300 681 tum
341 633 558 698 putant.
603 625 750 693 Quid
792 633 876 682 est
915 627 1087 695 enim,
1139 635 1198 684 ut
1237 644 1298 684 ea
1328 629 1626 702 loquantur
1653 646 1773 702 quae

187 731 292 771 non
322 716 572 788 oportet?
603 714 931 786 Nuptiarum
960 717 1107 772 enim
1141 725 1270 774 sunt
1309 719 1597 791 proximae,
1636 720 1773 774 mul-

186 814 362 861 torum
392 812 726 862 secretorum
757 805 1070 879 participes,
1105 806 1454 878 adulatrices,
1486 825 1772 865 servorum

185 893 447 966 querulae.

255 1001 437 1070 (Vers.
483 1000 720 1073 14,15.)
784 1026 802 1049 ‹
849 1001 990 1058 Volo
1045 1004 1227 1076 itaque
1259 1002 1513 1075 juniores
1541 1004 1768 1073 nubere,

181 1090 322 1146 ﬁlios
367 1106 668 1161 procreare,
723 1101 925 1148 matres
968 1093 1206 1150 familias
1235 1110 1350 1150 esse
1384 1095 1527 1165 (53),
1558 1095 1769 1150 nullam

180 1177 512 1235 occasionem
561 1177 690 1234 dare
743 1181 1058 1239 adversario
1103 1183 1382 1240 maledicti
1428 1185 1617 1255 gratia.
1649 1184 1766 1242 Jam

180 1270 321 1326 enim
377 1271 624 1343 quaedam
661 1272 1055 1330 deerraverunt
1104 1283 1228 1347 post
1257 1275 1534 1332 Satanam.
1563 1300 1581 1322 ι
1627 1275 1769 1343 Quo-

181 1358 322 1413 niam
363 1375 482 1432 quaa
525 1379 688 1434 supra
727 1362 874 1419 dixit
915 1363 983 1418 de
1028 1362 1374 1435 hujusrnodi,
1415 1364 1690 1421 contraria
1716 1372 1770 1419 et

179 1446 370 1503 illicita
397 1458 548 1518 sunt,
579 1451 882 1523 perducent
911 1469 1001 1508 eas
1029 1452 1097 1508 ad
1125 1461 1357 1509 mortem
1383 1471 1394 1509 :
1417 1452 1624 1511 idcirco
1639 1469 1766 1509 con-

175 1536 358 1592 silium
415 1538 529 1608 dat,
581 1548 634 1595 et
678 1542 938 1614 praecepit
976 1558 1038 1597 ea
1085 1542 1227 1611 ﬁeri,
1280 1561 1400 1616 quae
1432 1542 1584 1600 licita
1613 1548 1763 1598 sunt.

175 1624 366 1680 Melius
408 1634 492 1682 est
536 1628 686 1684 enim
733 1629 932 1686 domus
972 1647 1162 1688 curam
1194 1649 1303 1686 suae
1334 1648 1540 1704 gerere,
1600 1646 1763 1704 quam

173 1712 227 1768 in
257 1713 436 1769 aliena
465 1715 632 1772 domo
663 1717 958 1774 adulterari
986 1737 998 1775 :
1041 1727 1094 1774 et
1132 1720 1370 1775 multum
1399 1719 1622 1792 expedit
1648 1736 1766 1774 nu-

1883 540 1955 595 tis
1991 540 2132 612 (56).

1958 631 2140 703 (Vera.
2174 631 2286 703 17.)
2339 655 2357 679 ‹
2401 631 2506 698 Qui
2549 633 2687 690 bene
2732 643 2974 707 praesunt
3013 636 3342 709 presbyteri,
3379 634 3476 692 du-

1883 719 2015 790 plici
2040 718 2250 775 honore
2278 719 2584 776 habeantur
2612 722 2798 793 digni:
2834 725 3076 780 maxime
3103 725 3197 797 qui
3227 725 3479 782 laborant

1885 809 1942 863 in
1973 808 2142 864 verbo
2179 818 2232 866 et
2259 807 2531 866 doctrina.
2564 835 2580 856 -
2611 811 2751 883 Boni
2781 811 3186 883 dispensatores
3202 831 3263 870 ac
3289 814 3479 871 ﬁdeles

1883 912 1994 952 non
2042 899 2220 954 solum
2278 899 2488 958 honore
2520 899 2746 956 sublimi
2799 899 3004 957 debent
3039 901 3193 974 digni
3217 901 3476 973 judicari,

1881 987 1976 1043 sed
2024 996 2078 1044 et
2119 996 2374 1056 terreno;
2438 995 2501 1043 ut
2553 1005 2666 1045 non
2715 989 3116 1046 contristentur
3176 989 3479 1060 indigentia

1881 1086 2225 1149 sumptuum,
2247 1079 2340 1134 sed
2365 1079 2536 1152 magis
2565 1080 2837 1151 gaudeant
2866 1077 2975 1134 ﬁde
3003 1094 3102 1133 sua
3123 1085 3178 1134 et
3207 1077 3476 1136 doctrina.

1881 1168 2180 1225 Instantior
2221 1169 2370 1225 enim
2419 1169 2503 1236 ﬁt,
2543 1171 2590 1226 si
2633 1185 2745 1226 non
2788 1169 3122 1225 humilietur
3168 1168 3385 1243 inopia:
3429 1180 3481 1228 et

1877 1260 2075 1316 crescit
2105 1260 2164 1316 in
2208 1261 2308 1317 illo
2346 1261 2670 1328 auctoritas,
2717 1276 2843 1317 cum
2879 1259 3033 1316 videt
3065 1275 3120 1315 se
3159 1261 3329 1316 etiam
3362 1261 3478 1334 (57)

1879 1346 1936 1403 in
1968 1351 2221 1420 praesenti
2273 1351 2475 1407 laboris
2520 1352 2606 1407 sui
2647 1352 2890 1408 fructum
2922 1349 3228 1423 percipere;
3265 1366 3376 1406 non
3421 1359 3484 1408 ut

1879 1433 2142 1504 abundet,
2167 1441 2261 1497 sed
2290 1449 2351 1497 ut
2376 1456 2487 1496 non
2515 1440 2763 1498 deﬁciat.

1952 1529 2133 1600 (Vers.
2169 1535 2280 1606 18.)
2336 1561 2354 1583 ι
2383 1535 2530 1592 Dicit
2576 1536 2724 1591 enim
2768 1533 3086 1607 Scriptura:
3127 1534 3247 1589 Non
3302 1533 3483 1589 infre-

1877 1619 2036 1675 nabis
2087 1620 2286 1680 bovem
2343 1625 2700 1682 triturantem
2771 1625 2954 1696 (Deut.
3014 1641 3152 1692 xxv,
3210 1623 3290 1696 4.);
3321 1649 3338 1670 ι
3394 1631 3475 1680 et:

1890 1733 1907 1756 ι
1936 1711 2145 1782 Dignus
2191 1722 2273 1770 est
2316 1715 2599 1786 operarius
2628 1715 2879 1773 mercede
2906 1732 3006 1771 sua
3047 1715 3200 1787 (Luc.
3231 1729 3290 1781 x,
3337 1713 3414 1785 7).
3447 1738 3466 1761 ι
3514 1790 3517 1794 Ι

170 1800 316 1870 bere,
351 1819 512 1876 quam
544 1806 645 1861 sub
686 1806 828 1862 bona
867 1816 923 1862 et
949 1807 1041 1879 pia
1071 1808 1408 1880 professione
1438 1809 1759 1864 notabiliter
1796 1811 1844 1871 B
1874 1798 2048 1856 Tanta
2077 1819 2282 1859 merces
2314 1805 2476 1859 debet
2516 1820 2633 1860 esse
2662 1803 3059 1876 evangelium“
3085 1817 3314 1873 regnum
3354 1801 3477 1868 Dei.

173 1889 227 1944 in
250 1891 400 1946 malo
425 1891 676 1949 incedere
710 1893 828 1968 (54)
859 1913 870 1951 :
921 1897 1044 1968 plus
1073 1905 1255 1952 autem
1283 1906 1364 1954 est
1397 1914 1523 1954 cum
1552 1897 1760 1970 pudore

173 1978 422 2036 manibus
467 1981 674 2038 victum
724 2000 985 2056 quaerere,
1019 2001 1182 2058 quam
1230 1986 1602 2043 inverecunde
1636 2002 1764 2043 cum

171 2070 280 2126 otio
380 2072 560 2128 aliena
657 2075 919 2131 utensilia
1019 2085 1355 2150 exspectare.
1442 2077 1532 2133 Sic
1615 2076 1764 2131 enim

167 2159 386 2214 invenit
441 2162 784 2218 occasionem
835 2165 1060 2221 Satanas
1091 2209 1105 2234 ,
1163 2166 1440 2238 quomodo
1477 2165 1766 2221 subvertat

166 2247 382 2304 animas
410 2248 770 2321 inconsultas,
790 2269 918 2310 cum
936 2257 1025 2326 pia
1053 2256 1372 2327 proﬁtentes
1397 2256 1602 2327 injuste
1635 2272 1768 2312 ver-

167 2343 359 2392 santur
390 2355 403 2394 :
437 2339 581 2396 nihil
626 2341 773 2398 enim
822 2349 935 2398 tam
986 2343 1352 2416 periculosum
1396 2353 1479 2402 est
1519 2363 1680 2418 quam
1720 2346 1766 2402 si

172 2425 502 2496 professioni
540 2437 690 2501 gesta
721 2440 1044 2504 repugnent.
1078 2435 1343 2505 Apertum
1383 2434 1529 2490 enim
1563 2433 1764 2489 malum

168 2528 273 2568 non
322 2515 535 2572 zelatur
582 2517 828 2588 Satanas,
876 2521 1005 2592 quia
1052 2521 1250 2592 gaudet
1309 2522 1366 2577 in
1423 2523 1521 2578 illo
1555 2542 1567 2579 :
1596 2523 1764 2578 istum

171 2617 293 2657 vero
325 2604 444 2675 (55)
478 2621 641 2678 quem
673 2607 824 2664 videt
854 2608 1060 2676 fallere,
1095 2610 1153 2666 id
1191 2610 1323 2682 agit,
1357 2618 1417 2667 ut
1449 2613 1764 2670 manifestet

171 2691 321 2747 illum
351 2709 524 2751 suum
552 2695 733 2754 ﬁlium
763 2713 900 2768 esse,
931 2715 1043 2754 non
1073 2700 1192 2768 Dei,
1226 2701 1372 2775 quod
1402 2701 1609 2758 factum
1649 2719 1760 2759 non

171 2779 414 2854 displicet
444 2786 582 2842 Deo.

235 2888 411 2958 (Vers.
464 2892 582 2963 16.)
627 2917 646 2940 ε
689 2893 746 2949 Si
785 2894 910 2967 quis
950 2895 1151 2965 ﬁdelis,
1197 2897 1285 2952 vel
1333 2897 1379 2952 si
1427 2914 1534 2970 qua
1579 2897 1760 2953 ﬁdelis

169 2973 321 3032 habet
376 2979 617 3050 viduas,
660 2983 994 3040 sufﬁcienter
1049 2983 1430 3042 subministret
1492 2985 1626 3054 illis,
1697 2994 1759 3041 ut

167 3080 344 3122 eorum
397 3070 686 3127 alimoniis
716 3088 827 3129 non
874 3083 1130 3146 gravetur
1181 3075 1448 3144 Ecclesia,
1503 3084 1566 3132 ut
1611 3075 1757 3132 veris

1878 1903 1985 1960 qua
2016 1905 2193 1964 neque
2221 1893 2597 1962 contristetur,
2625 1909 2801 1966 neque
2832 1891 3152 1948 extollatur.

1960 1985 2100 2042 301
2144 1981 2325 2051 (Vers.
2355 1981 2468 2072 19.)
2514 2006 2532 2028 ι
2556 1982 2866 2038 Adversum
2897 1978 3279 2053 presbyterum
3304 1995 3480 2037 accu-

1877 2077 2144 2134 sationem
2207 2094 2276 2134 ne
2343 2079 2631 2152 receperis.
2669 2104 2687 2125 ι
2727 2076 3002 2146 Quoniam
3042 2075 3212 2148 hujus
3266 2075 3479 2132 ordinis

1875 2165 2133 2220 sublimis
2162 2165 2341 2221 honor
2367 2175 2448 2223 est
2480 2166 2825 2239 (hujusmodi
2859 2165 3006 2221 enim
3039 2163 3238 2220 vicarii
3269 2163 3479 2221 Christi

1878 2255 2054 2326 sunt),
2087 2253 2294 2310 idcirco
2341 2272 2453 2311 non
2505 2255 2666 2311 facile
2696 2256 2763 2311 de
2803 2253 2907 2310 hac
2937 2269 3169 2326 persona
3196 2253 3476 2310 accusatio

1877 2340 2038 2397 debet
2065 2343 2304 2401 admitti.
2337 2343 2664 2400 Incredibile
2692 2343 2842 2398 enim
2873 2341 3035 2398 debet
3069 2341 3248 2398 videri
3281 2342 3474 2412 istum,

1877 2429 1973 2502 qui
2002 2431 2099 2485 Dei
2131 2433 2358 2486 antistes
2396 2439 2498 2498 est,
2529 2430 2826 2488 criminose
2853 2441 3154 2500 versatum,
3178 2431 3322 2488 sicut
3347 2449 3478 2490 cre-

1877 2518 2048 2572 dibile
2078 2527 2159 2574 est
2187 2521 2467 2576 scenicum
2497 2536 2614 2576 esse
2638 2519 3047 2590 turpissimum.

1949 2606 2132 2677 (Vers.
2153 2607 2272 2677 20.)
2316 2631 2334 2653 ι
2361 2607 2757 2678 Delinquentes
2795 2616 2976 2662 autem
3007 2623 3192 2663 coram
3221 2609 3479 2665 omnibus

1872 2711 2062 2766 argue,
2099 2703 2161 2750 ut
2201 2695 2383 2752 caeteri
2433 2704 2640 2751 metum
2684 2695 2943 2751 habeant.
2977 2720 2995 2744 ι
3038 2695 3328 2763 Quomodo
3359 2697 3476 2770 (58)

1876 2801 1986 2840 non
2018 2785 2179 2841 facile
2208 2783 2358 2840 credi
2389 2783 2553 2842 debet
2580 2783 2649 2839 de
2676 2784 3000 2857 presbytero
3028 2783 3239 2840 crimen
3260 2785 3336 2853 ;si
3359 2802 3457 2858 pro

1867 2871 2031 2928 betur
2060 2880 2264 2941 tamen,
2314 2882 2409 2928 aut
2434 2873 2507 2928 sit
2536 2872 2891 2929 manifestum
2933 2873 3063 2946 quia
3115 2873 3480 2937 irreverenter

1868 2969 2115 3017 versatus
2161 2970 2261 3030 est,
2311 2961 2531 3034 publice
2581 2961 2830 3033 praecipit
2882 2961 3242 3034 arguendum,
3291 2969 3352 3018 ut
3397 2967 3476 3045 ετ.

1865 3049 2048 3107 caeteri
2090 3057 2418 3119 terreantur,
2463 3050 2610 3124 quod
2659 3066 2770 3106 non
2814 3050 2992 3106 solum
3033 3050 3303 3107 ordinatis
3344 3067 3446 3124 pro

167 3152 340 3211 viduis
366 3159 630 3216 sufﬁciat.
656 3187 674 3208 ι
709 3161 854 3228 Quid
875 3138 1084 3217 lnirum
1115 3163 1161 3218 si
1190 3138 1490 3235 apostolica
1518 3172 1756 3236 potestas
1787 3168 1830 3228 C
1867 3139 2002 3236 ﬁfm'
2035 3139 2130 3196 sed
2161 3148 2216 3196 θί
2244 3139 2422 3236 Plebi;
2477 3138 2875 3236 q“a“‘_l°.°“i‘“
2907 3140 3099 3196 ﬁdem
3127 3141 3467 3236 digniﬁoéum

168 3238 341 3300 futura
367 3247 558 3319 potuit
587 3251 888 3321 praevidere
909 3252 938 3308 ?
966 3253 1102 3308 Nam
1151 3261 1374 3324 apparet
1418 3253 1565 3326 quod
1594 3251 1762 3321 dixit,

168 3331 286 3402 quia
312 3335 570 3394 ﬁdelium
614 3339 796 3396 viduae
827 3357 976 3398 nunc
1014 3342 1253 3398 multum
1301 3349 1531 3413 gravant
1557 3342 1765 3399 Eccle-

167 3421 313 3492 siam,
363 3433 418 3482 et
472 3443 667 3483 eorum
718 3429 814 3502 qui
867 3430 1164 3503 locupletes
1212 3431 1471 3488 videntur
1519 3429 1758 3487 mundi:

167 3515 286 3585 quia
324 3534 422 3589 per
447 3520 754 3576 senectutis
781 3537 1000 3578 causam
1033 3521 1356 3579 desistentes
1393 3538 1482 3578 eas
1508 3522 1577 3578 ab
1604 3538 1766 3593 opere

171 3603 409 3677 laniﬁcii,
453 3609 748 3666 retrahunt
791 3612 871 3667 eis
917 3620 972 3668 et
1013 3611 1410 3669 vestimentum
1442 3618 1496 3668 et
1525 3611 1756 3679 victum,

173 3709 277 3750 non
307 3705 486 3755 totum
516 3706 720 3769 tamen,
759 3700 852 3758 sed
881 3718 950 3758 ex
982 3711 1132 3774 parte
1165 3720 1177 3759 :
1211 3711 1273 3758 ut
1303 3702 1413 3758 illa:
1440 3703 1555 3774 ipsa
1578 3700 1767 3774 inopia

173 3783 235 3838 ad
260 3786 568 3845 Ecclesiam
599 3798 1011 3860 convertantur,
1044 3800 1106 3848 ut
1149 3791 1345 3848 vivant
1377 3809 1388 3847 :
1424 3808 1562 3864 quos
1589 3807 1765 3864 opor-

174 3873 312 3932 tebat
356 3895 468 3934 non
519 3879 696 3936 solum
737 3881 853 3937 suis
910 3881 1288 3955 indigentibus
1329 3882 1540 3953 largiri,
1568 3898 1762 3938 verum

168 3962 322 4020 etiam
357 3967 496 4023 alias
521 3968 711 4042 inopes
739 3987 958 4042 pascere
983 3980 1037 4027 et
1070 3979 1376 4044 contegere.
1411 3971 1572 4040 Quod
1609 3973 1765 4027 mul-

167 4057 276 4108 tum
305 4054 499 4123 obest;
534 4073 660 4114 cum
691 4059 837 4114 enim
870 4059 959 4116 his
987 4060 1168 4130 datur,
1194 4060 1405 4118 caeteris
1425 4068 1520 4116 aut
1555 4061 1760 4129 minus,

165 4149 254 4195 aut
303 4158 419 4197 non
469 4143 652 4214 datur,
693 4146 895 4219 quibus
950 4149 1121 4221 magis
1178 4148 1424 4205 dandum
1479 4159 1584 4218 est,
1642 4167 1762 4222 quae

162 4229 344 4300 dignae
383 4240 517 4288 sunt
547 4233 810 4290 Ecclesiae
840 4238 1155 4308 sumptibus
1184 4237 1510 4292 ministrari.
1539 4238 1629 4293 Sic
1657 4255 1764 4293 au-

163 4325 270 4373 tem
331 4329 612 4390 gravatur,
671 4339 799 4378 cum
861 4325 1078 4396 cogitur
1136 4325 1336 4381 vestire
1392 4327 1596 4382 multos
1645 4343 1764 4400 qua:

164 4407 384 4465 deberet
417 4410 620 4466 vestire
670 4429 907 4484 paucos;
942 4421 995 4470 et
1050 4415 1204 4486 plebs
1255 4432 1375 4488 quae
1433 4416 1666 4472 libenter
1711 4427 1764 4474 et

1874 3229 2058 3285 virum
2085 3230 2288 3286 erroris
2315 3244 2481 3286 causa
2508 3229 2733 3302 corripi,
2775 3245 2994 3285 necesse
3030 3237 3112 3284 est
3137 3238 3202 3284 ut
3248 3230 3356 3286 sibi
3386 3247 3473 3287 ca-

1875 3330 2060 3378 veant.

1951 3410 2132 3483 (Vers.
2177 3412 2266 3477 21,
2312 3411 2429 3483 22.)
2477 3437 2494 3458 ι
2525 3411 2717 3467 Testor
2757 3427 2944 3468 coram
2992 3411 3127 3478 Deo,
3153 3419 3206 3466 et
3253 3408 3475 3467 Christo

1875 3501 2024 3570 Iesu,
2080 3511 2133 3557 et
2189 3503 2377 3560 electis
2428 3501 2676 3575 angelis;
2727 3511 2789 3558 ut
2840 3501 2957 3557 haec
3011 3499 3312 3567 custodias,
3357 3499 3476 3554 sine

1876 3589 2200 3662 praejudicio
2230 3592 2373 3648 nihil
2409 3591 2615 3648 faciens
2647 3589 2704 3645 in
2733 3597 2944 3662 partem
2974 3589 3139 3645 aliam
3169 3588 3470 3645 declinans.

1874 3680 2066 3736 Manus
2077 3681 2188 3737 cito
2204 3680 2413 3737 nemini
2431 3680 2504 3736 im
2513 3679 2962 3753 posueris,neque
2973 3676 3473 3735 communicaveris

1874 3769 2110 3841 peccatis
2138 3769 2334 3826 alienis
2356 3770 2496 3842 (59).
2530 3769 2720 3825 Temet
2753 3767 2932 3840 ipsum
2966 3774 3177 3823 castum
3198 3765 3460 3822 custodi.-

1875 3857 2339 3915 Contestationem
2395 3858 2624 3929 deponit
2679 3856 2826 3928 apud
2886 3857 3062 3911 Deum
3128 3853 3368 3919 Patrem,
3421 3859 3474 3906 et

1876 3945 2155 4002 Christum
2204 3947 2383 4001 ﬁlium
2415 3945 2552 4016 ejus,
2579 3953 2634 4001 et
2661 3945 2864 4000 electos
2909 3941 3028 4012 ejus
3059 3940 3302 4011 angelos,
3333 3953 3472 4010 quos

1875 4035 2145 4090 Dominus
2181 4035 2239 4090 in
2268 4033 2573 4106 Evangelio
2596 4041 2814 4089 sanctos
2845 4030 3084 4102 appellat
3115 4030 3311 4100 (Marc.
3344 4044 3469 4092 VIII,

1875 4123 1990 4195 38).
2049 4123 2120 4178 Hi
2179 4138 2306 4195 ergo
2352 4122 2513 4178 electi
2568 4130 2718 4190 sunt,
2769 4119 2898 4194 quia
2929 4126 3058 4174 sunt
3101 4117 3197 4175 alii
3229 4115 3468 4188 reprobi,

1875 4212 1969 4284 qui
1998 4218 2127 4267 sunt
2159 4227 2269 4266 non
2306 4209 2405 4267 Dei
2440 4209 2644 4282 angeli,
2689 4208 2782 4265 sed
2825 4207 3054 4275 diaboli,
3113 4206 3469 4264 assentientes

1873 4305 2156 4377 apostasia;
2187 4303 2322 4377 ejus.
2363 4303 2476 4359 Sub
2517 4305 2808 4361 testatione
2836 4321 2964 4377 ergo
3010 4319 3094 4372 ea,
3132 4319 3252 4376 quae
3287 4302 3354 4358 ad
3383 4318 3467 4357 or-

1871 4396 2210 4452 dinationem
2272 4396 2534 4454 Ecclesiae
2600 4397 2824 4454 mandat
2873 4397 3164 4465 custodiri;
3222 4395 3469 4468 praecipit

167 4497 478 4571 frequenter
535 4482 710 4574 possit
767 4482 1083 4560 ministrare
1138 4482 1347 4578 pauc-is,
1393 4506 1606 4578 cogitur
1643 4508 1759 4578 plu-
1790 4525 1839 4583 ι)
1873 4484 2016 4583 nihil
2061 4485 2338 4583 ﬁeﬁﬁ“?
2380 4483 2741 4583 Ρτίθίξξάίίῖίοῖ
2775 4503 2844 4543 ne
2875 4487 3035 4583 Ῐδξδίξθ
3083 4485 3284 4583 amni?
3329 4482 3468 4583 πεδ’

171 4602 256 4644 res
357 4589 644 4647 dimittere
709 4609 721 4648 :
782 4600 843 4648 ut
914 4602 1008 4650 aut
1081 4605 1404 4664 murmuret,
1479 4605 1573 4652 aut
1655 4604 1762 4652 tar-

168 4674 286 4733 dius
359 4681 440 4738 eis
517 4692 787 4740 occurrat.
863 4685 998 4741 Nam
1056 4701 1182 4741 cum
1266 4685 1546 4758 praecipiat
1593 4687 1760 4744 unius

171 4768 272 4823 viri
303 4787 537 4830 uxorem
567 4773 696 4848 eligi
728 4774 976 4845 viduam,
1008 4791 1156 4832 nunc
1199 4776 1562 4834 inveniuntur
1617 4777 1760 4833 inter

169 4870 252 4912 eas
280 4875 385 4915 non
418 4869 632 4918 tantum
682 4864 854 4920 duum
901 4875 996 4922 aut
1037 4865 1207 4922 trium
1253 4865 1575 4924 maritorum
1607 4883 1758 4921 uxo-

171 4959 265 5014 res,
308 4948 401 5004 sed
450 4959 506 5006 et
555 4967 675 5026 quae
714 4953 931 5027 turpius
961 4954 1247 5011 vixerint:
1281 4954 1428 5028 quod
1459 4952 1756 5026 aliquando

236 5145 350 5221 (53)
381 5147 570 5206 Codex
590 5151 735 5208 Vall.
781 5157 834 5206 et
863 5149 959 5206 alii
979 5149 1260 5218 nonnulli,
1299 5158 1497 5207 matres
1511 5150 1754 5221 familias

169 5219 514 5292 esse,_glomum
541 5239 734 5292 regere.

177 5354 215 5377 τη
401 5291 487 5377 Ita
519 5287 646 5348 mss.
689 5295 974 5377 plerique:
1008 5295 1290 5377 aliivero,
1314 5303 1374 5377 _et
1403 5293 1562 5377 edit.,
1594 5309 1755 5362 quam

168 5360 219 5407 in
238 5360 414 5416 aliena
451 5363 605 5417 domo
631 5360 945 5422 adulari...
974 5360 1285 5422 notabiliter
1302 5360 1557 5421 incedere.

236 5429 350 5510 (ᾕό)
397 5431 602 5510 anes
644 5435 776 5510 edit.
828 5445 882 5492 et
905 5436 1128 5509 quidam
1167 5454 1322 5506 mss.,
1344 5437 1552 5507 justum
1582 5449 1704 5489 vero
1733 5452 1753 5498 ;

171 5499 357 5574 melius
382 5504 478 5560 alii
510 5521 666 5574 mss.,
696 5507 858 5562 istum
883 5499 1026 5564 υὲνο.

235 5572 350 5698 (:6)
401 5572 668 5633 Nonnulli
711 5595 866 5648 mss.,
915 5580 1210 5656 aliquando
1252 5583 1524 5656 potentatu
1550 5575 1754 5632 insinu-

169 5657 297 5700 ante.

1873 4575 1986 4646 piat
2025 4575 2446 4632 ecclesiasticam
2495 4574 2846 4648 dignitatem,
2895 4575 3002 4631 nisi
3052 4575 3205 4646 prius
3252 4573 3320 4627 de
3351 4570 3467 4625 vita

1869 4665 1984 4738 ejus
2013 4674 2066 4722 et
2093 4667 2341 4723 moribus
2368 4665 2536 4722 fuerit
2565 4666 2939 4738 disputatum;
2966 4671 3027 4718 ut
3054 4663 3255 4733 dignus
3275 4675 3465 4730 appro-

1866 4759 2048 4826 batus,
2093 4759 2348 4815 minister
2393 4766 2490 4812 aut
2530 4757 2784 4813 sacerdos
2832 4752 3223 4816 constituatur,
3253 4757 3316 4804 ut
3351 4764 3462 4804 non

1868 4854 2052 4918 postea
2102 4846 2149 4902 si
2203 4842 2654 4916 reprehensibilis
2700 4842 2974 4907 videatur,
3021 4837 3284 4910 pasniteat
3327 4838 3467 4894 forte

1865 4933 2170 5007 principem
2192 4931 2382 5004 populi
2402 4945 2514 4985 non
2537 4929 2606 4984 ad
2632 4927 2907 5003 liquidum
2929 4924 3312 4998 praajudicasse
3345 4924 3463 4996 (60)

1962 5133 2055 5197 57)
2079 5127 2266 5185 Codex
2294 5125 2782 5197 Vall._,_congaudct
2800 5140 2851 5197 se
2875 5122 3052 5197 etiam,
3082 5133 3187 5181 etc.

1962 5135 2055 5197 57)
2079 5135 2266 5185 Codex
2301 5135 2465 5191 Vall.,
2498 5135 2851 5196 congaudeue
2875 5135 3052 5192 etram,
3082 5135 3187 5181 etc.

1938 5135 2057 5274 (58)
2090 5199 2240 5274 Edit.
2280 5205 2334 5252 et
2361 5195 2585 5270 quidam
2636 5214 2766 5274 mss.
2801 5195 3063 5274 Quoniam
3092 5197 3272 5274 enim_;
3299 5198 3460 5254 Rom.

1863 5265 1996 5330 edit.
2038 5265 2302 5341 Quoniam
2352 5265 2506 5333 c'cro,
2568 5269 2768 5324 melius
2813 5265 2909 5318 alii
2956 5282 3089 5323 mss.
3144 5275 3206 5322 ut
3234 5267 3294 5323 in
3323 5283 3462 5324 con-

2085 5415 2244 5472 Bom.
2271 5412 2431 5480 edit.,
2459 5426 2622 5482 neque
2661 5415 2706 5464 to
2751 5410 3218 5466 commaculavenis
3242 5409 3466 5482 peccatis

1861 5489 2292 5702 :éfgdyEadem
2321 5575 2479 5634 Rom.
2527 5568 2684 5639 edit.,
2724 5579 2834 5620 non
2876 5568 2951 5622 ad
3002 5570 3262 5648 liquidum
3289 5567 3468 5644 pravi.

1901 5664 2021 5702 1880.

1901 5664 2021 5704 1888.
