3908 6192
429 295 534 355 507

430 423 564 500 quid
618 431 942 496 mereretur,
998 441 1166 500 quem,
1217 422 1655 499 improbabiliter
1710 423 2023 500 ordinavit;
2056 430 2107 490 A

430 533 532 573 nec
590 516 748 573 illum
804 513 962 588 cujus
1001 522 1220 589 peccata
1270 513 1336 570 ad
1361 513 1732 586 suspicionem
1774 514 2024 586 veniunt,

429 607 823 676 ordinandum,
881 622 949 662 ne
1002 605 1435 664 commaculetur
1472 603 1757 662 ordinator
1787 603 1939 662 vitiis
1977 613 2031 661 et

429 695 647 754 delictis
676 696 813 770 ejus.
847 695 903 755 Si
933 711 1062 767 ergo
1108 693 1337 752 omnino
1377 693 1603 750 latentia
1632 701 1761 750 sunt
1805 691 2027 765 delicta,

431 785 697 843 immunis
736 784 840 842 erit
882 790 1094 851 rector;
1145 780 1276 854 quia
1325 781 1663 839 conscientia
1692 781 1810 856 ejus
1858 782 2031 840 libera

428 882 528 931 est.
573 873 826 947 Suspicio
879 873 1028 930 enim
1080 865 1355 942 trepidum
1402 868 1579 938 facit;
1634 881 1823 946 peccat
1879 873 2026 928 enim

427 962 473 1018 si
517 978 629 1018 non
681 959 898 1034 probat,
930 968 985 1018 et
1027 958 1110 1016 sic
1135 957 1379 1018 ordinat.
1413 959 1610 1018 Melior
1638 959 1787 1018 enim
1819 962 2029 1019 caeteris

426 1049 588 1109 debet
603 1049 848 1124 probari,
880 1049 974 1124 qui
997 1045 1344 1106 ordinandus
1365 1058 1474 1107 est:
1504 1066 1614 1107 non
1636 1050 1782 1107 enim
1804 1051 2026 1122 suﬁicit,

427 1141 473 1198 si
504 1140 623 1200 sine
653 1138 894 1200 crimine
925 1138 1034 1210 sit;
1071 1137 1202 1212 quia
1232 1141 1431 1196 merita
1465 1138 1583 1214 ejus
1610 1140 1810 1198 debent
1836 1141 2029 1216 przeire

425 1233 698 1290 bonorum
746 1247 996 1304 operum,
1046 1237 1110 1306 ut
1159 1222 1360 1304 dignus
1396 1229 1663 1290 habeatur
1697 1229 1765 1289 ad
1795 1229 2029 1289 ordina-

424 1322 652 1379 tionem.
687 1321 814 1378 Hmc
846 1321 1135 1396 episcopus
1163 1313 1503 1393 custodiens,
1531 1333 1743 1384 castum
1775 1339 1829 1379 se
1858 1322 2028 1379 exhi-

423 1413 575 1470 bebit
602 1412 893 1484 religioni:
929 1410 1088 1484 cujus
1118 1411 1196 1468 rei
1232 1412 1290 1469 in
1324 1411 1518 1471 futuro
1548 1413 1837 1488 praemium
1884 1431 2028 1472 con-

423 1511 699 1577 sequetur.

496 1596 679 1669 (Vers.
712 1593 831 1666 23.)
879 1618 897 1641 ε
930 1585 1054 1652 Noli
1086 1593 1269 1652 adhuc
1295 1595 1484 1652 bibere
1523 1612 1741 1667 aquam,
1773 1593 1867 1653 sed
1896 1597 2028 1653 vino

423 1684 642 1747 modico
680 1692 834 1742 utere
863 1691 1084 1758 propter
1129 1683 1476 1743 stomachum
1507 1691 1690 1756 tuum,
1721 1694 1776 1742 et
1813 1685 2028 1747 crebras

1464 296 1561 356 AD
1600 295 1835 354 OPERA
1874 296 1931 352 S.
1971 293 2302 356 AMBROSII
2340 292 2720 356 APPENDIX.

2664 427 2811 490 302
2853 423 3079 488 CAPUT
3108 425 3203 481 VI.

2211 522 2392 594 (Vers.
2429 521 2506 594 1.)
2554 548 2570 569 ι
2601 522 2880 595 Quotquot
2908 520 3008 579 sub
3041 519 3174 597 jugo
3205 530 3335 586 sunt
3365 522 3536 592 servi,
3572 519 3749 577 domi-

2140 630 2239 670 nos
2284 630 2410 670 suos
2461 613 2611 670 omni
2661 611 2868 671 honore
2915 612 3110 688 dignos
3144 615 3503 682 arbitrentur,
3540 631 3611 673 ne
3659 631 3748 670 no-

2140 719 2264 758 men
2294 702 2517 759 Domini
2548 711 2602 762 et
2629 701 2884 760 doctrina
2906 702 3352 776 blasphemetur.
3381 729 3399 751 ι
3448 701 3746 760 Servorum

2139 793 2416 866 obsequiis
2458 793 2712 852 dominos
2759 795 2872 852 Deo
2917 793 3117 868 gratias
3162 794 3285 852 vult
3339 794 3586 852 referre:
3622 811 3744 852 cum

2139 881 2286 937 enim
2336 897 2432 954 per
2474 880 2573 938 Dei
2626 877 2975 954 disciplinam
3027 881 3213 938 ﬁdelia
3240 879 3356 938 illis
3384 877 3743 940 exhibuerint

2138 969 2386 1042 servitia,
2426 969 2568 1030 forte
2612 969 2746 1028 huic
2793 971 2956 1028 etiam
2991 970 3097 1047 ipsi
3138 988 3196 1029 se
3254 970 3557 1044 subjicient
3585 971 3740 1031 disci-

2137 1061 2323 1134 plinas.

2213 1153 2396 1226 (Vers.
2448 1154 2528 1227 2.)
2575 1179 2592 1201 ι
2623 1153 2729 1224 Qui
2783 1171 2913 1212 vero
2961 1154 3149 1212 ﬁdeles
3205 1153 3413 1212 habent
3465 1155 3738 1226 dominos,

2137 1257 2253 1297 non
2282 1248 2658 1313 contemnant,
2693 1242 2822 1318 quia
2852 1243 3048 1300 fratres
3094 1251 3223 1300 sunt
3251 1263 3262 1300 :
3306 1243 3404 1300 sed
3436 1244 3612 1316 magis
3638 1259 3738 1300 ser-

2137 1331 2313 1398 viant,
2348 1333 2476 1408 quia
2526 1331 2712 1390 ﬁdeles
2766 1341 2895 1392 sunt
2946 1341 3001 1392 et
3046 1333 3255 1402 dilecti,
3306 1334 3437 1408 quia
3477 1333 3740 1390 beneﬁcia

2137 1421 2466 1494 percipiunt.
2503 1447 2522 1470 ι
2565 1421 2621 1478 Si
2665 1422 2910 1496 profanis
2960 1422 3202 1480 dominis
3243 1423 3603 1481 serviendum
3636 1431 3740 1480 tota

2138 1511 2785 1587 sollicitudineimperat,
2819 1521 3025 1586 quanto
3059 1513 3233 1587 magis
3261 1513 3559 1571 ﬁdelibus!
3594 1513 3740 1572 Tunc

2138 1602 2285 1658 enim
2315 1602 2512 1675 probat
2561 1619 2617 1658 se
2645 1603 2834 1659 timori
2874 1604 2975 1660 Dei
3023 1602 3355 1676 subjectum,
3393 1604 3440 1660 si
3487 1603 3639 1661 ﬁdeli
3689 1609 3740 1660 et

2137 1691 2427 1765 temporali
2461 1690 2688 1748 domino
2737 1698 2852 1748 toto
2901 1692 3086 1749 animo
3118 1692 3284 1750 fuerit
3313 1691 3626 1752 obsecutus.
3667 1694 3742 1751 Ne

422 1784 546 1834 tuas
600 1774 970 1834 inﬁrmitates.
1009 1798 1025 1820 ι
1068 1773 1229 1832 Nunc
1272 1773 1505 1848 speciale
1553 1775 1853 1832 consilium
1909 1775 2023 1845 dat,
2061 1799 2108 1859 Β
2138 1781 2602 1838 contemnendum
2634 1788 2808 1854 putet,
2842 1782 2968 1855 quia
2989 1782 3156 1839 frater
3174 1781 3379 1840 dicitur
3400 1799 3563 1840 causa
3581 1799 3742 1840 com-

422 1873 485 1920 ut
549 1880 604 1920 se
663 1864 842 1936 ipsum
895 1861 1106 1922 salubri
1166 1874 1317 1938 regat
1379 1865 1664 1936 doctrina;
1726 1865 2026 1941 prudenter

422 1953 570 2010 enim
601 1955 746 2010 Deus
797 1951 902 2010 sibi
949 1953 1147 2010 serviri
1179 1954 1321 2022 vult,
1351 1970 1463 2010 non
1497 1963 1558 2014 ut
1595 1954 1876 2013 nimietate
1926 1969 2026 2012 sua

421 2041 630 2099 debiles
681 2041 837 2112 ﬁant,
889 2050 942 2098 et
998 2049 1186 2116 postea
1237 2042 1576 2100 medicorum
1631 2043 1888 2118 suffragia
1928 2061 2026 2100 re-

421 2129 662 2206 quirant.
698 2129 1137 2204 Temperandnm
1169 2132 1315 2188 enim
1347 2141 1447 2202 est,
1481 2139 1542 2189 ut
1575 2133 1620 2189 si
1667 2133 1786 2190 ﬁeri
1820 2141 2022 2207 potest,

420 2229 662 2293 coeptum
719 2219 1042 2295 obsequium
1117 2219 1386 2294 gradatim
1449 2221 1805 2294 provehatur,
1855 2241 2020 2298 quam

421 2323 517 2381 per
541 2307 1064 2368 inconsiderantiam
1097 2309 1401 2370 minuatur.
1426 2313 1853 2385 Intemperantia
1873 2313 2023 2370 enim

419 2397 592 2472 ipsam
619 2395 860 2458 animam
891 2398 1194 2472 inquietam
1240 2399 1391 2472 facit,
1435 2409 1496 2458 ut
1526 2418 1650 2458 cum
1679 2402 1746 2459 de
1773 2402 2025 2460 infirmi—

420 2493 533 2543 tate
573 2487 812 2545 sollicita
858 2495 959 2558 est,
1007 2505 1119 2546 non
1167 2495 1384 2546 tantum
1439 2487 1627 2547 dedita
1679 2491 1752 2548 sit
1815 2491 2026 2551 divinis

419 2577 687 2638 servitiis.
754 2579 1028 2638 Damnum
1094 2579 1243 2639 enim
1321 2579 1476 2638 aﬂ’ert
1549 2579 2018 2665 improvidentia;

421 2665 613 2726 anima
643 2665 699 2724 in
727 2667 1125 2742 tranquillitate
1153 2668 1348 2742 posita,
1377 2677 1554 2727 totum
1586 2687 1682 2730 cor
1709 2671 1929 2730 extollit
1957 2671 2025 2728 ad

419 2758 616 2829 Deum,
682 2757 895 2833 integro
951 2757 1185 2817 consilio
1241 2755 1550 2830 obsecrans,
1611 2777 1730 2840 quae
1782 2759 2020 2838 petenda

416 2853 544 2904 sunt
575 2845 716 2921 (61).

488 2945 670 3018 (Vers.
705 2944 796 3013 24,
833 2945 951 3018 25.)
999 2968 1018 2996 ς
1046 2935 1426 3012 Quorumdam
1473 2944 1768 3006 hominum
1800 2955 2020 3022 peccata

415 3034 708 3094 manifesta
734 3041 883 3102 sunt,
915 3033 1281 3106 praecedentia
1311 3033 1380 3090 ad
1399 3033 1698 3106 judicium,
1752 3037 2018 3111 quosdam

2140 1873 2324 1930 munis
2353 1872 2505 1944 ﬁdei,
2536 1873 2666 1948 quia
2706 1874 2882 1946 magis
2911 1870 3292 1946 corripiendus
3331 1870 3452 1941 erit,
3485 1872 3582 1945 qui
3610 1869 3740 1928 ﬁde-

2136 1961 2245 2019 lem
2276 1961 2561 2019 dominum
2586 1961 3051 2020 contemnendum
3081 1959 3369 2036 putaverit.

2211 2051 2393 2125 (Vers.
2423 2051 2506 2125 3.)
2552 2077 2569 2098 ι
2599 2051 2724 2109 Haec
2752 2051 2887 2109 doce
2926 2055 2980 2108 et
3009 2047 3318 2107 exhortare.
3348 2076 3366 2098 ι
3408 2049 3738 2109 Doctrinam

2136 2141 2485 2198 Dominicam
2535 2141 2877 2200 manifestari
2922 2141 3065 2210 vult,
3111 2147 3174 2197 ut
3221 2141 3613 2197 obtrectatores
3655 2140 3735 2196 vi-

2136 2225 2319 2298 deant,
2348 2229 2476 2304 quia
2502 2248 2613 2288 non
2634 2237 2716 2288 est
2730 2229 2876 2305 quod
2900 2229 3391 2304 reprehendantur,
3412 2227 3472 2284 in
3489 2239 3552 2286 ea
3577 2245 3588 2284 :
3613 2244 3736 2285 con-

2133 2316 2433 2377 siderantes
2471 2321 2675 2394 pariter
2700 2337 2821 2396 quas
2851 2320 2909 2375 in
2949 2318 3117 2376 sacris
3148 2333 3340 2375 eorum
3372 2317 3486 2377 sint
3515 2317 3732 2374 occulta

2137 2408 2341 2482 turpia,
2373 2418 2428 2466 et
2456 2409 2781 2467 erubescant
2809 2425 2904 2482 per
2934 2406 3082 2483 quod
3122 2405 3532 2464 inexcusabiles
3559 2412 3734 2464 erunt.

2211 2499 2391 2571 (Vers.
2425 2499 2478 2570 4,
2508 2500 2590 2574 5.)
2625 2527 2642 2549 ι
2672 2501 2726 2558 Si
2758 2501 2881 2574 quis
2909 2499 3071 2556 aliter
3095 2497 3275 2567 docet,
3305 2505 3358 2555 et
3385 2513 3498 2553 non
3530 2497 3736 2571 acquie-

2136 2587 2240 2644 scit
2293 2587 2442 2644 sanis
2489 2588 2836 2646 sermonibus
2886 2587 3108 2646 Domini
3144 2587 3324 2644 nostri
3353 2587 3485 2644 Jesu
3514 2586 3735 2658 Christi,

2137 2683 2190 2732 et
2227 2677 2276 2732 ei
2306 2692 2426 2749 quas
2461 2678 2762 2735 secundum
2785 2678 3042 2754 pietatem
3073 2684 3174 2745 est,
3207 2675 3507 2736 doctrinae:
3545 2687 3736 2750 super-

2136 2765 2220 2824 bit
2245 2773 2428 2824 autem
2459 2769 2602 2825 nihil
2633 2769 2832 2838 sciens,
2863 2767 2956 2825 sed
2995 2769 3262 2841 languens
3310 2768 3459 2825 circa
3490 2767 3734 2842 quaestio-

2137 2875 2235 2916 nes
2284 2870 2338 2917 et
2366 2878 2576 2934 pugnas
2604 2861 2923 2930 verborum,
2959 2877 3027 2917 ex
3067 2859 3271 2934 quibus
3318 2859 3464 2917 ﬁunt
3493 2858 3732 2927 invidize,

2137 2950 2541 3020 contentiones,
2600 2949 2974 3024 blasphemiae,
3009 2948 3350 3021 suspiciones
3390 2948 3572 3018 malae,
3602 2963 3736 3005 con-

2137 3038 2470 3097 flictationes
2500 3039 2812 3110 hominum,
2846 3038 2942 3113 qui
2969 3037 3216 3110 corrupti
3246 3046 3376 3095 sunt
3427 3046 3633 3107 mente,
3684 3045 3734 3094 et

415 3140 547 3181 vero
603 3131 659 3180 et
702 3122 1140 3197 subsequuntur.
1195 3122 1320 3180 Pari
1365 3123 1532 3180 modo
1572 3133 1626 3183 et
1663 3142 1827 3199 opera
1869 3126 2016 3185 bona
2050 3165 2094 3227 Ο
2136 3128 2229 3203 qui
2260 3128 2490 3185 veritate
2535 3136 2851 3198 caruerunt,
2906 3128 3287 3185 existimantes
3316 3133 3590 3202 quaestum
3620 3142 3727 3184 esse

416 3216 711 3275 manifesta
749 3223 914 3274 sunt:
948 3224 1003 3274 et
1051 3233 1171 3291 quae
1201 3215 1363 3276 aliter
1389 3233 1446 3274 se
1474 3213 1698 3288 habent,
1753 3217 2014 3277 abscondi

415 3321 528 3361 non
558 3315 804 3379 possunt.
837 3330 856 3354 ι
898 3307 1119 3364 Nullam
1159 3307 1575 3364 excusationem
1607 3307 1729 3364 vult
1780 3307 2016 3381 intelligi

415 3393 531 3451 fore
551 3411 762 3464 eorum,
789 3396 884 3469 qui
914 3395 1003 3454 his
1028 3396 1333 3466 adbzerent,
1363 3413 1598 3471 quorum
1629 3405 1847 3470 peccata
1881 3415 2018 3471 pro-

414 3485 590 3556 palam
640 3493 806 3552 sunt;
855 3492 918 3540 ut
967 3501 1094 3542 cum
1151 3487 1398 3543 evitandi
1453 3487 1586 3556 sint,
1618 3489 1788 3560 magis
1819 3488 2016 3544 honori

413 3572 525 3628 sint
558 3569 696 3640 (62).
728 3570 846 3626 Hoc
897 3587 1025 3642 ergo
1053 3571 1350 3644 signiﬁcat,
1381 3583 1442 3630 ut
1484 3575 1650 3633 homo
1700 3577 1800 3634 Dei
1828 3576 1896 3633 ab
1930 3577 2016 3634 his

412 3663 745 3725 secernatur,
781 3657 1022 3716 maxime
1063 3659 1408 3732 dispensator
1448 3662 1677 3732 Christi,
1723 3665 1818 3737 qui
1851 3666 2015 3725 etiam

412 3744 750 3818 corripiendi
807 3761 899 3804 eos
967 3745 1132 3807 habet
1211 3749 1634 3822 auctoritatem;
1689 3749 1784 3824 qui
1847 3751 1894 3810 si
1959 3771 2016 3811 se

411 3833 702 3896 emendare
750 3835 1103 3911 promittunt,
1141 3837 1419 3896 retinendi
1479 3847 1627 3898 sunt.
1683 3840 1838 3900 Alios
1885 3859 2015 3900 vero

409 3925 670 4002 subsequi
725 3929 873 3986 mala
922 3946 1089 4004 opera
1118 3930 1344 3988 illorum
1392 3931 1670 4002 ostendit;
1721 3933 1850 4007 quia
1885 3951 2011 3992 cum

409 4015 660 4075 viventes
702 4019 1050 4080 aestimantur
1097 4019 1252 4091 boni,
1287 4021 1494 4078 mortui
1528 4020 1896 4095 detegantur;
1950 4033 2014 4082 ut

412 4107 509 4180 qui
555 4109 710 4178 prius
750 4109 1116 4168 ostendebant
1159 4128 1216 4168 se
1245 4111 1492 4182 idoneos,
1534 4113 1885 4186 postmodum
1921 4113 2012 4172 de-

408 4195 688 4252 clarentur
722 4196 1068 4269 impostores.
1100 4200 1380 4272 Superiori
1410 4202 1626 4259 ratione
1671 4204 1817 4262 sicut
1846 4204 2007 4273 mala,

408 4282 486 4341 ita
535 4291 589 4339 et
633 4284 775 4342 facta
821 4286 962 4344 bona
997 4287 1288 4346 manifesta
1319 4298 1492 4359 sunt;
1525 4291 1670 4351 bona
1703 4293 1850 4353 enim
1891 4295 2010 4353 vita

407 4378 462 4427 et
489 4379 643 4427 actus
675 4373 908 4429 modesti
951 4373 1214 4431 abscondi
1262 4393 1374 4434 non
1404 4387 1651 4451 possunt,
1707 4398 1826 4454 quas
1855 4382 2008 4441 adhi‘

404 4459 524 4518 bita
549 4459 775 4533 pietate,
826 4460 1037 4519 faciunt
1083 4463 1392 4535 perfectos:
1425 4466 1522 4523 sed
1565 4467 1710 4526 sicut
1753 4470 2003 4544 quaedam

404 4548 550 4606 mala
584 4549 802 4606 occulta
847 4549 914 4606 ad
963 4567 1200 4624 prasens
1227 4561 1378 4621 sunt,
1409 4555 1487 4611 ita
1530 4564 1583 4612 et
1611 4555 1792 4626 bona;
1840 4575 2002 4618 nemo

403 4638 552 4695 enim
609 4638 796 4695 omnia
839 4639 899 4697 in
930 4640 1252 4698 hominibus
1281 4653 1458 4716 potest
1489 4645 1628 4702 scire
1656 4665 1668 4704 :
1699 4646 1794 4704 sed
1824 4664 1893 4704 ex
1935 4648 2005 4706 iis

403 4743 522 4802 quae
584 4727 737 4786 videt
783 4735 837 4786 et
888 4728 1062 4802 audit,
1095 4731 1290 4804 probat
1343 4743 1398 4791 et
1441 4733 1676 4808 judicat.
1709 4735 2002 4810 Perpendit

403 4822 551 4880 enim
605 4840 676 4883 an
714 4841 778 4882 ea
823 4844 944 4902 qua;
981 4826 1264 4899 dicuntur,
1317 4831 1648 4889 conveniant
1678 4831 1750 4901 ei,
1797 4831 1865 4888 de
1893 4849 2001 4906 quo

401 4912 688 4986 dicuntur,
735 4917 852 4976 sive
883 4917 1048 4988 bona,
1079 4918 1197 4976 sive
1230 4921 1409 4979 mala:
1452 4937 1574 5000 quae
1607 4930 1790 4981 autem
1820 4925 2000 4982 occul-

399 5010 456 5058 ta
497 5003 705 5062 fuerint
754 5006 1097 5078 hominibus,
1138 5009 1196 5064 in
1248 5008 1338 5066 die
1378 5009 1577 5081 judicii
1626 5011 1805 5085 palam
1842 5012 1996 5069 ﬁent.

399 5090 627 5166 Propter
673 5093 779 5154 hoc
822 5112 950 5170 ergo
998 5096 1147 5154 dicta
1181 5106 1329 5166 sunt,
1362 5105 1423 5154 ut
1453 5099 1630 5160 sciant
1680 5099 1998 5173 hujusmodi

398 5181 706 5254 graviorem
735 5202 792 5242 se
818 5203 1037 5245 causam
1075 5186 1274 5245 habere
1304 5205 1413 5260 prae
1468 5188 1698 5248 caeteris.
1732 5189 1890 5262 Pejor
1917 5199 1999 5248 est

397 5269 544 5330 enim
573 5273 669 5346 qui
699 5289 777 5339 se,
806 5291 932 5339 cum
963 5275 1036 5332 sit
1066 5275 1264 5346 malus,
1296 5275 1505 5334 bonum
1536 5277 1798 5345 ostendit,
1831 5294 1996 5351 quam

399 5357 492 5416 ille
524 5362 619 5434 qui
648 5371 832 5436 aperte
860 5372 942 5420 est
970 5363 1168 5421 malus.

471 5502 748 5579 (91)}!58.
780 5505 966 5579 Carm,
995 5523 1113 5577 qua:
1141 5506 1475 5579 paciﬁcanda
1497 5517 1638 5566 sunt.

457 5571 586 5660 (9.9;)
609 5575 759 5660 [ξφ]
791 5571 1236 5660 cedere-prelum
1262 5571 1407 5644 sunt,
1427 5581 1596 5660 magis
1621 5581 1770 5638 oneri
1797 5582 1920 5660 sint.

471 5641 589 5712 (63)
625 5644 782 5699 Rom.
827 5641 984 5713 edit,
1015 5641 1230 5719 'pietas,
1285 5641 1404 5705 cuni
1448 5641 1569 5721 quis
1623 5667 1718 5706 suo
1773 5659 1995 5710 conten—

2129 3218 2410 3290 pietatem,
2442 3227 2497 3275 et
2523 3217 2622 3276 Dei
2651 3219 2924 3275 culturam
2952 3233 2963 3273 :
2997 3215 3218 3274 discede
3247 3215 3315 3271 ab
3342 3214 3711 3288 hujusmodi.-

2127 3306 2512 3380 Discrepantes
2539 3324 2572 3364 a
2597 3305 2893 3379 disciplina
2923 3305 3194 3362 catholica
3227 3305 3569 3378 spernendos
3598 3321 3726 3378 pra-

2126 3395 2284 3468 cipit,
2336 3397 2577 3452 maxime
2627 3396 2723 3470 qui
2753 3395 2994 3453 convicti
3023 3403 3076 3452 e't
3106 3395 3336 3453 correcti
3385 3395 3725 3468 acquiescam

2127 3485 2326 3541 nolunt
2355 3484 2766 3559 perturbatione
2805 3486 3005 3542 mentis
3031 3501 3234 3558 pravae,
3265 3484 3361 3558 qui
3404 3485 3723 3541 contentio-

2126 3573 2290 3631 nibus
2337 3573 2680 3632 delectantur
2725 3581 2779 3631 et
2819 3565 3140 3646 pascuntur.
3173 3573 3366 3630 Elatus
3395 3572 3546 3629 enim
3579 3572 3722 3629 vinci

2125 3679 2181 3719 se
2225 3677 2336 3719 non
2389 3662 2619 3735 patitur,
2651 3662 2853 3736 quippe
2891 3679 3018 3719 cum
3069 3663 3138 3718 ad
3185 3661 3429 3719 favorem
3463 3677 3720 3737 quaeren-

2124 3751 2256 3808 dum
2305 3751 2363 3808 in
2409 3751 2730 3810 conflictum
2783 3758 3122 3825 prorumpat,
3158 3751 3306 3824 quod
3347 3768 3378 3808 a
3425 3755 3724 3810 mansuetis

2123 3850 2176 3900 et
2204 3843 2366 3901 bonis
2411 3843 2550 3900 viris
2579 3843 2871 3900 vitandum
2910 3852 3011 3901 est.
3066 3843 3362 3901 Contentio
3390 3844 3544 3901 enim
3576 3861 3725 3901 nun-

2122 3949 2284 4005 quam
2321 3940 2404 3989 est
2433 3933 2552 3988 sine
2583 3932 2700 4002 lite,
2731 3940 2785 3989 et
2816 3949 3011 4006 parum
3053 3941 3193 3990 esset
3221 3933 3267 3989 si
3317 3931 3386 3989 lis
3414 3933 3532 3990 sola
3563 3935 3723 3990 orireo

2120 4026 2230 4090 tur,
2289 4020 2384 4078 sed
2436 4021 2790 4094 blasphemiae
2835 4028 2889 4078 et
2945 4021 3274 4089 inimicitiae,
3330 4021 3481 4095 quod
3539 4039 3572 4078 a
3626 4021 3723 4079 Dei

2121 4110 2298 4167 servis
2351 4111 2593 4168 alienum
2643 4119 2743 4168 est.
2801 4110 2888 4168 Ab
2940 4111 3030 4168 his
3080 4119 3263 4168 autem
3321 4111 3418 4184 qui
3475 4111 3720 4184 corrupti

2120 4209 2322 4270 mente,
2374 4201 2606 4257 veritate
2636 4200 2839 4274 privati
2884 4207 3036 4266 sunt,
3084 4200 3221 4256 utile
3245 4198 3571 4272 judicatur:
3622 4201 3720 4257 Dei

2119 4289 2266 4344 enim
2318 4290 2594 4346 culturam
2643 4297 2696 4345 et
2750 4290 3010 4362 pietatem
3067 4295 3336 4362 quaestum
3373 4289 3716 4358 existimant,

2118 4393 2228 4432 non
2277 4377 2343 4433 de
2388 4377 2575 4434 futuro
2619 4378 2832 4451 aliquid
2860 4386 3175 4453 sperantes;
3211 4377 3304 4435 sed
3334 4379 3618 4452 quomodo
3657 4379 3713 4434 in

2116 4469 2370 4542 praesenti
2417 4487 2473 4527 se
2518 4466 2826 4544 transigant
2867 4473 3240 4545 providentes,
3289 4473 3435 4529 sicut
3477 4480 3534 4530 et
3564 4490 3719 4530 mun-

2115 4559 2270 4616 dante
2323 4567 2501 4629 sectae;
2570 4577 2705 4633 quas
2741 4570 2956 4620 constat
2984 4571 3205 4636 propter
3234 4563 3528 4636 praesentia
3570 4566 3720 4622 lucra

2111 4653 2385 4722 inventas,
2431 4669 2544 4709 non
2591 4653 2762 4710 nescii
2794 4653 3058 4727 quosdam
3108 4653 3213 4710 hoc
3241 4651 3479 4709 libenter
3507 4653 3714 4723 audire,

2110 4741 2258 4818 quod
2307 4743 2366 4799 in
2414 4742 2516 4802 hac
2545 4741 2663 4800 vita
2709 4743 3021 4802 ﬁorendum
3059 4745 3154 4814 sit,
3188 4742 3424 4819 ideoque
3455 4743 3715 4801 desisten-

2110 4832 2242 4888 dum
2274 4833 2342 4888 ab
2373 4832 2718 4905 hujusmodi.

2184 4921 2366 4995 (Vers.
2398 4923 2479 4997 6.)
2527 4947 2546 4970 ι
2572 4923 2671 4979 Est
2699 4932 2884 4980 autem
2913 4933 3153 4999 quaestus
3192 4940 3425 4997 magnus
3453 4923 3578 4996 (63)
3609 4921 3715 4996 pie-

2108 5017 2191 5066 tas
2234 5027 2359 5068 cum
2410 5011 2740 5070 sufﬁcientia
2768 5012 2907 5086 (63).
2943 5039 2961 5062 ι
3001 5014 3220 5086 Magnas
3274 5011 3505 5069 divitias
3545 5021 3599 5069 et
3627 5028 3716 5068 ac-

2107 5100 2465 5172 quisitionem
2511 5103 2568 5157 in
2602 5119 2667 5159 eo
2698 5102 2857 5168 dicit,
2885 5103 2934 5159 si
2973 5102 3097 5176 quis
3127 5101 3308 5159 ﬁdelis
3339 5119 3442 5158 suo
3472 5110 3715 5158 conten-

2107 5197 2195 5245 tus
2227 5190 2302 5247 sit
2335 5209 2346 5248 :
2379 5193 2502 5264 plus
2534 5192 2682 5248 enim
2715 5200 2769 5248 et
2811 5193 2868 5248 in
2899 5192 3192 5265 semetipso
3218 5199 3274 5248 et
3305 5191 3363 5248 in
3391 5191 3608 5248 casteria
3633 5196 3712 5248 est

2105 5282 2202 5354 qui
2229 5283 2606 5341 misericordia
2641 5284 2741 5340 Dei
2772 5281 3075 5357 acquisitus
3106 5281 3222 5356 (64)
3253 5279 3323 5338 ad
3352 5282 3608 5340 futuram
3633 5279 3712 5338 vi-

2104 5377 2241 5440 tam,
2279 5370 2348 5428 ad
2394 5389 2634 5446 przesens
2679 5371 2927 5433 suﬂicere
2974 5371 3080 5428 sibi
3125 5377 3301 5446 putat,
3347 5371 3496 5447 quod
3530 5369 3713 5439 habet,

2107 5520 2304 5662 Ἡδὲ).
2320 5587 2573 5662 ξᾷηιεζθῐ.Δ
2591 5604 2705 5662 seq.
2733 5587 2867 5662 edit.
2900 5603 3028 5644 cum
3057 5604 3185 5645 mss.
3221 5585 3459 5662 aliquot,
3491 5585 3587 5658 qui
3614 5584 3708 5640 mi-

2101 5656 2445 5714 sericordiam
2475 5657 2574 5714 Dei
2603 5656 2991 5730 acquisiturus.

3643 293 3751 356 508
3811 292 3826 297 ’
