3908 6192
156 300 255 360 509

1168 298 1533 362 COMMENT.
1575 299 1647 364 IN
1685 298 1902 364 EPIST.
1943 300 1966 358 Ι
2004 304 2100 360 AD
2139 303 2425 368 TIMOTH.

3341 311 3447 371 510

158 443 260 485 non
286 425 544 484 dubitans
570 441 640 484 ex
677 443 742 484 eo
786 427 905 501 ipso
947 425 1158 516 largiri.
1192 425 1385 484 Omnis
1415 425 1564 490 enim
1601 439 1739 480 ava-
1776 451 1829 516 Α
1855 451 1927 494 na
1955 451 2012 496 se
2052 433 2270 496 tendit?
2324 444 2418 494 aut
2457 445 2725 510 quatenus
2761 439 3004 514 quietem
3051 439 3225 505 animi
3273 440 3445 514 possit

158 533 242 574 rus
269 517 471 590 impius
498 525 599 586 est,
631 524 685 573 et
717 517 826 573 sibi
852 524 906 573 et
933 515 1148 574 caeteris
1174 530 1395 573 nocens.

222 605 401 678 (Vere.
436 607 490 672 1,
513 606 594 679 8.)
637 629 656 653 ι
687 605 843 662 Nihil
870 605 1015 662 enim
1045 604 1342 662 intulimus
1361 605 1420 662 in
1449 599 1743 672 mundum,

154 711 340 753 verum
383 697 515 772 quia
560 709 662 754 nec
698 695 912 753 auferre
943 709 1237 769 possumus
1267 695 1604 772 quidquam;
1635 692 1745 748 ha-

153 784 337 842 bentes
384 793 566 843 autem
619 786 970 854 alimentum,
1023 791 1076 840 et
1104 773 1304 857 quibus
1350 792 1618 856 tegamur,
1658 778 1746 839 his

153 878 399 937 contenti
430 878 622 934 simus.
655 892 673 926 s
728 878 952 933 Frustra
980 877 1236 934 mortales
1277 875 1531 932 homines
1576 873 1746 949 copize

152 970 392 1037 studere,
434 973 488 1024 et
518 968 819 1040 locupletes
841 964 960 1023 ﬁeri
999 967 1140 1022 velle
1169 972 1354 1040 aperta
1385 981 1519 1022 voce
1553 963 1748 1022 decla-

151 1066 255 1126 rat,
287 1074 411 1114 cum
442 1057 618 1114 sciant
645 1055 786 1112 nihil
819 1070 874 1112 se
914 1055 1198 1130 proprium
1251 1053 1452 1110 habere
1501 1052 1558 1108 in
1586 1069 1744 1110 mun-

152 1149 240 1206 do.
287 1145 389 1204 Cui
433 1147 511 1202 rei
558 1145 776 1220 proficit
831 1145 1071 1201 humana
1120 1143 1414 1218 cupiditas,
1465 1141 1574 1200 nisi
1617 1142 1748 1216 quia

153 1241 266 1314 ipsa
295 1239 398 1297 sibi
447 1238 675 1296 inimica
721 1237 958 1296 existit?
986 1237 1138 1296 Nihil
1170 1240 1320 1297 enim
1364 1238 1558 1298 intulit
1581 1254 1748 1294 mun-

153 1331 241 1399 do,
263 1329 403 1387 nihil
434 1330 648 1387 auferre
678 1330 899 1408 poterit.
934 1329 1080 1398 Quid
1111 1329 1217 1386 sibi
1249 1329 1450 1388 incutit
1479 1322 1746 1386 sollicitu-

151 1419 358 1491 dinem,
413 1426 466 1475 et
521 1419 720 1494 quaerit
784 1421 1164 1494 congregare?
1211 1418 1358 1477 Talis
1415 1419 1549 1478 hinc
1601 1419 1748 1481 exiet

151 1515 326 1590 qualis
355 1516 528 1574 venit.
562 1515 722 1588 Quod
751 1515 917 1574 etiam
948 1511 1141 1574 scribit
1168 1513 1293 1586 Job,
1321 1525 1374 1574 et
1414 1516 1473 1574 in
1504 1533 1602 1574 sua
1629 1532 1748 1590 pas-

151 1608 302 1664 sione
344 1607 568 1678 fatetur,
599 1606 820 1667 dicens:
869 1628 888 1654 ι
927 1601 1118 1670 Nudus
1147 1606 1300 1669 exivi
1339 1607 1407 1664 de
1436 1615 1594 1664 utero
1623 1623 1749 1666 ma-

151 1698 250 1754 tris
299 1714 457 1766 meae,
507 1685 692 1758 nudus
740 1705 984 1759 revertar
1028 1697 1086 1756 in
1117 1706 1410 1758 terram....
1443 1697 1516 1754 sit
1546 1711 1750 1756 nomen

148 1786 375 1844 Domini
417 1785 768 1848 benedictum
826 1785 945 1860 (Job
985 1802 1026 1856 1,
1063 1783 1177 1858 21).
1225 1811 1244 1838 ι
1305 1783 1462 1853 Quod
1521 1784 1566 1840 si
1595 1783 1749 1842 avari

149 1893 261 1940 non
294 1873 597 1936 retinerent
628 1877 685 1937 in
716 1875 1014 1950 perniciem
1045 1891 1222 1945 suam,
1253 1875 1416 1950 pauci
1444 1874 1745 1933 conderent

150 1963 295 2042 quod
327 1964 578 2040 pluribus
609 1973 788 2040 posset
833 1964 1096 2039 proﬁcere
1125 1980 1251 2030 cum
1281 1980 1470 2024 eorum
1500 1961 1745 2038 ipsorum

149 2054 546 2116 emolumento.

223 2143 409 2218 (Vers.
443 2144 499 2208 9,
541 2142 654 2214 10.)
703 2169 720 2194 ι
756 2143 894 2204 Nam
922 2145 1019 2218 qui
1049 2146 1248 2203 volunt
1267 2144 1470 2202 divites
1499 2141 1640 2209 ﬁeri,
1668 2143 1749 2199 in.-

148 2235 350 2292 cidunt
407 2235 465 2289 in
519 2234 882 2291 tentationem
935 2243 990 2291 et
1042 2236 1320 2309 laqueum,
1375 2245 1429 2292 et
1483 2233 1753 2291 desideria

149 2324 331 2380 multa
365 2322 590 2379 inutilia
635 2331 689 2378 et
727 2323 945 2392 nociva,
992 2340 1112 2397 quae
1143 2323 1467 2396 demergunt
1501 2321 1756 2378 homines

151 2414 208 2470 in
239 2413 484 2470 exitium
511 2421 566 2469 et
585 2413 895 2471 interitum.
932 2414 1111 2472 Radix
1141 2413 1288 2470 enim
1317 2414 1564 2471 omnium
1585 2415 1754 2468 malo-

151 2519 274 2561 rum
305 2511 394 2560 est
421 2501 676 2571 avaritia,
705 2518 869 2576 quam
901 2501 1125 2576 quidam
1155 2509 1491 2576 appetentes,
1531 2517 1760 2558 errave~

156 2601 284 2649 runt
330 2608 363 2648 a
402 2591 532 2661 ﬁde,
586 2599 640 2648 et
687 2592 1043 2650 inseruerunt
1069 2608 1127 2649 se
1165 2592 1452 2650 doloribus
1480 2591 1692 2648 multis.
1726 2617 1745 2640 ι

158 2681 307 2740 Nihil
340 2690 454 2738 tam
485 2698 738 2755 asperum
769 2688 993 2755 tamque
1039 2683 1412 2756 perniciosum
1459 2691 1560 2751 est,
1594 2698 1758 2756 quam

158 2771 203 2828 si
240 2771 669 2841 ecclesiasticus,
702 2772 945 2830 maxime
991 2772 1087 2845 qui
1129 2772 1190 2830 in
1237 2770 1463 2830 sublimi
1497 2772 1616 2830 loco
1653 2779 1757 2839 est,

160 2859 374 2922 divitiis
417 2860 590 2934 hujus
631 2861 821 2919 saeculi
874 2860 1110 2932 studeat,
1142 2861 1274 2935 quia
1304 2878 1414 2923 non
1441 2863 1622 2920 solum
1651 2859 1758 2920 sibi

161 2951 283 3023 ipsi,
314 2950 410 3008 sed
441 2958 502 3008 et
530 2951 744 3010 caeteris
772 2951 946 3009 obest.
977 2951 1324 3010 Contrariam
1345 2951 1495 3009 enim
1525 2951 1758 3010 formam

159 3039 248 3102 dat
275 3041 640 3100 hominibus:
673 3057 895 3099 necesse
921 3049 1006 3099 est
1033 3042 1182 3100 enim
1213 3043 1420 3099 multos
1455 3041 1762 3099 imitatores

162 3129 276 3236 ejps
308 3132 587 3190 exsistere
625 3129 696 3188 ad
738 3131 1124 3204 perditionem.
1157 3131 1374 3200 Quanto
1412 3130 1561 3229 enim
1590 3130 1761 3228 hono-
1794 3174 1838 3236 Ο

161 3217 465 3280 riﬁcentior
500 3220 695 3278 ordine
748 3227 850 3289 est,
884 3227 1036 3281 tanto
1083 3222 1257 3294 magis
1297 3219 1492 3278 suadet
1547 3217 1765 3276 imitan-

163 3308 293 3370 dum
324 3328 403 3383 se,
433 3312 686 3371 maxime
718 3310 777 3373 in
806 3311 911 3370 hac
941 3328 1020 3380 re,
1052 3328 1173 3385 qua:
1202 3311 1263 3368 in
1291 3311 1396 3368 ista
1424 3309 1542 3370 vita
1568 3309 1766 3383 procliv

164 3408 244 3465 vis
275 3417 391 3479 est;
430 3409 678 3470 avaritia
703 3410 854 3470 enim
875 3406 1021 3465 303
1053 3409 1240 3468 omnia
1282 3409 1424 3466 mala
1451 3416 1630 3481 potest
1660 3407 1768 3466 ad-

163 3496 398 3557 mittere.
432 3499 571 3562 ideo
633 3499 797 3556 radix
825 3498 1080 3558 omnium
1109 3499 1382 3558 malorum
1413 3506 1514 3568 est,
1547 3498 1676 3572 quia
1703 3503 1767 3555 ut

164 3589 433 3649 desideria
452 3606 562 3649 sua
590 3593 870 3665 expleant,
900 3592 1050 3666 quod
1080 3592 1420 3666 impossibile
1443 3598 1544 3660 est,
1575 3601 1629 3649 et
1659 3609 1768 3650 ma-

170 3679 362 3752 leﬁcia,
396 3689 452 3740 et
488 3680 814 3752 homicidia,
847 3692 901 3741 et
947 3683 1366 3751 obscenitatem,
1417 3691 1471 3740 et
1497 3681 1770 3757 quidquid

171 3773 391 3830 sceleris
449 3782 559 3843 est,
618 3783 927 3848 perpetrat:
989 3789 1092 3838 nec
1144 3775 1213 3833 ad
1269 3792 1506 3848 praesens
1557 3791 1768 3842 secura,

169 3859 296 3937 quia
327 3880 553 3938 semper
575 3865 796 3937 cupida,
823 3874 878 3923 et
907 3867 967 3924 in
988 3867 1176 3925 futuro
1196 3866 1479 3924 damnata.

235 3952 425 4024 (Vere.
471 3955 592 4026 ii.)
635 3978 654 4002 -
681 3955 763 4013 Tu
793 3964 999 4026 autem,
1058 3955 1225 4013 homo
1269 3956 1390 4025 Dei,
1423 3955 1540 4013 hmo
1569 3956 1715 4028 fuge.
1740 3975 1759 4003 ι

167 4041 512 4100 Abscindere
541 4059 598 4100 se
627 4044 908 4102 hominem
939 4045 1038 4104 Dei
1059 4045 1128 4104 ab
1149 4047 1252 4104 hac
1280 4046 1534 4104 hortatur
1556 4053 1610 4101 et
1640 4061 1774 4118 prm-

165 4129 322 4202 cipit,
351 4139 421 4188 ut
450 4139 508 4188 et
535 4131 629 4190 hic
660 4147 883 4191 securus
913 4134 1005 4202 sit,
1035 4142 1090 4191 et
1117 4135 1177 4192 in
1210 4136 1398 4194 futuro
1423 4133 1666 4208 praemiis
1693 4151 1774 4191 re~

166 4231 504 4281 muneretur
531 4223 761 4282 divinis.
799 4227 924 4284 Non
942 4229 1092 4286 enim
1122 4230 1400 4286 immerito
1428 4228 1778 4287 coronandus

163 4320 248 4368 est
277 4310 382 4383 qui
411 4309 561 4368 hanc
590 4314 799 4384 spernit
829 4332 950 4388 quas
978 4317 1171 4373 multis
1195 4318 1406 4374 suadet.

237 4400 434 4471 (Vera.
475 4399 591 4472 ﬂ.)
635 4424 653 4448 ι
689 4402 926 4477 Sequere
954 4412 1136 4461 autem
1162 4405 1460 4477 justitiam,
1494 4405 1775 4479 pietatem,

169 4489 357 4558 ﬁdem,
381 4488 1555 4568 charitatem,patientiam,tranqniliitatem
1583 4495 1777 4553 animi.

170 4578 332 4637 Certa
380 4579 599 4638 bonum
661 4587 939 4640 certamen
1002 4583 1152 4652 ﬁdei,
1215 4584 1560 4657 apprehende
1607 4585 1778 4642 vitam

172 4676 460 4738 aeternam,
515 4669 584 4726 ad
633 4686 796 4744 quam
845 4680 900 4729 et
943 4682 1172 4731 vocatus
1208 4689 1289 4743 es,
1336 4683 1391 4732 et
1418 4676 1698 4734 confessus
1726 4691 1782 4732 es

175 4757 377 4818 bonam
407 4760 829 4820 confessionem
859 4781 1043 4823 coram
1072 4767 1265 4824 multis
1295 4768 1545 4826 testibus.
1577 4791 1596 4818 ι
1639 4769 1781 4840 Quo-

175 4849 319 4909 niam
351 4853 600 4911 avaritia
647 4872 733 4912 res
761 4855 955 4932 iniqua
983 4867 1085 4930 est,
1120 4859 1402 4918 hominem
1442 4863 1562 4932 Del,
1603 4869 1666 4919 ut
1713 4861 1782 4918 ab

176 4937 276 4998 hac
298 4941 620 5012 dissentiat,
652 4944 923 5017 justitiam
951 4949 1108 5023 sequi
1123 4949 1282 5022 jubet
1310 4959 1474 5026 atque
1499 4952 1780 5025 pietatem,

176 5036 228 5086 et
254 5031 365 5089 alia
403 5047 533 5106 quas
570 5043 872 5094 memorat:
917 5053 1030 5094 non
1063 5039 1212 5096 enim
1242 5040 1445 5114 poterit
1485 5040 1626 5098 hanc
1657 5039 1786 5096 evi--

177 5125 308 5189 tare,
330 5120 447 5178 nisi
478 5120 573 5185 his
608 5123 922 5195 adhmserit,
952 5143 1073 5200 quae
1093 5127 1342 5186 avaritia;
1371 5125 1602 5185 adversa
1631 5134 1782 5184 sunt.

177 5205 468 5274 Quomodo
525 5218 711 5269 autem
755 5213 877 5270 ﬁeri
923 5222 1101 5289 potest
1128 5223 1193 5273 ut
1238 5232 1438 5272 avarus
1475 5215 1658 5272 ﬁdelis
1689 5214 1784 5283 sit,

178 5298 270 5369 qui
317 5300 591 5378 operibus
636 5312 798 5376 negat
844 5303 991 5377 quod
1046 5304 1232 5362 verbis
1311 5304 1472 5361 fateri
1527 5300 1788 5364 videtur?

178 5384 333 5444 Unde
360 5398 557 5446 autem
588 5400 799 5448 amator
824 5393 1210 5463 fraternitatis,
1233 5393 1394 5465 cujus
1434 5409 1632 5450 manus
1660 5398 1790 5448 sunt

181 5479 343 5538 aridae
367 5479 397 5538 ?
426 5482 714 5557 quomodo
740 5501 874 5541 vero
902 5485 1138 5558 patiens,
1169 5486 1265 5563 qui
1292 5501 1508 5560 semper
1535 5484 1606 5542 ad
1645 5479 1792 5540 alie-

251 5595 369 5672 (65)
403 5597 766 5672 Rom._edit.,
797 5600 1009 5672 abunde
1040 5600 1115 5656 ad
1141 5600 1523 5672 fruendum....
1558 5604 1615 5653 ut
1642 5596 1793 5672 diei—-

187 5669 254 5721 tes
280 5667 417 5737 facti
461 5668 620 5725 bonis
667 5671 935 5741 operibus,
979 5667 1168 5742 faciles
1204 5671 1312 5726 sint
1362 5669 1433 5724 ad
1479 5667 1794 5740 impertien-

1854 526 2076 596 habere,
2115 526 2210 600 qui
2251 525 2340 583 die
2386 535 2650 601 nocteque
2699 529 2964 593 aviditate
3001 528 3324 602 cupiditatis
3361 530 3443 592 in.-

1854 617 2108 676 cenditur
2127 617 2155 673 ?
2185 617 2291 676 Sed
2327 617 2458 690 quia
2477 617 2543 674 ab
2564 618 2788 678 homine
2813 621 2912 676 Dei
2933 619 3222 678 Timotheo
3238 621 3444 694 iniqui-

1854 715 1938 764 tas
1974 707 2092 763 haec
2131 706 2309 764 aliena
2331 714 2466 775 erat,
2496 705 2704 764 bonum
2749 717 3024 767 certamen
3051 709 3180 766 ﬁdei
3223 710 3444 784 aggredi

1850 797 2096 870 jubetur,
2143 796 2299 860 Fidei
2346 796 2496 860 enim
2543 796 2775 854 victoria
2803 806 2904 864 est,
2936 813 3064 860 cum
3094 799 3281 856 omnia
3309 799 3446 856 vitia

1856 896 1909 945 et
1945 888 2182 948 crimina
2238 885 2623 958 subjugantur,
2665 893 2728 940 ut
2771 885 2840 944 ad
2880 895 3097 943 aeternae
3138 887 3266 944 vitae
3313 904 3445 960 pras-

1855 979 1968 1035 mia
1992 977 2273 1036 veniatur:
2309 976 2469 1050 cujus
2506 974 2779 1038 confessio
2810 975 2954 1030 inter
2992 974 3110 1047 ipsa
3137 976 3450 1035 rudimenta

1857 1066 2007 1136 ﬁdei,
2031 1075 2170 1124 teste
2193 1066 2568 1138 interrogante
2599 1071 2653 1122 et
2680 1061 3048 1138 respondente
3076 1063 3451 1124 monumentis

1857 1156 2241 1214 ecclesiasticis
2269 1156 2604 1214 continetur.

1931 1247 2116 1321 (Vera.
2158 1245 2366 1318 i346.)
2416 1269 2435 1294 ι
2479 1245 2744 1320 Praecipio
2773 1245 2876 1304 tibi
2921 1243 2976 1302 in
3006 1255 3302 1318 conspectu
3329 1245 3454 1313 Dei,

1858 1337 1953 1412 qui
2000 1337 2249 1394 viviﬁcat
2299 1337 2505 1406 omnia,
2537 1344 2592 1394 et
2639 1335 2860 1394 Christo
2917 1337 3046 1393 Jesu
3084 1336 3181 1409 qui
3226 1343 3456 1392 testatus

1837 1422 1940 1486 est
1970 1427 2072 1489 sub
2102 1427 2298 1486 Pontio
2326 1427 2502 1484 Pilato
2529 1424 2729 1486 bonam
2773 1427 3195 1495 confessionem,
3239 1433 3302 1484 ut
3334 1440 3457 1482 ser-

1859 1534 1955 1576 ves
1984 1519 2306 1578 mandatum
2335 1520 2778 1589 immaculatum,
2821 1516 3326 1592 irreprehensiblle,
3368 1532 3456 1573 us-

1860 1623 1966 1683 que
1993 1608 2053 1666 in
2081 1609 2380 1668 adventum
2404 1611 2629 1669 Domini
2669 1610 2846 1668 nostri
2865 1611 2994 1666 Jesu
3012 1607 3219 1666 Christi
3245 1625 3258 1664 :
3293 1621 3456 1680 quem

1862 1699 1975 1756 suis
2006 1700 2350 1772 temporibus
2377 1700 2629 1759 ostendet
2656 1701 2848 1758 beatus
2877 1701 2971 1758 ille
2990 1705 3046 1756 et
3063 1698 3214 1755 solus
3239 1704 3455 1769 potens,

1783 1814 1830 1875 Β
1862 1790 1978 1848 Rex
2023 1806 2234 1862 regum,
2286 1799 2339 1847 et
2367 1792 2640 1854 Dominus
2686 1789 3116 1856 dominantium,
3168 1787 3262 1860 qui
3309 1787 3459 1844 solus

1859 1879 2024 1938 habet
2045 1880 2604 1949 immortalitatem,et
2620 1881 2808 1941 lumen
2829 1878 3041 1936 habitat
3055 1875 3455 1944 inaccessibile,

1861 1985 2023 2042 quem
2055 1969 2199 2026 vidit
2242 1986 2406 2028 nemo
2448 1969 2761 2038 hominum,
2785 1985 2888 2026 nec
2914 1967 3104 2026 videre
3131 1974 3333 2040 potest,
3363 1964 3457 2022 cui

1861 2059 2042 2116 honor
2069 2067 2124 2117 et
2152 2067 2393 2132 potestas
2421 2067 2646 2128 aeterna,
2677 2075 2858 2117 amen.
2889 2082 2908 2108 ι
2949 2057 3144 2130 Magna
3170 2055 3460 2129 vigilantia

1863 2157 2028 2221 atque
2074 2149 2426 2221 providentia
2479 2155 2750 2221 pracepta
2801 2147 2895 2204 dat
2923 2145 3124 2205 rectori
3164 2143 3457 2211 Ecclesiae;

1865 2238 1922 2293 in
1954 2237 2121 2310 hujus
2150 2239 2298 2293 enim
2328 2254 2560 2311 persona
2580 2238 2752 2294 totius
2780 2237 2970 2311 populi
2999 2237 3147 2294 salus
3175 2233 3452 2292 consistit.

1865 2329 1988 2384 Non
2014 2328 2288 2386 sollicitus
2314 2329 2382 2384 de
2418 2346 2550 2387 cura
2568 2328 2867 2398 Timothei,
2891 2336 3000 2384 tam
3026 2328 3460 2398 circumspectus

1869 2424 1970 2484 est,
2001 2417 2095 2474 sed
2123 2426 2344 2492 propter
2371 2435 2710 2478 successores
2741 2416 2877 2490 ejus,
2909 2427 2972 2478 ut
2999 2417 3252 2489 exemplo
3280 2414 3461 2471 Timo-

1870 2505 1988 2562 thei
2017 2503 2277 2564 Ecclesia:
2312 2507 2722 2564 ordinationem
2749 2505 3118 2563 custodirent:
3157 2505 3263 2576 ipsi
3316 2518 3463 2576 quo-

1872 2615 1976 2673 que
2006 2598 2208 2654 futuris
2254 2599 2486 2654 formam
2530 2599 2808 2654 tradentes
2847 2614 2880 2653 a
2913 2596 3224 2668 semetipsis
3256 2594 3460 2664 incipe.

1872 2694 2014 2742 rent.
2040 2687 2288 2760 Denique
2325 2694 2424 2742 «ut
2443 2703 2646 2755 serves,
2697 2685 2897 2758 inquit,
2921 2683 3237 2740 mandatum
3274 2681 3464 2737 imma-

1872 2776 2116 2832 culatum
2148 2792 2324 2848 usque
2361 2775 2429 2832 ad
2476 2773 2776 2831 adventum
2833 2773 3058 2831 Domini
3112 2769 3285 2828 nostri
3341 2770 3466 2824 Jesu

1873 2862 2102 2922 Christi.
2135 2891 2153 2914 ι
2191 2864 2351 2932 Quod
2380 2868 2461 2922 sic
2483 2863 2761 2937 astringit,
2793 2871 2856 2920 ut
2884 2878 3066 2919 coram
3090 2863 3205 2918 Deo
3232 2867 3288 2916 et
3312 2857 3466 2916 Chri-

1871 2961 1958 3009 sto
1993 2953 2099 3011 hoc
2127 2971 2184 3010 se
2222 2953 2485 3010 mandare
2515 2960 2781 3010 testatur:
2819 2959 2873 3008 et
2910 2960 2973 3008 ut
3009 2960 3273 3008 terrorem
3311 2947 3465 3004 incu-

1873 3042 1995 3111 tiat,
2025 3043 2331 3116 passionem
2379 3041 2586 3101 Christi
2645 3051 2932 3111 memorat,
2994 3040 3155 3114 cujus
3196 3037 3467 3112 passionis

1873 3148 1997 3190 reus
2026 3148 2243 3190 necesse
2285 3140 2367 3190 est
2393 3133 2508 3202 ﬂat,
2553 3133 2649 3206 qui
2697 3132 2803 3190 hoc
2831 3131 3042 3205 spernit
3069 3137 3292 3204 propter
3320 3125 3468 3201 quod

1874 3239 2066 3295 passus
2092 3229 2174 3278 est
2213 3221 2486 3282 Christus.
2530 3224 2640 3281 Nec
2667 3223 2815 3279 diem
2859 3221 3058 3293 iudicii
3087 3219 3282 3286 tacuit,
3321 3213 3471 3290 quod

1876 3313 2265 3386 praedestinato
2293 3321 2542 3387 tempore
2570 3314 2821 3370 futurum
2865 3320 2948 3368 est
2976 3311 3076 3369 Dei
3106 3317 3266 3377 nutu,
3307 3321 3472 3382 quem

1878 3403 2056 3458 solum
2084 3402 2304 3460 beatum
2335 3410 2389 3459 et
2425 3411 2702 3476 potentem
2729 3409 2782 3458 et
2810 3403 3009 3475 Regem
3044 3414 3231 3471 regum
3275 3405 3328 3453 et
3368 3398 3472 3453 Do-

1879 3492 2094 3548 minum
2129 3494 2486 3565 pronuntiat;
2539 3492 2688 3550 solus
2727 3501 2807 3549 est
2853 3492 3000 3549 enim
3052 3493 3167 3564 ipse
3213 3491 3307 3566 qui
3351 3506 3472 3563 pro-

1879 3583 2055 3654 priam
2080 3591 2138 3640 et
2163 3598 2194 3640 a
2214 3585 2370 3642 nullo
2390 3583 2554 3642 habet
2574 3591 2852 3657 acceptam
2881 3582 3282 3642 beatitudinem
3310 3589 3474 3655 atque

1881 3674 2206 3746 potentiam,
2235 3672 2578 3732 dominatum
2605 3682 2660 3732 et
2691 3688 2942 3748 regnum,
2971 3687 3074 3732 nec
3102 3687 3215 3730 non
3250 3670 3474 3729 immor-

1881 3770 2172 3830 talitatem.
2202 3773 2331 3830 Hinc
2359 3772 2507 3831 304
2549 3777 2737 3834 omnia
2784 3775 2950 3836 habet
2989 3775 3168 3846 Pater,
3217 3777 3477 3835 similiter

1881 3868 1935 3918 et
1976 3861 2153 3918 Filius
2194 3879 2226 3919 a
2274 3865 2451 3935 Patre,
2503 3867 2692 3923 lumen
2735 3875 2919 3923 autem
2967 3865 3346 3923 inaccessibile
3394 3881 3476 3922 θοι

1882 3949 1992 4008 lius
2023 3951 2204 4009 Patris
2232 3963 2347 4023 est;
2389 3955 2521 4028 quia
2562 3955 2704 4012 nulli
2737 3969 2982 4028 unquam
3029 3954 3335 4028 apparauit.
3377 3956 3478 4012 De-

1883 4041 2050 4112 nique
2076 4041 2315 4113 subjecit
2345 4061 2358 4100 :
2407 4067 2425 4092 ι
2454 4043 2628 4111 Quem
2657 4044 2800 4102 vidit
2829 4061 2993 4101 nemo
3037 4042 3349 4113 hominum,
3378 4051 3481 4104 nec

1883 4130 2073 4189 videre
2121 4140 2322 4205 potest.
2357 4157 2376 4182 ι
2437 4135 2559 4192 Νοιι
2607 4136 2738 4210 quia
2779 4135 2932 4193 aliud
2979 4137 3168 4192 lumen
3206 4134 3340 4196 Filii
3370 4135 3476 4203 sit;

1885 4222 2088 4296 quippe
2115 4240 2243 4282 cum
2265 4225 2323 4280 in
2342 4227 2554 4298 psalmo
2584 4228 2849 4300 scriptum
2881 4228 2988 4286 sit:
3032 4251 3051 4276 ιι
3080 4227 3153 4285 Et
3181 4228 3239 4284 in
3270 4228 3480 4286 lumine

1886 4321 1982 4370 tuo
2015 4312 2328 4370 videbimus
2366 4315 2552 4372 lumen
2597 4316 2771 4390 (Paul.
2807 4333 2985 4388 xxxv,
3019 4318 3134 4391 10),
3181 4341 3200 4367 ι
3245 4317 3351 4375 hoc
3377 4324 3478 4386 est,

1886 4403 2074 4460 lumen
2113 4403 2292 4461 Patris
2331 4421 2447 4463 esse
2477 4407 2534 4463 in
2568 4409 2750 4466 Filio:
2800 4405 2894 4466 sed
2939 4409 3071 4482 quia
3117 4423 3282 4466 nemo
3335 4406 3479 4465 vidit

1888 4493 2127 4563 Patrem,
2173 4509 2238 4552 ac
2264 4507 2362 4568 per
2412 4497 2518 4555 hoc
2569 4498 2947 4558 inaccessibile
3003 4497 3215 4556 habitat
3270 4497 3480 4553 lumen.

1888 4582 2007 4640 Non
2051 4591 2134 4640 est
2174 4586 2320 4642 enim
2365 4587 2502 4644 ordo
2551 4589 2720 4648 alicui
2766 4587 2994 4645 videndi
3023 4589 3199 4644 Deum
3245 4588 3481 4651 Patrem,

1892 4671 1999 4729 nisi
2027 4672 2281 4744 Christo;
2315 4677 2410 4749 qui
2439 4677 2508 4734 de
2522 4679 2637 4735 Deo
2653 4687 2755 4745 est,
2787 4677 2882 4732 hic
2902 4675 3047 4731 vidit
3065 4677 3275 4730 Deum:
3308 4670 3485 4727 Filius

1891 4770 2096 4832 autem,
2126 4766 2256 4838 quia
2288 4767 2477 4822 omnia
2505 4766 2621 4838 ipse
2650 4767 2782 4838 agit,
2826 4771 2880 4818 et
2909 4773 3169 4835 apparere
3197 4759 3406 4816 dicitur
3431 4768 3486 4818 et

1895 4850 2097 4908 videri.
2137 4852 2282 4908 Illud
2331 4870 2462 4924 ergo
2491 4855 2766 4925 peculiare
2791 4851 2968 4906 Patria
3016 4859 3098 4906 est
3129 4847 3277 4921 quod
3323 4860 3487 4921 supra

1892 4940 2105 4996 dictum
2126 4948 2245 4996 est:
2291 4963 2309 4988 ι
2340 4941 2444 4999 Cui
2463 4941 2642 4998 honor
2661 4948 2716 4996 et
2744 4945 3226 5014 potestas'mterna,
3248 4951 3429 5010 amen,
3455 4957 3474 4989 δ

1894 5027 2002 5086 hoc
2029 5036 2112 5085 est
2140 5043 2356 5086 verum.

1969 5124 2153 5198 (Vera.
2215 5125 2302 5194 17,
2364 5125 2449 5193 18,
2513 5124 2622 5196 19.)
2676 5143 2704 5178 ‹‹
2745 5121 3028 5182 Divitibus
3082 5125 3250 5198 hujus
3301 5127 3489 5184 saeculi

1897 5214 2132 5288 praecipe
2159 5231 2271 5270 non
2300 5214 2534 5289 superbe
2571 5229 2780 5288 sapere,
2828 5227 3004 5288 neque
3043 5231 3260 5290 sperare
3304 5215 3361 5272 in
3411 5216 3490 5272 ins

1895 5311 2046 5361 certo
2075 5302 2428 5374 divitiarum,
2453 5301 2548 5360 sed
2568 5302 2627 5360 in
2658 5303 2773 5359 Deo
2803 5301 2956 5371 vim,
2983 5304 3078 5378 qui
3097 5309 3314 5378 prastat
3334 5305 3493 5362 nobis

1899 5393 2088 5449 omnia
2099 5391 2446 5450 abundanter
2464 5389 2835 5449 adfruendum
2858 5388 2975 5464 (65)
3002 5394 3062 5451 in
3074 5394 3358 5450 voluntate
3369 5411 3493 5468 ope-

1900 5497 2022 5538 rum
2054 5482 2329 5540 bonorum
2355 5499 2366 5539 :
2410 5479 2616 5540 divites
2644 5493 2761 5536 esse
2789 5472 2954 5534 factis
2989 5479 3172 5552 bonis,
3201 5481 3391 5542 faciles
3421 5483 3489 5540 ad

1901 5597 2049 5722 ἀὲιπη,
2089 5602 2138 5653 et
2191 5595 2408 5653 libenter
2453 5591 2914 5658 communicenm.
2973 5594 3328 5654 theseus-irent
3378 5597 3496 5664 sibi,

1901 5683 1930 5721 Θ
1958 5684 2006 5722 0.

1901 5683 2006 5722 etc.
