3908 6192
393 293 499 349 5H
1427 291 1522 346 AD
1562 289 1799 346 OPERA
1836 286 1892 345 S.
1937 287 2271 345 AMBROSII
2309 285 2690 343 APPENDIX.
3611 289 3731 346 512

401 419 855 496 impertiendum,
887 427 941 478 et
980 419 1214 478 libenter
1237 417 1754 485 communicatores,
1780 417 1995 474 thesau-
2027 421 2076 480 Α
2105 416 2421 489 exemplum
2450 415 2712 474 habemus
2734 416 2792 474 in
2823 416 3065 486 Christo,
3105 425 3160 476 et
3188 435 3219 476 a
3245 419 3440 475 multis
3488 434 3604 475 non
3632 420 3728 478 sic

403 511 578 570 rizare
615 509 722 568 sibi
759 509 1181 568 fundamentum
1229 509 1438 565 bonum
1487 506 1546 561 in
1612 506 1884 574 futurum,
1942 515 2005 562 ut
2114 505 2366 577 diligitur
2425 505 2700 575 Christus,
2739 507 2882 564 sicut
2927 507 3164 573 divitiis,
3214 523 3449 580 quarum
3494 509 3726 567 nullum

403 600 819 673 apprehendant
861 615 1047 654 veram
1089 598 1280 654 vitam.
1326 622 1344 643 ι
1399 597 1541 652 Vera
1588 594 1703 650 vita
1752 594 1849 650 illa
1901 603 2002 663 est,
2112 595 2431 665 exemplum
2453 595 2695 663 videtur,
2719 596 2865 668 quod
2893 596 3723 669 aliquemamorteliberarint.

403 706 567 763 quam
598 705 879 761 speramus
928 689 1193 754 futuram,
1246 702 1368 758 quae
1417 701 1530 740 non
1563 701 1780 754 occasu,
1823 701 2004 758 neque
2115 683 2372 740 Christus
2391 698 2491 738 nos
2519 683 2777 752 redemit,
2795 701 2906 740 non
2923 684 3170 751 divitiae;
3209 685 3322 756 ipse
3342 686 3494 741 enim
3522 687 3726 743 futurae

403 779 746 852 temporibus
787 777 1152 842 terminatur;
1203 782 1406 829 aeterna
1445 782 1528 830 est
1566 775 1736 843 enim,
1785 783 1838 831 et
1882 774 2004 832 ideo
2115 771 2244 828 vitae
2267 771 2440 828 instar
2469 772 2731 840 ostendit,
2763 780 2825 828 ut
2864 773 2952 829 bis
2982 773 3242 829 omnibus
3268 774 3491 845 spretis,
3537 776 3726 847 ipsum

403 870 603 924 merito
633 881 765 922 vera
793 864 1137 936 appellatur:
1195 863 1312 920 haec
1356 863 1504 918 enim
1548 880 1783 936 praesens
1825 863 2005 938 imago
2117 878 2429 936 sequamur,
2479 873 2540 920 ut
2587 862 2656 918 ad
2705 863 3047 919 immortales
3096 871 3151 919 et
3202 864 3452 921 cmlestes
3496 863 3726 922 divitias

404 959 532 1013 vitae
561 964 662 1024 est,
694 970 805 1009 non
827 953 1050 1010 veritas.
1075 954 1145 1010 Et
1165 952 1293 1025 quia
1322 952 1502 1024 imago
1519 969 1628 1009 non
1641 954 1871 1009 omnino
1890 955 2005 1010 ina-
2116 952 2424 1008 veniamus.
2447 951 2626 1020 Quare
2654 953 2761 1010 hoc
2789 953 2927 1009 eniti
2956 952 3241 1022 debemus,
3277 963 3340 1010 ut
3366 953 3536 1010 bonis
3564 955 3724 1012 factis

403 1046 550 1100 nitas
577 1052 677 1111 est,
715 1043 774 1098 in
805 1041 910 1100 hac
939 1042 1054 1098 vita
1084 1043 1180 1098 illa
1207 1041 1516 1114 acquiritur
1540 1060 1551 1096 :
1585 1051 1638 1099 et
1665 1052 1726 1099 ut
1754 1044 1824 1100 ad
1851 1042 2004 1099 illam
2116 1041 2320 1098 divites
2348 1042 2542 1110 simus,
2585 1049 2638 1097 et
2657 1041 2746 1096 his
2775 1041 3008 1097 terrenis
3037 1041 3211 1114 copiis
3249 1042 3534 1114 spiritales
3561 1042 3723 1099 divi-

403 1134 782 1199 festinaretur,
813 1131 1140 1204 eximagine
1169 1148 1333 1206 quam
1363 1132 1641 1203 praecellat
1666 1133 1891 1201 veritas,
1915 1133 2004 1188 ad-
2115 1133 2218 1188 tias
2249 1131 2598 1205 acquiramus
2623 1148 2634 1186 :
2683 1130 3021 1188 seminemus
3063 1130 3122 1186 in
3153 1139 3320 1199 terra,
3353 1139 3417 1186 ut
3448 1139 3722 1190 metamus

403 1223 658 1292 discitur,
689 1239 810 1296 quae
837 1239 1015 1296 neque
1044 1222 1318 1295 superbia,
1351 1238 1527 1296 neque
1556 1239 1648 1294 spe
1683 1221 2004 1279 divitiarum
2117 1224 2174 1280 in
2204 1223 2377 1291 caelis,
2417 1221 2514 1279 ubi
2545 1223 2835 1278 thesaurus
2865 1222 3168 1278 collocatur
3196 1229 3453 1278 aeternus.

407 1312 720 1383 attingitur,
749 1311 844 1367 sed
874 1311 1208 1379 humilitate,
1241 1321 1294 1368 et
1314 1328 1407 1384 spe
1434 1311 1554 1380 Dei,
1585 1311 1680 1384 qui
1706 1313 1846 1369 hanc
1875 1329 2004 1385 pro-
2189 1313 2371 1383 (Vers.
2421 1311 2510 1380 20,
2568 1311 2683 1383 2i.)
2729 1335 2748 1358 ‹
2788 1309 3097 1376 Timothee,
3137 1311 3587 1368 commendatum
3625 1331 3721 1369 cu-

406 1401 577 1456 misit.
608 1401 670 1456 In
701 1400 820 1472 ipso
839 1401 988 1456 enim
1013 1400 1345 1473 sperandum
1368 1407 1469 1468 est,
1498 1401 1628 1472 quia
1649 1400 1762 1472 ipse
1788 1409 2007 1473 praestat
2117 1400 2280 1469 stodi,
2330 1400 2582 1456 devitans
2632 1401 2887 1473 profanas
2933 1415 3132 1456 vocum
3179 1401 3478 1470 novitates,
3525 1411 3580 1458 et
3613 1421 3722 1476 op-

406 1506 526 1563 qum
549 1488 742 1545 usibus
771 1499 904 1546 sunt
933 1489 1258 1557 necessaria,
1285 1506 1397 1545 non
1428 1489 1485 1544 in
1516 1489 1648 1561 ipsis
1677 1490 1870 1562 copiis,
1912 1488 2006 1546 sed
2118 1491 2420 1564 positiones
2451 1489 2664 1547 fallacis
2703 1490 2949 1546 nominis
2987 1490 3254 1559 scientiae,
3285 1508 3451 1564 quam
3495 1493 3719 1566 quidam

409 1578 466 1633 in
482 1585 707 1635 auctore
721 1593 934 1634 earum.
951 1578 1084 1646 Quae
1100 1577 1246 1634 enim
1266 1595 1388 1650 spes
1407 1576 1629 1633 videtur
1651 1579 1706 1633 in
1729 1594 1786 1633 re
1802 1577 2008 1634 caduca
2117 1579 2524 1652 promittentes,
2549 1579 2693 1636 circa
2709 1579 2872 1636 ﬁdem
2895 1579 3241 1636 exciderunt.
3265 1580 3456 1636 Gratia
3475 1590 3703 1638 tecum.-

408 1673 572 1738 atque
593 1667 1057 1739 incerta‘Pquippe
1073 1684 1199 1724 cum
1221 1667 1492 1740 aliquanti
1510 1683 1579 1723 ex
1595 1666 1683 1723 his
1698 1667 2003 1734 discedant;
2117 1668 2325 1724 Eadem
2379 1668 2658 1736 admonet,
2689 1677 2753 1724 ut
2781 1685 2844 1725 ea
2875 1685 2995 1742 quae
3033 1684 3197 1740 supra
3226 1668 3374 1725 dicta
3403 1678 3556 1738 sunt,
3589 1687 3717 1725 ser-

408 1754 504 1826 qui
533 1762 714 1810 autem
735 1754 792 1808 in
815 1753 903 1808 his
923 1769 1144 1809 manere
1160 1754 1439 1822 videntur,
1464 1756 1680 1811 nullum
1703 1755 1916 1812 lucrum
1938 1772 2007 1811 ex
2040 1790 2086 1850 Β
2117 1766 2350 1825 ventur;
2408 1757 2683 1812 contraria
2727 1765 2910 1812 autem
2956 1756 3213 1829 religioni
3261 1757 3542 1828 evitanda,
3594 1776 3718 1831 qua:

409 1842 498 1898 his
526 1842 754 1913 capiunt
783 1841 840 1896 in
872 1841 1145 1910 futurum,
1175 1841 1270 1898 sed
1298 1841 1582 1910 damnum,
1615 1843 1723 1898 nisi
1753 1860 1878 1900 cum
1910 1844 2009 1900 in-
2040 1841 2084 1850 ’⁷
2116 1861 2315 1902 nomen
2348 1853 2564 1901 tantum
2613 1845 2857 1902 scientiae
2890 1853 3180 1918 usurpant,
3236 1847 3454 1902 fallaces
3501 1848 3564 1902 in
3596 1864 3720 1919 pro-

408 1930 724 2004 digentibus
745 1930 1094 2004 partiamur;
1128 1947 1306 2004 neque
1346 1931 1494 1987 enim
1521 1939 1738 1988 aeternae
1769 1943 1920 2002 sunt,
1945 1943 2008 1991 ut
2115 1935 2372 2003 fessione,
2400 1943 2463 1990 ut
2501 1933 2780 2007 decipiant
2807 1935 3124 2006 simplices;
3157 1935 3310 1992 ﬁdem
3332 1935 3478 1990 enim
3519 1937 3723 1992 simu—

410 2023 609 2078 futurm
662 2019 793 2076 vitae
851 2028 1260 2092 pmponantur.
1311 2019 1402 2076 Sic
1453 2020 1717 2093 superbos
1771 2022 2002 2092 faciunt,
2118 2025 2250 2094 lant,
2285 2041 2315 2080 a
2342 2041 2449 2098 qua
2492 2024 2839 2095 exciderunt,
2890 2032 2953 2080 ut
3000 2025 3278 2098 perﬁdiam
3324 2025 3588 2081 inferant.
3636 2027 3717 2082 Et

410 2110 565 2181 quasi
614 2109 1085 2165 immortalitatem
1138 2109 1521 2182 polliceantur.
1568 2111 2008 2169 Resurrectionis
2117 2131 2283 2170 manu
2315 2115 2533 2188 propria
2560 2116 2907 2189 subscripsit,
2938 2115 3166 2172 dicens:
3215 2141 3232 2166 ε
3263 2115 3447 2172 Gratia
3468 2125 3704 2174 tecum.-

477 2411 593 2500 IN
680 2413 1314 2504 EPISTOLAM
1402 2418 1500 2504 B.
1598 2416 1922 2504 PAULI
2002 2416 2150 2500 AD
2233 2416 2907 2504 TIMOTHEUM
2995 2415 3636 2504 SECUNDAM.

1012 2727 1397 2785 PROLOGUS.
2114 2741 2146 2780 a
2183 2726 2402 2798 proavis
2433 2726 2490 2782 in
2523 2728 2860 2785 conscientia
2889 2745 3044 2802 pura,
3093 2727 3241 2802 quod
3289 2727 3704 2786 indeﬁcieutem

496 2828 678 2884 Aliam
708 2827 998 2898 epistolam
1029 2823 1223 2881 scribit
1267 2824 1336 2880 ad
1363 2823 1738 2891 Timotheum,
1787 2832 1850 2879 ut
1888 2822 2003 2894 jam
2114 2814 2344 2872 habeam
2375 2816 2457 2872 tui
2489 2817 2810 2874 memoriam
2841 2817 2898 2874 in
2938 2818 3193 2891 precibus
3222 2819 3379 2888 meis,
3411 2827 3574 2875 nocte
3605 2818 3715 2876 die-

418 2915 698 2973 eruditum
737 2912 1109 2968 ecclesiastica
1157 2911 1471 2982 disciplina,
1511 2919 1565 2966 et
1610 2928 1730 2984 quas
1776 2928 1898 2984 spes
1934 2911 2006 2968 sit
2114 2920 2219 2974 que
2274 2907 2513 2961 multum
2557 2905 2872 2962 desiderans
2911 2916 2963 2964 te
3012 2907 3222 2976 videre,
3273 2924 3488 2963 memor
3539 2909 3712 2980 lacry-

414 2999 819 3078 promissionis,
855 3015 968 3077 suo
1027 2999 1282 3069 exemplo
1325 2999 1394 3055 ad
1426 2999 1756 3071 martyrium
1796 3017 2008 3073 provo-
2049 3073 2081 3078 _
2115 3011 2327 3051 marum
2371 3006 2624 3054 tuarum:
2674 3005 2736 3053 ut
2773 3014 2872 3070 ego
2916 2997 3112 3069 gaudio
3169 2997 3399 3069 replear,
3464 2999 3717 3054 recorda-

413 3073 500 3150 cet
533 3089 689 3164 (66):
739 3095 794 3145 et
832 3073 962 3162 quia
1010 3087 1260 3144 futurum
1314 3095 1395 3145 est
1433 3095 1494 3144 ut
1523 3087 1745 3160 quidam
1799 3106 1830 3144 a
1876 3105 2007 3144 sana
2035 3073 2086 3137 C
2113 3083 2318 3140 tionem
2360 3086 2634 3158 accipiens
2669 3085 2786 3158 ejus
2814 3103 2934 3160 quae
2965 3095 3046 3143 est
3083 3087 3144 3142 in
3191 3094 3244 3142 te
3288 3087 3520 3144 sincera:
3562 3087 3715 3155 ﬁdei,

415 3184 695 3252 Doctrina,
737 3199 801 3239 eo
841 3181 988 3256 quod
1025 3180 1162 3237 dura
1203 3179 1319 3237 illis
1363 3179 1636 3248 videatur,
1681 3179 1751 3235 ad
1795 3180 2008 3236 fabulas
2119 3199 2240 3255 quae.
2270 3183 2547 3242 habitavit
2592 3186 2835 3259 primum
2883 3182 3031 3240 305
3060 3186 3116 3240 in
3147 3185 3270 3241 avia
3303 3194 3398 3241 tua
3439 3185 3633 3254 Loide,
3663 3196 3717 3241 et

411 3284 827 3342 convertantur,
859 3273 918 3331 id
955 3281 1055 3342 est,
1089 3271 1159 3329 ad
1197 3272 1440 3330 humana
1467 3279 1797 3330 commenta.
2121 3282 2296 3331 matre
2325 3285 2418 3332 tua
2457 3277 2705 3334 Eunice:
2739 3283 2949 3333 certum
2981 3283 3164 3331 autem
3193 3274 3368 3331 habeo
3398 3275 3546 3348 quod
3576 3284 3630 3350 et
3659 3276 3717 3330 in

2119 3373 2190 3421 te.
2241 3390 2259 3413 ι
2331 3365 2601 3432 Quoniam
2646 3366 2874 3439 dignum
2925 3373 3008 3422 est
3046 3364 3360 3421 meminisse
3403 3364 3712 3432 bonorum,

925 3425 1154 3484 CAPUT
1193 3426 1484 3484 PRIMUM-
2120 3425 2492 3514 idcircowDeo
2535 3425 2736 3524 gratias
2783 3455 2915 3527 agit,
2959 3454 3088 3528 quia
3133 3470 3344 3510 memor
3372 3463 3490 3510 erat
3520 3425 3720 3509 Timo;

494 3557 678 3628 (Vers.
717 3555 767 3619 1,
799 3554 880 3623 2.)
917 3575 936 3600 ‹
967 3552 1170 3607 Paulus
1198 3553 1635 3622 apostolus'Jesu
1675 3550 1881 3608 Christi
1913 3565 2008 3621 per
2119 3544 2236 3603 thei
2268 3543 2376 3599 viri
2407 3543 2700 3612 mirabilis,
2731 3553 2794 3600 ut
2828 3544 2992 3600 etiam
3025 3543 3131 3600 hoc
3162 3544 3343 3616 ipsum
3375 3543 3474 3599 Dei
3502 3543 3717 3599 donum

416 3645 758 3703 voluntatem
788 3641 888 3698 Dei
917 3639 1218 3696 secundum
1242 3640 1665 3711 promissionem
1695 3642 1844 3709 vitae,
1887 3657 2008 3712 quas
2121 3635 2224 3700 sit;
2259 3650 2369 3690 non
2398 3633 2548 3689 enim
2584 3633 2704 3689 sine
2734 3633 2930 3689 merito
2958 3639 3062 3700 est,
3103 3632 3198 3704 qui
3228 3632 3433 3704 cogitat
3461 3633 3529 3687 de
3556 3632 3719 3688 bonis

416 3743 497 3790 est
526 3732 585 3788 in
614 3730 837 3790 Christo
862 3729 1012 3795 Jesu,
1042 3727 1333 3783 Timotheo
1368 3727 1572 3784 dilecto
1599 3728 1737 3783 ﬁlio.
1770 3753 1789 3775 ι
1835 3727 2008 3799 Hujus
2121 3724 2278 3782 viris.
2333 3725 2405 3780 Et
2453 3725 2584 3797 quia
2638 3723 2784 3780 idem
2826 3725 2971 3781 Deus
3001 3723 3442 3781 Christianorum
3480 3731 3586 3789 est,
3622 3724 3718 3796 qui

414 3822 494 3879 rei
522 3818 695 3894 gratia
709 3819 1017 3893 apostolum
1050 3831 1107 3873 se
1135 3814 1345 3873 Christi
1387 3817 1536 3881 Jesu,
1585 3815 1683 3871 Dei
1724 3816 2008 3872 voluntate
2121 3820 2237 3868 erat
2283 3813 2626 3881 Judreorum,
2673 3813 2724 3868 ei
2754 3830 2810 3869 se
2838 3814 2952 3869 Deo
2982 3812 3182 3884 gratias
3226 3811 3430 3868 referre
3460 3819 3714 3879 testatur,

413 3913 745 3986 appellatum
777 3906 1070 3980 signiﬁcat,
1115 3916 1177 3964 ut
1215 3924 1336 3982 quae
1376 3915 1432 3963 et
1473 3915 1679 3978 quanta
1717 3904 2008 3978 promissio
2119 3901 2211 3959 cui
2260 3919 2292 3957 a
2351 3903 2571 3974 proavis
2616 3903 2914 3959 famulatus
2969 3909 3068 3957 est.
3123 3900 3355 3968 Quando
3409 3902 3560 3957 enim
3613 3901 3722 3957 hoc

414 4007 475 4064 in
503 4007 696 4063 futuro
724 4005 784 4061 in
823 4004 930 4061 ﬁde
962 4004 1169 4063 Christi
1197 4004 1291 4071 sit,
1321 4004 1610 4061 edoceret:
1644 4009 1706 4058 ut
1735 4001 2008 4074 praedica-
2120 3994 2410 4066 sperabant
2432 3994 2808 4067 progenitores
2836 3993 2974 4065 ejus,
3005 3992 3151 4066 quod
3183 3991 3276 4048 hic
3301 4000 3540 4064 coeperat
3570 4008 3723 4064 prae-

411 4095 563 4151 tione
592 4092 711 4164 ejus
745 4092 862 4165 (67)
893 4093 1297 4151 incrementum
1327 4093 1494 4150 faciat
1523 4092 1582 4148 in
1603 4091 1884 4149 salvandis
1911 4091 2010 4148 di-
2119 4084 2323 4152 dicare,
2355 4101 2465 4140 una
2493 4101 2684 4140 eorum
2725 4083 2860 4140 ﬁdes
2889 4091 2988 4140 est.
3036 4084 3109 4139 Et
3157 4081 3287 4156 quia
3334 4087 3391 4137 in
3425 4089 3720 4155 parentum

412 4181 640 4254 sciplica
668 4181 979 4239 Dominica.
1013 4181 1201 4238 Idonei
1231 4182 1381 4238 enim
1412 4181 1558 4237 servi
1600 4190 1750 4249 sunt,
1781 4181 1874 4254 qui
1911 4182 2008 4237 in-
2119 4175 2387 4232 successit
2433 4175 2680 4243 servitia,
2723 4182 2776 4231 et
2813 4174 2946 4246 quia
2973 4175 3030 4230 in
3066 4173 3153 4229 his
3184 4181 3300 4229 erat
3350 4171 3556 4241 adhuc,
3587 4189 3719 4229 cum
3815 4224 3817 4226 .

411 4270 614 4329 stantia
643 4285 758 4325 sua
811 4277 866 4326 et
921 4269 1029 4331 ﬁde
1094 4269 1316 4341 negotia
1369 4269 1724 4324 dominorum
1779 4285 2005 4326 suorum
2121 4264 2204 4320 illi
2234 4265 2349 4320 Deo
2377 4262 2671 4332 servirent,
2694 4272 2838 4320 recte
2865 4263 2975 4320 ait:
3013 4286 3032 4309 ι
3057 4262 3158 4319 Cui
3179 4260 3446 4333 aproavis
3473 4261 3706 4316 servio.-

412 4366 763 4432 exaggerant.
811 4357 969 4427 Quod
1022 4357 1146 4414 ideo
1175 4357 1306 4414 huic
1345 4357 1500 4429 quasi
1537 4356 1862 4414 charissimo
1889 4358 2007 4416 ﬁlio
2119 4352 2407 4422 Quomodo
2428 4355 2458 4410 7
2497 4378 2516 4400 ι
2538 4355 2601 4409 In
2620 4352 2958 4411 conscientia
2978 4369 3134 4424 pura,
3159 4377 3177 4399 ι
3213 4351 3395 4423 inquit
3421 4367 3432 4404 :
3457 4351 3538 4406 sic
3567 4351 3721 4405 enim

411 4448 626 4514 scribit,
665 4455 727 4504 ut
755 4446 922 4518 hujus
951 4447 1030 4503 rei
1070 4445 1317 4502 imitator
1345 4446 1594 4514 exsistat,
1633 4446 1822 4502 eadem
1851 4457 2007 4505 caate-
2037 4433 2086 4492 Ῑ)
2117 4443 2414 4516 aliquando
2445 4451 2766 4515 persecutus
2809 4450 2892 4498 est
2919 4441 3246 4509 Ecclesium,
3293 4447 3355 4496 ut
3392 4439 3493 4495 Dei
3529 4455 3722 4494 amore

410 4539 490 4597 ris
525 4538 763 4607 tradens,
810 4545 874 4593 ut
910 4553 1008 4610 per
1052 4535 1338 4594 traducem
1379 4535 1785 4592 successionum
1839 4537 2005 4594 inde—
2118 4532 2224 4590 hoc
2259 4549 2437 4604 agere,
2483 4548 2595 4587 non
2624 4532 3035 4589 malevolentia.
3075 4531 3212 4588 Nam
3263 4528 3434 4586 simili
3467 4527 3636 4584 modo
3665 4536 3722 4584 et

411 4629 602 4688 ﬁciens
628 4628 701 4686 sit
729 4627 964 4685 idoneus
1001 4626 1218 4696 doctor,
1249 4642 1348 4698 per
1375 4642 1539 4700 quem
1567 4635 1772 4683 asserta
1804 4628 2008 4684 veritas
2117 4620 2174 4676 in
2211 4620 2444 4692 epistola
2468 4619 2536 4675 ad
2565 4619 2825 4676 Hebraeos
2861 4620 3131 4692 scriptum
3163 4626 3245 4675 est
3275 4618 3405 4691 quia
3433 4617 3590 4685 Levi,
3621 4619 3720 4689 qui

413 4720 619 4776 multos
677 4717 925 4792 acquirat
965 4716 1036 4773 ad
1095 4715 1268 4772 vitam
1328 4715 1674 4789 promissam.
1741 4741 1760 4765 ι
1799 4716 2004 4788 Gratia,
2117 4709 2358 4767 decimas
2384 4709 2616 4781 accepit,
2649 4708 2890 4766 decimas
2918 4709 3070 4766 dedit
3113 4705 3551 4773 Melchisedech,
3587 4707 3721 4778 quia

411 4807 813 4877 misericordia,
855 4816 911 4864 et
957 4823 1066 4880 pax
1096 4822 1128 4862 a
1166 4809 1280 4864 Deo
1325 4807 1500 4874 Patre,
1551 4816 1605 4863 et
1633 4805 1854 4864 Christo
1881 4808 2009 4864 Jesu
2118 4801 2176 4857 in
2206 4798 2461 4866 Abrahaa,
2495 4797 2698 4871 inquit,
2727 4798 2932 4855 lumbis
2975 4809 3092 4855 erat
3119 4797 3273 4865 Levi,
3305 4795 3526 4869 quando
3557 4794 3723 4852 deci-

411 4897 648 4954 Domino
669 4906 876 4954 nostro.
901 4923 920 4946 ι
960 4897 1202 4954 Gratiam
1221 4896 1355 4954 huic
1373 4895 1550 4953 Patris
1569 4896 1628 4952 in
1659 4897 2008 4955 miseratione
2119 4908 2235 4949 mas
2263 4889 2468 4946 obtulit
2502 4888 2905 4946 Melchisedech
2945 4888 3130 4960 (Hebr.
3171 4904 3272 4956 vn,
3303 4888 3358 4954 9,
3394 4886 3484 4957 10)
3513 4904 3524 4942 ;
3561 4887 3638 4940 ita
3668 4895 3725 4942 et

411 4995 654 5058 exoptat,
686 4997 749 5044 ut
774 4988 921 5044 adsit
947 4989 998 5044 ei
1023 5003 1035 5042 :
1079 4997 1134 5045 et
1162 4987 1370 5047 Christi
1401 4989 1528 5044 Jesu
1557 4989 1780 5045 Domini
1807 4989 2005 5058 nostri,
2118 4980 2210 5037 hic
2239 4997 2270 5034 a
2302 4977 2522 5051 proavis
2550 4979 2664 5034 Deo
2694 4994 2752 5034 se
2779 4976 2915 5034 dicit
2944 4977 3196 5044 servisse,
3241 4975 3371 5048 quia
3399 4982 3454 5031 et
3495 4974 3629 5031 Levi
3663 4975 3723 5029 in

411 5075 542 5148 quia
588 5077 735 5132 Deus
779 5075 1007 5148 gratiam
1058 5092 1210 5132 suam
1264 5094 1358 5150 per
1400 5076 1685 5133 Christum
1734 5078 2002 5149 largitur;
2120 5089 2327 5144 proavo
2371 5069 2612 5128 decimas
2655 5069 2864 5127 dicitur
2907 5069 3199 5125 obtulisse.
3251 5068 3351 5123 Est
3400 5066 3551 5122 enim
3585 5067 3722 5122 Levi

411 5170 477 5219 ut
504 5179 616 5219 una
643 5164 818 5235 gratia
855 5164 928 5219 sit
956 5164 1268 5236 utriusque.
2121 5170 2274 5234 pater
2301 5161 2486 5230 Iacob,
2517 5178 2654 5217 avus
2683 5163 2850 5223 Isaac,
2872 5175 3110 5232 proavus
3145 5157 3444 5214 Abraham.
3479 5158 3722 5213 Multum

485 5251 666 5324 (Vers.
692 5252 746 5322 3,
768 5251 826 5322 4,
847 5253 929 5325 5.)
975 5277 995 5300 ι
1023 5253 1240 5310 Gratias
1268 5271 1369 5327 ago
1388 5256 1502 5312 Deo
1531 5272 1674 5324 meo,
1705 5256 1796 5312 cui
1825 5257 2008 5312 servio
2117 5267 2248 5324 ergo
2289 5267 2348 5308 se
2395 5266 2692 5307 memorem
2751 5247 3028 5305 Timothei
3083 5247 3393 5321 proﬁtetur,
3437 5255 3495 5303 et
3550 5247 3722 5302 avide

486 5472 604 5542 (66)
645 5475 806 5531 Rom.
836 5475 995 5549 edit,
1026 5477 1209 5532 scribit
1233 5495 1372 5533 num
1400 5478 1685 5549 Apostolus
1717 5480 1788 5534 ad
1824 5481 2010 5536 Timo-
2167 5477 2309 5549 Α(67)
2359 5475 2563 5533 Eadem
2612 5473 2990 5549 Rom._edit.,‘
3019 5491 3118 5546 per
3158 5473 3312 5545 fidem
3371 5472 3585 5528 Christi
3625 5473 3722 5538 sit,

416 5542 654 5598 them...
694 5547 920 5623 ostendit
965 5542 1082 5616 qua
1125 5565 1242 5620 spes
1297 5542 1796 5623 sitpi‘omissionis,
1846 5559 1892 5610 et
1951 5557 2010 5606 ut
2117 5542 2367 5612 edoceret,
2397 5565 2499 5623 quo
2522 5547 2898 5620 praedicatione
2939 5542 3076 5615 ejus,
3106 5542 3209 5601 etc.
3657 5567 3660 5569 λ

414 5627 511 5666 suo
538 5616 862 5687 cantamen"
895 5616 1200 5687 commento,
1228 5616 1488 5694 pradicit.
