3908 6192
211 223 319 282 513

1231 226 1593 284 COMMENT.
1633 225 1704 282 ΙΝ
1741 223 1956 284 EPIST.
1997 228 2048 283 II
2084 229 2180 284 AD
2219 224 2506 287 TIMO'I‘H.

3418 235 3522 293 514

210 349 371 405 illum
394 346 701 408 desiderare
741 359 965 425 propter
991 352 1361 425 lacrymarum
1388 350 1509 424 ejus
1537 352 1803 410 recorda-
1839 355 1890 414 Α
1916 351 2074 410 electi
2105 361 2233 410 sunt
2261 353 2330 410 ad
2351 355 2764 426 gubernandum
2795 358 3064 431 populum
3094 366 3348 417 sanctum
3379 361 3480 419 Dei
3505 381 3518 431 ;

208 439 442 510 tionem,
482 459 618 516 quas
651 459 840 500 amore
868 443 1086 502 fuderat
1113 444 1388 518 Apostoli,
1419 445 1563 502 sicut
1603 445 1808 503 intelli-

207 530 380 603 gitur,
404 531 713 589 recedentis
737 549 769 588 a
789 549 866 588 se.
894 533 1016 590 Non
1045 533 1328 590 immerito
1369 550 1497 606 ergo
1529 541 1808 590 amantem

207 635 265 675 se
299 619 600 690 desiderat,
633 628 697 677 ut
725 621 926 694 gaudio
954 622 1252 694 impleatur
1269 638 1340 678 ex
1359 623 1647 679 communi
1674 620 1809 678 laeti-

206 707 310 778 tia,
362 727 526 766 causa
564 709 695 766 ﬁdei
727 710 974 780 sincerae,
1013 729 1178 786 quam
1221 720 1274 768 et
1309 712 1538 769 inavia
1580 711 1717 784 ejus,
1758 721 1812 768 et

208 796 268 852 in
300 808 480 856 matre
499 795 682 855 fuisse
704 798 997 872 signiﬁcat,
1019 801 1326 858 certissime
1350 809 1404 856 et
1429 801 1488 856 in
1508 818 1593 858 eo.
1618 800 1811 858 Omnis

207 888 404 963 itaque
431 889 524 949 hic
549 890 776 948 affectus
819 899 1042 964 propter
1086 890 1253 947 ﬁdem
1298 901 1399 960 est,
1439 909 1561 966 qua:
1607 899 1725 948 erat
1751 890 1810 946 in

208 980 294 1034 eis
322 979 613 1037 inviolata.

286 1068 471 1140 (Vers.
521 1070 574 1138 6,
626 1070 705 1142 7.)
767 1093 786 1118 ι
838 1070 958 1139 Qua
997 1069 1065 1127 de
1113 1088 1275 1129 causa
1311 1071 1581 1129 admoneo
1627 1079 1704 1141 te,
1751 1079 1813 1128 ut

210 1175 424 1215 recrees
451 1158 658 1216 donum
681 1160 801 1229 Dei,
835 1159 984 1234 quod
1011 1169 1094 1217 est
1123 1160 1181 1217 in
1201 1168 1257 1217 te
1273 1178 1368 1233 per
1396 1154 1810 1234 impositionem

210 1265 477 1304 manuum
503 1265 749 1306 mearum
773 1268 788 1318 ;
822 1267 934 1306 non
963 1250 1114 1307 enim
1143 1251 1297 1308 dedit
1326 1250 1488 1307 nobis
1519 1252 1667 1307 Deus
1691 1249 1813 1323 spi-

210 1337 386 1394 ritum
416 1337 653 1408 timoris,
685 1339 782 1396 sed
811 1340 1060 1407 virtutis,
1080 1349 1135 1397 et
1162 1340 1500 1409 dilectionis,
1533 1349 1586 1396 et
1611 1340 1813 1398 sobrie-

210 1427 363 1484 tatis.
397 1451 417 1475 ι
475 1428 771 1501 Propterea
818 1447 875 1486 se
929 1439 1220 1503 parentum
1265 1428 1388 1502 ejus
1439 1429 1813 1487 sinceritatem

210 1516 345 1573 ﬁdei
378 1516 656 1590 signiﬁcat
684 1535 1038 1590 memorasse,
1069 1527 1132 1576 ut
1183 1519 1470 1576 fortiorem
1501 1519 1653 1576 hunc
1678 1519 1815 1576 face-

210 1613 316 1663 ret.
351 1606 490 1674 Quis
518 1606 668 1663 enim
700 1608 918 1664 laudem
953 1609 1181 1664 illorum
1211 1608 1461 1678 audiens,
1493 1625 1727 1681 quorum
1756 1607 1815 1662 in

1919 442 1988 498 ad
2017 451 2266 498 sanctum
2295 451 2478 499 autem
2499 444 2681 502 senior
2709 454 2965 516 vocatur,
3013 446 3111 522 qui
3149 447 3265 506 dux
3293 449 3523 523 eligitur

1918 531 2244 588 sanctitatis.
2289 558 2307 580 ι
2335 533 2456 590 Non
2503 536 2807 594 secundum
2854 537 3056 596 merita
3103 548 3308 596 nostra.
3356 564 3374 587 ι
3420 541 3523 597 Ve-

1921 635 2044 675 rum
2108 628 2210 689 est,
2267 620 2397 694 quia
2462 621 2510 677 si
2577 625 2644 680 ad
2694 625 2970 697 liquidum
3033 644 3261 705 quaeras,
3335 629 3524 685 nullus

1920 709 2212 767 hominum
2235 710 2436 782 dignus
2454 718 2632 782 potest
2656 711 2839 768 videri
2860 713 3105 770 vicarius
3130 732 3244 773 esse
3269 717 3482 775 Christi
3507 735 3522 785 ;

1921 815 2116 856 omnes
2142 797 2293 854 enim
2320 815 2460 871 quos
2503 798 2689 871 elegit,
2730 799 2885 871 prius
2943 801 3165 859 fuerant
3193 812 3522 876 peccatores.

1919 891 2197 959 Quantum
2225 908 2354 964 ergo
2391 890 2462 946 ad
2504 892 2970 964 comparationem
3016 901 3342 951 ceterorum
3389 913 3526 968 per-

1920 977 2082 1046 tinet,
2113 977 2172 1033 hi
2199 977 2352 1050 digni
2383 977 2597 1033 inventi
2628 985 2788 1034 sunt:
2823 985 3092 1050 quantum
3141 995 3276 1035 vero
3311 979 3382 1036 ad
3409 997 3525 1038 rem

1922 1064 2120 1138 ipsam,
2142 1082 2334 1123 omnes
2365 1065 2580 1138 indigni
2629 1072 2780 1122 sunt.
2835 1088 2854 1112 ι
2892 1065 2997 1122 Sed
3056 1066 3354 1123 secundum
3390 1084 3530 1141 pro-

1923 1155 2167 1228 positum
2199 1173 2382 1225 suum,
2423 1163 2477 1211 et
2523 1155 2754 1228 gratiam
2805 1171 2927 1228 quas
2969 1155 3095 1212 data
3139 1165 3222 1213 est
3269 1156 3434 1213 nobis
3472 1156 3532 1213 in

1923 1243 2148 1302 Christo
2193 1245 2320 1301 Jesu
2377 1254 2502 1302 ante
2549 1253 2799 1317 tempora
2845 1244 3154 1302 saecularia.
3186 1269 3204 1292 ι
3259 1245 3531 1313 Quoniam

1923 1333 2246 1406 dignatione
2274 1348 2373 1389 sua
2399 1335 2549 1392 Deus
2577 1334 2710 1391 olim
2729 1338 2875 1396 306
2927 1334 3179 1390 decrevit
3222 1341 3532 1406 peccatores

1924 1430 2106 1486 salvos
2133 1431 2311 1486 facere
2341 1429 2627 1503 (praescius
2647 1431 2797 1488 enim
2817 1429 2926 1488 fuit
2945 1433 3097 1488 Deus
3121 1428 3256 1503 quid
3280 1431 3533 1488 futurum

1924 1529 2068 1577 esset
2085 1521 2141 1576 in
2170 1521 2416 1589 homine,
2440 1529 2738 1595 antequam
2755 1522 2961 1579 faceret
2976 1538 3136 1590 eum,
3160 1533 3216 1580 et
3235 1521 3532 1594 peccaret),

1927 1610 2208 1684 quomodo
2255 1609 2724 1683 redintegraretur
2744 1611 3180 1683 praedestinavit,
3238 1627 3346 1685 quo
3383 1619 3534 1667 tem-

212 1713 279 1753 eo
313 1697 438 1770 ipso
468 1696 741 1771 particeps
770 1707 871 1768 est,
915 1715 1027 1755 non
1072 1709 1300 1768 crescat,
1331 1699 1538 1756 addens
1565 1698 1813 1756 animum
1856 1708 1904 1769 Β
1931 1713 2082 1770 pore,
2115 1707 2169 1755 et
2194 1715 2289 1771 per
2325 1715 2484 1771 quos,
2533 1707 2588 1754 et
2617 1715 2726 1772 qua
2772 1699 2994 1755 ratione
3040 1699 3242 1756 salvari
3282 1700 3530 1772 possint;

211 1785 541 1858 hujusmodi
574 1787 785 1844 viribus
807 1789 835 1832 9
871 1787 961 1845 Sic
1007 1805 1136 1862 ergo
1175 1797 1385 1846 recreat
1421 1789 1481 1845 in
1509 1806 1567 1846 se
1604 1789 1816 1844 donum

213 1875 405 1948 gratia:
434 1874 533 1932 Dei
562 1884 844 1949 acceptum
884 1894 982 1950 per
1027 1877 1432 1935 ordinationem
1464 1877 1814 1951 presbyterii,

213 1965 346 2022 dum
403 1966 650 2023 animum
708 1984 870 2024 suum
937 1968 1198 2025 confovet
1252 1970 1455 2026 mentis
1513 1969 1816 2036 alacritate,

215 2056 460 2129 gaudens
490 2058 549 2112 in
595 2059 910 2131 semetipso,
931 2059 1074 2116 sicut
1103 2061 1162 2116 in
1184 2060 1431 2117 novitate
1451 2059 1819 2118 ordinationis

215 2146 507 2219 gaudetur.
555 2147 804 2219 Denique
851 2147 1128 2218 subjecit:
1195 2173 1213 2197 ι
1241 2151 1352 2205 Nec
1387 2151 1562 2217 enim,
1612 2148 1815 2221 inquit,

217 2234 376 2292 dedit
403 2234 565 2290 nobis
592 2237 737 2292 Deus
791 2237 1046 2308 spiritum
1076 2237 1314 2306 timoris,
1368 2237 1463 2312 sed
1513 2237 1758 2293 virtutis.
1787 2262 1806 2286 ι

217 2325 524 2382 Innovatus
566 2325 715 2381 enim
777 2325 945 2381 homo
989 2326 1105 2382 exit
1149 2326 1215 2382 de
1271 2321 1493 2394 timore,
1539 2325 1822 2398 accipiens

221 2413 486 2486 spiritum
511 2413 716 2470 laetitiae
734 2425 958 2487 propter
972 2413 1428 2486 justiﬁcationem
1455 2433 1467 2471 :
1493 2415 1624 2488 quia
1644 2413 1824 2470 omnis

221 2501 463 2575 injustus
491 2502 551 2558 in
595 2503 794 2559 timore
840 2513 941 2574 est,
985 2521 1100 2561 non
1147 2504 1328 2573 fortis,
1379 2504 1474 2561 sed
1527 2503 1819 2572 inﬁrmus;

220 2611 330 2651 non
361 2594 419 2649 in
449 2592 770 2662 dilectione,
799 2594 896 2651 sed
925 2595 985 2651 in
1035 2595 1202 2652 odio:
1238 2611 1338 2651 nec
1385 2592 1444 2650 in
1474 2594 1684 2650 mentis
1725 2610 1825 2650 so-

218 2683 471 2751 brietate,
495 2682 592 2740 sed
624 2698 807 2739 errore
837 2684 1076 2740 saucius.
1109 2683 1168 2740 Si
1210 2691 1395 2740 autem
1442 2683 1531 2739 his
1559 2683 1820 2752 caruerit,

213 2789 306 2846 per
331 2773 509 2830 ﬁdem
541 2779 594 2828 et
622 2772 807 2842 fortis,
845 2781 900 2829 et
928 2773 1186 2842 dilectus,
1219 2780 1274 2828 et
1302 2771 1525 2829 sobrius
1543 2771 1672 2829 erit.

286 2872 476 2944 (Vers.
517 2872 601 2944 8.)
648 2897 666 2920 ι
691 2871 818 2928 Noli
849 2872 1033 2947 itaque
1071 2873 1391 2930 erubescere
1435 2871 1819 2928 testimonium

217 2963 436 3019 Domini
468 2962 672 3030 nostri,
702 2979 880 3036 neque
908 2979 995 3019 me
1023 2963 1276 3020 vinctum
1317 2961 1456 3034 ejus.
1490 2988 1510 3012 ν
1551 2963 1824 3021 Constan-

1926 1795 1988 1843 ut
2018 1803 2195 1859 neque
2250 1788 2451 1843 merito
2485 1803 2584 1842 suo
2630 1788 2726 1861 qui
2772 1788 3081 1855 salvantur,
3125 1804 3306 1860 neque
3331 1788 3532 1844 horum

1925 1891 2022 1947 per
2048 1891 2184 1948 quos
2213 1884 2499 1945 vocantur,
2533 1875 2628 1932 sed
2647 1874 2747 1932 Dei
2779 1875 2953 1947 gratia
2973 1875 3126 1932 istud
3154 1876 3365 1932 donum
3387 1893 3521 1950 prae-

1927 1964 2060 2020 stari
2080 1964 2339 2022 videatur
2367 1981 2464 2038 per
2495 1964 2662 2020 ﬁdem
2694 1963 2928 2024 Christi.

2000 2061 2184 2134 (Vers.
2220 2064 2334 2136 10.)
2372 2088 2390 2110 ‹
2419 2064 2578 2120 Nunc
2623 2080 2756 2120 vero
2791 2063 3072 2121 declarata
3119 2080 3216 2136 per
3243 2064 3525 2122 illumina-

1927 2152 2136 2209 tionem
2166 2153 2435 2211 adventus
2463 2154 2770 2211 Salvatoris
2827 2155 3006 2211 nostri
3045 2155 3176 2211 Jesu
3231 2155 3461 2214 Christi.
3498 2181 3516 2205 ι

1928 2243 2147 2298 Donum
2174 2243 2272 2298 Dei
2301 2243 2444 2316 quod
2478 2251 2604 2299 ante
2633 2251 2880 2316 tempora
2927 2243 3218 2301 saecularia
3245 2244 3447 2302 latebat
3471 2245 3531 2301 in

1931 2333 2218 2404 mysterio,
2256 2334 2633 2390 incarnatione
2670 2343 2724 2390 et
2753 2333 2995 2391 adventu
3043 2334 3250 2394 Christi
3279 2336 3532 2393 declara—

1933 2429 2051 2477 tum
2080 2429 2333 2492 testatur,
2365 2425 2589 2496 quando
2615 2432 2900 2497 cmperunt
2947 2425 3202 2482 homines
3248 2427 3530 2483 remissam

1933 2519 2282 2585 peccatorum
2314 2512 2579 2584 accipere.

1931 2649 1936 2651 -
2008 2609 2192 2682 (Vers.
2241 2609 2354 2682 11.)
2417 2633 2436 2656 ε
2474 2610 2582 2679 Qui
2649 2609 2930 2666 destruxit
2991 2611 3213 2683 quidem
3277 2621 3528 2680 mortem,

1933 2698 2280 2756 illuminavit
2300 2707 2483 2756 autem
2515 2698 2689 2755 vitam
2728 2699 3033 2756 aeternitate
3065 2700 3182 2772 (69)
3204 2715 3301 2772 per
3337 2701 3533 2756 Evan-

1934 2790 2161 2862 gelium,
2221 2789 2279 2844 in
2337 2805 2446 2862 quo
2501 2789 2714 2861 positus
2767 2804 2890 2845 sum
2939 2804 3038 2862 ego
3089 2788 3435 2861 praedicator,
3479 2794 3535 2844 et

1935 2877 2238 2950 apostolus,
2299 2884 2354 2932 et
2431 2878 2691 2950 magister
2745 2877 3013 2948 gentium.
3069 2901 3089 2925 ι
3158 2876 3277 2944 Qua
3324 2875 3535 2932 ratione

1933 2968 2153 3024 salvum
2189 2965 2321 3024 fecit
2347 2967 2612 3038 populum
2645 2981 2807 3021 suum
2855 2963 3128 3035 Christus,
3169 2965 3413 3022 ostendit
3437 2963 3535 3020 di-

226 3051 349 3108 tiam
407 3050 721 3108 habendam
779 3050 960 3122 docet,
1012 3068 1114 3108 nec
1191 3052 1452 3124 trepidari
1511 3051 1709 3108 debere
1763 3051 1824 3107 in
1851 3063 1894 3124 C
1929 3073 2060 3117 cens
2108 3056 2237 3129 quia
2291 3062 2526 3111 mortem
2583 3054 2881 3124 destruxit,
2943 3071 3065 3128 quae
3117 3061 3233 3111 erat
3288 3051 3535 3110 hominis

227 3142 585 3212 professione.
619 3141 739 3197 Non
769 3149 852 3198 est
882 3141 1031 3197 enim
1079 3141 1228 3198 unde
1257 3142 1612 3198 erubescatur
1636 3145 1694 3199 in
1735 3158 1819 3214 ea,

227 3229 348 3302 quia
368 3231 414 3287 si
443 3231 620 3287 homo
652 3230 806 3287 visus
832 3238 914 3287 est
943 3230 1219 3300 Christus,
1259 3231 1424 3304 gestis
1451 3239 1636 3288 tamen
1663 3249 1826 3306 appa-

229 3318 334 3376 ruit
380 3322 567 3378 Dens:
623 3320 726 3376 etsi
785 3320 1090 3377 cruciﬁxus
1135 3327 1239 3388 est,
1288 3319 1590 3376 resurrexit
1637 3330 1822 3378 tamen

230 3424 259 3463 a
289 3411 546 3477 mortuis,
595 3418 650 3466 et
680 3409 875 3466 multis
920 3409 1264 3478 videntibus,
1308 3409 1648 3482 suscipiente
1697 3427 1824 3466 eum

230 3497 388 3567 nube,
417 3499 476 3555 in
510 3499 712 3556 coelum
766 3497 1014 3556 ascendit
1061 3498 1204 3570 (Act.
1240 3515 1280 3566 ι,
1315 3498 1396 3570 9).
1449 3498 1570 3554 Non
1599 3505 1680 3555 est
1700 3515 1828 3572 ergo

233 3589 573 3649 inﬁrmitatis
595 3608 778 3660 causa,
811 3591 907 3648 sed
935 3591 1258 3665 potestatis;
1305 3591 1435 3665 quia
1467 3589 1564 3646 ubi
1604 3599 1828 3663 putatur

234 3677 605 3750 imbecillitas,
662 3681 744 3737 ibi
792 3689 1016 3754 apparet
1085 3680 1353 3754 potentia.
1413 3681 1606 3752 Itaque
1661 3681 1828 3736 stulte

235 3765 542 3827 inﬁrmatus
568 3769 798 3840 dicitur,
826 3770 924 3844 qui
952 3771 1150 3828 vicisse
1190 3770 1473 3843 probatur.
1503 3769 1619 3825 Hoc
1664 3769 1828 3826 modo

236 3872 328 3915 nec
356 3858 414 3914 in
442 3859 708 3933 Apostolo
736 3868 839 3927 est,
885 3860 1031 3933 quod
1089 3858 1158 3915 ad
1214 3859 1471 3915 ruborem
1509 3858 1781 3931 pertineat
1813 3878 1824 3916 :

236 3946 358 4018 quia
385 3947 432 4003 si
461 3948 732 4020 pressuris
761 3959 814 4007 et
846 3949 1088 4006 caedibus
1122 3948 1448 4008 humiliatus
1487 3949 1714 4018 dicitur,
1761 3966 1830 4006 ex

238 4033 330 4090 illa
376 4046 529 4109 parte
583 4039 880 4096 confundit
927 4041 1322 4098 obtrectatores
1393 4058 1541 4110 suos,
1587 4039 1720 4114 quia
1771 4039 1829 4095 in

237 4123 407 4195 signis
448 4143 512 4182 ac
551 4127 820 4199 prodigiis
872 4137 1013 4185 nutu
1053 4129 1325 4186 mirabilis
1369 4129 1730 4202 pervidetur:
1767 4138 1830 4186 ut

239 4209 580 4284 intelligatur
609 4231 720 4270 non
741 4214 1064 4272 inﬁrmitate
1083 4216 1390 4286 humiliari,
1421 4219 1517 4274 sed
1546 4219 1830 4276 voluntate

239 4299 307 4356 ad
332 4302 626 4373 quemdam
677 4304 1002 4360 meritorum
1049 4306 1382 4378 profectum.
1422 4307 1635 4364 Idcirco
1682 4308 1828 4364 enim

239 4386 382 4443 Deus
411 4404 597 4446 servos
628 4405 759 4445 suos
785 4389 854 4444 ab
875 4389 1081 4464 iniquis
1123 4391 1408 4448 humiliari
1438 4394 1732 4464 permittit,
1763 4412 1830 4452 ne
1857 4421 1906 4480 Β

245 4472 351 4532 illis
379 4475 584 4548 injuste
614 4478 842 4552 praemia
866 4478 996 4536 dare
1021 4480 1296 4538 videatur.

312 4574 490 4646 (Vers.
523 4579 604 4651 9.)
642 4603 660 4626 ι
678 4579 783 4636 Sed
811 4579 1090 4637 collabora
1109 4579 1169 4636 in
1195 4580 1500 4654 Evangelia
1529 4583 1831 4641 secundum

245 4663 500 4725 virtutem
529 4670 652 4740 Dei,
685 4670 781 4745 qui
812 4688 914 4728 nos
941 4672 1122 4730 salvos
1150 4672 1281 4729 fecit
1317 4673 1460 4746 (68).
1497 4699 1516 4724 ›
1558 4675 1830 4743 Quoniam

246 4752 443 4813 virtute
467 4759 566 4816 Dei
611 4758 756 4817 victa
784 4767 865 4817 est
897 4777 1066 4826 mors,
1102 4769 1164 4818 ut
1193 4778 1294 4818 nos
1320 4763 1463 4820 salvi
1487 4815 1490 4818 .
1513 4779 1629 4820 esse
1662 4763 1832 4837 possi-

250 4854 362 4898 mus
386 4862 399 4912 ;
429 4844 590 4916 juxta
615 4847 721 4906 hoc
746 4849 1011 4907 convenit
1039 4850 1216 4908 vicem
1248 4869 1350 4909 nos
1377 4868 1448 4908 ex
1468 4851 1654 4925 aliqua
1681 4860 1833 4926 parte

254 4929 469 4990 reddere
537 4935 913 5010 Redemptori.
970 4937 1111 5006 Quia
1154 4939 1302 4995 enim
1360 4939 1428 4996 ad
1483 4938 1670 4996 omnia
1716 4938 1834 5012 ejus

251 5012 507 5081 beneﬁcia
535 5026 862 5099 respondere
890 5043 1002 5084 non
1033 5043 1348 5100 possumus,
1379 5029 1470 5085 vel
1501 5028 1832 5102 legationem

254 5104 364 5177 ejus
409 5112 642 5174 ﬁdeliter
683 5125 736 5174 et
781 5116 1053 5176 instanter
1104 5134 1348 5193 agamus.
1418 5141 1438 5167 ι
1494 5119 1567 5176 Et
1613 5115 1835 5175 vocavit

256 5201 528 5262 vocatione
573 5224 670 5264 sua
714 5215 920 5266 sancta.
953 5233 973 5259 ι
1024 5209 1259 5266 Vocatio
1306 5217 1496 5266 8806ῐὸ
1549 5215 1651 5277 est,
1705 5223 1834 5264 cum

326 5340 436 5482 $68)
467 5349 623 5408 Rom.
656 5352 817 5421 edit.,
843 5351 936 5424 qui
964 5369 1060 5408 nos
1082 5353 1344 5409 liberavit.

349 5413 436 5482 69)
467 5420 802 5482 Rom.edit..
833 5425 1171 5481 Illuminavit
1199 5431 1344 5479 autem

301 5479 312 5489 _
321 5413 436 5493 169)
467 5420 624 5478 Rom.
642 5413 816 5493 edit.,
833 5413 1171 5481 illuminavit
1199 5431 1376 5479 autem
1404 5422 1587 5490 vitam,
1615 5429 1662 5480 et
1688 5428 1836 5478 reler-

258 5487 480 5546 mtatem.
512 5493 590 5549 Ita
617 5487 974 5552 etiam'infra.

327 5553 438 5632 (70)
469 5546 1073 5624 na'a.‘aai‘£.‘i;;‘mum
1108 5546 1312 5625 diém...
1359 5565 1452 5638 qui
1479 5581 1568 5638 spe
1590 5570 1641 5624 et
1683 5564 1836 5639 ﬁdu-

1933 3145 2181 3213 inimica,
2214 3161 2283 3201 ne
2311 3144 2381 3201 ab
2430 3144 2624 3200 inferis
2675 3153 2859 3216 posset
2907 3159 3224 3215 resurgere:
3277 3151 3397 3199 tum
3427 3143 3534 3199 de—

1935 3251 2088 3291 mum
2118 3233 2290 3289 vitam
2325 3232 2670 3288 illuminavit
2697 3232 3023 3298 aternitate,
3073 3238 3136 3285 ut
3185 3245 3473 3300 resurgens
3502 3245 3535 3283 a

1936 3323 2194 3391 mortuis,
2220 3321 2337 3394 jam
2385 3321 2525 3376 mori
2568 3337 2680 3376 non
2720 3319 2911 3392 possit.
2953 3318 3200 3375 Obscura
3237 3315 3386 3374 enim
3417 3316 3533 3372 vita

1935 3419 2039 3480 est,
2080 3428 2199 3484 quae
2239 3419 2484 3482 tempore
2531 3408 2816 3477 deﬁnitur,
2869 3407 3003 3464 dum
3059 3413 3364 3479 soporatur,
3400 3405 3534 3461 dum

1937 3501 2170 3573 ignorat,
2200 3499 2333 3556 dum
2355 3499 2497 3554 male
2531 3506 2796 3554 versatur.
2831 3497 2903 3552 Et
2951 3495 3226 3569 quomodo
3258 3493 3536 3551 illumine-

1937 3597 2027 3645 tur
2057 3589 2190 3658 vita,
2223 3588 2487 3656 ostendit,
2510 3586 2640 3660 quia
2667 3603 2762 3660 per
2790 3585 3154 3658 Evangelium
3185 3582 3536 3641 credentibus

1937 3681 2100 3738 datur
2129 3677 2430 3744 aeternitas,
2470 3677 2730 3750 magistro
2761 3676 3014 3749 gentium
3046 3674 3400 3748 praedicante.

2011 3769 2191 3841 (Vers.
2230 3768 2345 3839 12.)
2402 3792 2419 3814 ε
2454 3767 2628 3835 Quam
2675 3767 2746 3823 ob
2775 3783 2995 3824 causam
3025 3772 3081 3823 et
3126 3763 3245 3820 haec
3271 3762 3469 3835 patior.
3503 3785 3521 3809 ι

1936 3856 2246 3914 Praedicans
2277 3854 2378 3912 Dei
2406 3855 2636 3923 donum,
2667 3854 2954 3910 diabolum
2984 3851 3195 3924 patitur
3221 3849 3532 3916 inimicum,

1938 3955 2000 4002 ut
2026 3961 2306 4018 pressuras
2323 3944 2374 4000 ei
2404 3942 2724 4011 exsuscitet,
2753 3943 2883 4015 quia
2909 3959 2978 4014 po
2994 3941 3187 4013 pulum
3204 3940 3272 3997 de
3286 3937 3536 3995 faucibus

1939 4035 2057 4107 ejus
2083 4033 2247 4090 eruit.
2313 4057 2332 4082 ι
2360 4032 2465 4088 Sed
2489 4048 2600 4087 non
2629 4029 2963 4088 confundor.
2997 4053 3015 4076 ι
3061 4030 3124 4085 In
3153 4028 3261 4086 hoc
3289 4043 3533 4096 securus,

1939 4123 2069 4196 quia
2097 4139 2195 4195 pro
2215 4119 2670 4179 tribulationibus
2699 4135 2893 4192 magna
2918 4117 3186 4193 promissa
3206 4132 3411 4174 merces
3430 4123 3533 4184 est,

1939 4228 2052 4269 non
2080 4209 2462 4280 confunditur,
2495 4209 2588 4267 sed
2615 4209 2882 4283 gloriatur
2935 4210 2994 4266 in
3027 4208 3314 4282 pressuris.
3363 4232 3381 4256 ι
3409 4205 3534 4263 Scio

1937 4301 2086 4358 enim
2135 4301 2227 4357 cui
2259 4298 2491 4369 credidi,
2532 4308 2586 4358 et
2628 4307 2810 4357 certus
2856 4316 2979 4357 sum
3025 4298 3154 4372 quia
3208 4306 3404 4371 potens
3453 4303 3536 4352 est

1938 4390 2250 4464 depositum
2273 4407 2456 4447 meum
2473 4388 2751 4448 custodire
2768 4389 2827 4444 in
2850 4388 2946 4446 illa
2964 4387 3074 4444 die.
3093 4412 3112 4436 ι
3149 4387 3264 4444 Hoc
3283 4395 3366 4443 est
3384 4383 3535 4457 quod

1939 4481 2094 4550 dicit,
2131 4498 2237 4556 qua
2259 4497 2353 4555 spe
2381 4488 2436 4538 et
2465 4479 2670 4537 ﬁducia
2699 4479 2816 4552 (70)
2850 4477 3272 4551 magniﬁcentiae
3292 4476 3534 4531 Salvato-

1941 4571 2018 4627 ris
2047 4587 2271 4629 securus
2307 4578 2410 4640 est,
2439 4570 2570 4644 quia
2621 4569 2768 4643 quod
2796 4565 3144 4625 commendat
3189 4563 3296 4628 illi,
3329 4561 3386 4615 in
3417 4567 3536 4615 tuto

1939 4672 2040 4720 est.
2074 4663 2217 4731 Quid
2239 4670 2421 4719 autem
2451 4659 2535 4716 illi
2555 4657 2926 4725 commendat,
2951 4653 3059 4710 nisi
3081 4652 3314 4707 salutem
3335 4664 3490 4704 suam
3507 4649 3536 4705 ἵ

1939 4752 2012 4810 Ut
2045 4751 2138 4810 hic
2190 4767 2290 4824 pro
2345 4750 2444 4806 illo
2487 4749 2723 4822 patiens,
2772 4746 3006 4801 salutem
3065 4738 3314 4825 inveniat
3370 4755 3536 4812 penes

1941 4839 2123 4907 illum,
2153 4855 2278 4896 cum
2312 4837 2539 4910 cmperit
2562 4833 2815 4908 judicare
2847 4849 2860 4888 :
2895 4838 2957 4886 ut
3000 4825 3234 4902 puniens
3265 4827 3535 4898 inﬁdeles,

1941 4928 2108 4984 istum
2140 4927 2370 4999 dignum
2402 4931 2604 4979 eterna
2624 4920 2742 4975 vita
2775 4919 3116 4992 pronuntiet.

2015 5024 2197 5097 (Vers.
2228 5023 2313 5091 13,
2351 5019 2466 5090 ili.)
2510 5043 2528 5066 ι
2560 5021 2816 5076 Formam
2839 5016 3049 5075 habens
3066 5033 3324 5075 sanorum
3345 5016 3536 5076 verbo-

1943 5130 2065 5171 rum
2098 5113 2240 5186 (7l),
2278 5126 2398 5185 quae
2428 5125 2460 5164 a
2505 5126 2591 5166 me
2623 5104 2826 5163 audisti
2868 5105 2926 5163 in
2977 5108 3085 5165 ﬁde
3114 5114 3170 5164 et
3219 5107 3535 5177 dilectione,

1942 5220 2063 5277 quae
2087 5209 2168 5257 est
2197 5200 2255 5256 in
2287 5197 2507 5257 Christo
2531 5199 2682 5263 Jesu,
2715 5193 2925 5251 bonum
2971 5195 3418 5254 commendatum
3447 5211 3539 5253 cu-

1941 5347 2046 5404 cia.

2016 5415 2134 5489 (71)
2177 5415 2336 5489 Rom.
2385 5413 2519 5471 edit.
2572 5411 2828 5489 For-mpm
2872 5409 3004 5468 habe
3035 5427 3301 5489 sanorum
3345 5411 3544 5468 verbo-

1943 5478 2156 5546 minui.
2187 5488 2397 5545 Bonum
2420 5478 2839 5542 commendatum
2865 5485 3094 5543 custodi.
