3908 6192
389 263 496 328 813

1384 261 1478 325 ΑΙ]
1517 263 1751 326 OPERA
1789 265 1844 323 S.
1885 257 2219 328 AMBROSII
2257 257 2637 326 APPENDIX.

3585 268 3700 332 816

390 392 596 454 stodire
624 406 721 470 per
746 388 1016 467 Spiritum
1041 399 1310 462 sanctum,
1333 389 1428 467 qui
1459 387 1672 449 habitat
1685 388 1744 448 in
1762 388 1967 451 nobis»
2009 389 2060 458 Α
2088 390 2229 463 vult,
2262 389 2355 470 qul
2395 373 2532 451 alios
2564 390 2777 468 possint
2809 387 3028 466 docere,
3060 408 3171 453 non
3212 393 3416 474 passim
3450 396 3697 472 vulgari-

389 486 665 562 Pracepta
692 495 792 542 sua
820 499 946 543 cum
977 484 1143 559 gestis
1174 484 1405 540 formam
1445 481 1682 555 appellat
1729 482 1985 539 salutaris

390 574 676 643 doctrinas,
709 589 872 648 quam
920 573 1088 630 istum
1125 571 1277 647 sequi
1322 570 1563 641 mandat,
1610 577 1672 627 ut
1711 571 1987 630 custodiat

392 675 474 734 ea,
510 663 721 740 Spiritu
749 673 939 720 sancto
969 663 1210 720 favente.

465 754 646 826 (Vers.
683 752 918 823 1ὄ,1ϐ.)
978 777 997 799 σ
1025 751 1142 809 Scis
1187 748 1336 806 enim
1382 749 1507 820 hoc,
1557 751 1704 824 quod
1752 749 1986 808 aversati

391 850 523 900 sunt
545 859 578 898 a
609 856 696 898 me
723 855 915 896 omnes
947 839 1044 913 qui
1079 840 1137 896 in
1174 839 1304 897 Asia
1347 849 1496 910 sunt,
1547 857 1617 898 ex
1664 840 1867 915 quibus
1903 849 1988 898 est

391 931 666 1005 Phygelus
695 937 749 984 et
785 929 1172 1001 Hermogenes.
1202 953 1221 977 -
1267 929 1335 986 lii
1365 945 1503 1003 quos
1549 935 1840 1000 memorat,
1873 929 1988 986 fal-

391 1020 529 1077 lacia
552 1018 702 1092 pleni
729 1025 887 1074 erant
917 1035 930 1085 ;
960 1016 1299 1075 simulabant
1337 1019 1488 1077 enim
1518 1017 1794 1078 amicitias
1826 1019 1987 1094 Apo-

390 1110 540 1180 stoli,
568 1116 631 1165 ut
677 1107 1021 1167 adhaerentes
1067 1110 1117 1165 ei
1151 1109 1519 1181 addiscerem,
1576 1111 1724 1168 unde
1769 1111 1853 1169 illi
1886 1129 1988 1170 ca-

391 1198 659 1256 lumniam
698 1197 960 1268 facerent,
1009 1205 1103 1255 aut
1150 1213 1247 1272 per
1277 1199 1416 1256 alios
1454 1199 1840 1258 immitterent.
1881 1199 1987 1269 Qui

389 1296 738 1364 posteaquam
770 1285 1032 1346 viderunt
1078 1289 1456 1347 manifestatos
1507 1308 1584 1360 se,
1642 1299 1989 1349 recesserunt

390 1379 460 1435 ab
501 1389 586 1436 eo.
654 1397 673 1426 α
702 1379 804 1434 Det
869 1377 1302 1435 misericordiam
1342 1379 1613 1437 Dominus
1659 1380 1989 1455 Onesiphori

392 1467 620 1536 domui;
650 1466 780 1541 quia
807 1483 948 1541 saepe
979 1483 1067 1524 me
1095 1467 1442 1542 refrigeravit
1468 1472 1526 1527 et
1555 1486 1719 1544 super
1739 1479 1988 1528 catenam

393 1574 570 1617 meam
624 1575 736 1618 non
781 1557 1025 1615 erubuit.
1058 1577 1077 1607 ε
1134 1559 1355 1632 Duplici
1401 1573 1596 1633 genere
1642 1560 1990 1634 refrigerium

393 1651 500 1709 hoc
529 1649 954 1723 intelligendum
985 1657 1086 1720 est,
1124 1650 1254 1723 quia
1281 1656 1336 1706 et
1364 1650 1423 1707 in
1446 1650 1769 1709 necessitate
1795 1659 1993 1709 custos

2094 484 2196 542 bus
2223 500 2286 543 ac
2314 484 2756 559 negligentibus;
2791 497 2986 562 magna
3030 485 3179 546 enim
3221 500 3351 554 cura
3397 489 3701 564 eligendus

2095 583 2176 632 est
2207 574 2420 632 doctor.
2759 593 2762 598 ·

2170 664 2352 737 (Vers.
2393 667 2446 736 3,
2478 665 2558 740 1i.)
2610 691 2628 715 ι
2673 663 2884 724 Labore
2935 675 2996 724 ut
3042 666 3224 727 bonus
3267 667 3428 726 miles
3478 663 3697 730 Christi

2095 755 2220 814 Iesu
2246 773 2258 826 ;
2285 771 2447 814 nemo
2481 756 2629 815 enim
2674 758 2918 816 militans
2955 759 3088 828 Deo,
3135 755 3341 834 obligat
3369 775 3427 816 se
3461 761 3701 834 negotiis

2097 844 2488 916 saecularibus;
2531 853 2593 903 ut
2625 848 2835 920 placeat
2883 847 2932 904 ei
2971 847 3061 906 cui
3091 859 3148 905 se
3185 847 3464 923 probavit.
3496 875 3515 897 ι
3575 849 3701 908 Ma—

2097 936 2360 993 nifestum
2377 947 2457 994 est
2487 939 2634 1011 quod
2662 935 2800 996 dicit
2833 956 2847 1006 ;
2882 936 3012 1013 quia
3053 950 3243 996 «nemo
3273 946 3458 1012 potest
3480 940 3702 998 duobus

2096 1027 2339 1084 dominis
2365 1028 2573 1085 servire
2595 1030 2810 1101 (Matth.
2845 1046 2924 1098 v1,
2958 1029 3087 1102 2i);
3114 1055 3131 1078 ι
3175 1028 3395 1103 negotia
3423 1031 3576 1089 enim
3603 1051 3699 1089 sae-

2096 1117 2305 1175 cularia
2325 1119 2571 1177 avaritiae
2600 1119 2844 1178 serviant
2863 1133 3082 1177 necesse
3105 1127 3185 1178 est
3212 1139 3222 1178 :
3255 1128 3312 1177 et
3339 1121 3452 1180 nisi
3477 1124 3702 1181 mentiti

2098 1207 2326 1278 fuerint,
2361 1210 2686 1283 transegisse
2720 1221 2830 1268 non
2860 1218 3107 1284 possunt.
3149 1210 3246 1267 Est
3277 1225 3428 1286 ergo,
3454 1213 3551 1270 sed
3584 1213 3702 1270 leve

2098 1303 2402 1371 peccatum.
2479 1299 2900 1358 Ecclesiastlcus
2955 1307 3139 1360 autem
3194 1299 3406 1359 idcirco
3474 1302 3589 1360 Deo
3643 1321 3701 1360 se

2099 1386 2315 1460 probat,
2365 1395 2428 1444 ut
2478 1387 2611 1448 huic
2662 1387 2916 1460 devotus,
2969 1389 3213 1448 ofﬁcium
3267 1385 3504 1466 impleat
3554 1389 3701 1468 quOd

2100 1477 2416 1552 spopondit,
2445 1479 2504 1536 in
2525 1476 2624 1536 Dei
2642 1476 2804 1536 rebus
2834 1478 3130 1546 sollicitus,
3149 1495 3181 1536 a
3200 1483 3457 1539 saeCulari
3480 1481 3698 1557 negotio

2100 1568 2343 1636 alienus;
2377 1581 2488 1624 non
2520 1567 2667 1625 enim
2697 1567 2960 1626 convenit
3007 1581 3181 1626 unum
3231 1567 3520 1645 duplicem
3564 1589 3700 1646 pro-

2101 1655 2396 1715 fessionem
2420 1657 2643 1716 habere.

393 1742 501 1800 diu
556 1740 755 1799 solatio
802 1755 903 1798 suo
942 1739 1289 1813 refrigeravit
1331 1754 1498 1798 eum:
1543 1748 1598 1797 et
1643 1741 1690 1798 si
1730 1757 1838 1815 qua
1883 1741 1990 1810 illi,
2023 1763 2070 1826 Β
2172 1748 2352 1822 (vers.
2384 1746 2466 1822 ὅ.)
2497 1767 2516 1795 ο
2547 1748 2667 1806 Etsi
2697 1756 2870 1806 certet
2900 1749 3022 1824 quis
3060 1747 3204 1824 (74),
3241 1767 3352 1809 non
3379 1761 3700 1823 coronatur,

394 1835 512 1892 sive
542 1831 918 1906 indigentibus
945 1848 1083 1906 opus
1106 1837 1284 1901 erant,
1315 1831 1676 1889 ministravit.
1709 1832 1814 1905 Spe
1842 1829 1990 1889 enim

395 1938 608 1994 eorum,
647 1939 768 1998 quas
797 1921 1066 1996 promissa
1103 1925 1256 1990 sunt,
1307 1935 1420 1978 non
1468 1921 1668 1994 puduit
1697 1920 1857 1978 illum
1889 1937 1994 1979 ac-

397 2013 613 2084 cedere,
646 2011 1013 2086 eﬁrequirere
1043 2009 1325 2067 hominem
1354 2011 1592 2084 positum
1625 2011 1683 2068 in
1705 2010 1992 2081 custodia;

395 2103 482 2161 illi
509 2103 656 2161 enim
687 2119 824 2176 quos
863 2115 1029 2176 supra
1076 2107 1365 2170 memorat,
1415 2101 1546 2176 quia
1599 2098 1994 2158 erubescebant

397 2194 465 2252 de
493 2207 656 2251 cruce
697 2191 925 2261 Christi,
974 2191 1034 2248 in
1075 2191 1398 2248 necessitate
1447 2189 1809 2249 deseruerunt
1850 2193 1992 2266 Apo-

397 2283 624 2342 stolum.

473 2373 656 2446 (Vera.
692 2372 780 2441 17,
832 2371 946 2444 18.)
1019 2393 1040 2422 ι
1069 2371 1175 2430 Sed
1220 2386 1346 2431 cum
1395 2385 1570 2430 essem
1617 2373 1805 2430 Romae
1844 2371 1990 2444 (72),

399 2461 640 2520 sollicite
667 2478 757 2518 me
784 2461 1042 2535 quaesivit
1067 2470 1121 2520 et
1168 2462 1404 2519 invenit.
1453 2464 1558 2519 Det
1588 2461 1672 2519 illi
1725 2461 1994 2518 Dominus

402 2551 652 2610 invenire
681 2552 1115 2610 misericordiam
1137 2553 1281 2628 apud
1303 2553 1601 2610 Dominum
1632 2552 1690 2609 in
1713 2553 1811 2608 illa
1828 2551 1940 2609 die.
1960 2569 1980 2602 ο

399 2643 629 2700 Romam
659 2643 888 2699 veniens
916 2644 1235 2716 Apostolus,
1283 2660 1410 2700 cum
1455 2643 1778 2717 appellasset
1806 2641 1994 2700 Caesa-

403 2747 538 2802 rem,
587 2748 620 2788 a
661 2731 939 2790 militibus
984 2731 1399 2791 custodiebatur
1439 2750 1455 2802 ;
1499 2739 1634 2790 tunc
1673 2732 1823 2788 enim
1865 2747 1993 2794 eum

402 2821 780 2894 Onesiphorus
837 2821 1123 2880 charitatis
1163 2837 1327 2879 causa
1366 2829 1420 2878 et
1466 2821 1766 2894 magisterii
1798 2836 1996 2894 magna

400 2910 691 2986 diligentia
730 2911 1061 2985 requisitum
1106 2910 1341 2967 invenit.
1388 2908 1560 2982 Cujus
1600 2910 1848 2967 visitatio
1875 2918 1988 2966 tam

401 3000 755 3074 acceptabilis
805 2999 916 3056 fuit
950 2999 1236 3072 Apostolo,
1310 3006 1374 3054 ut
1427 3013 1553 3055 eum
1607 2999 1688 3056 sic
1747 2999 1993 3057 Domino

405 3088 776 3158 commendet,
811 3098 874 3147 ut
897 3087 1144 3146 inveniat
1171 3087 1608 3146 misericordiam
1639 3088 1785 3162 apud
1804 3089 1991 3146 Domi-

404 3199 538 3243 num
587 3187 646 3243 in
675 3183 766 3241 die
787 3181 1027 3257 judicii;
1079 3191 1142 3241 ιιι
1170 3183 1315 3241 sicut
1351 3183 1680 3257 Apostolum
1709 3184 1995 3258 requirens

404 3274 640 3345 invenit,
657 3275 735 3332 ita
755 3281 810 3332 et
828 3274 1265 3333 misericordiam
1287 3289 1559 3348 querens,
1583 3273 1833 3331 inveniat
1853 3274 2000 3348 apud

398 3365 665 3440 iudicem.
713 3368 830 3426 Hoc
881 3367 1031 3424 enim
1078 3376 1219 3438 orat,
1267 3374 1332 3423 ut
1372 3373 1591 3440 praestet
1631 3365 1684 3422 ei
1730 3365 2000 3423 Dominus

403 3456 563 3512 Pater
590 3456 716 3514 ccell
746 3463 801 3513 et
827 3465 988 3513 terra
1017 3455 1271 3513 invenire
1286 3457 1516 3528 gratiam
1533 3455 1678 3529 apud
1699 3456 1999 3514 Dominum

404 3543 635 3600 humani
693 3543 928 3614 generis,
999 3539 1206 3598 Filium
1261 3544 1494 3602 scilicet.
1541 3543 1672 3599 Tale
1733 3553 1814 3600 est
1870 3542 1998 3613 hoc,

404 3633 566 3705 quale
593 3637 649 3686 et
678 3630 820 3685 illud
849 3629 906 3684 in
925 3630 1157 3687 Genesi:
1195 3653 1214 3678 ο
1232 3631 1486 3702 Ειξριιιίῠ,
1506 3632 1710 3704 inquit,
1730 3633 2002 3690 Dominus

407 3721 642 3796 sulphur
665 3725 720 3777 et
747 3719 930 3794 ignem
960 3735 1125 3794 super
1151 3719 1447 3777 Sodomam
1478 3728 1533 3779 et
1576 3721 1940 3779 Gomorrham
1971 3739 2004 3781 a

406 3812 521 3871 Deo
545 3810 614 3869 de
641 3810 782 3869 cmlo
815 3811 971 3883 (Gen.
991 3825 1115 3880 xxx,
1138 3808 1256 3884 24).
1282 3834 1301 3858 -

490 3919 512 3952 α
539 3902 755 3971 Quanta
773 3904 955 3958 autem
976 3898 1180 3974 Ephesi
1198 3897 1600 3958 ministraverit
1620 3899 1782 3972 mihi,
1805 3901 2003 3959 melius

408 3997 469 4051 tu
496 3993 662 4051 nosti.
692 4017 712 4042 ι
761 3993 1033 4062 Quoniam
1065 3993 1246 4052 solent
1288 3991 1513 4067 quidam
1546 3993 1797 4067 personis
1827 3994 2003 4068 magis

407 4095 572 4157 quam
601 4082 782 4141 causis
801 4083 1027 4152 servire,
1064 4084 1315 4140 volentes
1335 4083 1631 4158 gratiﬁcari
1656 4083 2000 4156 majoribus;

411 4169 533 4229 ideo
588 4174 884 4244 Apostolus
931 4172 1263 4245 Onesiphori
1311 4172 1523 4231 bonum
1580 4174 1832 4248 generale
1883 4173 2000 4248 (73)

409 4258 672 4327 ostendit,
694 4273 763 4314 ne
781 4259 1062 4317 videretur
1077 4261 1217 4318 forte
1233 4277 1479 4334 personae
1495 4279 1553 4320 se
1567 4265 2001 4333 commendasse,

410 4349 544 4406 dum
593 4348 858 4421 Apostolo
907 4349 1290 4418 ministravit;
1329 4366 1457 4408 cum
1514 4361 1789 4413 constaret
1842 4354 2002 4412 illum

411 4435 826 4512 magnanimum
859 4435 1116 4494 omnibus
1143 4437 1331 4496 fuisse.

944 4611 1092 4674 307
1132 4604 1362 4668 CAPUT
1392 4609 1464 4668 II.

485 4733 670 4818 (Vere.
720 4735 772 4816 1,
820 4731 902 4817 9.)
953 4769 972 4795 ι
1001 4737 1086 4805 Τιι
1131 4761 1280 4820 ergo,
1327 4735 1411 4803 fili
1460 4739 1560 4816 mi,
1590 4735 1900 4806 confortare
1946 4745 2005 4806 in

411 4833 586 4914 gratia
612 4851 734 4909 quae
763 4843 844 4894 est
893 4835 954 4894 in
983 4831 1204 4896 Christo
1235 4827 1382 4905 Iesu,
1414 4841 1469 4894 et
1500 4834 1557 4896 in
1588 4834 1659 4893 iis
1688 4853 1808 4912 quae
1837 4835 2007 4894 audi—

410 4923 542 4982 visti
569 4943 707 5006 ame
721 4943 817 5000 per
844 4927 1050 4986 multos
1083 4929 1280 4985 testes:
1325 4927 1443 4986 haec
1481 4927 1808 4985 commenda
1860 4921 2008 4986 fide-

411 5013 560 5070 libus
587 5011 929 5087 hominibus,
973 5017 1069 5090 qui
1100 5016 1283 5074 idonei
1307 5021 1468 5074 erunt
1498 5024 1551 5073 et
1569 5017 1708 5074 alios
1727 5017 1942 5076 docere.
1972 5043 1992 5067 ι

409 5101 765 5161 Constantem
822 5103 974 5164 hunc
1036 5105 1089 5162 et
1127 5101 1414 5163 robustum
1470 5121 1584 5162 esse
1639 5105 1890 5181 praecipit
1945 5107 2005 5163 in

412 5181 659 5251 docendo
688 5195 918 5268 gratiam
949 5195 1072 5264 Dei,
1095 5211 1216 5268 quae
1245 5194 1372 5251 data
1399 5201 1480 5254 est
1500 5195 1558 5251 in
1588 5194 1810 5255 Christo
1839 5196 2002 5253 Jesu:

412 5287 466 5339 et
494 5301 606 5341 non
633 5285 814 5342 solum
845 5285 901 5341 in
935 5285 1128 5358 gratia,
1155 5284 1251 5342 sed
1277 5285 1444 5342 etiam
1476 5285 1535 5340 in
1571 5286 1857 5359 mysteriis
1885 5303 2006 5360 quas

411 5383 543 5432 sunt
571 5377 639 5434 de
667 5377 912 5437 Christo.
962 5378 1181 5435 Arcana
1235 5375 1495 5433 fidelibus
1523 5385 1578 5432 et
1635 5376 1819 5450 dignis
1862 5377 2007 5434 tradi

486 5571 608 5714 ξηέ
637 5573 842 5631 Eadem
872 5569 1032 5654 Rom.
1057 5569 1216 5656 edit”
1244 5571 1344 5632 Sed
1362 5571 1743 5631 cuntuenissem
1761 5571 2005 5635 Romam.

515 5641 584 5699 73
639 5643 800 5703 Rom.
831 5644 990 5714 edit.,
1023 5646 1341 5714 Onesiphori
1368 5647 1581 5704 domum
1604 5647 1920 5714 generalem.

515 5641 608 5714 73)
639 5643 800 5703 Rom.
831 5644 990 5714 edit.,
1023 5641 1341 5718 Onesiphori
1368 5647 1581 5704 domum
1604 5647 1920 5719 generalem.

2026 4499 2077 4563 D

2101 1838 2208 1895 nisi
2243 1837 2486 1914 legitime
2513 1835 2827 1896 certaverit.
2861 1864 2878 1888 ι
2921 1839 3021 1896 Dei
3068 1839 3300 1899 militem
3331 1849 3442 1900 tam
3477 1842 3705 1902 exerci-

2100 1934 2278 1986 tatum
2305 1928 2428 1985 vult
2443 1941 2560 1984 esse
2581 1928 2638 1984 in
2667 1927 2769 1986 Del
2791 1923 3073 2004 operibus,
3101 1928 3190 1987 vel
3205 1929 3377 1988 oliicio
3397 1928 3695 2006 deputata,

2103 2026 2164 2076 ut
2192 2017 2363 2092 possit
2390 2015 2458 2074 ad
2487 2015 2675 2091 gloriae
2707 2019 2968 2078 meritum
3010 2020 3324 2094 pervenire:
3352 2025 3467 2078 tota
3496 2031 3691 2079 mente

2101 2107 2422 2182 vigilantem
2449 2105 2660 2164 divinis
2687 2106 2985 2183 obsequiis,
3011 2109 3297 2184 praesentia
3315 2117 3694 2184 spernentem,

2099 2197 2345 2256 cmlestia
2371 2191 2693 2271 diligentem
2727 2215 2740 2254 :
2781 2195 2849 2255 ad
2878 2197 2986 2256 hoc
3015 2198 3163 2255 enim
3221 2215 3276 2257 se
3327 2198 3606 2275 probavit,
3639 2208 3701 2258 ut

2102 2288 2195 2347 hic
2231 2284 2489 2346 laborans
2516 2292 2897 2346 remuneretur
2941 2285 3000 2344 in
3027 2290 3201 2346 caelis.

2176 2383 2359 2457 (Vera.
2411 2385 2464 2454 6,
2516 2384 2596 2457 7.)
2665 2408 2684 2432 ε
2729 2381 3090 2442 Laborantem
3136 2381 3434 2458 agricolam
3485 2391 3698 2460 oportet

2102 2475 2345 2551 primum
2380 2473 2448 2531 de
2477 2469 2753 2533 fructibus
2780 2471 3079 2548 percipere.
3109 2471 3362 2548 Intelligo
3392 2491 3516 2550 quae
3545 2475 3702 2544 dico;

2103 2563 2257 2622 dabit
2287 2563 2434 2622 enim
2471 2560 2573 2621 tibi
2593 2563 2864 2622 Dominus
2886 2562 2945 2621 in
2983 2563 3245 2622 omnibus
3272 2563 3641 2622 intellectum.
3670 2589 3690 2612 ι

2103 2654 2289 2713 Tantae
2315 2653 2664 2713 abstinentiae
2696 2661 2917 2714 sanctus
2937 2653 3044 2712 fuit
3063 2651 3412 2726 Timotheus,
3443 2657 3507 2712 ut
3536 2655 3698 2712 etiam

2102 2745 2304 2803 alicitis
2359 2759 2415 2802 se
2471 2753 2838 2821 temperaret;
2898 2741 3006 2806 hoc
3051 2745 3200 2804 enim
3262 2741 3383 2804 vult
3434 2743 3696 2819 intelligi,

2103 2835 2234 2910 quia
2279 2847 2311 2890 a
2355 2835 2779 2908 participatione
2833 2834 3209 2910 gazophylacii
3257 2851 3316 2892 se
3372 2829 3705 2902 abstinebat,

2102 2937 2227 2984 cum
2251 2923 2358 2982 hoc
2382 2924 2655 2981 Dominus
2673 2924 3001 2993 decreverit,
3025 2933 3085 2981 ut
3105 2921 3585 3000 quiEvangelium
3613 2940 3706 2980 an-

2104 3015 2386 3086 nnntiant,
2420 3014 2487 3072 de
2517 3014 2822 3089 Evangelia
2847 3014 3042 3071 vivant
3072 3015 3130 3086 (Ι
3145 3013 3269 3072 Cor.
3303 3027 3384 3083 rx,
3423 3013 3538 3088 11).
3574 3016 3706 3072 Ideo

2027 3131 2071 3195 ο
2105 3105 2402 3195 Apostolus
2431 3103 2584 3178 prius
2614 3103 2764 3195 hunc
2800 3119 3014 3162 sumere
3043 3103 3312 3186 praecipit,
3343 3102 3440 3182 qui
3486 3103 3702 3180 primus

2107 3201 2208 3262 est.
2240 3203 2294 3252 et
2321 3193 2402 3254 sic
2421 3195 2634 3254 caeteris
2663 3194 3019 3254 distribuere.

2183 3291 2368 3365 (Vere.
2387 3289 2440 3366 8,
2471 3292 2554 3368 9.)
2592 3319 2610 3343 σ
2630 3293 2840 3352 Memor
2867 3298 2984 3351 esto
3005 3283 3287 3351 Christum
3317 3282 3504 3350 Iesum
3535 3308 3712 3350 resur-

2109 3383 2316 3441 rexisse
2346 3395 2376 3439 a
2405 3383 2726 3442 mortuisex
2756 3382 2964 3440 semine
2991 3381 3172 3440 David
3192 3379 3499 3441 secundum
3529 3385 3711 3440 Evan-

2112 3471 2316 3546 gellum
2336 3490 2541 3542 meum,
2566 3473 2624 3530 in
2641 3489 2749 3548 quo
2777 3471 2968 3530 laboro
2989 3488 3161 3547 usque
3187 3472 3254 3529 ad
3283 3472 3530 3542 vincula,
3555 3472 3712 3547 quasi

2111 3559 2272 3633 latro,
2304 3562 2398 3620 sed
2424 3562 2653 3620 verbum
2685 3561 2784 3619 Dei
2815 3579 2925 3619 non
2952 3568 3033 3619 est
3063 3562 3368 3636 alligatum.
3389 3587 3407 3612 ι
3437 3561 3713 3632 Quoniam

2111 3653 2273 3710 multi
2308 3653 2484 3710 futuri
2513 3660 2668 3714 erant
2698 3651 2800 3709 lilii
2828 3651 3062 3723 diaboli,
3097 3651 3193 3728 qui
3238 3649 3447 3709 Filium
3490 3653 3592 3709 Dei
3619 3653 3714 3708 in-

2110 3750 2394 3801 carnatum
2426 3751 2718 3817 negarent;
2749 3739 2958 3800 idcirco
2989 3739 3094 3800 hoc
3123 3747 3410 3812 memorat,
3443 3741 3711 3816 quoniam

2111 3831 2381 3890 fallaciter
2411 3832 2514 3889 sub
2564 3831 2788 3891 nomine
2816 3833 3195 3905 apostolorum
3247 3831 3354 3890 hoc
3402 3847 3714 3890 asseverare

2111 3921 2386 3979 nituntur.
2411 3919 2678 3995 Subjecit,
2713 3919 3052 3979 «secundum
3073 3917 3440 3995 Evangelium
3468 3937 3704 3990 meum,»

2110 4016 2174 4068 ut
2221 4009 2540 4068 excluderet
2587 4010 2744 4067 malas
2792 4011 2993 4066 mentis
3047 4009 3184 4067 falsa
3227 4008 3545 4088 colloquia;
3601 4027 3715 4066 non

2113 4101 2260 4157 enim
2311 4101 2432 4174 plus
2472 4097 2745 4158 haereticis
2791 4097 3124 4158 credendum
3175 4105 3260 4160 est
3295 4099 3362 4157 de
3409 4097 3714 4174 Apostolis,

2113 4206 2275 4266 quam
2303 4189 2391 4249 his
2409 4190 2542 4266 ipsis
2555 4191 2623 4248 de
2645 4190 3034 4267 praedicatione
3051 4209 3148 4250 sua
3169 4191 3522 4263 testantibus,
3546 4209 3715 4268 quam

2113 4279 2557 4357 praedicationem
2587 4300 2713 4340 cum
2753 4281 2939 4340 labore
2970 4300 3026 4340 se
3055 4300 3210 4358 agere
3240 4283 3513 4358 queritur.
3547 4281 3719 4347 Pres-

2113 4370 2257 4430 snris
2284 4374 2432 4430 enim
2463 4371 2834 4430 tribulabatur
2856 4379 2909 4429 et
2955 4372 3288 4444 carceribus,
3324 4390 3389 4430 eo
3428 4371 3580 4448 quod
3606 4380 3718 4432 tam

2114 4459 2330 4519 Iudaeos
2356 4479 2519 4537 quam
2549 4463 2780 4536 gentiles
2808 4457 3129 4535 oll'enderet,
3155 4464 3300 4525 sicut
3326 4461 3441 4524 illis
3478 4463 3720 4522 videba-

2115 4559 2227 4620 tur,
2258 4551 2606 4608 incredibilia
2639 4551 2989 4626 praedicando
3017 4572 3029 4612 :
3085 4553 3255 4612 iratos
3297 4553 3446 4610 enim
3479 4546 3719 4612 habebat

2113 4635 2330 4699 Iudaeos
2351 4651 2573 4718 propter
2601 4642 2798 4715 legem,
2831 4653 2994 4718 quam
3025 4661 3235 4702 cessare
3263 4643 3498 4702 docebat
3533 4661 3546 4700 :
3578 4659 3718 4719 gen-

2117 4731 2239 4798 tiles
2257 4739 2438 4789 autem
2463 4731 2720 4796 inimicos
2742 4732 2849 4789 sibi
2880 4731 3138 4806 faciebat,
3171 4735 3300 4809 quia
3330 4751 3505 4791 unum
3539 4735 3718 4792 Deum

2113 4823 2445 4902 praedicabat
2473 4827 2530 4883 in
2561 4825 2804 4887 Christo.
2850 4818 3007 4886 Unde
3055 4827 3211 4906 quasi
3257 4827 3526 4888 latronem
3570 4826 3721 4886 hunc

2114 4918 2443 4991 tractabant,
2474 4919 2781 4993 alligantes,
2837 4917 3155 4977 claudentes
3201 4919 3248 4979 si
3296 4929 3478 4995 posset
3509 4927 3713 4988 tacere,

2115 5010 2418 5069 nescientes
2463 5010 2594 5084 quia
2628 5009 2856 5068 verbum
2909 5011 3010 5067 Dei
3065 5003 3281 5083 alligari
3315 5028 3429 5069 non
3479 5017 3717 5084 poterat.

2113 5099 2361 5174 Denique
2407 5118 2548 5178 saepe
2592 5102 2815 5162 clausus
2853 5117 2964 5162 non
3023 5099 3378 5177 dispendium
3417 5101 3573 5170 fecit,
3625 5097 3719 5157 sed

2117 5187 2372 5260 lucrum;
2415 5207 2591 5266 neque
2622 5194 2768 5250 enim
2801 5183 2980 5250 defuit
3007 5191 3099 5251 cui
3142 5191 3470 5266 praedicaret
3503 5191 3565 5250 in
3591 5207 3720 5250 car-

2114 5297 2257 5350 cere,
2312 5285 2374 5338 ut
2401 5298 2538 5356 quos
2569 5281 2737 5340 libere
2776 5281 3014 5338 invitare
3053 5279 3122 5338 ad
3165 5279 3334 5338 ﬁdem
3365 5299 3480 5340 non
3511 5286 3718 5355 posset,

2117 5371 2174 5426 in
2204 5370 2444 5429 vinculis
2471 5372 2684 5446 positus
2711 5381 2954 5446 pasceret
2981 5372 3080 5430 Dei
3102 5373 3294 5431 verbo.

2189 5573 2310 5652 (74)
2340 5576 2499 5640 Rom.
2535 5575 2695 5651 edit.,
2726 5577 2869 5641 Nam
2893 5575 2988 5640 etsi
3013 5567 3171 5641 certet
3193 5573 3317 5648 quis
3335 5575 3394 5632 in
3421 5591 3612 5650 agone.
