3908 6192
171 248 266 320 517
1160 238 1523 307 COMMENT.
1567 236 1638 306 ut
1681 237 1898 306 EPIST.
1939 237 1987 305 ιι
2027 247 2122 304 AD
2162 239 2448 305 rmore.
3365 204 3471 308 διδ

231 375 408 456 (Vers.
450 373 563 451 10.)
616 404 634 428 ι
658 372 786 437 Ideo
819 375 1008 436 omnia
1037 375 1239 436 suﬁero
1266 381 1490 452 propter
1515 373 1753 444 electos;
1791 376 1842 438 A
1941 368 2124 446 (Vers.
2159 369 2243 441 16,
2279 370 2392 444 17.)
2438 369 2729 431 «Profauas
2757 376 2943 433 autem
2965 385 3169 432 vocum
3190 371 3470 432 novitates

163 480 219 532 ut
255 477 308 532 et
335 469 442 544 ipsi
475 471 708 529 salutem
739 475 1167 545 consequantur,
1205 479 1326 544 quae
1353 475 1435 527 est
1463 467 1521 525 in
1543 465 1761 526 Christo

162 564 279 620 Iesu
307 575 432 620 cum
475 561 649 636 gloria
678 557 906 619 caelesti.
940 587 959 611 ι
1006 556 1076 617 Ut
1112 558 1504 633 praedicatione
1530 574 1628 615 sua
1661 557 1761 613 sal-

163 658 310 708 varet
347 649 604 708 homines
637 649 1058 723 praedestinatos
1094 648 1164 706 ad
1192 649 1389 718 vitam,
1430 647 1620 705 exitiis
1649 653 1763 703 erat

159 739 451 813 subjectus,
497 738 678 796 sciens
724 739 1036 814 profectum
1067 753 1123 796 se
1167 737 1488 796 habiturum
1519 736 1762 811 quaesitae

159 829 352 887 salutis
383 829 631 888 illorum.

229 936 411 1009 (Vers.
446 936 669 1008 11,12.)
701 935 939 994 ιΡὶίιοιὶε
957 949 1135 993 sermo
1160 934 1234 1004 ;si
1248 935 1395 991 enim
1427 940 1758 997 commortui

155 1039 364 1094 sumus,
396 1016 450 1081 et,
477 1027 870 1095 convivemus;
903 1026 949 1083 si
971 1026 1331 1095 sustinemus,
1361 1031 1415 1082 et
1445 1041 1761 1097 conregna-

155 1116 399 1172 bimus.»
455 1115 545 1171 Sic
588 1133 743 1188 posse
781 1116 850 1172 ad
901 1115 1379 1172 immortalitatem
1437 1124 1490 1171 et
1529 1111 1760 1187 gloriam

157 1203 359 1263 Christi
388 1205 667 1276 perveniri
698 1204 992 1277 signiﬁcat,
1028 1205 1074 1262 si
1116 1204 1176 1260 in
1206 1205 1386 1260 forma
1413 1203 1761 1276 baptismatis

155 1295 539 1361 manserimus,
596 1295 693 1352 ubi
753 1296 942 1353 omnia
1006 1296 1210 1353 delicta
1269 1294 1644 1362 moriuntur;
1700 1302 1762 1351 ut

160 1385 405 1441 innovati
437 1385 626 1441 omnia
655 1383 792 1443 vitia
813 1395 1001 1443 vetera
1030 1393 1084 1442 et
1112 1385 1350 1443 crimina
1368 1385 1666 1458 fugiamus,
1698 1391 1760 1438 ut

155 1475 390 1532 auctoris
424 1476 599 1533 secuti
635 1476 884 1549 vestigia,
935 1476 1174 1549 peccatis
1203 1477 1411 1532 mortui
1450 1473 1756 1530 videamur.

155 1564 209 1622 Si
238 1579 369 1621 vero
417 1564 670 1621 additum
709 1564 879 1622 fuerit
918 1565 987 1623 ad
1043 1581 1282 1635 causam,
1334 1571 1396 1620 ut
1438 1571 1492 1620 et
1530 1563 1758 1620 tribula-

163 1653 334 1712 tiones
367 1665 431 1712 ac
468 1669 752 1730 pressurus
784 1671 897 1713 non
941 1673 1081 1730 aegre
1127 1673 1226 1730 pro
1273 1656 1497 1713 nomine
1535 1653 1758 1712 Domini

1871 467 2076 540 devita,
2105 466 2404 542 plurimum
2446 465 2592 524 enim
2622 466 2924 543 proﬁciunt
2956 465 3026 525 ad
3068 465 3186 541 (76)
3217 466 3470 526 inanita-

1871 569 2006 634 tem,
2028 573 2080 622 et
2105 579 2284 621 sermo
2304 577 2494 620 eorum
2524 562 2666 620 sicut
2695 577 2889 622 cancer
2923 561 3150 637 serpit»
3187 565 3301 623 Iloc
3319 565 3466 624 idem

1873 653 2055 711 adhuc
2095 649 2467 726 prosequitur,
2509 657 2573 707 ut
2615 653 2996 710 contentiones
3041 654 3316 724 vitentur;
3368 670 3470 712 nec

1873 749 2020 806 enim
2070 746 2325 821 congruit
2374 745 2542 802 unius
2580 746 2709 802 ﬁdei
2747 747 2898 803 viros
2929 748 3130 807 habere
3160 751 3467 809 contentio-

1873 853 2023 909 nem,
2052 837 2147 895 sed
2194 837 2254 893 in
2285 842 2522 893 tractatu
2552 835 2832 907 patiantur
2851 843 2915 892 se
2952 835 3214 909 invicem,
3243 847 3298 896 et
3326 857 3470 897 con-

1873 931 2120 988 sentiant
2167 927 2329 986 bonis
2370 927 2564 984 dictis:
2615 927 2660 983 si
2703 927 2838 1000 quid
2873 931 3058 984 autem
3110 930 3471 1003 improbabile

1873 1018 2114 1089 videtur,
2147 1035 2274 1077 cum
2305 1033 2434 1090 pace
2463 1015 2866 1074 dissimuletur.
2900 1017 3219 1073 Adversarii
3245 1018 3392 1075 enim
3420 1026 3475 1076 et

1873 1112 2204 1173 dissidentes
2234 1115 2411 1172 solent
2455 1132 2511 1174 se
2554 1115 2794 1174 invicem
2826 1128 3143 1189 provocare,
3175 1131 3244 1172 ex
3275 1116 3474 1190 quibus

1871 1219 2018 1260 unus
2059 1203 2366 1262 catholicus
2411 1211 2514 1275 est,
2563 1213 2618 1260 et
2683 1207 2822 1262 alter
2861 1204 3141 1278 profanus.
3205 1205 3307 1261 Hic
3349 1221 3475 1278 ergo

1871 1291 2177 1350 catholicus
2206 1301 2307 1362 est,
2337 1295 2428 1352 cui
2459 1295 2757 1367 Apostolus
2786 1295 3034 1364 mandat,
3066 1301 3129 1351 ut
3171 1303 3393 1368 spernat
3420 1305 3474 1353 et

1871 1383 2111 1440 declinet
2156 1399 2188 1439 a
2243 1383 2448 1441 fabulis
2502 1384 2796 1442 inanibus:
2849 1386 3068 1460 quietus
3124 1383 3289 1443 debet
3335 1399 3472 1454 esse,

1869 1481 1933 1529 ut
1961 1489 2174 1547 semper
2199 1473 2266 1530 de
2295 1475 2635 1532 conscientia
2657 1475 2826 1533 verba
2849 1477 3088 1545 emittat,
3116 1492 3218 1533 nec
3237 1476 3476 1549 patiatur

1871 1578 1928 1618 se
1967 1579 2150 1620 coram
2181 1562 2354 1640 impia
2384 1564 2554 1621 verba
2581 1563 2852 1639 depromi.
2884 1567 3031 1623 Dant
3059 1565 3206 1622 enim
3237 1566 3476 1639 quibus-

1869 1653 1996 1709 dam
2037 1654 2402 1723 occasionem,
2446 1653 2595 1711 utin
2625 1655 2778 1728 pejus
2806 1656 3134 1728 proﬁciant;
3181 1669 3292 1712 non
3324 1655 3473 1713 enim

160 1745 456 1818 patiamur,
499 1745 835 1803 sustinentes
871 1746 1008 1815 haec,
1059 1743 1225 1802 simul
1264 1763 1392 1804 cum
1435 1745 1533 1801 illo
1574 1760 1759 1817 regna-
1793 1743 1840 1808 B
1871 1741 2073 1799 desunt
2102 1744 2220 1817 qui,
2243 1743 2528 1800 audientes
2547 1745 2796 1817 profana,
2825 1743 3144 1818 concipiant
3170 1745 3472 1818 cogitatum

153 1833 367 1902 bimus;
401 1832 630 1906 dignum
663 1843 743 1891 est
773 1835 920 1892 enim
953 1841 1014 1891 ut
1063 1835 1158 1908 qui
1188 1851 1286 1908 pro
1330 1834 1431 1890 illo
1461 1833 1756 1907 opprobria

156 1923 360 1996 patitur
397 1930 449 1980 et
475 1925 664 1993 exilia,
707 1923 764 1980 in
795 1939 963 1998 regno
992 1923 1111 1996 ejus
1159 1924 1432 1998 gloriosus
1479 1931 1752 1996 appareat.

169 2038 186 2061 ι
205 2013 261 2071 Si
285 2027 566 2088 negamus,
591 2019 645 2070 et
673 2014 768 2071 ille
788 2015 1013 2088 negabit
1041 2031 1161 2072 nos.
1190 2013 1398 2074 Verum
1421 2020 1524 2080 est,
1549 2014 1681 2088 quia
1709 2013 1756 2070 si

157 2104 386 2161 minime
416 2104 655 2161 confessi
690 2105 849 2160 illum
880 2105 1153 2160 fuerimus
1189 2120 1376 2161 coram
1412 2103 1754 2172 hominibus,

159 2197 294 2259 tunc
322 2191 473 2249 dicet
498 2201 551 2248 et
580 2191 696 2264 ipse
723 2191 884 2248 nobis
914 2192 974 2247 in
1005 2193 1104 2248 illa
1131 2193 1454 2249 necessitate
1481 2193 1656 2249 futuri
1672 2192 1758 2263 ju-

157 2281 324 2338 dicii:
374 2305 394 2329 ι
421 2281 620 2338 Nescio
660 2297 759 2338 vos
777 2282 998 2354 (Matth.
1019 2297 1162 2348 xxv,
1196 2282 1310 2354 12).
1339 2305 1359 2330 ι
1405 2283 1532 2340 Haec
1559 2289 1641 2338 est
1663 2298 1762 2354 pu-

156 2373 389 2429 nitionis
413 2371 767 2445 signiﬁcatio.

228 2471 411 2545 (Vers.
448 2470 564 2542 13.)
611 2494 629 2518 ι
660 2470 716 2528 Si
743 2486 857 2527 non
882 2467 1184 2541 credimus,
1213 2467 1308 2528 ille
1331 2469 1510 2528 ﬁdelis
1536 2485 1763 2544 permaa-

163 2565 268 2628 net,
299 2573 498 2632 negare
530 2559 886 2633 semetipsum
931 2577 1043 2616 non
1075 2567 1274 2634 potest.
1303 2583 1321 2608 ι
1375 2561 1546 2617 Nemo
1583 2567 1763 2632 potest

169 2651 398 2708 Domino
430 2650 647 2708 auferre
675 2651 822 2725 quod
855 2647 1039 2708 habet.
1074 2650 1208 2718 Quis
1246 2651 1395 2707 enim
1425 2651 1524 2707 illo
1562 2651 1762 2708 fortior

163 2747 238 2798 est
282 2758 374 2818 per
421 2757 587 2816 quem
619 2742 808 2799 omnia
845 2741 1180 2799 exstiterunt
1218 2741 1248 2798 7
1288 2742 1400 2798 Nec
1436 2745 1587 2804 308
1631 2740 1760 2798 addi

164 2845 332 2913 potest
370 2841 649 2915 perfecto;
685 2839 812 2914 quia
851 2856 964 2896 non
1006 2839 1092 2896 illi
1144 2837 1356 2914 aliquid
1391 2844 1632 2914 praestat,
1665 2839 1760 2913 qui

165 2929 330 2986 credit
355 2929 496 2987 ilum
520 2929 830 3005 ;quomodo
856 2925 1000 2986 nihil
1033 2929 1212 2986 aufert
1240 2926 1311 2998 ei,
1334 2929 1428 3003 qui
1458 2945 1570 2986 non
1583 2929 1762 2986 credit

165 3017 216 3075 in
244 3018 420 3080 illum.
467 3015 760 3094 Quidquid
800 3031 926 3094 ergo
957 3021 1156 3094 agitur,
1202 3018 1272 3076 ad
1312 3015 1621 3092 profectum
1664 3034 1760 3075 no-

1866 1832 2075 1888 malum
2101 1849 2114 1888 :
2147 1832 2378 1906 ideoque
2407 1833 2564 1889 obest
2593 1833 2898 1890 contentio.

1940 1925 2125 1996 (Vers.
2158 1924 2287 1995 18.)
2326 1947 2345 1972 ι
2371 1926 2459 1982 Ex
2489 1925 2692 1999 quibus
2722 1933 2806 1982 est
2835 1927 3170 1999 Hymenasus
3196 1931 3252 1985 et
3275 1922 3474 1983 Phile-

1865 2020 1978 2084 tus,
2022 2013 2120 2086 qui
2167 2013 2562 2072 deerraverunt
2605 2032 2637 2072 a
2680 2015 2934 2084 veritate,
2981 2014 3228 2074 dicentes
3279 2032 3473 2074 resur-

1867 2112 2167 2169 rectionem
2201 2109 2316 2182 jam
2364 2111 2562 2171 factam
2612 2127 2748 2182 esse,
2805 2121 2860 2170 et
2896 2111 3060 2170 ﬁdem
3104 2113 3472 2188 quorumdam

1869 2200 2278 2258 subverterunt.
2327 2223 2348 2250 ι
2415 2201 2575 2258 Nunc
2617 2201 2864 2276 ipsorum
2904 2217 3140 2276 quorum
3182 2219 3346 2261 causa
3390 2202 3471 2258 vi-

1869 2289 2062 2346 tandas
2090 2291 2472 2347 contentiones
2515 2297 2722 2362 monet,
2768 2292 3013 2364 prodidit
3051 2293 3301 2364 nomina,
3336 2309 3473 2370 quos

1871 2384 1924 2435 et
1945 2379 2202 2450 profanos
2231 2387 2286 2436 et
2302 2380 2502 2454 impios
2524 2381 2858 2454 designavit,
2887 2390 3130 2441 errantes
3151 2401 3184 2441 a
3201 2385 3469 2454 veritate;

1871 2467 1978 2523 hoc
2012 2468 2158 2523 enim
2201 2468 2495 2541 negabant,
2529 2470 2676 2542 quod
2722 2471 2962 2544 palmare
2991 2479 3072 2529 est
3118 2472 3473 2532 Christiano—

1870 2573 1994 2615 rum
2031 2558 2174 2631 (77),
2205 2565 2268 2615 ut
2296 2557 2520 2616 credant
2540 2577 2596 2618 se
2622 2562 2680 2617 in
2710 2561 2962 2620 futurum
2984 2581 3015 2620 a
3044 2566 3276 2622 mortuis
3297 2579 3472 2622 resur-

1873 2664 2017 2721 gere.
2051 2649 2120 2705 Hi
2169 2657 2374 2719 autem,
2405 2651 2548 2708 sicut
2577 2667 2646 2707 ex
2681 2653 2789 2709 alia
2817 2653 3087 2727 scriptura
3113 2654 3395 2726 docemur,
3413 2657 3471 2713 in

1874 2739 2006 2796 ﬁliis
2060 2741 2182 2797 ﬁeri
2240 2741 2699 2814 resurrectionem
2757 2741 3034 2813 dicebant,
3093 2743 3295 2818 quibus
3361 2759 3472 2802 non

1874 2827 2078 2899 deerat,
2129 2829 2227 2904 qui
2276 2845 2558 2887 assensum
2606 2839 2887 2906 praestaret
2921 2847 3241 2907 perversum
3285 2844 3476 2894 contra

1871 2915 2058 2987 ﬁdem,
2087 2934 2250 2992 quam
2280 2919 2339 2976 in
2369 2918 2674 2993 primordio
2706 2920 2886 2980 fuerat
2914 2929 3259 2982 consecutus.

1943 3012 2127 3083 (Vers.
2183 3012 2296 3085 19.)
2348 3033 2367 3060 ε
2397 3013 2645 3070 Firmum
2695 3021 2877 3072 autem
2919 3015 3343 3075 fundamentum
3372 3017 3472 3077 Dei

167 3117 327 3168 strum
381 3111 646 3185 pertinet,
698 3127 769 3168 ne
815 3111 874 3167 in
921 3109 1235 3183 ignorantia
1272 3123 1610 3166 maneamus.
1651 3109 1762 3165 Nec
1795 3111 1838 3173 ο
1872 3109 1996 3171 stat,
2030 3101 2237 3160 habens
2276 3103 2622 3177 signaculum
2668 3104 2812 3175 hoc;
2851 3106 3111 3179 cognovit
3157 3108 3306 3165 enim
3353 3109 3474 3166 Do-

165 3197 299 3255 enim
335 3212 365 3256 a
392 3200 562 3258 nobis
590 3199 862 3269 ﬁrmatur,
894 3211 1022 3256 cum
1052 3198 1169 3274 ipse
1207 3213 1277 3256 ex
1322 3213 1377 3254 se
1419 3205 1473 3254 et
1519 3195 1665 3270 apud
1703 3213 1760 3252 se

166 3287 344 3345 ﬁrmus
362 3289 451 3347 sit.

231 3386 407 3458 (Vers.
440 3386 564 3460 14.)
606 3410 626 3437 ι
655 3387 785 3445 Haec
809 3385 1062 3455 admone,
1095 3393 1410 3444 contestans
1440 3403 1626 3444 coram
1655 3389 1759 3445 Do-

166 3476 326 3536 mino.
356 3481 481 3538 Noli
518 3478 707 3537 verbis
737 3495 980 3552 pugnare
1005 3495 1017 3535 :
1050 3477 1118 3534 ad
1140 3475 1286 3534 nihil
1316 3476 1462 3534 enim
1492 3478 1629 3534 utile
1657 3486 1759 3547 est,

168 3567 268 3626 nisi
313 3565 380 3630 ad
425 3568 852 3632 subversionem
896 3566 1264 3624 audientium.
1321 3591 1340 3615 ι
1368 3566 1761 3626 Contentiones

169 3653 409 3720 vitandas
466 3662 682 3729 monet,
739 3665 1007 3732 praecepta
1052 3664 1236 3714 autem
1289 3655 1468 3713 danda
1515 3655 1616 3713 sub
1661 3655 1761 3712 Dei

169 3749 352 3808 timore
410 3760 465 3809 et
522 3759 769 3820 terrore;
822 3750 954 3826 quia
1005 3749 1290 3807 contentio
1339 3756 1520 3823 potest
1579 3747 1763 3806 adhuc

173 3837 345 3896 minus
387 3837 655 3898 stabilitis
702 3856 958 3912 generare
995 3841 1339 3914 scrupulum.
1379 3841 1570 3898 Solent
1612 3839 1760 3896 enim

175 3924 229 3984 in
263 3929 619 3990 contentione
669 3931 798 3988 talia
850 3931 1054 4006 opponi
1093 3931 1316 3990 elimato
1358 3931 1762 3990 malevolentia:

173 4015 328 4088 ferro,
360 4027 423 4078 ut
454 4026 716 4078 moveant
742 4019 958 4078 animos
987 4020 1375 4097 incipientium
1405 4022 1660 4080 fratrum.

239 4113 421 4183 (Vers.
455 4115 570 4187 15.)
641 4139 660 4164 ι
689 4115 934 4173 Sollicite
977 4133 1110 4174 cura
1136 4115 1510 4190 temetipsum,
1540 4123 1604 4172 ut
1643 4131 1764 4187 pro-

169 4199 409 4260 babilem
446 4210 503 4257 te
534 4197 796 4262 exhibeas
839 4203 974 4274 Deo,
1023 4205 1333 4278 operarium
1368 4221 1480 4260 non
1514 4203 1764 4277 impudo-

169 4299 374 4360 ratum,
396 4300 541 4350 recte
557 4300 878 4350 tractantem
891 4291 1122 4352 verbum
1145 4293 1416 4350 veritatis.
1439 4319 1456 4342 ι
1493 4293 1764 4362 Quoniam

177 4392 303 4442 sunt
360 4384 537 4460 aliqui
585 4387 680 4463 qui
725 4385 913 4444 dicant
956 4385 1366 4444 contentionem
1417 4387 1766 4445 audientibus

1871 3195 2056 3252 minus
2100 3195 2197 3269 qui
2247 3203 2375 3252 sunt
2424 3196 2625 3270 ipsius:
2673 3204 2728 3253 et
2774 3196 3019 3264 discedat
3064 3199 3133 3255 ab
3179 3199 3475 3272 iniquitate

1873 3286 2055 3344 omnis
2084 3286 2181 3360 qui
2214 3286 2466 3342 no’minat
2503 3301 2707 3343 nomen
2747 3287 2993 3345 Domini.
3042 3305 3062 3339 θ
3120 3287 3473 3347 Fundamen-

1872 3381 1992 3433 tum
2022 3375 2122 3434 Dei
2154 3376 2291 3434 ﬁdes
2317 3385 2419 3447 est,
2448 3393 2568 3451 quae
2596 3377 2843 3435 continet
2873 3395 2993 3452 quae
3022 3377 3279 3454 promisit
3307 3379 3473 3448 Deus,

1875 3483 1994 3542 qua:
2026 3467 2162 3526 ﬁdes
2187 3485 2299 3526 non
2327 3470 2530 3543 poterit
2561 3469 2790 3544 infringi
2819 3469 3158 3544 perﬁdorum
3187 3480 3241 3528 et
3261 3469 3474 3528 haereti-

1874 3571 2065 3617 corum
2097 3559 2456 3627 commentis;
2491 3559 2745 3635 quamvis
2783 3561 2932 3618 enim
2962 3559 3022 3618 bi
3052 3568 3253 3635 negent
3290 3561 3477 3619 futura

1876 3665 1995 3723 qua:
2020 3648 2332 3718 credimus;
2362 3649 2508 3706 Deus
2535 3657 2719 3707 tamen
2750 3649 2904 3708 dabit
2929 3668 3049 3726 quae
3073 3651 3349 3710 credimus
3383 3649 3475 3708 da-

1875 3746 2062 3797 turum
2106 3741 2286 3810 illum,
2340 3745 2478 3797 teste
2519 3740 2887 3815 promissione
2932 3741 3070 3815 ejus.
3119 3741 3473 3817 Signaculum

1874 3830 2058 3904 itaque
2089 3829 2471 3905 promissionis
2512 3827 2634 3901 Dei,
2679 3831 2815 3888 fides
2848 3841 3037 3889 nostra
3081 3839 3185 3898 est,
3235 3847 3356 3904 quae
3384 3829 3475 3887 ﬁr-

1875 3929 1990 3978 mat
2037 3922 2138 3978 Dei
2168 3923 2356 3980 verba.
2392 3924 2455 3979 In
2497 3922 2587 3979 die
2621 3922 2819 3994 judicii
2853 3928 3144 3996 cognoscet
3181 3923 3346 3990 Deus,
3379 3922 3476 3995 qui

1875 4009 2082 4067 habent
2120 4011 2339 4084 signum
2379 4009 2521 4083 ejus,
2552 4009 2940 4068 dissentientes
2971 4027 3004 4067 a
3048 4008 3383 4084 perﬁdorum
3424 4018 3478 4068 et

1875 4097 2262 4156 haereticorum
2301 4098 2616 4172 iniquitate,
2649 4115 2770 4173 quae
2798 4099 2899 4158 Dei
2927 4097 3348 4174 promissionem
3378 4097 3478 4156 in-

1876 4189 2094 4247 ﬁrmare
2136 4208 2192 4247 se
2239 4198 2427 4265 putat;
2475 4190 2617 4247 nihil
2657 4191 2804 4248 enim
2836 4200 2949 4250 tam
2997 4193 3272 4269 iniquum,
3313 4209 3475 4270 quam

1876 4283 1976 4341 Dei
2024 4283 2150 4340 ﬁdei
2195 4282 2488 4341 contraire.
2539 4286 2611 4341 Et
2648 4283 2728 4343 sic
2771 4285 3010 4358 Dathan,
3054 4292 3109 4344 et
3154 4285 3389 4355 Abiron,
3421 4295 3476 4343 et

1876 4375 2013 4432 Core
2055 4375 2266 4433 dictum
2320 4383 2404 4434 est
2451 4391 2484 4433 a
2525 4376 2736 4451 Moyse,
2785 4395 2911 4438 cum
2945 4385 3140 4437 contra
3182 4377 3281 4436 Dei
3325 4394 3476 4450 prae-

175 4476 454 4547 prodesse:
514 4479 818 4553 Apostolus
872 4486 1055 4536 autem
1098 4479 1278 4538 sciens
1331 4479 1506 4553 magis
1559 4479 1766 4549 obesse,
1797 4471 1851 4535 D
1877 4480 2094 4546 ceptum
2145 4473 2338 4532 οίῗθΐτθ
2385 4475 2653 4535 sacriﬁcia
2695 4480 3090 4552 Ρτεὲειιωθτεῐιί
3131 4475 3322 4545 (Νατηο
3354 4489 3475 4542 XVI,

176 4562 274 4622 hoc
315 4567 563 4638 mandat,
613 4578 676 4627 ut
705 4569 1087 4645 unusquisque
1128 4569 1235 4628 hoc
1284 4577 1455 4640 curet,
1501 4577 1564 4626 ut
1589 4580 1769 4644 spreta

177 4653 532 4716 altercatione
589 4661 733 4734 (75),
795 4661 1148 4734 semetipsum
1203 4659 1542 4735 probabilem
1604 4661 1768 4720 faciat

179 4739 552 4816 impudoratos
591 4749 876 4824 appellans
921 4766 1014 4808 eos
1043 4750 1139 4826 qui
1186 4750 1639 4808 contentionibus
1683 4752 1766 4808 ni-

180 4837 382 4895 tuntur.
412 4838 641 4897 Necesse
688 4848 770 4897 est
814 4839 963 4897 enim
1013 4848 1075 4896 ut
1125 4839 1406 4898 contentio
1443 4847 1768 4915 extorqueat

178 4920 398 4996 aliquid,
430 4925 543 4984 imo
581 4930 755 4987 multa
784 4946 905 5004 quas
947 4928 1210 4988 dicuntur
1235 4939 1427 4988 contra
1471 4932 1769 4988 conscien-

183 5007 302 5068 tiam
327 5032 341 5073 :
363 5023 426 5073 ut
442 5016 594 5076 intus
614 5022 672 5076 in
701 5021 888 5078 animo
903 5021 1114 5094 perdat,
1139 5023 1273 5080 foris
1293 5022 1472 5079 victor
1490 5019 1764 5079 abscedat.

181 5097 338 5160 Nemo
389 5109 540 5166 enim
589 5111 795 5184 patitur
831 5129 886 5170 se
926 5111 1099 5182 vinci,
1145 5113 1274 5170 licet
1312 5113 1449 5170 sciat
1479 5129 1609 5171 vera
1647 5131 1766 5188 quae

183 5187 361 5252 audit:
422 5206 568 5256 recte
615 5209 794 5258 autem
847 5208 1063 5272 tractat,
1112 5209 1165 5259 et
1219 5202 1368 5260 bona
1408 5187 1765 5273 conscientia,

185 5285 270 5355 qui
313 5291 630 5351 volentibus
678 5295 923 5370 loquitur
956 5305 1012 5354 et
1055 5297 1319 5371 paciﬁcis.
1370 5299 1604 5356 Collatio
1642 5316 1768 5372 ergo

186 5375 318 5436 inter
343 5384 439 5440 Dei
463 5403 650 5444 servos
677 5406 797 5446 esse
827 5389 1008 5458 debet,
1042 5407 1155 5446 non
1185 5390 1489 5447 altercatio.
1620 5394 1633 5401 ’

251 5477 362 5616 ξ75)
395 5479 581 5541 Codex
609 5483 806 5569 L_aud.,
834 5492 894 5542 ut
921 5487 1161 5570 spiritali
1187 5485 1554 5569 altercatione.

279 5550 365 5616 76)
398 5552 556 5611 Rom.
580 5555 737 5616 edit..
768 5559 1052 5616 nroﬁcsimt
1080 5547 1152 5614 ad
1182 5561 1517 5616 impietatem.

279 5550 366 5695 76g
398 5552 556 5611 Rom.
580 5555 737 5625 edit.,
763 5547 1052 5637 proﬁciunt
1080 5547 1152 5614 ad
1182 5558 1517 5637 impietatem.

279 5621 340 5678 77
397 5625 604 5685 Omnes
622 5627 780 5695 edit.,
808 5630 950 5695 quod
983 5631 1168 5695 palam
1195 5635 1272 5687 est
1307 5629 1517 5687 Chl‘tSilt

253 5621 366 5695 (77)
397 5625 604 5685 Omnes
622 5621 782 5697 edit};
808 5621 950 5701 quad
980 5631 1168 5703 palam
1195 5621 1272 5687 est
1307 5628 1765 5697 Christianorum;

1876 4567 2098 4641 28-30):
2147 4594 2165 4617 ι
2191 4568 2485 4643 Cognovit,
2503 4568 2705 4644 inquit,
2736 4571 3009 4628 Dominus
3027 4567 3125 4640 qui
3155 4571 3284 4621 sunt
3299 4563 3464 4636 ejus.»

1876 4657 1997 4726 Quo
2045 4659 2195 4717 dicto
2239 4659 2482 4716 ostendit
2530 4676 2650 4732 quae
2680 4659 2955 4732 pernicies
2989 4659 3234 4712 maneret
3262 4667 3353 4707 eos
3382 4652 3476 4724 qui

1876 4749 1975 4805 Dei
2004 4750 2171 4805 verba
2199 4749 2559 4805 inverterent.

1951 4839 2131 4910 (Vers.
2165 4840 2282 4912 20.)
2329 4865 2348 4887 ι
2387 4842 2450 4896 Ιη
2481 4853 2678 4908 magna
2728 4845 2910 4893 autem
2941 4836 3106 4893 domo
3155 4848 3268 4890 non
3295 4835 3475 4894 solum

1877 4937 2006 4985 sunt
2036 4945 2166 4984 vasa
2205 4945 2370 4984 aurea
2411 4934 2466 4984 et
2496 4933 2772 4998 argentea,
2800 4939 2994 4982 verum
3025 4933 3079 4982 et
3110 4924 3289 4998 lignea
3316 4934 3370 4984 et
3397 4927 3475 4985 ﬁ-a

1877 5022 2059 5081 ctilia:
2085 5023 2140 5077 et
2160 5019 2411 5092 quaedam
2443 5015 2666 5090 quidem
2689 5017 2746 5072 in
2768 5016 3056 5087 honorem,
3075 5016 3323 5091 quaedam
3344 5033 3477 5077 vero

1877 5115 1935 5170 in
1967 5110 2382 5171 contumeliam.
2413 5132 2432 5156 ι
2479 5108 2594 5164 Hoc
2620 5107 2770 5166 dicto
2798 5108 3131 5183 signiﬁcavit
3159 5109 3216 5166 in
3233 5110 3478 5168 Ecclesia

1877 5205 2124 5263 diversos
2165 5215 2281 5257 esse
2327 5198 2614 5256 homines:
2653 5198 2919 5275 quosdam
2949 5197 3122 5259 bonos
3152 5208 3206 5257 et
3232 5215 3480 5262 summoe

1878 5299 2049 5366 viros,
2100 5311 2235 5370 quos
2280 5292 2336 5348 in
2367 5309 2504 5350 auro
2545 5292 2780 5368 intelligi
2810 5292 2966 5352 vult:
3012 5291 3277 5368 quosdam
3305 5292 3481 5352 bonos

1877 5393 2117 5453 tantum,
2168 5400 2305 5456 quos
2348 5383 2406 5439 in
2454 5391 2680 5454 argento
2710 5383 2990 5456 designat:
3027 5385 3164 5443 alios
3207 5400 3338 5441 vero
3367 5397 3481 5441 non

1878 5502 2008 5564 mss.
2043 5497 2174 5564 vero
2205 5482 2442 5564 partim,
2476 5481 2616 5551 quod
2650 5483 2896 5554 palmare
2935 5487 3028 5564 est,
3073 5481 3297 5560 partim,
3330 5481 3485 5564 Aquod

1874 5555 2352 5633 palntat'iunt_est,'_
2387 5560 2688 5633 utrumque
2729 5555 3018 5614 commode
3043 5555 3251 5616 funus
3293 5555 3480 5622 etiam,

1878 5624 2019 5699 quod
2036 5625 2260 5699 speciale
2281 5629 2355 5679 est
2383 5624 2840 5682 Christianorum.
