3908 6192
454 231 558 291 519

1498 230 1593 285 AD
1635 227 1872 286 OPERA
1910 227 1965 283 S.
1994 227 2327 285 AMBROSII
2369 222 2751 283 APPENDIX.

3656 224 3779 283 520

453 356 650 425 bonos,
681 371 820 429 quos
850 370 979 412 vasa
1026 352 1204 427 lignea
1256 361 1310 410 et
1357 351 1553 409 ﬁctilia
1593 352 1850 424 appellat.
1901 350 2058 418 Quod
2086 355 2136 414 Α
2165 358 2302 424 patse
2341 356 2490 420 sunt,
2527 366 2591 406 ac
2635 365 2732 423 per
2761 347 2867 406 hoc
2905 364 2938 404 a
2983 349 3084 408 Dei
3113 365 3273 406 servo
3302 347 3580 422 fugiendas
3621 360 3782 408 sunt.

453 447 599 507 nulli
626 446 947 520 ambiguum
994 453 1171 519 puto;
1219 462 1347 503 nam
1394 442 1452 500 in
1491 443 1910 502 Corinthiorum
1953 441 2059 501 hoc

453 541 703 601 Ecclesia
737 541 934 615 probat
987 539 1248 611 frequens
1295 553 1475 594 sermo
1522 535 1867 609 objurgantis
1913 537 2054 608 Apo-

454 630 604 688 stoli.
637 629 798 686 Nunc
822 635 1024 684 ‘autem
1074 627 1134 684 in
1161 625 1409 684 Ecclesia
1455 634 1643 682 nostra
1682 631 1828 690 309
1878 627 2056 699 palam

454 737 558 798 est,
595 736 651 784 et
699 727 755 781 in
797 725 1002 796 templo
1040 723 1461 796 Hierosolymis,
1506 725 1564 780 in
1603 741 1712 799 quo
1739 734 1904 798 typus
1943 733 2057 782 erat

452 816 736 882 Ecclesiae,
768 811 1076 869 manifestis
1122 811 1456 870 lectionibus
1485 813 1838 887 approbatur.
1885 816 2056 870 Erant

453 909 602 964 enim
633 905 712 960 ibi
746 903 1051 970 Sadducaei,
1084 919 1155 959 ex
1183 919 1418 976 quorum
1449 903 1632 960 radice
1659 912 1815 960 erant
1843 904 2058 976 Hyme-

454 1014 607 1053 naeus
646 1003 700 1051 et
745 993 1028 1050 Philetus:
1061 994 1130 1051 de
1173 1011 1407 1069 quorum
1441 1013 1606 1068 prava
1633 997 1906 1053 sententia
1931 1013 2056 1052 cum

451 1087 751 1162 Apostolus
797 1094 939 1143 esset
985 1087 1228 1157 locutus,
1265 1089 1452 1146 statim
1497 1088 1603 1145 hoc
1645 1088 1898 1161 subjecit,
1938 1105 2053 1145 non

452 1199 570 1239 esse
615 1179 872 1237 mirabile
915 1179 974 1236 in
1016 1181 1264 1236 Ecclesia
1307 1180 1485 1237 videri
1548 1179 1802 1238 homines
1847 1182 2054 1238 dissen-

452 1272 676 1330 tientes.
711 1273 847 1329 Nam
892 1281 946 1328 et
978 1270 1035 1328 in
1076 1271 1494 1330 Corinthiorum
1541 1273 1807 1342 Ecclesia,
1845 1273 1912 1329 de
1951 1290 2059 1346 qua

453 1363 595 1431 dixi,
636 1360 863 1436 quidam
905 1371 1062 1419 erant
1105 1361 1201 1434 qui
1242 1363 1653 1432 dissentientes,
1701 1363 2054 1420 resurrectio-

455 1473 582 1514 nem
623 1453 918 1528 negabant.
967 1455 1201 1510 Insanus
1229 1462 1414 1511 tamen
1461 1455 1800 1512 Novatianus
1847 1456 1964 1527 (78)
1996 1465 2058 1512 ut

455 1544 632 1602 errori
705 1560 804 1600 suo
856 1542 1196 1611 blandiatur,
1254 1543 1415 1599 aliter
1470 1542 1576 1600 hoc
1636 1543 2056 1616 intelligendum

456 1637 661 1703 tradit;
704 1643 768 1691 ut
814 1633 1012 1690 domus
1051 1649 1246 1705 magna
1295 1640 1446 1688 totus
1475 1631 1716 1688 mundus
1757 1632 2056 1704 signiﬁcari

2182 467 2201 490 ι
2231 445 2444 502 Sectare
2482 459 2614 499 vero
2634 440 2931 514 justitiam,
2966 441 3152 511 ﬁdem,
3181 441 3533 511 charitatem,
3561 459 3782 515 pacem,

2168 552 2294 592 cum
2336 533 2542 607 iis'qui
2573 531 2838 589 invocant
2881 531 3181 588 Dominum
3226 531 3292 587 de
3341 549 3481 605 puro
3520 532 3714 590 corde.
3751 560 3769 580 ι

2169 629 2298 684 Haec
2325 627 2583 683 sectanda
2605 621 2783 697 jubet,
2817 641 2938 698 qua:
2956 622 3199 695 juvenili
3225 623 3558 681 aetatidevia
3585 626 3782 684 viden-

2169 734 2262 782 tur
2309 731 2364 780 et
2404 739 2610 795 aspera.
2643 721 2749 790 Qui
2787 721 2934 777 enim
2978 719 3253 792 justitiam
3303 719 3481 792 eligit,
3532 720 3587 775 ei
3632 721 3780 779 nihil

2169 815 2302 872 facit
2347 813 2710 881 contrarium,
2739 819 2793 868 et
2820 812 2914 885 qui
2958 811 3121 867 ﬁdem
3153 810 3358 884 diligit,
3404 820 3595 868 servat
3625 829 3778 869 man-

2167 907 2329 965 data:
2360 908 2456 981 qui
2487 915 2669 963 autem
2699 905 3022 964 charitatem
3051 902 3322 977 sequitur,
3357 904 3628 962 omnibus
3659 907 3779 964 hu-

2170 999 2319 1057 milis
2345 1007 2454 1054 est:
2492 997 2643 1071 pacis
2671 1011 2801 1052 vero
2828 1001 3012 1051 custos
3042 993 3262 1051 nullum
3297 993 3519 1051 lacessit
3549 995 3618 1050 ad
3641 993 3778 1067 jur-

2170 1091 2317 1164 gium
2328 1133 2340 1147 .

2245 1189 2429 1260 (Vers.
2474 1188 2589 1258 23.)
2621 1213 2639 1234 ι
2696 1188 2901 1244 Stultas
2939 1192 3121 1241 autem
3167 1192 3220 1240 et
3266 1183 3576 1243 ineruditas
3615 1205 3776 1260 quae-

2169 1277 2376 1334 stiones
2404 1277 2610 1346 devita,
2655 1275 2828 1332 sciens
2870 1275 3000 1348 quia
3035 1282 3296 1347 generant
3339 1274 3488 1332 lites.
3523 1301 3542 1323 νι
3589 1278 3775 1333 Insen-

2169 1375 2298 1425 satae
2343 1367 2674 1441 questiones
2727 1363 2928 1438 partim
2973 1363 3303 1432 inﬁdelium,
3342 1364 3549 1436 partim
3605 1365 3772 1422 haere-

2169 1455 2404 1514 ticorum
2442 1462 2604 1512 sunt:
2657 1471 2726 1510 ex
2766 1459 2918 1526 parte
2966 1450 3300 1518 inﬁdelium,
3332 1469 3456 1526 qua:
3497 1455 3776 1511 modestos

2170 1544 2422 1602 homines
2452 1551 2656 1617 cogunt
2683 1541 2751 1598 ad
2781 1541 2969 1609 litem;
3002 1540 3371 1597 immutantur
3414 1541 3568 1598 enim
3601 1542 3777 1599 nimia

2169 1634 2605 1691 contradictione
2658 1631 2956 1705 impietatis
3007 1647 3220 1699 eorum,
3273 1638 3329 1686 et
3391 1631 3522 1688 irati
3578 1632 3776 1690 dicunt

455 1726 729 1793 credatur,
769 1723 865 1797 qui
919 1720 1082 1778 habet
1123 1720 1414 1778 hominum
1469 1720 1885 1790 diversitatem;
1929 1739 2053 1779 cum
2083 1726 2130 1787 B
2166 1724 2377 1798 aliquid
2407 1731 2599 1780 contra
2646 1723 3002 1796 praepositum
3029 1738 3190 1777 suum
3235 1720 3376 1793 (80).
3408 1721 3549 1776 Nam
3596 1722 3776 1778 solent

457 1829 672 1878 constet
701 1818 1028 1892 Apostolum
1059 1818 1313 1888 exemplo
1341 1833 1500 1873 usum
1545 1816 1744 1873 domus
1781 1816 1974 1873 divitis
2005 1827 2059 1874 et

456 1909 729 1985 opulenti,
761 1926 906 1982 quae,
960 1906 1213 1980 quamvis
1241 1905 1464 1979 copiosa
1503 1905 1598 1975 sit,
1645 1905 1844 1962 habeat
1872 1913 2057 1961 tamen

457 2019 586 2059 vasa
618 2001 799 2074 lignea
826 2008 881 2055 et
909 1996 1134 2055 ﬁctilia:
1168 1997 1276 2053 hoc
1304 1996 1468 2052 modo
1488 2006 1541 2053 et
1571 1995 1836 2064 Ecclesia,
1869 2012 2057 2068 quan-

458 2109 622 2168 quam
672 2098 858 2148 sancta
905 2088 1143 2157 dicatur,
1188 2087 1352 2144 habet
1393 2096 1576 2144 tamen
1623 2093 1678 2142 et
1723 2085 1955 2142 vitiosos
2006 2094 2061 2142 et

460 2199 630 2256 prava
683 2180 1002 2247 sentientes,
1059 2178 1204 2234 sicut
1241 2177 1493 2251 superius
1531 2175 1856 2234 memoravi.
1910 2175 2059 2242 Quos

456 2269 795 2329 contumelia
839 2269 1035 2342 dignos
1069 2267 1330 2335 ostendit,
1378 2284 1490 2324 non
1530 2276 1710 2324 tamen
1759 2267 2053 2339 perituros,

457 2361 552 2419 sed
590 2359 903 2434 purgandos
949 2375 1044 2430 per
1090 2358 1311 2430 ignem;
1343 2358 1472 2430 quia
1525 2357 1717 2414 domui
1759 2373 1830 2412 ex
1873 2357 2060 2429 aliqua

459 2463 614 2528 parte
643 2450 935 2510 necessarii
977 2459 1126 2508 sunt.
1174 2450 1516 2506 Novatianus
1542 2456 1724 2505 autem
1753 2447 1929 2503 elatus
1956 2460 2060 2500 su-

463 2545 673 2619 perbia,
711 2551 774 2600 ut
816 2542 1077 2600 Ecclesiae
1128 2558 1239 2598 sua:
1283 2541 1571 2598 veritatem
1618 2547 1673 2596 et
1710 2536 2056 2596 sanctitatem

457 2636 763 2710 generalem
795 2633 1132 2700 defenderet,
1159 2631 1265 2688 hoc
1293 2631 1458 2688 modo
1489 2627 1911 2702 intelligendum
1943 2641 2058 2682 esse

456 2726 728 2792 decrevit,
755 2724 912 2798 quasi
945 2721 1193 2782 Ecclesia
1222 2738 1386 2794 penes
1408 2721 1588 2793 ipsum
1619 2719 1711 2787 sit,
1744 2726 1799 2775 et
1829 2725 2058 2775 cunctos

457 2817 657 2875 habeat
694 2814 1036 2890 puriﬁcatos,
1085 2821 1306 2884 propter
1345 2810 1468 2866 illas
1498 2826 1687 2868 causas
1728 2807 1928 2881 quibus
1958 2821 2058 2862 nos

457 2905 782 2964 innocentes
835 2910 1054 2962 accusat
1098 2902 1238 2971 (79).
1291 2899 1397 2956 Sed
1436 2898 1569 2972 quid
1615 2914 1754 2970 opus
1797 2905 1911 2952 erat
1953 2896 2059 2953 hoc

461 2996 582 3052 loco
609 2995 678 3052 de
702 2993 912 3051 mundo
941 2989 1152 3065 aliquid
1169 2990 1372 3056 dicere,
1404 2995 1498 3044 aut
1513 2995 1574 3042 ut
1602 2986 1736 3059 quid
1765 2987 2059 3043 afﬁrmaret

2167 1813 2392 1888 quidam
2422 1812 2805 1871 haereticorum
2836 1811 3161 1884 patientiam
3190 1809 3393 1883 ﬁngere
3426 1810 3714 1884 (quamvis
3741 1829 3772 1867 a

2167 1902 2442 1960 catholico
2488 1919 2599 1958 non
2647 1900 2860 1974 possint
2898 1899 3089 1957 audire
3135 1898 3342 1972 aliquid
3369 1901 3680 1971 asperum),
3714 1909 3774 1956 ut

2167 1992 2555 2050 commendent
2591 2007 2760 2064 prava
2792 2007 2890 2046 sua
2918 1989 3223 2062 colloquia:
3254 1987 3454 2044 idcirco
3483 1988 3773 2045 dissimu-

2168 2082 2394 2139 landum
2425 2082 2494 2138 ab
2525 2081 2612 2138 his
2639 2090 2739 2139 est.
2837 2133 2849 2144 ,

2241 2185 2424 2255 (Vers.
2456 2183 2544 2252 24,
2578 2184 2667 2251 25,
2699 2183 2813 2252 26.)
2879 2208 2896 2229 ‹
2927 2183 3159 2239 Servum
3189 2187 3370 2238 autem
3393 2180 3627 2237 Domini
3657 2196 3768 2237 non

2167 2283 2380 2349 oportet
2411 2275 2645 2347 litigare,
2678 2275 2774 2331 sed
2820 2275 3010 2331 mitem
3053 2290 3170 2331 esse
3205 2273 3273 2329 ad
3302 2289 3518 2342 omnes,
3546 2271 3768 2329 docibi-

2167 2365 2297 2434 lem,
2333 2364 2651 2437 patientem,
2708 2363 3036 2430 modestum,
3093 2361 3456 2434 corrigentem
3532 2376 3626 2416 eos
3673 2360 3765 2432 qui

2166 2453 2386 2510 diversa
2414 2453 2693 2511 sentiunt:
2727 2452 2772 2509 si
2803 2451 3023 2526 quando
3052 2450 3144 2507 det
3179 2451 3292 2507 illis
3325 2452 3472 2506 Deus
3497 2449 3764 2524 poeniten-

2168 2545 2302 2602 tiam
2369 2545 2437 2602 ad
2497 2545 2834 2618 agnitionem
2899 2542 3171 2611 veritatis,
3229 2551 3284 2599 et
3350 2541 3677 2613 resipiscam
3737 2559 3767 2596 a

2166 2635 2373 2691 diaboli
2406 2634 2635 2708 laqueis,
2667 2653 2699 2691 a
2721 2651 2830 2707 quo
2858 2640 3116 2690 tenentur
3143 2631 3288 2704 capti
3318 2631 3384 2686 ab
3412 2648 3476 2687 eo
3501 2630 3573 2686 ad
3600 2630 3765 2702 ipsius

2168 2726 2530 2781 voluntatem.
2568 2748 2586 2772 ι
2630 2724 2758 2780 Haec
2805 2723 2960 2779 nulla
3006 2721 3254 2794 indigent
3293 2719 3759 2792 interpretatione,

2167 2823 2296 2872 sunt
2350 2816 2496 2871 enim
2545 2813 2856 2870 manifesta.
2902 2813 3178 2879 Quantum
3219 2818 3401 2866 tamen
3452 2809 3628 2882 prosit
3657 2826 3762 2864 mo-

2167 2903 2362 2964 destia,
2395 2901 2726 2969 declaravit;
2758 2901 2804 2958 si
2834 2899 2983 2957 enim
3013 2899 3119 2956 hoc
3144 2899 3203 2954 in
3234 2897 3571 2971 quibusdam
3603 2896 3760 2953 haere.

2167 2989 2291 3047 ticis
2321 2989 2585 3062 placitum
2614 2997 2717 3056 est,
2757 2986 2888 3062 quia
2927 2986 3165 3043 humiles
3193 2987 3514 3044 videantur:
3564 2993 3761 3060 quanto

457 3085 728 3143 mundum
746 3085 974 3142 domum
992 3097 1242 3157 magnam
1263 3079 1572 3154 signiﬁcare
1590 3079 1617 3135 ?
1637 3079 1772 3135 Nam
1803 3077 1940 3134 dicit
1953 3079 2057 3134 Do-
2092 3091 2136 3151 ο
2170 3079 2342 3152 magis
2371 3077 2644 3135 laudabile
2685 3086 2739 3135 et
2768 3076 3110 3134 fructuosum
3141 3075 3247 3132 erit
3284 3076 3343 3132 in
3385 3076 3688 3143 catholico,
3717 3073 3758 3130 si

454 3176 642 3235 minus
674 3176 968 3250 apostolis:
1017 3197 1035 3223 ι
1062 3173 1184 3230 Non
1227 3170 1363 3228 estis
1391 3169 1458 3226 de
1486 3167 1717 3236 mundo,
1746 3184 1845 3241 ego
1875 3176 2056 3224 autem

455 3270 595 3344 elegi
617 3287 714 3328 vos
742 3269 809 3326 de
827 3267 1035 3325 mundo
1064 3267 1245 3338 (Joan.
1269 3282 1367 3333 xv,
1394 3263 1505 3337 19).
1527 3288 1545 3311 ι
1579 3261 1868 3330 Quomodo
1889 3259 2059 3332 igitur

456 3360 605 3415 intra
637 3359 907 3414 mundum
951 3353 1317 3414 concludendi
1362 3362 1512 3421 sunt,
1545 3351 1640 3425 qui
1687 3359 1956 3424 negantur
1991 3347 2059 3404 de

456 3447 665 3504 mundo
717 3447 884 3503 esse?
926 3447 999 3502 Et
1038 3445 1184 3500 idem
1231 3446 1560 3516 Apostolus:
1622 3467 1640 3490 ‹
1671 3443 1813 3510 Quo,
1853 3439 2054 3513 inquit,

455 3535 597 3590 mihi
627 3534 696 3588 de
719 3531 811 3597 iis,
843 3531 939 3602 qui
968 3530 1269 3598 forissunt,
1296 3531 1546 3602 judicare
1571 3532 1627 3602 (Ι
1653 3531 1778 3587 Cor.
1812 3548 1867 3596 v,
1895 3529 2041 3598 12).»

452 3621 591 3676 Nam
622 3620 680 3674 in
711 3633 821 3671 una
836 3616 1002 3672 domo
1032 3632 1223 3671 omnes
1241 3617 1343 3672 sub
1367 3635 1482 3673 uno
1509 3627 1638 3674 sunt
1667 3618 1924 3684 nomine;
1945 3632 2055 3672 uno

455 3705 604 3762 enim
635 3703 861 3761 Domini
882 3704 967 3760 sui
987 3702 1211 3760 nomine
1233 3713 1526 3761 censentur
1549 3723 1739 3762 omnes
1769 3724 1781 3762 :
1815 3706 2055 3763 mundus

452 3809 636 3861 autem
679 3801 911 3859 diversae
959 3800 1318 3875 professionis
1360 3802 1608 3860 continet
1653 3803 1943 3872 homines;
1977 3805 2054 3861 ita

451 3902 514 3951 ut
543 3892 789 3968 dispares
815 3892 1180 3966 proﬁteantur
1209 3908 1266 3949 se
1310 3891 1510 3950 habere
1539 3903 1594 3950 et
1623 3893 1752 3950 deos
1779 3902 1834 3952 et
1861 3895 2052 3952 domi-

451 4004 570 4044 nos.
604 3987 726 4044 Non
755 4004 884 4060 ergo
913 3987 1142 4045 domum
1172 4003 1430 4060 magnam
1468 3987 1736 4043 mundum
1768 3987 1925 4057 dicit,
1957 3987 2051 4044 sed

448 4077 773 4145 Ecclesiam,
823 4078 881 4133 in
921 4094 1030 4151 qua
1076 4095 1267 4134 omnes
1304 4076 1406 4134 sub
1448 4079 1615 4134 unius
1661 4079 1882 4134 Domini
1922 4089 2050 4135 sunt

451 4180 698 4233 nomine,

523 4255 706 4325 (Vers.
742 4255 859 4327 2i.)
907 4282 926 4303 ι
957 4258 1012 4314 Si
1058 4259 1180 4330 quis
1208 4275 1338 4331 ergo
1367 4260 1682 4332 purgaverit
1710 4262 1948 4334 seipsum
1979 4260 2047 4316 ab

449 4345 592 4414 istis,
623 4345 729 4402 erit
757 4363 853 4404 vas
895 4348 954 4404 in
1001 4348 1266 4406 honorem
1301 4351 1725 4421 sanctiﬁcatum,
1758 4353 1893 4409 utile
1925 4354 2047 4408 Do-

2168 3170 2336 3227 fuerit
2373 3170 2545 3238 mitis,
2594 3169 2652 3226 in
2701 3185 2809 3242 quo
2856 3175 2910 3225 et
2956 3183 3148 3224 sensus
3203 3166 3380 3235 utilis,
3427 3175 3481 3223 et
3528 3167 3759 3240 gravitas

2166 3259 2438 3316 imitanda
2464 3257 2795 3332 perspicitur
2819 3258 2831 3314 l

2789 3401 3018 3461 CAPUT
3047 3401 3141 3458 ΙΙΙ.

2239 3530 2421 3604 (Vers.
2458 3529 2594 3601 1-5.)
2633 3556 2650 3577 ι
2680 3529 2796 3587 Hoc
2816 3536 2996 3585 autem
3028 3525 3409 3601 scito,quiain
3440 3527 3758 3584 novissimis

2163 3620 2358 3676 diebus
2405 3619 2691 3676 instabunt
2738 3627 2981 3691 tempora
3023 3617 3364 3690 periculosa:
3399 3625 3565 3672 erunt
3615 3617 3754 3673 enim

2163 3709 2415 3767 homines
2445 3709 2528 3766 sui
2560 3716 2774 3765 tantum
2804 3717 3096 3776 amatores,
3126 3706 3298 3775 avari,
3328 3704 3656 3774 insolentes,
3679 3723 3757 3763 su-

2161 3800 2338 3873 perbi,
2389 3799 2718 3872 blasphemi,
2753 3797 3070 3872 parentibus
3112 3813 3222 3852 non
3255 3795 3641 3868 obsequentes,
3684 3797 3756 3851 iu-

2160 3889 2318 3962 grati,
2353 3889 2532 3961 impii,
2565 3888 2682 3945 sine
2712 3887 2840 3953 ﬁde,
2858 3886 2976 3943 sine
3007 3885 3323 3954 dilectione,
3356 3884 3755 3952 criminatores,

2160 3979 2592 4049 incontinentes,
2641 3979 2904 4047 immites,
2937 3978 3206 4034 bonorum
3246 3975 3485 4043 inimici,
3519 3975 3757 4047 prodito-

2158 4087 2261 4139 res,
2319 4071 2586 4143 protervi,
2641 4068 2864 4137 tumidi,
2915 4075 3183 4124 amatores
3229 4067 3580 4138 voluptatum
3651 4081 3756 4121 ma-

2157 4160 2238 4232 gis
2303 4176 2466 4234 quam
2522 4157 2642 4226 Dei,
2699 4157 2965 4214 habentes
3021 4162 3167 4220 310
3228 4155 3466 4210 formam
3511 4154 3752 4227 pietatis,

2155 4258 2418 4315 virtutem
2476 4267 2657 4314 autem
2719 4255 2838 4328 ejus
2896 4254 3269 4328 abnegantes:
3325 4260 3378 4309 et
3448 4251 3551 4309 hos
3605 4249 3752 4308 devi-

2154 4355 2228 4404 ta.
2294 4373 2312 4398 ι
2373 4346 2667 4419 Prophetia
2705 4353 2787 4401 est
2841 4344 2958 4400 haec
2997 4343 3173 4400 sancti
3219 4339 3495 4414 Apostoli,
3543 4339 3605 4396 in
3654 4355 3754 4414 qua

448 4437 620 4494 mino:
665 4439 734 4495 ad
780 4456 943 4496 omne
984 4457 1123 4512 opus
1168 4441 1375 4498 bonum
1406 4453 1790 4516 praeparatum.
1816 4471 1833 4493 ι
1890 4447 2048 4504 Nunc
2079 4451 2127 4509 ι)
2154 4435 2415 4509 praevidit
2441 4443 2646 4508 quanta
2687 4434 2832 4490 mala
2861 4433 3050 4489 futura
3077 4439 3258 4488 essent
3287 4428 3678 4486 haereticorum
3704 4435 3752 4483 et

445 4529 556 4585 alia
601 4529 826 4588 haeresis
877 4531 1069 4587 fraude
1116 4548 1214 4587 sua
1256 4531 1628 4603 convincitur,
1687 4551 1807 4608 quae
1855 4537 2047 4594 asserit

445 4621 654 4679 animas
681 4623 946 4696 quasdam
984 4631 1182 4680 natura
1210 4640 1328 4680 esse
1359 4625 1549 4693 malas,
1581 4643 1701 4699 quas
1738 4627 1806 4682 ad
1836 4627 2042 4684 bonum

445 4713 564 4786 cogi
598 4731 709 4771 non
741 4715 984 4788 possint:
1016 4732 1140 4772 cum
1170 4714 1264 4772 hic
1291 4715 1440 4772 dicat
1469 4733 1625 4790 posse
1642 4719 1814 4774 malos
1845 4719 2042 4776 immu-

441 4805 548 4860 tari
602 4804 662 4861 in
707 4805 938 4873 bonum,
983 4813 1038 4862 et
1091 4807 1343 4864 sordidos
1393 4809 1692 4882 puriﬁcari.
1745 4812 2043 4868 Potuerant

442 4897 588 4961 enim
620 4899 954 4973 Hymenaeus
982 4908 1035 4958 et
1054 4901 1304 4959 Philetus
1330 4902 1595 4959 mundare
1619 4919 1837 4960 sensum
1855 4921 2037 4972 suum,

441 4986 487 5042 si
519 4988 857 5048 voluissent:
908 5001 972 5049 ut
1013 4991 1210 5049 ﬁerent
1249 5010 1348 5050 vas
1374 4993 1799 5062 sanctiﬁcatum,
1834 5010 2038 5066 praepa-

377 5103 380 5105 λ
441 5082 620 5132 ratum
652 5077 711 5133 in
741 5078 1030 5137 honorem.

514 5167 699 5238 (Vers.
745 5169 862 5241 22.)
929 5192 947 5216 ι
977 5169 1256 5227 Juvenilia
1295 5180 1478 5229 autem
1527 5169 1797 5229 desideria
1825 5171 1968 5244 fuge.
2005 5154 2024 5219 ὲ

439 5251 720 5311 Juvenilia
762 5255 1038 5312 desideria
1085 5257 1314 5314 adversa
1353 5268 1514 5316 sunt:
1567 5267 1698 5315 sunt
1743 5257 1892 5315 enim
1928 5275 2038 5314 vo-

440 5340 677 5414 luptates
707 5344 1023 5414 mundanae,
1055 5362 1175 5418 quae
1206 5346 1463 5403 omnibus
1501 5346 1774 5403 illecebris
1816 5345 2036 5402 manci-

515 5460 630 5540 (28)
671 5463 732 5518 In
779 5464 940 5540 Rom:
990 5462 1124 5519 edit.
1153 5462 1248 5522 hic
1291 5473 1348 5521 et
1374 5464 1520 5520 infra
1559 5481 1672 5521 non
1700 5465 2033 5522 Novatiamts

443 5530 726 5599 scribitur,
759 5533 852 5589 sed
880 5534 1138 5590 Novatus.

517 5599 633 5672 (79)
666 5601 828 5660 Rom.
854 5604 1015 5673 edit.,
1043 5621 1139 5663 nos
1171 5611 1227 5661 ut
1248 5612 1478 5663 nocentes
1505 5613 1736 5665 accusat.

2155 4525 2498 4593 Iudaeorum;
2553 4525 2608 4581 in
2655 4525 2744 4581 his
2785 4524 2933 4580 enim
2963 4522 3150 4580 omnia
3187 4522 3308 4590 ista,
3359 4536 3482 4594 qua:
3527 4519 3752 4575 inimica

2154 4617 2282 4673 ﬁdei
2325 4623 2474 4684 sunt,
2521 4609 2876 4672 denotamur.
2907 4616 3028 4687 Ipse
3055 4614 3200 4669 enim
3245 4610 3546 4684 Apostolus
3575 4609 3744 4666 dixit:

2167 4729 2184 4751 ι
2216 4705 2335 4771 Quo
2363 4704 2512 4759 enim
2561 4703 2699 4758 mihi
2749 4703 2815 4760 de
2865 4703 2953 4772 iis,
2990 4703 3083 4777 qui
3127 4701 3263 4758 foris
3311 4706 3462 4768 sunt,
3499 4697 3749 4771 judicare

2153 4797 2213 4868 (Ι
2232 4798 2358 4854 Cor.
2391 4814 2446 4864 v,
2483 4795 2572 4867 i2)
2595 4795 2624 4852 ?
2645 4821 2662 4844 ι
2707 4795 2813 4863 Qui
2833 4795 2982 4852 enim
3004 4795 3146 4850 male
3174 4792 3241 4850 de
3263 4795 3375 4850 Deo
3401 4791 3678 4858 sentiunt,
3700 4797 3750 4845 et

2149 4907 2262 4946 non
2292 4887 2510 4956 timent,
2543 4886 2690 4962 quod
2733 4887 2800 4944 ad
2844 4886 3104 4958 injuriam
3145 4884 3264 4958 ejus
3293 4882 3558 4958 pertinet,
3588 4879 3746 4954 proﬁ-

2151 4978 2279 5046 teri;
2329 4975 2604 5051 quomodo
2659 4976 2719 5034 in
2762 4978 3177 5035 conversatione
3228 4974 3474 5030 humana
3518 4976 3749 5045 possunt

2148 5085 2263 5125 esse
2289 5067 2596 5124 benevoli?
2624 5065 2752 5123 Ideo
2771 5066 2920 5123 enim
2947 5064 3112 5121 dixit:
3159 5087 3177 5109 ε
3201 5061 3479 5118 Habentes
3507 5059 3741 5117 formam

2146 5160 2384 5234 pietatis,
2436 5159 2700 5217 virtutem
2745 5167 2926 5216 autem
2977 5155 3094 5228 ejus
3136 5144 3505 5227 abnegantes;
3555 5177 3576 5203 ι
3621 5151 3744 5226 quia

2146 5251 2474 5324 proﬁtentur
2529 5249 2748 5325 quidem
2817 5245 3135 5319 semetipsos
3189 5243 3559 5312 Christianos,
3622 5256 3742 5300 cum

2143 5340 2256 5396 sint
2299 5349 2353 5397 et
2390 5339 2713 5415 nequissimi
2761 5336 2959 5411 cperis,
3009 5342 3063 5391 et
3109 5351 3275 5390 sensu
3322 5332 3594 5406 perversi.
3626 5331 3740 5388 Non

2218 5459 2335 5529 (80)
2383 5458 2572 5517 Codex
2599 5458 2769 5524 Va]l.,
2814 5455 3109 5510 invitantur
3135 5453 3276 5507 enim
3321 5449 3492 5529 nimia
3520 5456 3741 5505 contra-

2142 5521 2387 5586 dictioni:
2414 5530 2675 5603 impietate
2711 5521 2959 5597 carum”,
2991 5530 3173 5582 contra
3194 5521 3536 5595 propositum
3566 5536 3738 5578 suum.
