3908 6192
147 254 240 323 821

1133 262 1496 331 COMMENT.
1540 267 1612 330 IN
1649 266 1867 332 EPIST.
1909 259 1960 333 Ῑι
1999 273 2095 333 AD
2132 270 2416 336 rmore.

3332 282 3439 349 822

146 388 280 451 enim
330 387 385 448 in
420 387 756 467 professione
795 392 986 470 magis,
1017 412 1179 472 quam
1208 398 1265 454 in
1301 397 1464 472 gestis
1496 399 1613 457 laus
1632 398 1730 457 Dei
1762 404 1810 462 A
1840 400 1938 458 nni
1961 410 2042 458 :et
2062 416 2126 459 ex
2148 402 2671 464 omnibusliberavit
2689 424 2773 466 me
2798 399 3092 469 Dominus.
3118 410 3224 473 Sed
3242 431 3434 480 omnes

144 492 194 541 et
218 482 391 541 virtus
414 491 517 541 est.

209 573 386 645 (Vers.
418 574 471 642 6,
503 575 582 648 7.)
628 599 649 624 ι
674 576 764 632 Ex
793 576 881 633 bis
910 577 1059 634 enim
1090 586 1237 649 sunt,
1274 580 1367 653 qui
1400 577 1650 653 irrepunt
1671 583 1728 638 in

141 661 342 731 domos,
390 670 445 719 et
506 666 757 737 captivas
798 666 1008 723 ducunt
1069 668 1420 726 mulierculas
1481 678 1731 727 oneratas

140 750 386 823 peccatis,
420 769 543 825 qua:
572 753 854 811 ducuntur
883 772 915 811 a
964 757 1135 813 variis
1177 757 1486 828 desideriis,
1516 776 1730 832 semper

136 839 427 908 discentes,
458 849 512 897 et
542 858 824 916 nunquam
854 843 921 900 ad
946 846 1232 902 scientiam
1266 847 1515 903 veritatis
1543 865 1726 919 perve-

136 929 363 985 nientes.
394 952 413 975 ι
466 929 733 996 Quamvis
788 933 1048 990 omnibus
1077 933 1350 991 hareticis
1379 936 1486 993 hoc
1513 955 1727 995 conve-

132 1017 268 1086 niat,
327 1019 788 1077 utsubintrantes
837 1022 1050 1091 domos,
1084 1023 1344 1080 mulieres
1394 1025 1644 1083 subdolis
1672 1036 1725 1083 et

133 1105 367 1162 versutis
389 1107 573 1162 verbis
627 1109 864 1179 capiant,
899 1117 960 1164 ut
989 1126 1084 1182 per
1111 1127 1201 1167 eas
1246 1111 1397 1167 viros
1445 1112 1725 1186 decipiant

134 1210 277 1250 more
292 1194 462 1265 patris
483 1195 567 1251 sui
589 1196 819 1265 diaboli,
842 1198 936 1270 qui
959 1215 1057 1270 per
1077 1201 1252 1256 Evam
1281 1202 1458 1258 Adam
1488 1203 1721 1260 circum-

134 1283 315 1349 venit;
349 1283 666 1340 Manichasis
681 1292 867 1341 tamen
897 1304 1008 1360 prae
1039 1290 1251 1345 caeteris
1270 1294 1544 1363 congruit.
1569 1294 1721 1349 Nulli

132 1370 269 1426 enim
291 1379 399 1427 tam
432 1372 762 1444 importuni,
791 1384 902 1431 tam
926 1376 1169 1447 fallaces,
1191 1387 1301 1435 tam
1319 1382 1547 1453 captiosi
1570 1390 1718 1453 sunt,

133 1477 286 1532 quam
316 1461 419 1534 ipsi
453 1480 592 1535 quos
612 1473 830 1522 constat
858 1466 1013 1522 aliud
1027 1468 1225 1535 colere,
1249 1478 1303 1525 et
1331 1471 1481 1527 aliud
1504 1472 1719 1544 proﬁte-

131 1551 210 1617 ri;
240 1552 392 1607 aliud
421 1552 575 1609 intus
603 1569 807 1626 gerere,
839 1564 895 1611 et
914 1556 1051 1613 foris
1074 1558 1230 1614 aliud
1257 1559 1558 1618 vindicare.
1581 1563 1717 1618 Nam

131 1640 551 1698 sanctimonium
582 1642 908 1713 defendunt,
942 1653 997 1702 et
1043 1647 1159 1720 lege
1205 1665 1302 1705 sua
1323 1650 1559 1719 favente,
1591 1659 1719 1708 tur-

1837 490 1933 563 qui
1961 493 2158 548 volunt
2177 492 2263 564 pie
2282 493 2464 551 vivere
2483 495 2540 551 in
2571 496 2790 555 Christo
2810 499 2959 570 Iesu,
2991 506 3431 574 persecutionem

1838 581 2133 651 patientur.
2198 582 2441 654 Nequam
2493 593 2672 642 autem
2718 588 2970 647 homines
3015 601 3071 649 et
3116 594 3432 668 deceptores

1837 668 2127 740 proﬁcient
2156 671 2211 725 in
2245 671 2399 742 pejus
2424 689 2435 726 :
2470 673 2574 747 ipsi
2601 686 2845 735 errantes
2873 688 3035 752 atque
3064 683 3204 741 alios
3235 692 3430 744 errori-

1838 758 1941 815 bus
1974 761 2341 816 involventes.
2378 786 2395 807 -
2466 762 2594 817 Ideo
2624 780 2744 835 quae
2770 774 2823 821 et
2853 778 3057 839 quanta
3087 790 3276 844 passus
3335 780 3427 849 sit,

1837 859 2106 905 memorat
2135 868 2148 917 ;
2182 858 2242 906 ut
2271 850 2482 906 auxilia
2511 852 2610 907 Dei
2653 855 2921 923 ostendat,
2955 859 3157 929 quibus
3187 863 3432 925 defendit

1836 944 1891 991 et
1924 945 2074 993 tutos
2096 946 2317 1010 praestat
2344 954 2532 995 servos
2561 957 2690 997 suos
2718 942 2787 998 ab
2816 944 3161 1016 impudentia
3189 951 3427 1012 Satanae:

1836 1032 1899 1079 ut
1955 1042 2176 1082 securos
2204 1028 2332 1083 illos
2387 1028 2552 1084 faciat
2583 1038 2637 1084 et
2691 1030 2884 1102 erigat,
2935 1050 3003 1090 ne
3052 1036 3288 1095 timeant
3314 1057 3430 1113 quae

1834 1111 2070 1184 irrogari
2092 1124 2321 1186 possunt
2349 1132 2379 1170 a
2410 1116 2635 1187 perﬁdis
2664 1136 2676 1172 :
2708 1119 2802 1175 sed
2835 1121 2894 1176 in
2923 1127 3302 1194 persecutione
3324 1111 3430 1186 ala-

1834 1217 1952 1258 cres
2006 1203 2139 1271 sint,
2194 1204 2328 1261 certi
2386 1205 2516 1277 quia
2563 1222 2754 1264 omnes
2800 1211 2895 1282 qui
2944 1212 3003 1267 in
3034 1213 3257 1274 Christo
3290 1229 3432 1278 recte

1831 1300 2254 1360 conversantur,
2285 1292 2415 1348 odio
2469 1293 2746 1351 habentur
2801 1299 2965 1355 etiam
2999 1318 3031 1357 a
3056 1306 3304 1377 corporis
3346 1309 3431 1364 sui

1830 1379 2110 1437 membris.
2144 1382 2273 1436 Mali
2330 1392 2509 1439 autem
2543 1384 2600 1440 in
2658 1385 2900 1445 deterius
2945 1391 3265 1463 proﬁciunt,
3299 1399 3431 1454 dum

1830 1466 2022 1522 vident
2049 1470 2254 1525 multos
2285 1470 2390 1525 sibi
2421 1471 2552 1527 dare
2577 1489 2881 1544 assensum,
2911 1476 2990 1533 ita
3029 1487 3091 1534 ut
3119 1489 3345 1541 caeteros
3372 1485 3431 1542 in

1830 1571 2071 1612 errorem
2121 1559 2363 1615 mittant.
2415 1562 2560 1616 Dum
2591 1564 2739 1619 enim
2783 1564 3037 1623 sciuntur
3070 1584 3190 1626 esse
3220 1573 3349 1628 mali
3377 1582 3431 1631 et

1827 1645 2164 1719 deceptores,
2221 1659 2276 1706 et
2322 1651 2691 1709 nihilominus
2720 1654 2913 1712 florere
2941 1665 2996 1713 et
3026 1664 3333 1734 prosperari
3370 1665 3429 1720 in

129 1728 263 1800 piter
290 1731 526 1787 vivunt:
572 1731 1008 1790 misericordiam
1052 1736 1302 1807 laudant,
1332 1754 1458 1794 cum
1490 1740 1634 1797 inter
1660 1758 1716 1797 se
1747 1744 1792 1818 Β
1827 1744 2059 1813 mundo,
2112 1746 2400 1803 attrahunt
2446 1748 2736 1821 quosdam,
2785 1757 2847 1805 ut
2879 1750 3187 1810 imitatores
3234 1772 3426 1813 eorum

128 1816 316 1888 injusti
346 1817 859 1891 deprehendantur:
911 1823 1180 1880 mundum
1220 1828 1587 1898 spernendum
1614 1846 1715 1885 as-

128 1914 331 1973 serunt,
363 1914 416 1963 et
445 1922 659 1980 semper
686 1910 927 1966 accurati
958 1912 1264 1983 procedunt
1290 1933 1303 1982 ;
1322 1915 1553 1988 jejuniis
1581 1918 1713 1975 insi-

129 2003 262 2050 stere
289 2010 345 2051 se
376 1994 649 2067 jactanter
694 1998 1013 2071 praedicant,
1063 2020 1189 2059 cum
1241 2021 1433 2062 omnes
1479 2007 1711 2079 saginati

128 2082 413 2141 videantur
444 2093 697 2152 ;tantum
738 2088 884 2159 quod
931 2097 1045 2146 arte
1086 2092 1321 2163 quadam
1351 2095 1544 2166 pallidi
1586 2113 1715 2153 cer-

126 2178 349 2240 nuntur,
380 2180 442 2227 ut
488 2173 701 2230 fallant.
734 2175 860 2232 Haec
888 2192 1015 2249 ergo
1040 2178 1336 2251 Apostolus
1379 2184 1617 2240 maxime
1647 2185 1715 2241 de

126 2257 210 2314 his
237 2261 612 2332 prophetavit,
656 2278 792 2334 quos
820 2272 1034 2321 constat
1064 2270 1438 2338 apostolorum
1469 2279 1715 2344 tempore

125 2363 226 2402 non
258 2347 451 2417 fuisse,
483 2350 629 2407 sicut
656 2367 758 2408 nec
785 2353 1058 2422 Arianos;
1117 2356 1321 2428 quippe
1347 2374 1474 2414 cum
1504 2360 1716 2418 Diocle-

127 2436 301 2491 tianus
330 2437 632 2509 imperator
660 2440 1063 2499 constitutione
1090 2460 1190 2499 sua
1208 2443 1479 2518 designet,
1505 2447 1711 2507 dicens:

129 2522 401 2583 Sordidam
460 2526 606 2586 hanc
634 2536 690 2585 et
723 2529 999 2603 impuram
1032 2531 1307 2604 haeresim,
1361 2552 1481 2608 quae
1518 2555 1713 2610 nuper,

130 2612 314 2685 inquit,
375 2632 591 2689 egressa
644 2626 727 2676 est
778 2618 846 2675 de
900 2621 1120 2678 Perside
1153 2624 1316 2694 (Vide
1368 2627 1579 2683 Collect.
1617 2630 1710 2699 leg.

128 2702 331 2762 Mosaic.
360 2712 408 2761 et
426 2707 705 2779 Romam).
735 2708 804 2763 Hi
826 2709 1123 2788 inveniunt
1143 2713 1403 2771 mulieres
1422 2732 1533 2787 prae
1561 2717 1711 2773 vani-

129 2798 228 2848 tate
256 2810 454 2852 novum
514 2798 726 2870 aliquid
754 2798 1129 2858 desiderantes
1182 2804 1398 2874 audire,
1431 2816 1487 2863 et
1517 2824 1613 2879 per
1651 2825 1714 2865 ea

129 2896 234 2952 quae
260 2884 461 2954 placita
493 2893 646 2955 sunt,
673 2887 905 2945 suadent
934 2889 1048 2965 illis
1076 2892 1215 2949 foeda
1266 2901 1320 2949 et
1349 2894 1547 2953 illicita
1571 2916 1585 2959 ;
1618 2916 1711 2955 cu.

129 2969 254 3039 pidae
278 2974 419 3028 enim
451 2982 586 3031 sunt
601 2975 870 3045 discendi,
889 2995 1012 3035 cum
1043 2978 1316 3050 judicium
1338 3000 1447 3041 non
1473 2984 1711 3044 habeant

128 3059 373 3128 probandi
400 3083 410 3120 :
442 3063 558 3120 hoc
585 3072 667 3121 est
694 3081 907 3139 semper
936 3067 1238 3139 discere,et
1265 3074 1515 3131 veritatis
1534 3076 1710 3133 scien-

130 3148 246 3205 tiam
276 3168 382 3207 non
414 3152 639 3210 habere.

193 3239 364 3309 (Vers.
396 3242 450 3311 8,
485 3242 575 3312 9.)
639 3266 658 3289 ‹
689 3244 1164 3311 Quemadmodum
1212 3259 1393 3312 autem
1423 3252 1624 3310 Jannes
1657 3262 1711 3311 et

127 3323 374 3385 Mambres
403 3331 735 3390 restiterunt
792 3334 996 3406 Moysi,
1025 3336 1104 3393 ita
1122 3337 1249 3394 ethi
1272 3339 1537 3397 resistunt
1567 3344 1707 3399 veri-

128 3416 236 3484 tati,
288 3417 543 3478 homines
570 3424 815 3495 corrupti
849 3433 1050 3493 mente,
1100 3427 1315 3500 reprobi
1345 3429 1492 3487 circa
1516 3433 1704 3491 ﬁdem.

129 3501 219 3559 Sed
244 3522 349 3563 non
382 3511 680 3582 proﬁcient
707 3514 983 3586 amplius;
1016 3514 1326 3585 ignorantia
1346 3520 1493 3576 enim
1515 3538 1705 3579 eorum

129 3595 333 3654 evidens
352 3602 455 3657 erit
474 3602 762 3672 omnibus,
793 3604 937 3660 sicut
953 3613 1007 3661 et
1026 3606 1252 3664 illorum
1282 3608 1409 3667 fuit.
1444 3637 1465 3659 ν
1503 3613 1703 3669 Exem-

129 3683 260 3753 plum
291 3688 394 3746 hoc
429 3692 498 3748 de
531 3693 863 3765 apocryphis
892 3702 1010 3762 est;
1045 3697 1247 3754 Jannes
1275 3700 1420 3755 enim
1453 3708 1506 3757 et
1534 3703 1702 3758 Mam-

127 3769 235 3831 bres
260 3778 451 3837 fratres
477 3791 638 3838 erant
694 3784 833 3855 magi
866 3786 953 3841 vel
993 3787 1226 3844 veneﬁci
1286 3790 1700 3863 1Egyptiorum,

127 3864 223 3955 qui
239 3876 349 3925 arte
378 3872 572 3944 magis:
591 3889 702 3929 suae
732 3873 1034 3931 virtutibus
1053 3877 1173 3945 Dei,
1203 3895 1325 3951 qua;
1355 3896 1450 3951 per
1472 3882 1700 3955 Moysen

127 3952 423 4028 agebantur,
481 3960 833 4018 aemulatione
900 3967 1280 4024 commentitia
1337 3952 1588 4029 resistere
1643 3991 1701 4031 se

127 4044 374 4134 putabant
406 4052 612 4119 (Exod.
646 4070 747 4120 vn,
781 4054 894 4123 11).
947 4054 1053 4111 Sed
1102 4074 1226 4113 cum
1258 4059 1463 4133 Moysis
1519 4062 1699 4120 virtus

125 4141 173 4181 In
207 4136 463 4204 operibus
505 4149 794 4209 cresceret,
824 4142 1064 4200 humiles
1114 4146 1268 4215 facti,
1300 4150 1537 4206 confessi
1569 4160 1699 4208 sunt

124 4231 231 4274 cum
283 4223 476 4280 dolore
533 4229 825 4283 vulnerum
868 4233 1041 4287 Deum
1082 4234 1141 4289 in
1174 4236 1362 4307 Moyse
1408 4248 1697 4309 operatum

127 4305 317 4400 (Brod.
350 4328 476 4381 vm,
511 4314 622 4385 19).
656 4316 811 4372 Unde
835 4318 1093 4375 similiter
1117 4329 1171 4376 et
1198 4305 1300 4377 hos
1325 4305 1699 4400 non-amplius

124 4397 371 4463 proﬁcere
400 4401 460 4456 in
508 4403 791 4477 impietate
836 4407 1155 4464 assertionis
1182 4427 1294 4466 suae
1330 4412 1501 4483 dicit;
1554 4397 1696 4490 quia

124 4481 383 4557 imperitia
439 4508 632 4551 eorum
690 4497 869 4569 palam
919 4497 1013 4554 ﬁet
1042 4507 1097 4555 et
1146 4502 1429 4570 seductio;
1486 4481 1538 4562 et
1568 4481 1695 4565 licet

125 4570 289 4646 inviti,
342 4581 760 4641 conﬁtebuntur
812 4594 996 4644 tamen
1054 4605 1206 4645 suam
1262 4591 1594 4667 imperitiam
1631 4599 1691 4655 in

122 4664 317 4724 ultimo.

185 4755 353 4823 (Vers.
376 4762 462 4830 10,
498 4764 610 4837 11).
657 4790 675 4813 ι
706 4766 787 4823 Tu
816 4784 947 4824 vero
975 4778 1253 4828 assecutus
1280 4788 1337 4828 es
1381 4772 1689 4832 doctrinam

124 4855 296 4914 meam,
316 4848 745 4925 institutionem,
775 4859 1139 4931 propositum,
1157 4860 1317 4919 ﬁdem
1332 4906 1346 4929 ,
1365 4864 1689 4937 longanimi-

124 4933 288 5023 tatem,
320 4937 693 5013 dilectionem,
727 4947 1072 5018 patientiam,
1105 4933 1532 5022 persecutiones,
1556 4970 1689 5023 pas-

121 5017 297 5113 siones.
321 5052 339 5074 ι
382 5029 591 5089 Eorum
623 5017 743 5091 vult
771 5052 885 5093 esse
901 5039 1186 5108 aemulum,
1213 5057 1335 5113 quas
1362 5050 1648 5098 enumerat
1672 5061 1685 5110 ;

124 5101 221 5200 hac
245 5114 385 5171 enim
429 5119 489 5175 in
527 5122 724 5180 ultimo
766 5142 877 5183 non
931 5127 1000 5184 ad
1031 5101 1434 5200 paenitentiam,
1480 5130 1575 5186 sed
1619 5131 1689 5186 ad

123 5191 345 5259 laetitiam
375 5209 686 5279 proﬁcient.

182 5288 349 5356 (Vers.
381 5297 468 5365 12,
499 5300 614 5373 13.)
658 5325 677 5349 ι
710 5304 905 5371 Qualia
952 5307 1093 5363 mihi
1130 5309 1273 5366 facta
1314 5318 1444 5366 sunt
1479 5309 1689 5367 Antio—

120 5369 259 5447 chiae,
288 5383 478 5456 Iconii,
508 5398 565 5446 et
600 5392 836 5465 Lystris,
872 5398 1062 5469 quales
1091 5399 1499 5470 persecutiones
1526 5400 1687 5456 susti-

180 5565 287 5643 (81)
315 5573 441 5635 Mss.
473 5586 753 5652 nonnulli,
780 5588 854 5644 ad
879 5605 1030 5645 omne
1072 5588 1265 5646 bonum
1303 5590 1612 5646 instructus.

408 5678 649 5742 PATBOL.
690 5683 868 5745 XVII.

1825 1827 2156 1901 eﬂiciantur,
2216 1850 2326 1889 non
2385 1836 2564 1891 solum
2612 1835 2671 1890 in
2718 1836 2954 1908 pr0priis
2984 1842 3267 1897 erroribus
3314 1860 3428 1915 pu—

1823 1918 2035 1990 niendi,
2092 1939 2286 1979 verum
2318 1923 2484 1981 etiam
2532 1925 2591 1981 in
2619 1924 2840 1995 horum,
2873 1944 3011 2001 quos
3039 1933 3296 2003 exemplo
3325 1949 3426 1990 suo

1823 2008 2148 2081 deperdunt.

1897 2098 2079 2169 (Vers.
2121 2101 2207 2172 14,
2242 2103 2357 2177 15.)
2426 2129 2445 2152 ι
2472 2105 2553 2161 Tu
2581 2123 2713 2163 vero
2742 2124 3030 2180 persevera
3059 2110 3117 2166 in
3160 2110 3271 2181 his,
3303 2128 3424 2185 quas

1823 2185 2100 2257 dedicisti,
2131 2198 2184 2246 et
2211 2208 2331 2265 quae
2377 2193 2483 2249 tibi
2511 2194 2718 2252 credita
2746 2206 2896 2267 sunt,
2933 2200 3113 2256 sciens
3163 2217 3195 2256 a
3223 2202 3425 2275 quibus

1824 2273 2107 2345 didiceris,
2164 2286 2219 2334 et
2272 2281 2403 2352 quia
2455 2282 2522 2337 ab
2551 2283 2789 2341 infantia
2830 2303 3010 2344 sacras
3037 2272 3257 2347 litteras
3276 2272 3416 2354 31-1

1826 2372 1993 2440 nosti,
2023 2391 2144 2446 quae
2178 2384 2409 2446 possunt
2464 2385 2518 2432 te
2573 2380 2794 2436 erudire
2822 2383 2890 2439 ad
2920 2385 3173 2442 salutem.
3206 2412 3227 2435 ι
3268 2389 3424 2445 Mul-

1826 2469 1943 2517 tum
2002 2463 2258 2534 prodesse
2291 2464 2564 2535 signiﬁcat
2612 2469 2827 2525 Veteris
2857 2471 3192 2531 Testamenti
3223 2475 3422 2533 habere

1826 2550 2121 2619 notitiam;
2179 2553 2325 2625 ipsas
2375 2556 2523 2611 enim
2581 2575 2760 2614 sacras
2819 2560 3032 2617 litteras
3085 2563 3243 2632 dicit,
3300 2582 3421 2638 quae

1824 2639 2031 2697 Christi
2052 2657 2342 2712 personam
2363 2642 2672 2712 insinuant,
2694 2652 2749 2701 et
2768 2646 3200 2704 incarnationem
3222 2649 3341 2721 ejus
3354 2653 3423 2709 ad

1823 2730 2054 2785 salutem
2100 2729 2391 2787 hominum
2425 2732 2801 2791 redimendam
2831 2736 3129 2793 declarant.
3162 2740 3424 2797 Hortatur

1823 2825 2005 2873 autem
2039 2834 2187 2885 eum,
2209 2826 2273 2874 ut
2302 2818 2361 2875 in
2390 2819 2478 2876 his
2498 2821 2751 2893 proﬁciat
2775 2842 2788 2891 ;
2811 2823 3112 2897 antiquitas
3135 2827 3280 2883 enim
3306 2827 3422 2886 haec

1822 2906 1993 2961 robur
2017 2914 2099 2962 est
2130 2907 2415 2975 novitatis,
2439 2909 2621 2965 sciens
2649 2911 2778 2983 quia
2805 2929 2838 2967 a
2868 2929 2978 2985 quo
3006 2914 3225 2974 didicit.
3253 2916 3414 2973 ﬁrma

1820 3003 1903 3050 est
1930 2996 2261 3063 auctoritas;
2315 2996 2471 3069 signa
2514 2999 2662 3054 enim
2714 3009 2769 3056 et
2800 3001 3051 3075 prodigia
3091 3004 3234 3060 vidit
3273 3006 3418 3063 facta

1738 3112 1788 3175 ρ
1818 3100 1915 3156 per
1941 3103 2090 3153 cum,
2118 3087 2320 3160 quibus
2349 3088 2533 3145 omnis
2558 3106 2738 3147 sermo
2769 3093 3099 3152 succumbit.

1894 3176 2057 3247 (Vers
2098 3177 2185 3242 16,
2219 3177 2334 3247 17.)
2379 3202 2398 3223 ι
2418 3178 2613 3234 Omnis
2641 3179 2925 3251 Scriptura
2953 3182 3225 3241 divinitus
3240 3163 3414 3258 inspi-

1820 3270 1938 3318 rata
1966 3263 2122 3319 utilis
2152 3273 2234 3320 est
2260 3265 2329 3320 ad
2375 3266 2707 3334 doctrinam,
2767 3267 2835 3322 ad
2870 3270 3292 3340 correptionem,
3348 3274 3415 3331 ad

1818 3352 2359 3423 redintegrationem,
2418 3354 2487 3409 ad
2517 3353 2983 3425 redargutionem,
3013 3357 3082 3412 ad
3139 3359 3416 3417 eruditio-

1817 3463 1967 3515 nem,
2023 3464 2144 3520 quae
2172 3456 2254 3503 est
2285 3449 2341 3503 in
2373 3448 2489 3521 ipsa
2512 3447 2752 3520 jnstitia,
2785 3458 2847 3505 ut
2874 3458 3095 3522 paratus
3141 3452 3217 3507 sit
3247 3452 3412 3510 homo

1815 3537 1937 3604 Dei,
1968 3536 2034 3591 ad
2064 3553 2226 3593 omne
2257 3554 2393 3610 opus
2420 3538 2630 3593 bonum
2661 3548 3076 3597 consummatus
3107 3542 3249 3626 (81).
3275 3569 3293 3591 ι

1814 3625 2165 3683 Manifestum
2204 3635 2286 3682 est
2330 3628 2461 3700 quia
2494 3628 2675 3683 omnis
2720 3630 3017 3701 scriptura,
3069 3632 3228 3703 cujus
3265 3634 3411 3690 Deus

1813 3724 2002 3773 auctor
2030 3716 2359 3784 ostenditur,
2391 3717 2547 3774 utilis
2577 3725 2660 3774 est
2687 3737 2702 3785 ;
2736 3719 2806 3775 ad
2834 3720 2939 3776 hoc
2968 3722 3117 3777 enim
3148 3722 3274 3779 data
3305 3733 3408 3791 est,

1811 3813 1873 3859 ut
1902 3805 2151 3877 proﬁciat
2176 3805 2471 3878 imperitis,
2501 3816 2554 3863 et
2601 3807 2872 3863 instauret
2900 3808 3196 3878 deformes,
3228 3820 3410 3868 attra—

1810 3901 1948 3957 hens
2002 3902 2223 3974 iniquos
2270 3903 2338 3957 ad
2366 3902 2667 3974 justitiam,
2727 3912 2791 3960 ut
2818 3906 2987 3961 homo
3016 3907 3116 3962 Dei
3168 3909 3225 3963 in
3255 3912 3407 3966 omni

1810 4003 1971 4059 opere
2018 3990 2162 4045 bono
2218 3991 2493 4062 perfectus
2537 3991 2646 4057 sit;
2708 3991 2769 4046 in
2799 4008 2945 4048 novo
2997 3994 3153 4049 enim
3182 3994 3407 4053 homine

1810 4078 2076 4150 gradatim
2110 4078 2422 4151 proﬁciens,
2455 4080 2748 4137 constituit
2780 4082 2939 4138 illum
2957 4081 3240 4141 hominem
3273 4088 3393 4145 Dei.

2429 4211 2657 4271 CAPUT
2686 4215 2782 4273 IV.

1881 4323 2061 4393 (Vers.
2098 4324 2148 4391 1,
2190 4323 2270 4395 2.)
2312 4347 2330 4370 ι
2360 4324 2745 4397 Testorcoram
2774 4330 2887 4386 Deo
2915 4336 2970 4385 et
2999 4330 3222 4389 Christo
3249 4333 3399 4399 Iesu,

1804 4411 1897 4485 qui
1919 4410 2275 4483 judicaturns
2302 4423 2382 4471 est
2410 4416 2566 4471 vivos
2591 4424 2645 4472 et
2676 4426 2943 4489 mortuos,
2974 4437 3070 4493 per
3098 4422 3397 4479 adventum

1805 4500 1997 4572 ipsius,
2029 4509 2082 4558 et
2116 4520 2343 4576 regnum
2372 4503 2492 4576 ejus
2522 4523 2537 4573 ;
2567 4507 2805 4577 praedica
2838 4508 3089 4575 verbum,
3124 4510 3270 4566 insta
3299 4528 3395 4583 op-

1802 4597 2058 4662 portune,
2122 4592 2474 4665 importune:
2538 4610 2723 4665 argue,
2783 4596 3027 4664 hortare,
3063 4595 3287 4667 increpa
3339 4597 3398 4649 in

1800 4679 1953 4735 omni
2012 4682 2461 4752 magnanimitate
2493 4691 2547 4737 et
2601 4681 2874 4737 doctrina.
2909 4707 2929 4730 ι
2996 4683 3128 4738 Tam
3159 4682 3396 4737 sollicite

1801 4766 2022 4822 mandat
2062 4767 2326 4824 inviolate
2358 4768 2767 4839 praedicandum
2791 4769 2888 4823 Dei
2919 4768 3150 4836 donum,
3181 4776 3243 4823 ut
3269 4786 3393 4825 cum

1798 4854 2088 4910 testatione
2134 4855 2235 4909 Dei
2284 4855 2460 4909 Patris
2488 4861 2542 4908 et
2572 4853 2779 4909 Christi
2823 4853 2953 4909 Filii
2982 4853 3099 4924 ejus
3129 4855 3234 4911 hoc
3265 4872 3396 4913 mo-

1798 4948 1926 4997 neat
1980 4939 2309 5005 curandum,
2354 4939 2784 5010 instandnmque
2834 4941 2892 4994 in
2936 4956 3000 4996 eo
3059 4950 3121 4998 ut
3176 4944 3395 5002 assidua

1797 5026 2184 5101 praedicatione
2215 5035 2269 5082 et
2321 5026 2513 5083 crebra
2555 5024 2939 5098 objurgatione
2960 5045 3087 5087 cum
3135 5040 3393 5105 opportu-

1797 5117 1971 5171 nitate
2029 5122 2288 5188 provocet
2352 5113 2421 5169 ad
2473 5111 2759 5169 meliorem
2818 5114 3155 5186 prefectnm:
3221 5130 3276 5178 et
3330 5131 3391 5177 ut

1798 5204 2016 5260 facilius
2045 5203 2295 5275 arguenti
2349 5200 2671 5270 assentiant,
2704 5203 2825 5259 sine
2856 5207 3228 5267 amaritudine
3285 5210 3391 5266 hoc

1796 5294 2064 5369 agendum
2100 5295 2370 5352 hortatur.

1872 5380 2053 5454 (Vei's.
2090 5382 2144 5451 3,
2178 5382 2257 5457 4.)
2328 5386 2491 5443 (Εΐίῐ
2538 5382 2689 5440 enim
2745 5390 2984 5454 tempus,
3035 5406 3164 5447 cum
3202 5405 3387 5447 sanam

3106 5695 3171 5753 17
