3908 6192
489 295 596 361 523

1536 278 1632 342 AD
1673 275 1907 341 OPEllA
1949 277 2003 338 S.
2045 269 2377 336 AMBROSII
2408 261 2785 330 APPENDIX.

3691 251 3800 322 325

487 427 797 485 doctrinam
848 436 960 479 non
1009 413 1400 482 sustinebunt;
1439 409 1532 468 sed
1568 408 1634 465 ad
1670 425 1766 465 sua
1814 403 2085 464 desideria
2118 405 2168 466 A
2199 399 2351 459 utilis
2379 399 2434 456 in
2488 396 2828 455 ministerio:
2881 389 3185 468 Tychicnm
3236 403 3367 446 vero
3418 389 3547 446 misi
3603 392 3799 463 Ephe-

491 517 782 589 magistros
811 511 916 570 sibi
939 514 1196 582 aggereut
1219 506 1359 577 (82),
1386 500 1694 575 prurientes
1716 496 1958 552 auribus:
1985 503 2036 550 et
2057 512 2082 550 a

491 586 726 662 veritate
767 600 990 675 quidem
1037 596 1288 654 auditum
1319 596 1589 656 avertent,
1613 586 1682 642 ad
1712 586 1926 642 fabulas
1955 601 2086 640 vero

493 701 907 756 convertentur.
941 711 959 738 ι
1024 688 1096 742 Et
1155 686 1274 740 haec
1329 680 1502 738 simili
1563 678 1729 735 modo
1800 675 2090 748 prophetia

492 798 575 845 est
627 785 801 844 sancti
856 776 1127 852 Apostoli,
1161 775 1254 848 qui
1303 771 1561 845 praescius
1606 769 1942 835 futurorum,
1990 766 2088 821 in-

491 881 748 940 standum
797 876 856 930 in
894 871 1146 929 doctrina
1175 867 1410 924 sollicite
1453 862 1739 937 praecipit;
1772 869 1834 917 ut
1864 857 2086 916 formati

490 972 546 1028 in
583 969 690 1025 ﬁde
721 973 774 1022 et
802 961 962 1019 bonis
994 957 1269 1033 operibus,
1307 954 1509 1011 eruditi
1540 953 1596 1008 in
1620 951 1913 1024 disciplina
1934 965 2084 1016 sana,

491 1057 705 1116 robusti
751 1058 1030 1119 maneant,
1080 1056 1141 1106 ut
1188 1056 1466 1120 postremo
1513 1051 1756 1116 tempore
1798 1058 1921 1098 cum
1953 1039 2088 1113 qui-

491 1149 616 1205 dam
648 1163 680 1202 a
724 1142 954 1199 veritate
982 1139 1050 1196 ad
1089 1153 1327 1194 errorem
1375 1134 1624 1192 converti
1655 1129 1939 1203 cmperint,
1973 1129 2087 1184 im-

492 1238 723 1295 mobiles
788 1235 1152 1306 perseverent.
1212 1227 1368 1282 Tales
1440 1223 1588 1280 enim
1665 1223 1882 1278 futuros
1928 1219 2083 1286 dicit,

494 1328 589 1400 qui
619 1340 718 1398 pro
747 1319 1038 1379 desideriis
1088 1314 1204 1372 suis
1229 1311 1415 1370 doceri
1462 1327 1518 1368 se
1543 1309 1721 1366 velint
1747 1327 1760 1376 ;
1799 1315 1862 1363 ut
1894 1323 1924 1361 a
1960 1320 2087 1360 ma—

495 1395 679 1491 gistris
725 1408 1108 1469 constantibus
1155 1412 1318 1476 atque
1365 1398 1653 1455 veracibus
1700 1395 1768 1453 ad
1818 1396 1918 1452 hos
1944 1412 2086 1451 con-

495 1484 802 1570 vertantur,
870 1498 964 1572 qui
1008 1496 1126 1552 haec
1190 1493 1318 1548 illos
1379 1489 1634 1555 doceant,
1685 1501 1806 1558 quae
1854 1484 2088 1540 libenter

495 1595 761 1658 audiant;
798 1589 928 1663 quia
974 1585 1178 1642 veritas
1209 1581 1323 1637 illis
1350 1595 1540 1652 aspera
1569 1575 1868 1642 videbitur,
1901 1581 1964 1629 ut
1994 1590 2088 1631 re-

498 1686 627 1743 licta
653 1697 752 1740 sua
779 1675 1052 1744 doctrina,
1083 1672 1287 1730 fabulis
1324 1674 1539 1726 vacent.
1576 1667 1786 1723 Nolunt
1815 1665 1962 1722 enim
1993 1679 2090 1720 ar-

2196 511 2336 548 sum.
2367 513 2389 543 ››
2441 490 2576 546 Cum
2627 494 2838 544 constet
2883 489 3026 548 312
3073 499 3291 539 onmem
3354 481 3798 538 instructionem

2197 588 2303 643 viri
2333 585 2687 643 ecclesiastici
2720 583 2835 655 (8's)
2883 582 2941 637 in
2972 581 3205 652 epistola
3227 579 3536 646 contineri,
3567 589 3800 652 propter

2198 679 2428 733 multam
2471 685 2653 732 tamen
2683 674 3006 730 charitatem
3038 670 3385 743 praesentiam
3419 669 3544 741 ejus
3579 669 3796 726 deside-

2199 777 2314 826 rat:
2349 769 2530 824 Marco
2578 772 2760 821 autem
2816 763 3023 821 idcirco
3067 761 3450 818 testimonium
3510 759 3796 833 perhibet,

2197 859 2325 932 quia
2356 872 2565 914 memor
2592 863 2672 911 est
2699 852 3097 926 praeteritorum
3126 851 3246 923 ejus
3275 851 3553 906 laborum.

2271 949 2453 1020 (Vere.
2489 945 2602 1016 13.)
2647 968 2664 991 ι
2694 943 2955 1000 Penulam
2991 958 3154 1014 quam
3176 939 3377 1012 reliqui
3413 938 3632 995 Troade
3650 939 3794 1012 apud

2197 1037 2452 1109 Carpum,
2515 1035 2742 1090 veniens
2779 1033 2910 1089 aifer
2958 1041 3160 1098 tecum,
3205 1038 3259 1086 et
3304 1030 3502 1096 libros,
3552 1029 3795 1085 maxime

2195 1135 2376 1182 autem
2409 1125 2751 1181 menbranas.
2779 1147 2798 1172 ι
2854 1121 3150 1194 Apostolus
3175 1127 3374 1175 natura
3413 1119 3642 1175 Judaeus
3668 1119 3794 1185 fuit,

2197 1233 2299 1273 nec
2331 1213 2631 1288 quidquam
2652 1211 2847 1268 habuit
2876 1210 3138 1266 alienum.
3163 1208 3318 1265 Unde
3345 1225 3478 1282 ergo
3510 1209 3598 1264 illi
3628 1225 3795 1280 penu-

2199 1307 2249 1362 la
2270 1306 2297 1361 ?
2340 1304 2445 1361 Sed
2489 1303 2620 1376 quia
2648 1311 2821 1358 erata
2856 1301 3047 1368 Tarso,
3079 1315 3216 1372 quos
3257 1307 3477 1356 constat
3507 1299 3566 1354 in
3627 1297 3795 1354 socie-

2195 1403 2362 1451 tatem
2393 1397 2762 1452 Romanorum
2793 1397 3057 1463 receptos,
3105 1397 3166 1444 ut
3208 1388 3275 1445 de
3324 1398 3525 1445 caetero
3557 1387 3795 1461 appella-

2199 1492 2390 1541 rentur
2438 1483 2586 1540 cives
2633 1481 2902 1547 Romani;
2956 1479 3162 1536 idcirco
3215 1495 3435 1536 necesse
3479 1489 3561 1534 est
3604 1495 3700 1534 eos
3748 1487 3797 1533 et

2198 1574 2403 1632 curiam
2437 1572 2656 1640 habere,
2688 1571 2746 1626 in
2775 1587 2937 1643 quam
2986 1585 3135 1625 more
3163 1570 3541 1625 Romanorum
3574 1569 3797 1638 penula-

2199 1665 2242 1720 ti
2273 1663 2625 1720 conveniant.
2683 1661 3007 1733 Quicunque
3052 1657 3200 1714 enim
3247 1658 3346 1712 illo
3372 1665 3625 1729 tempore
3670 1673 3795 1713 cum

497 1775 588 1849 gui
640 1770 881 1842 maligna
918 1778 1085 1838 opera
1141 1775 1275 1818 sua:
1310 1774 1477 1832 quare
1525 1757 1661 1813 tales
1687 1756 1884 1810 volunt
1917 1755 2082 1827 magi-
2118 1771 2163 1831 Β
2199 1753 2520 1808 muneribus
2563 1750 2783 1806 obviam
2828 1749 3071 1804 exissent
3114 1747 3394 1814 Romanis,
3446 1745 3798 1801 immunitate

496 1843 659 1929 atros,
705 1858 800 1932 qui
850 1854 1094 1913 serviant
1121 1849 1369 1906 moribus
1391 1862 1581 1902 eorum
1607 1862 1619 1912 ;
1651 1844 1909 1916 pruriunt
1939 1843 2086 1898 enim

496 1967 654 2009 aures
682 1962 892 2015 eorum,
923 1951 986 2000 ut
1017 1940 1245 1998 audiant
1275 1937 1490 1993 fabulas
1514 1935 1820 1989 vanitatum
1851 1949 2086 2003 compo-

495 2043 628 2100 sitas
640 2040 742 2096 sub
767 2035 993 2094 nomine
1005 2031 1294 2097 doctrinae,
1318 2027 1518 2100 quibus
1537 2025 1898 2080 delectentur.
1930 2021 2089 2088 Quod

496 2131 668 2188 nullis
696 2137 807 2184 tam
837 2125 1121 2199 proprium
1153 2127 1254 2187 est,
1298 2131 1460 2190 quam
1492 2113 1829 2179 Manichaeis,
1863 2111 1957 2184 qui
1984 2127 2090 2167 ne—

495 2221 611 2279 scio
634 2235 754 2293 quae
784 2217 988 2273 habent
1015 2213 1233 2270 diversa
1265 2213 1575 2265 commenta
1603 2202 1809 2258 inflatis
1837 2200 2093 2256 nomini-

497 2309 600 2366 bus
630 2289 961 2378 nuncupata;
995 2317 1119 2360 cum
1142 2299 1255 2356 sint
1282 2313 1368 2353 res
1397 2293 1613 2350 frivolae
1641 2301 1695 2348 et
1724 2290 1972 2365 quaedam
2002 2289 2091 2346 dc-

499 2399 806 2455 liramenta.

569 2489 750 2561 (Vera.
785 2486 840 2554 ὕ,
869 2485 950 2557 6.)
999 2507 1018 2531 ι
1038 2482 1120 2538 Tu
1147 2495 1278 2536 vero
1305 2475 1523 2535 sobrius
1550 2481 1666 2530 esto
1698 2472 1840 2543 (83),
1871 2470 1928 2525 in
1966 2487 2095 2561 oin-

496 2559 662 2639 nibus
707 2575 942 2650 patiens,
990 2589 1129 2645 opus
1175 2571 1261 2628 fac
1318 2564 1688 2639 evangelista),
1724 2559 2092 2618 ministerium

497 2679 654 2728 tuum
683 2667 880 2739 exple;
914 2679 1013 2736 ego
1041 2660 1186 2718 enim
1213 2658 1328 2731 jam
1361 2655 1596 2723 delibor,
1630 2661 1683 2709 et
1703 2660 1918 2723 tempus
1937 2649 2097 2705 solu-

499 2758 672 2816 tionis
717 2736 851 2812 meaa
897 2754 1086 2810 instat.
1111 2773 1130 2799 ι
1163 2750 1441 2805 Admonet
1465 2755 1519 2802 et
1554 2744 1807 2800 hortatur
1852 2747 1915 2796 ut
1943 2736 2096 2809 vigi—

499 2850 577 2905 let
622 2847 680 2901 in
727 2843 1025 2913 disciplina
1052 2836 1442 2900 ecclesiastica,
1486 2831 1724 2887 viriliter
1769 2835 1910 2901 agat,
1957 2827 2098 2884 Scri-

500 2944 688 3009 pturas
734 2931 1012 3002 explanet,
1059 2934 1120 2982 ut
1148 2923 1448 2996 prudentes
1484 2929 1537 2976 et
1566 2919 1770 2976 eruditi
1801 2919 1992 2974 inanes
2021 2915 2096 2972 fa-

501 3007 658 3081 bulas
722 3021 918 3075 vitent.
993 3016 1292 3088 Apostolus
1357 3011 1505 3069 enim
1563 3009 1741 3066 sciens
1791 3007 2098 3080 passionem

501 3129 655 3170 suam
703 3108 1015 3175 imminere,
1059 3102 1374 3175 exemplum
1422 3100 1527 3172 pia
1554 3097 1994 3154 conversationis
2043 3103 2096 3149 et

501 3218 646 3262 sanae
675 3196 940 3258 doctrinae
963 3196 1020 3252 in
1043 3201 1234 3251 sancto
1285 3187 1578 3246 Timotheo
1604 3187 1727 3243 vult
1741 3185 2054 3258 relinquere
2081 3202 2093 3250 ;

501 3303 565 3353 ut
595 3308 690 3367 per
705 3289 986 3346 traducem
1006 3299 1292 3358 nunquam
1318 3281 1569 3339 deessent
1598 3277 1850 3334 doctores
1875 3272 2058 3330 idonei
2085 3291 2098 3339 ;

503 3365 811 3459 passionem
842 3387 1024 3436 tamen
1055 3393 1209 3434 suam
1241 3375 1635 3432 delibationem
1684 3367 1959 3440 appellat;
1991 3365 2103 3419 Deo

503 3475 652 3530 enim
681 3471 1018 3535 immolatur,
1049 3467 1144 3538 qui
1169 3481 1270 3536 pro
1294 3464 1414 3535 ejus
1447 3459 1667 3534 justitia
1697 3459 1925 3530 patitur.

581 3561 763 3630 (Vere.
785 3558 841 3620 6,
873 3557 952 3623 7.)
990 3554 1298 3609 «Certamen
1331 3553 1539 3607 bonum
1565 3548 1864 3614 decertavi,
1885 3559 2106 3602 cursum

511 3643 913 3710 consummavi,
935 3641 1098 3697 fidem
1116 3640 1353 3695 servavi.
1372 3639 1531 3704 Quod
1549 3636 1822 3708 reliquum
1842 3641 2102 3704 est,repo-

512 3739 617 3795 sita
630 3742 712 3792 est
737 3733 875 3788 mihi
893 3745 1098 3790 corona
1117 3727 1370 3802 justitiae,
1383 3742 1546 3800 quam
1563 3724 1751 3780 reddet
1771 3722 1908 3778 mihi
1925 3721 2108 3778 Domi-

511 3843 616 3887 nus
638 3827 694 3883 in
707 3826 803 3881 illa
818 3825 907 3882 die
918 3823 1104 3895 justus
1111 3819 1304 3893 judex:
1322 3833 1432 3874 non
1453 3817 1633 3872 solum
1649 3821 1829 3870 autem
1851 3812 2111 3881 mihi,sed

513 3926 567 3976 et
587 3917 656 3974 iis
683 3915 779 3989 qui
807 3913 1049 3986 diligunt
1067 3910 1371 3967 adventum
1402 3905 1541 3978 ejus.
1566 3902 1768 3960 Omnia
1788 3917 1910 3976 qua:
1932 3901 2036 3958 sibi
2059 3910 2111 3957 et

514 4008 726 4067 caeteris
743 4005 904 4062 utilia
918 4011 1100 4060 essent
1116 4009 1170 4058 et
1183 4013 1462 4072 prospera,
1475 4010 1720 4052 servasse
1741 4009 1798 4050 se
1814 3998 2078 4048 memorat
2095 4009 2108 4058 ;

516 4114 629 4155 non
657 4097 837 4152 solum
883 4094 1031 4149 enim
1068 4092 1125 4148 in
1172 4089 1378 4158 verbis,
1410 4086 1503 4144 sed
1531 4093 1585 4142 et
1617 4085 1672 4140 in
1719 4082 1975 4156 operibus
2006 4081 2111 4136 for-

520 4201 665 4241 mam
679 4199 734 4238 se
747 4181 981 4253 praebuit
1001 4179 1446 4246 audientibus;ut
1465 4183 1518 4232 et
1539 4174 1750 4230 auctori
1765 4189 1864 4228 suo
1884 4171 2114 4226 veritate

520 4269 928 4346 praedicationis
972 4269 1151 4324 ﬁdelis
1187 4268 1534 4338 dispensator
1561 4263 1870 4330 exsisteret,
1903 4268 1957 4315 et
1985 4276 2112 4316 con-

523 4367 609 4419 tra
637 4355 831 4414 mundi
861 4353 1139 4427 principes
1167 4363 1220 4411 et
1242 4361 1532 4426 potestates
1561 4350 1712 4408 omni
1738 4348 2115 4406 sollicitudine

525 4457 580 4508 et
608 4445 806 4522 peritia
829 4443 1176 4510 colluctatus,
1202 4442 1516 4512 exemplum
1535 4439 1810 4513 quomodo
1835 4437 2117 4494 vinceren-

2201 1852 2462 1917 perpetua
2510 1843 2719 1912 donati,
2779 1842 2928 1898 cives
2975 1839 3207 1897 Romani
3254 1847 3307 1895 et
3352 1838 3560 1894 fratres
3603 1846 3797 1893 eorum

2202 1935 2680 2007 nuncupabantur,
2730 1939 2870 1988 teste
2894 1927 3084 1987 eodem
3117 1930 3392 2002 Apostolo.
3445 1929 3640 1984 Potest
3669 1942 3798 1998 ergo

2200 2027 2342 2095 ﬁeri,
2374 2036 2435 2083 ut
2463 2026 2506 2082 si
2540 2040 2649 2081 non
2699 2038 2874 2090 suam;
2909 2023 3039 2095 quia
3096 2029 3271 2077 totum
3300 2035 3352 2075 se
3398 2017 3503 2089 legi
3535 2017 3797 2080 dederat,

2201 2117 2374 2191 patris
2401 2117 2485 2174 sui
2516 2117 2741 2173 haberet
2772 2114 3054 2188 penulam.

2275 2208 2456 2280 (Vers.
2506 2206 2591 2274 14,
2626 2206 2742 2275 15.)
2797 2227 2815 2252 ι
2846 2201 3163 2259 Alexander
3193 2197 3416 2254 :erarius
3442 2198 3624 2252 multa
3655 2197 3795 2252 mala

2203 2297 2342 2354 mihi
2368 2295 2642 2352 ostendit:
2673 2293 2863 2351 reddet
2892 2291 2976 2348 illi
3005 2290 3275 2348 Dominus
3300 2287 3605 2344 secundum
3635 2302 3794 2358 opera

2203 2401 2320 2443 sua.
2355 2386 2526 2454 Quem
2574 2393 2628 2443 et
2678 2391 2741 2441 tu
2769 2383 2996 2450 devita;
3030 2380 3193 2437 valde
3239 2378 3384 2434 enim
3428 2378 3636 2434 restitit
3681 2392 3793 2431 ver-

2203 2476 2289 2532 bis
2320 2477 2542 2532 nostris.
2571 2499 2588 2523 ι
2643 2471 2956 2529 Alexander
2992 2471 3095 2526 iste
3125 2477 3178 2526 et
3204 2471 3403 2524 Demas
3452 2465 3794 2538 supradictus

2204 2567 2426 2639 Collegae
2464 2565 2708 2621 fuerunt.
2760 2563 2827 2618 Hi
2859 2561 3012 2634 prius
3062 2577 3187 2618 cum
3225 2557 3494 2631 Apostolo
3523 2564 3700 2623 erant,
3731 2554 3792 2610 si-

2205 2659 2479 2712 mulantes
2524 2654 2606 2710 illi
2635 2652 2978 2710 amicitiam:
3031 2657 3085 2706 et
3131 2650 3260 2722 quia
3288 2648 3512 2704 fallaces
3560 2657 3794 2719 tempore

2207 2748 2530 2820 probantur,
2564 2745 2726 2800 ambo
2759 2741 2827 2799 ab
2856 2759 2920 2799 eo
2941 2747 3307 2799 recesserunt.
3337 2740 3442 2794 Hic
3467 2745 3652 2794 autem
3675 2752 3794 2792 aera-

2208 2837 2342 2904 rius,
2380 2835 2473 2908 qui
2505 2833 2765 2891 audacior
2793 2840 2908 2888 erat
2939 2832 2996 2887 in
3041 2830 3220 2897 malis,
3252 2828 3334 2885 sic
3362 2827 3431 2883 ab
3461 2843 3528 2882 eo
3560 2824 3794 2889 recessit,

2209 2933 2271 2982 ut
2292 2933 2347 2981 et
2373 2923 2746 2981 contradictor
2771 2921 3067 2978 verborum
3091 2919 3210 2991 ejus
3231 2918 3517 2974 existeret.
3553 2915 3661 2982 Qui
3684 2930 3796 2986 ergo

2210 3015 2473 3087 Apostolo
2511 3029 2678 3070 ausus
2738 3018 2854 3067 erat
2903 3008 3297 3075 contradicere,
3368 3021 3480 3061 non
3528 3004 3798 3059 immerito

2209 3104 2532 3161 evitandum
2567 3104 2716 3160 hunc
2743 3102 3022 3169 admonet,
3054 3100 3152 3157 Dei
3177 3097 3391 3170 judicio
3419 3097 3592 3153 istum
3627 3095 3801 3152 dimit-

2210 3204 2350 3251 tens.

2287 3285 2468 3355 (Vers.
2512 3283 2624 3354 16.)
2672 3305 2689 3328 ι
2711 3283 2772 3337 In
2800 3280 2974 3353 prima
2997 3296 3117 3336 mea
3150 3275 3471 3334 defensione
3491 3291 3660 3332 nemo
3677 3272 3799 3330 mihi

2214 3373 2412 3442 adfuit,
2448 3373 2541 3429 sed
2571 3388 2760 3428 omnes
2793 3386 2880 3426 me
2909 3369 3361 3441 dereliquerunt:
3397 3379 3511 3422 non
3545 3365 3664 3421 illis
3719 3364 3800 3418 im-

2215 3471 2458 3537 putetur.
2481 3488 2498 3511 ι
2527 3463 2812 3517 Pressuras
2832 3469 2883 3517 et
2901 3458 3286 3514 tribulationes
3306 3455 3412 3512 sibi
3431 3455 3618 3511 illatas
3636 3453 3804 3510 defen-

2217 3551 2429 3607 sionem
2459 3566 2612 3607 suam
2635 3555 2915 3620 nuncupat
2940 3567 2953 3616 ;
2985 3546 3164 3620 passio
3182 3545 3328 3602 enim
3353 3542 3690 3601 Christianis
3706 3540 3806 3595 vita

2217 3649 2318 3710 est,
2370 3649 2424 3697 et
2464 3639 2774 3712 persecutio
2821 3637 3106 3694 defensio:
3160 3651 3412 3708 pressura
3459 3633 3612 3689 enim
3671 3632 3803 3687 illata

2218 3750 2317 3806 pro
2333 3731 2556 3804 justitia
2605 3731 2852 3788 defendit
2883 3730 3042 3785 illum
3077 3729 3135 3784 in
3159 3727 3251 3784 die
3275 3724 3500 3798 judicii,
3537 3740 3666 3780 reos
3695 3737 3806 3778 con-

2221 3825 2468 3881 stituens
2501 3823 2913 3895 perfidoslnter
2942 3821 3058 3893 ipsa
3079 3833 3207 3890 ergo
3225 3816 3385 3872 initia
3409 3816 3580 3870 illata:
3609 3827 3806 3886 pressu-

2223 3928 2297 3968 rae
2345 3911 2674 3968 derelictum
2727 3925 2783 3966 se
2836 3907 3232 3980 conqueritur:
3281 3913 3336 3961 et
3381 3903 3516 3977 quia
3543 3902 3654 3959 scit
3683 3901 3809 3956 hanc.

2221 4017 2337 4058 esse
2365 4001 2843 4067 consuetudinem,
2899 4013 3009 4054 non
3040 3997 3154 4052 illis
3187 3996 3303 4051 vult
3346 3993 3613 4065 imputari
3651 4011 3663 4060 ;
3698 3989 3811 4063 quia

2223 4099 2278 4148 et
2305 4091 2605 4148 Dominum
2637 4107 2668 4146 a
2718 4088 2923 4146 Judaeis
2969 4087 3372 4160 apprehensum
3404 4083 3673 4155 discipuli
3701 4079 3810 4137 reli-

2223 4187 2499 4255 querunt;
2559 4182 2760 4254 quippe
2795 4194 2919 4235 cum
2979 4177 3245 4249 scriptum
3299 4174 3372 4230 sit
3401 4175 3460 4229 in
3511 4171 3809 4244 propheta:

2238 4273 2584 4331 «Percutiam
2640 4281 2932 4345 pastorem,
2967 4277 3019 4326 et
3048 4268 3433 4342 dispergentur
3461 4279 3599 4320 oves
3651 4260 3813 4336 gregis

2231 4364 2422 4435 (Zatch.
2457 4379 2586 4430 xm,
2619 4362 2696 4432 7).
2720 4385 2738 4409 ι

2304 4463 2485 4535 (Vers.
2523 4462 2636 4532 17.)
2680 4485 2697 4507 ε
2728 4459 2997 4516 Dominus
3027 4464 3208 4513 autem
3239 4449 3378 4510 mihi
3407 4451 3616 4518 astitit,
3640 4458 3817 4507 etcen-

525 4547 637 4608 tur,
683 4535 1048 4606 relinqueret;
1099 4537 1161 4587 ut
1193 4530 1485 4622 inviolata
1511 4529 1781 4622 doctrina,
1842 4538 1895 4585 et
1925 4527 2117 4622 agon-is
2149 4513 2197 4574 D
2229 4513 2484 4607 ίοξιᾲέίξ
2511 4513 2635 4616 ὦέξ
2693 4513 2756 4605 αξ
2785 4513 3055 4622 ﬁer—“1,16
3109 4541 3426 4619 praedicatio
3476 4513 3817 4613 impiemmr,

527 4625 837 4702 legitimum
871 4628 1146 4680 certamen
1190 4617 1384 4691 dignos
1427 4617 1552 4672 illos
1581 4616 1782 4670 faceret
1829 4614 2118 4681 coronari;

530 4718 660 4794 quia
689 4715 832 4772 Deus
875 4711 1059 4786 justus
1098 4709 1274 4784 judex
1320 4707 1476 4765 dabit
1516 4705 1855 4778 amplissima
1898 4704 2124 4778 praemia

532 4793 888 4881 diligentibus
939 4817 1014 4872 se,
1065 4808 1117 4858 et
1157 4797 1603 4873 exspectantibus
1658 4794 1861 4852 Filium
1896 4793 2013 4866 ejus
2058 4793 2126 4849 de

534 4899 707 4956 caelis.

610 4993 791 5070 (Vere.
819 4989 997 5065 9-12).
1035 5016 1054 5038 ε
1083 4987 1368 5048 Sollicitus
1395 4993 1508 5045 esto
1533 4983 1719 5044 venire
1749 4981 1816 5042 ad
1838 4999 1924 5040 me
1941 4997 2126 5057 quam-

537 5087 778 5160 primum
811 5101 824 5151 ;
858 5083 1054 5138 Demas
1097 5079 1245 5136 enim
1287 5095 1374 5134 me
1411 5075 1725 5150 dereliquit,
1759 5073 1994 5146 diligens
2023 5070 2126 5126 hoc

539 5177 823 5242 saeculum,
883 5180 936 5228 et
965 5169 1104 5228 abiit
1153 5169 1624 5235 Thessalonicam,
1655 5164 1915 5221 Crescens
1944 5163 2001 5217 in
2029 5163 2128 5217 Ga-

541 5267 749 5334 latiam,
781 5258 1009 5318 Titusin
1041 5257 1392 5324 Dalmatiam,
1416 5256 1587 5312 Lucas
1613 5260 1693 5308 est
1716 5266 1930 5307 mecum
1958 5249 2126 5307 solus.

541 5357 786 5412 Marcum
826 5365 1070 5416 assume,
1121 5355 1174 5402 et
1229 5346 1409 5402 adhuc
1449 5352 1627 5399 tecum
1657 5359 1671 5409 ;
1706 5348 1786 5396 est
1817 5341 1962 5395 enim
1994 5338 2131 5393 mihi

617 5507 734 5575 (82)
765 5507 924 5562 Rom.
949 5503 1105 5569 edit.,
1137 5495 1557 5575 mag_tstros_sibi
1584 5493 1954 5575 aggregqburit.

619 5508 710 5575 (82
765 5508 924 5562 Rom.
949 5508 1105 5569 edit.,
1137 5508 1417 5572 magtstros
1455 5508 1556 5550 sibi
1584 5508 1954 5565 aggregaount.

619 5508 735 5657 (83g
765 5576 972 5657 Eadem
1007 5575 1166 5630 Rom.
1206 5571 1367 5635 edit.,
1406 5568 1483 5625 Tu
1512 5581 1636 5620 vero
1665 5565 1849 5636 vigila,
1883 5565 1937 5619 in
1956 5561 2136 5618 omni-

547 5644 638 5702 bus
667 5644 897 5702 viriliter
930 5662 1042 5715 age.

2233 4649 2285 4696 et
2315 4639 2568 4695 audirent
2604 4653 2794 4695 omnes
2844 4647 3050 4711 gentes.
3074 4662 3091 4685 ι
3153 4637 3380 4707 Propter
3410 4631 3565 4705 quod
3608 4624 3819 4686 Domini

2234 4729 2407 4785 nostri
2437 4727 2662 4783 auxiliis
2684 4728 2960 4784 munitum
2991 4743 3046 4782 se
3075 4725 3232 4792 dicit,
3251 4731 3305 4778 et
3339 4729 3567 4778 auctum
3605 4721 3821 4782 virtute,

2235 4826 2296 4875 ut
2342 4817 2790 4891 prmdicationem
2847 4816 3100 4890 impleret
3144 4814 3202 4870 in
3233 4810 3493 4868 omnibus
3536 4808 3820 4882 gentibus:

2236 4906 2445 4965 idcirco
2479 4907 2688 4980 ignosci
2721 4905 2858 4980 petit
2907 4904 3004 4974 eis,
3038 4920 3068 4960 a
3107 4901 3306 4977 quibus
3334 4899 3642 4957 derelictus
3673 4904 3750 4954 est
3777 4895 3823 4947 in

2237 4998 2560 5057 necessitate
2591 5017 2603 5068 ;
2637 5007 2699 5056 ut
2727 4998 2864 5055 bene
2890 5001 3144 5068 acceptus
3177 5013 3208 5051 a
3233 4993 3369 5059 Deo,
3399 4988 3715 5046 vindictam
3729 4999 3826 5041 non

2239 5093 2463 5163 quaerat.
2521 5089 2634 5145 Ilac
2688 5088 2837 5144 enim
2901 5101 3062 5142 causa
3091 5081 3328 5156 amplius
3357 5077 3618 5151 adjutum
3648 5093 3704 5136 se
3729 5088 3828 5130 ere.

2239 5181 2323 5238 dit
2350 5197 2381 5236 a
2410 5182 2544 5246 Deo,
2576 5176 2704 5251 quia
2733 5176 3026 5232 derelictus
3051 5181 3132 5230 est
3158 5171 3226 5228 ab
3258 5167 3611 5226 hominibus.

2315 5271 2497 5341 (Vers.
2535 5250 2646 5340 18.)
2691 5289 2709 5312 ‹
2740 5267 2811 5320 Et
2843 5265 3104 5320 liberatus
3133 5277 3254 5318 sum
3286 5257 3354 5314 de
3389 5273 3485 5314 ore
3516 5255 3721 5313 leonis.
3753 5250 3829 5307 Li-

2240 5357 2456 5415 berabit
2485 5374 2570 5412 me
2601 5353 2867 5411 Dominus
2887 5351 2952 5407 ab
2981 5351 3311 5421 omniopere
3341 5346 3511 5414 malo,
3545 5353 3601 5401 et
3630 5345 3829 5401 salvum

2282 5570 2291 5580 .
2319 5498 2448 5580 (84),
2465 5498 2591 5554 Mss.
2625 5497 2854 5568 aliquot,
2877 5507 3077 5547 omnem
3106 5486 3508 5545 instructionem
3520 5484 3676 5555 juris
3699 5483 3832 5539 eccle-

2245 5569 2470 5626 siast-ici.
