3908 6192
93 229 182 294 ὅξῦ
1136 230 1502 296 COMMENT.
1545 230 1615 294 IN
1652 229 1870 295 EPIST.
1912 234 2008 295 AD
2048 232 2285 296 TITUM.

3258 239 3363 306 826

92 365 232 418 faciet
262 361 317 417 in
352 373 577 435 regnum
609 376 768 418 suum
801 359 1048 420 cmieste:
1100 361 1189 420 cui
1219 362 1388 437 gloria
1421 361 1478 421 in
1505 371 1656 421 :eter-
1693 368 1739 426 A
1771 362 2018 420 Priscilla
2072 363 2128 420 hi
2170 372 2317 434 sunt,
2349 363 2492 439 apud
2521 383 2657 441 quos
2697 362 3005 443 hospitatus
3035 369 3365 445 Operabatur

92 470 229 517 num,
257 468 437 508 amen.
469 477 486 499 ι
533 453 806 508 Similiter
834 452 970 510 dicit
1003 461 1057 508 et
1085 455 1277 511 Petrus
1323 458 1665 527 coapostolus

89 545 222 618 ejus:
258 544 432 612 «Quia
461 544 812 601 adversarius
842 551 1024 600 noster
1046 543 1300 601 diabolus
1317 547 1536 615 circuit,
1562 547 1664 603 fre-

90 651 224 690 mens
247 634 391 690 sicut
425 633 530 701 leo,
551 650 804 706 quaerens
824 649 985 706 quem
1003 633 1229 691 devoret
1247 636 1456 706 (IPetr.
1474 655 1527 704 ν,
1547 637 1650 696 8).-

87 724 174 780 Sed
217 723 345 796 quia
390 723 449 779 in
496 724 764 795 Apostolo
795 723 1138 780 occasionem
1170 739 1280 779 non
1327 724 1663 793 inveniebat,

85 830 177 886 qua
213 813 372 868 illum
409 801 714 885 deciperet,
751 829 847 885 per
881 813 1027 869 ﬁlios
1067 829 1194 868 suos
1229 829 1541 885 pressuram
1582 813 1666 869 illi

83 901 348 959 excitabat
400 909 455 957 et
489 918 714 974 poenas;
759 911 818 958 ut
856 903 901 956 si
935 919 1046 957 non
1077 901 1229 973 quasi
1264 911 1533 973 peccator,
1577 904 1665 958 vel

83 993 223 1064 quasi
242 991 447 1062 justus,
473 991 541 1046 de
563 993 665 1047 hac
694 999 874 1047 tamen
905 993 1190 1048 tolleretur
1216 993 1350 1060 vita,
1370 1008 1439 1048 ne
1462 995 1665 1050 multos

84 1081 382 1136 hortaretur
409 1080 477 1136 ad
510 1080 696 1136 ﬁdem.
730 1080 888 1146 Quod
914 1097 1042 1138 cum
1072 1097 1241 1153 prope
1270 1081 1546 1153 impleret,
1566 1082 1666 1137 Dei

82 1170 690 1243 providentialiberatus
704 1173 1664 1243 Apostolus,insultatilli,inﬁrmum

85 1261 226 1316 illum
243 1261 696 1332 testiﬁcans,quia
711 1261 778 1317 de
795 1279 886 1317 ore
903 1261 1021 1333 ejus
1036 1269 1255 1333 ereptus
1268 1263 1504 1336 est,quia
1520 1261 1666 1334 quod

83 1353 302 1424 cupivit,
358 1353 589 1424 implere
645 1371 759 1410 non
797 1355 1010 1426 potuit.
1057 1355 1232 1426 Igitur
1286 1354 1386 1410 Dei
1440 1354 1668 1409 auxiliis

86 1445 234 1501 morti
265 1459 322 1500 se
355 1453 604 1517 ereptum
634 1445 962 1518 gratulatur,
994 1454 1047 1502 et
1090 1444 1156 1501 de
1187 1447 1537 1518 providentia
1566 1449 1667 1505 Dei

85 1542 178 1588 tam
211 1549 437 1590 securus
464 1543 569 1602 est,
602 1542 664 1590 ut
693 1534 760 1590 de
786 1534 990 1591 futuris
1018 1535 1417 1591 tentationibus
1447 1536 1666 1591 liberari

82 1641 130 1680 se
148 1625 358 1681 credat:
392 1634 445 1681 et
476 1641 588 1682 non
622 1628 802 1682 solum
833 1625 1052 1682 liberari
1086 1627 1154 1682 ad
1183 1641 1440 1698 praesens,
1474 1643 1664 1682 verum

1774 455 2027 510 manibus
2070 455 2208 525 (Act.
2234 472 2396 522 xvm,
2431 458 2508 528 3).
2545 459 2917 530 Onesiphorus
2944 469 3124 517 autem
3151 461 3241 518 hic
3259 470 3362 532 est,

1775 545 1863 601 cui
1887 543 2038 600 testis
2066 552 2147 599 est
2172 543 2230 597 in
2253 544 2490 599 secunda
2510 547 2737 617 epistola
2768 549 2855 618 (ΙΙ
2881 551 3012 606 Tim.
3036 568 3075 618 ι,
3099 551 3364 623 i6).Quid

1775 642 1857 690 est
1902 641 2103 700 tamen,
2155 641 2216 688 ut
2244 641 2511 705 praesente
2540 637 2819 706 Apostolo,
2850 637 2946 711 qui
2981 649 3225 699 mortuos
3255 657 3365 698 ex-

1775 722 1999 790 citabat,
2033 721 2366 793 Trophimus
2395 723 2766 780 inﬁrmaretur
2786 726 2813 782 ‘i
2833 726 2937 782 Sed
2965 729 3119 800 signa
3147 738 3365 802 propter

1777 812 2090 868 incredulos
2140 812 2284 869 facta
2336 819 2510 869 sunt:
2546 822 2600 870 et
2643 815 2771 888 quia
2812 831 2880 870 ex
2929 816 3162 875 diversis
3191 822 3367 877 causis

1776 902 2037 957 meritum
2067 902 2369 958 collocatur
2397 902 2539 975 apud
2570 905 2742 960 Deum
2770 923 2783 972 ;
2820 913 2881 960 ut
2910 905 3025 962 sive
3056 907 3113 962 in
3145 906 3366 964 tribula-

1776 993 1947 1061 tione,
1981 993 2098 1050 sive
2130 993 2188 1049 in
2217 993 2564 1066 aegritudine,
2599 993 2694 1066 qui
2733 997 2846 1052 Deo
2876 995 3074 1068 gratias
3109 997 3240 1069 agit,
3273 1013 3372 1054 nec

1775 1083 1844 1140 ad
1891 1083 2117 1141 adversa
2167 1093 2319 1156 parte
2372 1085 2692 1158 suffragium
2753 1087 2968 1160 quaerit,
3023 1096 3085 1144 ut
3123 1088 3373 1160 proﬁciat

1776 1171 1990 1228 meritis
2015 1172 2162 1245 apud
2191 1175 2387 1229 Deum.
2415 1174 2642 1245 Propter
2665 1173 2866 1231 imbres
2885 1183 3064 1231 autem
3089 1184 3142 1232 et
3172 1178 3374 1250 frigora

1777 1260 2142 1328 commonuit,
2176 1269 2235 1315 ut
2264 1268 2532 1318 autumno
2558 1262 2626 1318 ad
2648 1279 2705 1318 se
2734 1263 2968 1320 veniret.
3015 1287 3034 1310 ι
3063 1264 3273 1320 Salutat
3319 1272 3373 1320 te

1776 1349 2024 1406 Eubulus
2047 1360 2100 1406 et
2131 1351 2366 1420 Pudens,
2402 1352 2572 1410 Linus
2601 1361 2654 1409 et
2683 1353 2931 1422 Claudia,
2962 1363 3016 1410 et
3048 1367 3238 1410 omnes
3269 1354 3372 1409 fra-

1777 1447 1906 1496 tres.
1931 1465 1947 1488 »
1991 1441 2140 1497 More
2183 1450 2444 1498 consueto
2473 1445 2744 1516 completa
2794 1451 2874 1502 est
2904 1444 3132 1518 epistola
3160 1433 3375 1501 saluta~

1782 1528 1926 1584 tione
1958 1529 2210 1586 fratrum.

1851 1637 1878 1669 ‹‹
1907 1617 2181 1675 Dominus
2208 1620 2361 1675 Josus
2389 1621 2640 1678 Christus
2669 1638 2795 1681 cum
2827 1623 3027 1697 spiritu
3054 1630 3151 1680 tuo
3183 1621 3323 1696 (85).
3342 1647 3358 1669 ι

81 1714 230 1768 etiam
264 1714 482 1770 salvum
513 1731 571 1770 se
600 1715 848 1771 futurum
900 1716 958 1770 in
990 1715 1079 1770 die
1112 1715 1335 1787 jndicii,
1365 1722 1419 1772 et
1466 1733 1668 1788 regna-
1707 1728 1754 1789 Β
1780 1716 1906 1773 Haec
1953 1718 2288 1790 subscriptio
2335 1722 2585 1791 Apostoli
2643 1731 2746 1788 est,
2793 1723 2939 1795 quod
2993 1723 3209 1796 signum
3261 1739 3374 1780 esse

82 1810 254 1858 turum
286 1819 414 1860 cum
446 1804 686 1860 Domino
719 1803 939 1861 Christo
965 1805 1024 1859 in
1054 1813 1259 1860 aeterna
1287 1806 1502 1861 saecula.

143 1892 323 1961 (Vers.
361 1892 448 1960 19,
485 1892 571 1960 20,
607 1892 722 1963 21.)
767 1915 784 1939 ι
815 1892 1003 1948 Saluta
1049 1891 1377 1957 Priscillam,
1414 1900 1467 1949 et
1500 1892 1668 1966 Aqui-

83 1984 195 2052 lam,
239 1994 292 2041 et
342 1985 674 2058 Onesiphori
725 1983 971 2042 domum.
1007 1987 1230 2043 Erastus
1261 1988 1522 2043 remansit
1553 1989 1667 2044 Co-

81 2073 240 2129 rinthi
266 2091 278 2129 :
315 2074 681 2146 Trophimum
712 2084 891 2131 autem
919 2074 1118 2147 reliqui
1157 2077 1439 2132 inﬁrmum
1470 2077 1666 2134 Mileti.

80 2161 356 2218 Sollicitus
417 2171 534 2218 esto
581 2173 707 2219 ante
755 2163 993 2219 hiemem
1049 2165 1258 2220 venire.
1290 2190 1307 2212 ι
1353 2166 1557 2238 Aquila
1619 2175 1672 2222 et

1776 1803 1913 1860 dicit
1935 1804 1990 1859 in
2021 1806 2172 1861 omni
2199 1808 2449 1879 epistola.
2469 1810 2539 1865 Et
2569 1811 2697 1882 quia
2725 1811 2900 1868 Filius
2926 1813 3025 1868 Dei
3050 1811 3195 1868 idem
3224 1811 3375 1868 ﬁlius

1777 1898 2020 1956 hominis
2049 1909 2150 1968 est,
2183 1908 2238 1957 et
2255 1902 2411 1958 Jesus
2431 1903 2638 1959 dicitur
2666 1914 2718 1962 et
2740 1904 3024 1962 Christus:
3055 1914 3117 1961 ut
3136 1913 3190 1962 et
3206 1905 3374 1962 homo

1780 1988 2123 2060 signiﬁcetur
2151 1997 2206 2046 et
2233 1992 2397 2060 Deus,
2421 1992 2637 2050 duobus
2666 1995 2986 2052 nominibus
3002 2003 3370 2067 nuncupatur.

1780 2079 2020 2152 Utroque
2043 2088 2227 2137 tamen
2257 2083 2482 2139 nomine
2515 2085 2755 2158 dignitas
2791 2085 3130 2160 designatur,
3157 2101 3264 2161 qua
3295 2103 3375 2143 ra-

1779 2167 1928 2223 tione
1960 2178 2089 2226 sunt
2115 2170 2292 2241 posita
2311 2173 2556 2230 nomina.

141 2295 257 2367 (85)
314 2292 479 2354 Rom.
530 2296 688 2367 edit.,
721 2316 834 2354 cum
865 2297 1060 2370 spiritu
1089 2304 1195 2354 tuo.
1244 2299 1434 2355 Gratia
1478 2300 1761 2368 vobiscum,
1792 2317 1962 2355 amen.

87 2459 3374 2493 W

456 2615 591 2700 IN
683 2597 1458 2703 EPISTOLAM
1555 2617 1673 2707 D.

595 2927 742 2987 313
769 2921 1152 2982 PROLOGUS.

1780 2619 2186 2706 PAULI
2271 2622 2440 2706 AD
2530 2623 2995 2712 TITUM.

1780 2931 1937 2997 cepto
1984 2924 2130 2984 dono
2172 2927 2386 2999 pacifici
2412 2926 2548 2984 ﬁant
2596 2945 2721 2986 cum
2779 2929 2893 2987 Deo
2921 2938 2975 2988 et
3003 2929 3196 3001 Patre;
3247 2927 3375 3006 quia

143 3018 320 3080 Titum
351 3021 662 3097 Apostolus
692 3025 898 3082 creavit
926 3025 1242 3097 episcopum
1276 3024 1392 3097 (86)
1420 3041 1433 3091 ;
1466 3031 1520 3080 et
1552 3021 1673 3080 ideo
1705 3046 1749 3106 Ο
1781 3017 1965 3071 omnia
2016 3033 2085 3073 ex
2128 3017 2246 3090 ipso
2279 3025 2428 3087 sunt,
2457 3025 2512 3075 et
2549 3018 2769 3077 Christo
2797 3016 2924 3077 Iesu
2953 3020 3232 3078 Salvatore
3262 3038 3373 3078 no-

82 3123 378 3170 commonet
427 3131 584 3182 eum,
648 3123 710 3170 ut
753 3114 826 3170 sit
881 3114 1153 3171 sollicitus
1205 3114 1262 3169 in
1302 3113 1676 3170 ecclesiastica

85 3199 413 3259 ordinatione
454 3220 468 3258 :
523 3200 580 3257 id
618 3212 718 3273 est,
765 3201 832 3260 ad
869 3203 1133 3276 quosdam
1173 3203 1268 3274 qui
1321 3202 1673 3257 simulatione

82 3289 296 3360 quadam
350 3287 560 3364 dignos
588 3308 644 3347 se
671 3299 967 3359 ostentant,
999 3297 1062 3346 ut
1090 3291 1382 3348 sublimem
1422 3290 1673 3346 ordinem

86 3385 334 3448 teneant;
384 3381 671 3455 simulque
707 3390 762 3439 et
807 3381 1094 3438 haereticos
1139 3397 1209 3437 ex
1254 3379 1675 3437 circumcisione

81 3469 471 3542 corripiendos.
1107 3471 1110 3474 ’

596 3612 824 3672 CAPUT
861 3609 1154 3671 PRIMUM.

143 3735 314 3812 (Vera.
352 3739 501 3818 1ο4.)
548 3768 566 3790 ι
596 3745 798 3800 Paulus
821 3760 1013 3800 servus
1041 3742 1161 3811 Dei,
1185 3740 1464 3814 apostolus
1488 3747 1670 3796 autem

79 3829 188 3890 Jesu
241 3829 459 3893 Christi
521 3833 822 3891 secundum
880 3833 1045 3890 ﬁdem
1096 3834 1396 3889 electorum
1441 3830 1561 3898 Dei,
1619 3838 1672 3886 et

81 3923 405 3992 agnitionem
437 3924 694 3981 veritatis
741 3923 879 3994 ejus,
915 3940 1032 3996 qua:
1073 3921 1372 3979 secundum
1413 3921 1671 3992 pietatem

79 4019 141 4066 est
168 4012 222 4068 in
252 4031 410 4086 spem
445 4015 578 4069 vitae
607 4021 824 4068 aeternae
855 4022 1016 4085 quam
1049 4011 1301 4084 promisit
1328 4013 1473 4067 Deus
1502 4026 1670 4065 verax

78 4110 183 4158 ante
225 4112 495 4176 tempora
541 4102 825 4158 saecularia
854 4118 865 4156 :
899 4101 1274 4158 manifestat/it
1301 4108 1482 4155 autem
1522 4108 1672 4156 tem-

78 4191 282 4260 poribus
332 4192 459 4248 suis
503 4190 560 4244 in
594 4189 983 4261 praedicatione
1031 4189 1262 4244 verbum
1303 4205 1485 4255 suum,
1526 4188 1673 4261 quod

77 4280 329 4337 creditum
385 4285 477 4336 est
533 4277 693 4345 mihi,
725 4277 1027 4334 secundum
1060 4283 1392 4348 praeceptum
1417 4276 1674 4332 Salvato-

77 4365 137 4421 ris
177 4370 354 4426 nostri
386 4366 498 4424 Dei
529 4384 540 4422 :
576 4367 700 4421 Tito
732 4379 990 4438 germano
1035 4365 1154 4420 ﬁlio
1183 4363 1482 4420 secundum
1515 4381 1674 4420 com-

76 4469 275 4515 munem
309 4459 517 4514 ﬁdem.
549 4456 738 4512 Gratia
765 4461 819 4511 et
848 4470 955 4526 pax
984 4470 1014 4510 a
1041 4455 1157 4510 Deo
1197 4454 1374 4522 Patre,
1405 4461 1458 4510 et
1487 4454 1669 4511 Domi-

77 4559 135 4600 no
161 4548 281 4604 Jesu
304 4547 542 4606 Christo
572 4545 856 4602 Salvatore
872 4551 1079 4600 nostro.
1104 4567 1123 4592 ι
1151 4545 1439 4600 Decretum
1461 4544 1668 4601 donum

75 4649 100 4685 a
135 4637 258 4706 Deo,
291 4637 450 4711 quod
502 4643 629 4691 ante
658 4635 859 4691 sarcula
905 4633 1250 4705 promiserat,
1283 4639 1525 4706 tempore
1556 4635 1666 4691 Sal-

76 4727 260 4783 vatoris
310 4727 371 4783 in
402 4725 802 4800 praedicatione
832 4724 1206 4796 apostolorum
1256 4723 1666 4780 manifestatum

75 4810 335 4885 declarat;
386 4816 473 4872 sic
524 4815 674 4872 enim
723 4813 1070 4888 promiserat.
1129 4813 1289 4881 Quod
1343 4812 1506 4869 etiam
1560 4814 1666 4870 sibi

75 4905 324 4963 creditum
347 4907 519 4972 dicit,
552 4915 615 4963 ut
652 4907 906 4979 gentibus
944 4903 1250 4961 insinuaret
1302 4905 1668 4977 praedestina—

76 4999 166 5050 tam
197 4997 648 5055 misericordiam
677 4996 808 5065 Dei;
832 5002 894 5053 ut
917 5004 973 5052 et
999 4997 1155 5052 Titus
1177 5011 1342 5052 verus
1358 4995 1476 5068 ejus
1497 4994 1664 5063 ﬁlius,

79 5081 123 5137 id
148 5094 240 5156 est,
272 5089 592 5146 secundum
621 5087 985 5160 Evangelium
1012 5087 1144 5161 (hoc
1173 5096 1256 5144 est
1283 5089 1430 5144 enim
1452 5102 1665 5154 verum,

76 5178 197 5244 quod
227 5190 506 5236 aeternum
541 5179 645 5251 est)
670 5177 812 5234 hanc
836 5175 938 5234 Dei
978 5179 1320 5234 voluntatem
1350 5184 1405 5233 et
1436 5177 1668 5233 sollicite

76 5267 358 5337 suspiciens
386 5267 720 5343 praedicaret
750 5267 979 5341 gratiam
1009 5267 1108 5323 Dei
1137 5274 1191 5322 et
1221 5283 1429 5339 pacem,
1479 5274 1541 5322 ut
1569 5283 1671 5322 ac-

99 5460 107 5468 .
134 5389 243 5468 (86)
277 5394 421 5451 Cum
447 5393 574 5468 haec
603 5389 662 5448 in
689 5392 978 5463 epistolam
1010 5390 1079 5446 ad
1108 5391 1671 5468 Titumcommenta-

75 5463 140 5537 ria
167 5465 238 5537 jn
287 5483 423 5523 mss.
481 5464 673 5537 priora
704 5467 813 5537 sint
841 5463 1254 5537 commentariis
1295 5463 1363 5537 i_n_
1385 5470 1671 5537 utramque

74 5531 128 5588 ad
166 5531 557 5604 Timotheum,
607 5536 773 5592 semel
825 5533 1493 5604 admonendumividetur
1539 5531 1674 5604 alias

73 5618 267 5681 quoque
295 5625 417 5667 non
448 5602 676 5675 eodem,
694 5623 802 5680 quo
826 5606 887 5662 in
915 5604 1135 5674 Bibliis,
1161 5603 1355 5660 ordine
1385 5602 1668 5662 collocari.

1701 4419 1750 4478 D

1782 3114 1914 3174 stro,
1950 3107 2079 3178 quia
2107 3114 2161 3162 et
2194 3107 2308 3179 ipse
2339 3107 2597 3164 liberavit
2628 3125 2728 3164 nos
2757 3125 2788 3164 a
2821 3117 3016 3165 morte.

1855 3197 2038 3267 (Vers.
2069 3197 2257 3269 5-11.)
2302 3222 2319 3244 ε
2352 3196 2529 3270 Hujus
2558 3197 2635 3255 rei
2666 3199 2839 3271 gratia
2869 3197 3068 3271 reliqui
3096 3207 3150 3255 te
3187 3201 3382 3268 Cretae,

1781 3293 1844 3342 ut
1874 3303 1937 3343 ea
1964 3301 2086 3359 quae
2113 3287 2334 3356 desunt,
2359 3288 2618 3360 corrigas,
2639 3295 2692 3344 et
2721 3288 3023 3346 constituas
3052 3301 3148 3361 per
3175 3289 3383 3347 civita-

1785 3382 1864 3431 tes
1909 3375 2279 3448 presbyteros,
2324 3376 2468 3434 sicut
2497 3383 2550 3434 et
2597 3393 2696 3450 ego
2747 3376 2848 3434 tibi
2876 3375 3142 3450 disposui.
3173 3379 3229 3436 Si
3259 3381 3383 3453 quis

1783 3472 1863 3520 est
1905 3465 2025 3521 sine
2061 3465 2314 3534 crimine,
2353 3466 2520 3520 unius
2568 3465 2818 3523 mulieris
2849 3468 2955 3536 vir,
2991 3463 3138 3524 ﬁlios
3177 3467 3382 3526 habens

1780 3552 1990 3623 ﬁdeles,
2032 3570 2144 3610 non
2194 3553 2252 3610 in
2301 3553 2647 3612 accusatione
2690 3555 2949 3625 luxuriae,
2998 3561 3094 3612 aut
3150 3555 3381 3614 inobse-

1781 3651 2028 3716 quentes.
2085 3644 2312 3716 Oportet
2367 3645 2515 3700 enim
2581 3644 2900 3718 episcOpum
2967 3645 3086 3702 sine
3148 3644 3380 3705 crimine

1780 3747 1916 3801 esse,
1947 3733 2090 3790 sicut
2120 3734 2218 3791 Dei
2247 3734 2711 3808 dispensatorem:
2745 3751 2857 3792 non
2891 3742 3232 3808 protervum,
3269 3753 3379 3794 non

1781 3823 2128 3891 iracundum,
2165 3840 2276 3879 non
2331 3826 2464 3880 vino
2521 3825 2796 3893 deditum,
2839 3839 2952 3880 non
2983 3839 3378 3896 percussorem,

1781 3929 1891 3970 non
1948 3914 2131 3985 turpia
2203 3915 2356 3970 lucra
2419 3920 2809 3986 appetentem:
2879 3913 2973 3970 sed
3029 3911 3376 3987 hospitalem,

1780 4003 2100 4075 benignum,
2133 4002 2478 4074 prudentem,
2505 4002 2740 4074 justum,
2766 4009 3040 4068 sanctum,
3082 4004 3381 4061 continen-

1781 4102 1915 4158 tem,
1956 4101 2200 4149 tenacem
2227 4092 2344 4164 ejus
2384 4092 2670 4162 sermonis,
2700 4093 2794 4167 qui
2825 4093 3127 4150 secundum
3161 4093 3379 4152 doctri—

1780 4197 1909 4238 nam
1938 4182 2119 4239 ﬁdelis
2150 4189 2258 4246 est;
2292 4189 2355 4241 ut
2383 4192 2574 4255 potens
2623 4183 2696 4240 sit
2725 4181 3008 4242 exhortari
3041 4183 3098 4240 in
3128 4183 3380 4242 doctrina

1781 4285 1934 4341 sana,
2001 4280 2055 4328 et
2133 4272 2572 4330 contradicentes
2648 4275 2949 4332 revincere.
3029 4273 3168 4332 Sunt
3229 4275 3378 4332 enim

1781 4362 1942 4418 multi
2002 4378 2113 4418 non
2176 4363 2513 4432 obedientes,
2579 4365 2864 4439 vaniloqui
2928 4374 2981 4422 et
3043 4365 3375 4434 seductores,

1780 4453 2020 4510 maxime
2051 4454 2089 4508 ii
2117 4454 2211 4528 qui
2243 4463 2373 4512 sunt
2402 4472 2471 4512 ex
2501 4456 2948 4522 circumcisione,
2995 4471 3132 4527 quos
3165 4459 3376 4526 oportet

1777 4543 2031 4615 redargui
2059 4561 2070 4600 :
2095 4546 2188 4618 qui
2207 4547 2494 4602 universas
2525 4545 2717 4603 domos
2749 4545 3100 4608 subvertant,
3123 4541 3377 4597 docentes

1777 4648 1897 4704 quae
1946 4649 2058 4690 non
2111 4641 2328 4706 oportet
2381 4634 2558 4706 turpis
2611 4635 2752 4690 lucri
2809 4631 2998 4704 gratia.
3033 4655 3050 4678 ι
3090 4627 3378 4684 Manifesta

1775 4731 1926 4790 sunt,
1956 4739 2076 4795 quae
2129 4724 2270 4779 lecta
2312 4732 2477 4788 sunt;
2512 4721 2826 4792 episcOpum
2870 4717 3016 4773 enim
3049 4722 3101 4770 et
3126 4722 3376 4769 sanctum

1778 4812 1836 4868 in
1892 4813 2170 4885 operibus,
2222 4818 2276 4865 et
2324 4810 2508 4865 verbis
2554 4809 2877 4880 prudentem
2919 4801 3164 4861 ordinari
3210 4804 3374 4871 vult;

1777 4914 1840 4963 ut
1893 4914 1946 4962 et
1989 4905 2185 4960 fratres
2233 4899 2517 4958 exhortari
2574 4899 2767 4970 possit,
2830 4902 2883 4954 et
2939 4893 3378 4954 contradicentes

1776 4996 2127 5060 convincere,
2181 4991 2423 5047 maxime
2459 5005 2551 5046 eos
2574 4989 2668 5059 qui
2707 4995 2860 5046 erant
2895 5003 2965 5044 ex
3008 4985 3228 5054 Iudaeis,
3283 4986 3379 5059 qui

1778 5086 1882 5143 sub
1930 5082 2156 5140 nomine
2202 5078 2410 5138 Christi
2447 5075 2728 5152 judaizare
2777 5073 3045 5134 docebant
3073 5074 3280 5146 (Galat.
3314 5089 3377 5143 ιι,

1778 5175 1861 5248 la),
1891 5187 2028 5247 quos
2079 5169 2211 5226 alibi
2266 5167 2434 5225 falsos
2467 5168 2662 5223 fratres
2689 5165 2943 5241 appellat.
2988 5163 3181 5222 Renati
3231 5162 3378 5219 enim

1779 5264 1837 5319 in
1895 5261 2136 5329 Christo,
2198 5273 2311 5313 non
2369 5256 2494 5330 puri
2553 5266 2710 5312 erant
2765 5251 3108 5320 Christiani;
3181 5251 3381 5324 partim

1778 5391 1912 5446 Nam
1947 5393 2066 5458 post
2096 5385 2382 5456 epistolam
2414 5382 2481 5458 ad
2511 5377 2898 5458 Philippenses
2927 5384 3232 5458 sequuntur
3258 5373 3382 5430 duas

1781 5462 1853 5516 ad
1883 5448 2418 5522 Tliessaldnicenses,
2447 5450 2651 5525 deinde
2667 5448 2744 5525 ea
2773 5465 2896 5523 quae
2919 5448 2986 5502 ad
3004 5449 3384 5525 _Colossenses,

1780 5547 1845 5588 ac
1899 5531 2121 5598 demum
2170 5539 2290 5598 quae
2318 5517 2415 5598 _ad
2444 5517 2879 5598 Tit_un_1.__Quem
2926 5517 3180 5576 ordinem
3218 5517 3390 5573 etiam

1781 5605 2074 5660 servarunt
2103 5589 2400 5652 Primasius
2429 5601 2486 5652 et
2515 5589 2794 5652 Sedulius.
