  <div class='ocr_page' id='page_1' title='image "/cluster/home/n/w/nwhite01/storage/ocr_20150623/17/uva.x000826553/271.png"; bbox 0 0 3908 6192; ppageno 0'>
   <div class='ocr_carea' id='block_1_1' title="bbox 510 281 616 344">
    <p class='ocr_par' dir='ltr' id='par_1_1' title="bbox 510 281 616 344">
     <span class='ocr_line' id='line_1_1' title="bbox 510 281 616 344; baseline 0 -1"><span class='ocrx_word' id='word_1_1' title='bbox 510 281 616 344; x_wconf 77' lang='lat'>527</span> 
     </span>
    </p>
   </div>
   <div class='ocr_carea' id='block_1_2' title="bbox 1512 252 2759 331">
    <p class='ocr_par' dir='ltr' id='par_1_2' title="bbox 1512 252 2759 331">
     <span class='ocr_line' id='line_1_2' title="bbox 1512 252 2759 331; baseline -0.014 -2"><span class='ocrx_word' id='word_1_2' title='bbox 1512 269 1605 331; x_wconf 70' lang='lat' dir='ltr'>Al)</span> <span class='ocrx_word' id='word_1_3' title='bbox 1638 264 1872 328; x_wconf 61' lang='lat' dir='ltr'>Ol‘El’tA</span> <span class='ocrx_word' id='word_1_4' title='bbox 1910 265 1965 324; x_wconf 80' lang='lat' dir='ltr'>S.</span> <span class='ocrx_word' id='word_1_5' title='bbox 2010 255 2341 323; x_wconf 77' lang='lat' dir='ltr'><strong>AMBROSII</strong></span> <span class='ocrx_word' id='word_1_6' title='bbox 2378 252 2759 316; x_wconf 66' lang='lat' dir='ltr'>APPENDIX.</span> 
     </span>
    </p>
   </div>
   <div class='ocr_carea' id='block_1_3' title="bbox 3722 244 3823 307">
    <p class='ocr_par' dir='ltr' id='par_1_3' title="bbox 3722 244 3823 307">
     <span class='ocr_line' id='line_1_3' title="bbox 3722 244 3823 307; baseline 0.02 -2"><span class='ocrx_word' id='word_1_7' title='bbox 3722 244 3823 307; x_wconf 66' lang='lat'>528</span> 
     </span>
    </p>
   </div>
   <div class='ocr_carea' id='block_1_4' title="bbox 513 376 3826 479">
    <p class='ocr_par' dir='ltr' id='par_1_4' title="bbox 513 376 3826 479">
     <span class='ocr_line' id='line_1_4' title="bbox 513 376 3826 479; baseline -0.01 -14"><span class='ocrx_word' id='word_1_8' title='bbox 513 424 661 466; x_wconf 81' lang='lat' dir='ltr'>enim</span> <span class='ocrx_word' id='word_1_9' title='bbox 715 407 908 479; x_wconf 98' lang='lat' dir='ltr'>legem,</span> <span class='ocrx_word' id='word_1_10' title='bbox 962 402 1160 477; x_wconf 83' lang='lat' dir='ltr'>partim</span> <span class='ocrx_word' id='word_1_11' title='bbox 1215 401 1494 459; x_wconf 74' lang='lat' dir='ltr'>Christum</span> <span class='ocrx_word' id='word_1_12' title='bbox 1526 395 1775 453; x_wconf 86' lang='lat' dir='ltr'>venerari</span> <span class='ocrx_word' id='word_1_13' title='bbox 1819 394 2106 450; x_wconf 88' lang='lat' dir='ltr'>volebant.</span> <span class='ocrx_word' id='word_1_14' title='bbox 2138 395 2187 453; x_wconf 83' lang='lat' dir='ltr'><strong>A</strong></span> <span class='ocrx_word' id='word_1_15' title='bbox 2222 398 2335 445; x_wconf 88' lang='lat' dir='ltr'>tam</span> <span class='ocrx_word' id='word_1_16' title='bbox 2364 388 2741 449; x_wconf 79' lang='lat' dir='ltr'>irreverentes,</span> <span class='ocrx_word' id='word_1_17' title='bbox 2775 389 2829 437; x_wconf 89' lang='lat' dir='ltr'>et</span> <span class='ocrx_word' id='word_1_18' title='bbox 2856 377 3184 447; x_wconf 80' lang='lat' dir='ltr'>difﬁdentes,</span> <span class='ocrx_word' id='word_1_19' title='bbox 3216 384 3268 434; x_wconf 89' lang='lat' dir='ltr'>et</span> <span class='ocrx_word' id='word_1_20' title='bbox 3296 376 3578 433; x_wconf 75' lang='lat' dir='ltr'>cervicosi</span> <span class='ocrx_word' id='word_1_21' title='bbox 3612 376 3826 432; x_wconf 81' lang='lat' dir='ltr'>inventi</span> 
     </span>
    </p>
   </div>
   <div class='ocr_carea' id='block_1_5' title="bbox 514 485 2114 568">
    <p class='ocr_par' dir='ltr' id='par_1_5' title="bbox 514 485 2114 568">
     <span class='ocr_line' id='line_1_5' title="bbox 514 485 2114 568; baseline -0.012 -12"><span class='ocrx_word' id='word_1_22' title='bbox 514 502 628 557; x_wconf 87' lang='lat' dir='ltr'>Hos</span> <span class='ocrx_word' id='word_1_23' title='bbox 668 497 825 564; x_wconf 80' lang='lat' dir='ltr'>dicit,</span> <span class='ocrx_word' id='word_1_24' title='bbox 881 496 977 568; x_wconf 85' lang='lat' dir='ltr'>qui</span> <span class='ocrx_word' id='word_1_25' title='bbox 1029 495 1221 551; x_wconf 92' lang='lat' dir='ltr'>domos</span> <span class='ocrx_word' id='word_1_26' title='bbox 1250 489 1643 549; x_wconf 75' lang='lat' dir='ltr'>subvertebant</span> <span class='ocrx_word' id='word_1_27' title='bbox 1672 503 1841 560; x_wconf 86' lang='lat' dir='ltr'>prava</span> <span class='ocrx_word' id='word_1_28' title='bbox 1869 486 1973 540; x_wconf 89' lang='lat' dir='ltr'>ista</span> <span class='ocrx_word' id='word_1_29' title='bbox 2001 485 2114 539; x_wconf 92' lang='lat' dir='ltr'>do-</span> 
     </span>
    </p>
   </div>
   <div class='ocr_carea' id='block_1_6' title="bbox 516 576 2114 659">
    <p class='ocr_par' dir='ltr' id='par_1_6' title="bbox 516 576 2114 659">
     <span class='ocr_line' id='line_1_6' title="bbox 516 576 2114 659; baseline -0.013 -10"><span class='ocrx_word' id='word_1_30' title='bbox 516 591 714 650; x_wconf 81' lang='lat' dir='ltr'>ctrina.</span> <span class='ocrx_word' id='word_1_31' title='bbox 755 587 978 659; x_wconf 87' lang='lat' dir='ltr'>Duplici</span> <span class='ocrx_word' id='word_1_32' title='bbox 1031 586 1178 641; x_wconf 91' lang='lat' dir='ltr'>enim</span> <span class='ocrx_word' id='word_1_33' title='bbox 1222 599 1415 655; x_wconf 78' lang='lat' dir='ltr'>genere</span> <span class='ocrx_word' id='word_1_34' title='bbox 1453 581 1705 652; x_wconf 82' lang='lat' dir='ltr'>turpibus</span> <span class='ocrx_word' id='word_1_35' title='bbox 1739 576 1907 633; x_wconf 91' lang='lat' dir='ltr'>lucris</span> <span class='ocrx_word' id='word_1_36' title='bbox 1934 576 2114 631; x_wconf 86' lang='lat' dir='ltr'>stude-</span> 
     </span>
    </p>
   </div>
   <div class='ocr_carea' id='block_1_7' title="bbox 517 669 2117 753">
    <p class='ocr_par' dir='ltr' id='par_1_7' title="bbox 517 669 2117 753">
     <span class='ocr_line' id='line_1_7' title="bbox 517 669 2117 753; baseline -0.013 -12"><span class='ocrx_word' id='word_1_37' title='bbox 517 684 687 741; x_wconf 87' lang='lat' dir='ltr'>bant:</span> <span class='ocrx_word' id='word_1_38' title='bbox 745 680 872 753; x_wconf 90' lang='lat' dir='ltr'>quia</span> <span class='ocrx_word' id='word_1_39' title='bbox 919 677 1043 732; x_wconf 90' lang='lat' dir='ltr'>ideo</span> <span class='ocrx_word' id='word_1_40' title='bbox 1090 676 1207 731; x_wconf 79' lang='lat' dir='ltr'>haec</span> <span class='ocrx_word' id='word_1_41' title='bbox 1245 674 1418 745; x_wconf 87' lang='lat' dir='ltr'>magis</span> <span class='ocrx_word' id='word_1_42' title='bbox 1452 671 1701 743; x_wconf 77' lang='lat' dir='ltr'>agebant,</span> <span class='ocrx_word' id='word_1_43' title='bbox 1754 676 1813 723; x_wconf 94' lang='lat' dir='ltr'>ut</span> <span class='ocrx_word' id='word_1_44' title='bbox 1839 669 2117 739; x_wconf 87' lang='lat' dir='ltr'>placerent</span> 
     </span>
    </p>
   </div>
   <div class='ocr_carea' id='block_1_8' title="bbox 519 758 2116 840">
    <p class='ocr_par' dir='ltr' id='par_1_8' title="bbox 519 758 2116 840">
     <span class='ocr_line' id='line_1_8' title="bbox 519 758 2116 840; baseline -0.012 -11"><span class='ocrx_word' id='word_1_45' title='bbox 519 771 743 838; x_wconf 66' lang='lat' dir='ltr'>Judaeis,</span> <span class='ocrx_word' id='word_1_46' title='bbox 793 787 825 824; x_wconf 91' lang='lat' dir='ltr'>a</span> <span class='ocrx_word' id='word_1_47' title='bbox 867 766 1066 840; x_wconf 86' lang='lat' dir='ltr'>quibus</span> <span class='ocrx_word' id='word_1_48' title='bbox 1096 773 1347 835; x_wconf 91' lang='lat' dir='ltr'>sumptus</span> <span class='ocrx_word' id='word_1_49' title='bbox 1373 762 1680 833; x_wconf 85' lang='lat' dir='ltr'>sperabant,</span> <span class='ocrx_word' id='word_1_50' title='bbox 1737 766 1799 814; x_wconf 91' lang='lat' dir='ltr'>ut</span> <span class='ocrx_word' id='word_1_51' title='bbox 1828 758 2116 829; x_wconf 83' lang='lat' dir='ltr'>pecuniam</span> 
     </span>
    </p>
   </div>
   <div class='ocr_carea' id='block_1_9' title="bbox 524 851 2117 927">
    <p class='ocr_par' dir='ltr' id='par_1_9' title="bbox 524 851 2117 927">
     <span class='ocr_line' id='line_1_9' title="bbox 524 851 2117 927; baseline -0.011 -10"><span class='ocrx_word' id='word_1_52' title='bbox 524 861 912 916; x_wconf 85' lang='lat' dir='ltr'>lucrifacerent</span> <span class='ocrx_word' id='word_1_53' title='bbox 932 864 987 911; x_wconf 89' lang='lat' dir='ltr'>et</span> <span class='ocrx_word' id='word_1_54' title='bbox 1016 853 1369 927; x_wconf 62' lang='lat' dir='ltr'>praeputium.</span> <span class='ocrx_word' id='word_1_55' title='bbox 1390 851 1457 906; x_wconf 86' lang='lat' dir='ltr'>Hi</span> <span class='ocrx_word' id='word_1_56' title='bbox 1478 857 1633 906; x_wconf 88' lang='lat' dir='ltr'>erant</span> <span class='ocrx_word' id='word_1_57' title='bbox 1653 855 1891 921; x_wconf 61' lang='lat' dir='ltr'>quaestus</span> <span class='ocrx_word' id='word_1_58' title='bbox 1906 863 2117 914; x_wconf 89' lang='lat' dir='ltr'>eorum,</span> 
     </span>
    </p>
   </div>
   <div class='ocr_carea' id='block_1_10' title="bbox 524 939 2121 1008">
    <p class='ocr_par' dir='ltr' id='par_1_10' title="bbox 524 939 2121 1008">
     <span class='ocr_line' id='line_1_10' title="bbox 524 939 2121 1008; baseline -0.011 0"><span class='ocrx_word' id='word_1_59' title='bbox 524 953 668 1008; x_wconf 83' lang='lat' dir='ltr'>sicut</span> <span class='ocrx_word' id='word_1_60' title='bbox 697 947 969 1006; x_wconf 88' lang='lat' dir='ltr'>Dominus</span> <span class='ocrx_word' id='word_1_61' title='bbox 1020 945 1158 1001; x_wconf 82' lang='lat' dir='ltr'>dicit</span> <span class='ocrx_word' id='word_1_62' title='bbox 1194 943 1429 999; x_wconf 64' lang='lat' dir='ltr'>Iudaeis:</span> <span class='ocrx_word' id='word_1_63' title='bbox 1478 965 1495 987; x_wconf 76' lang='grc' dir='ltr'>ι</span> <span class='ocrx_word' id='word_1_64' title='bbox 1526 939 1837 996; x_wconf 88' lang='lat' dir='ltr'>Ambulatis</span> <span class='ocrx_word' id='word_1_65' title='bbox 1878 954 2025 992; x_wconf 88' lang='lat' dir='ltr'>mare</span> <span class='ocrx_word' id='word_1_66' title='bbox 2069 944 2121 991; x_wconf 90' lang='lat' dir='ltr'>et</span> 
     </span>
    </p>
   </div>
   <div class='ocr_carea' id='block_1_11' title="bbox 524 1032 2119 1108">
    <p class='ocr_par' dir='ltr' id='par_1_11' title="bbox 524 1032 2119 1108">
     <span class='ocr_line' id='line_1_11' title="bbox 524 1032 2119 1108; baseline -0.01 -9"><span class='ocrx_word' id='word_1_67' title='bbox 524 1042 756 1108; x_wconf 78' lang='lat' dir='ltr'>aridam,</span> <span class='ocrx_word' id='word_1_68' title='bbox 776 1047 837 1094; x_wconf 90' lang='lat' dir='ltr'>ut</span> <span class='ocrx_word' id='word_1_69' title='bbox 859 1037 1070 1093; x_wconf 84' lang='lat' dir='ltr'>faciatis</span> <span class='ocrx_word' id='word_1_70' title='bbox 1102 1052 1270 1093; x_wconf 90' lang='lat' dir='ltr'>unum</span> <span class='ocrx_word' id='word_1_71' title='bbox 1295 1035 1631 1105; x_wconf 87' lang='lat' dir='ltr'>proselytum</span> <span class='ocrx_word' id='word_1_72' title='bbox 1660 1032 1849 1102; x_wconf 80' lang='lat' dir='ltr'>(Matth</span> <span class='ocrx_word' id='word_1_73' title='bbox 1894 1048 1930 1095; x_wconf 93' lang='grc' dir='ltr'>ι,</span> <span class='ocrx_word' id='word_1_74' title='bbox 1956 1045 2119 1095; x_wconf 84' lang='lat' dir='ltr'>xxnt,</span> 
     </span>
    </p>
   </div>
   <div class='ocr_carea' id='block_1_12' title="bbox 530 1118 2124 1203">
    <p class='ocr_par' dir='ltr' id='par_1_12' title="bbox 530 1118 2124 1203">
     <span class='ocr_line' id='line_1_12' title="bbox 530 1118 2124 1203; baseline -0.011 -14"><span class='ocrx_word' id='word_1_75' title='bbox 530 1133 644 1203; x_wconf 86' lang='grc'><strong>15).</strong></span> <span class='ocrx_word' id='word_1_76' title='bbox 676 1156 695 1177; x_wconf 76' lang='grc' dir='ltr'>ι</span> <span class='ocrx_word' id='word_1_77' title='bbox 739 1130 867 1185; x_wconf 74' lang='lat' dir='ltr'>Haec</span> <span class='ocrx_word' id='word_1_78' title='bbox 894 1126 1004 1183; x_wconf 92' lang='lat' dir='ltr'>duo</span> <span class='ocrx_word' id='word_1_79' title='bbox 1036 1127 1215 1198; x_wconf 89' lang='lat' dir='ltr'>turpia</span> <span class='ocrx_word' id='word_1_80' title='bbox 1242 1127 1395 1181; x_wconf 89' lang='lat' dir='ltr'>lucra</span> <span class='ocrx_word' id='word_1_81' title='bbox 1430 1122 1668 1195; x_wconf 86' lang='lat' dir='ltr'>appellat</span> <span class='ocrx_word' id='word_1_82' title='bbox 1695 1139 1708 1186; x_wconf 91' lang='lat'><strong>;</strong></span> <span class='ocrx_word' id='word_1_83' title='bbox 1743 1120 1872 1191; x_wconf 87' lang='lat' dir='ltr'>quia</span> <span class='ocrx_word' id='word_1_84' title='bbox 1899 1121 1993 1190; x_wconf 89' lang='lat' dir='ltr'>qui</span> <span class='ocrx_word' id='word_1_85' title='bbox 2023 1118 2124 1174; x_wconf 89' lang='lat' dir='ltr'>sub</span> 
     </span>
    </p>
   </div>
   <div class='ocr_carea' id='block_1_13' title="bbox 530 1206 2126 1283">
    <p class='ocr_par' dir='ltr' id='par_1_13' title="bbox 530 1206 2126 1283">
     <span class='ocr_line' id='line_1_13' title="bbox 530 1206 2126 1283; baseline -0.011 -5"><span class='ocrx_word' id='word_1_86' title='bbox 530 1224 754 1279; x_wconf 85' lang='lat' dir='ltr'>nomine</span> <span class='ocrx_word' id='word_1_87' title='bbox 810 1218 907 1275; x_wconf 90' lang='lat' dir='ltr'>Dei</span> <span class='ocrx_word' id='word_1_88' title='bbox 944 1218 1122 1283; x_wconf 89' lang='lat' dir='ltr'>docet,</span> <span class='ocrx_word' id='word_1_89' title='bbox 1169 1224 1222 1271; x_wconf 91' lang='lat' dir='ltr'>et</span> <span class='ocrx_word' id='word_1_90' title='bbox 1269 1232 1380 1270; x_wconf 90' lang='lat' dir='ltr'>non</span> <span class='ocrx_word' id='word_1_91' title='bbox 1437 1210 1750 1267; x_wconf 71' lang='lat' dir='ltr'>devotionis</span> <span class='ocrx_word' id='word_1_92' title='bbox 1801 1225 1983 1275; x_wconf 88' lang='lat' dir='ltr'>causa,</span> <span class='ocrx_word' id='word_1_93' title='bbox 2033 1206 2126 1262; x_wconf 89' lang='lat' dir='ltr'>sed</span> 
     </span>
    </p>
   </div>
   <div class='ocr_carea' id='block_1_14' title="bbox 531 1296 2128 1385">
    <p class='ocr_par' dir='ltr' id='par_1_14' title="bbox 531 1296 2128 1385">
     <span class='ocr_line' id='line_1_14' title="bbox 531 1296 2128 1385; baseline -0.012 -17"><span class='ocrx_word' id='word_1_94' title='bbox 531 1319 790 1385; x_wconf 77' lang='lat' dir='ltr'>quaestus,</span> <span class='ocrx_word' id='word_1_95' title='bbox 821 1307 1002 1379; x_wconf 88' lang='lat' dir='ltr'>turpis</span> <span class='ocrx_word' id='word_1_96' title='bbox 1041 1305 1182 1361; x_wconf 92' lang='lat' dir='ltr'>lucri</span> <span class='ocrx_word' id='word_1_97' title='bbox 1211 1312 1458 1375; x_wconf 83' lang='lat' dir='ltr'>captator</span> <span class='ocrx_word' id='word_1_98' title='bbox 1497 1310 1614 1356; x_wconf 90' lang='lat' dir='ltr'>est:</span> <span class='ocrx_word' id='word_1_99' title='bbox 1665 1298 1923 1354; x_wconf 85' lang='lat' dir='ltr'>similiter</span> <span class='ocrx_word' id='word_1_100' title='bbox 1952 1305 2005 1353; x_wconf 90' lang='lat' dir='ltr'>et</span> <span class='ocrx_word' id='word_1_101' title='bbox 2033 1296 2128 1367; x_wconf 89' lang='lat' dir='ltr'>qui</span> 
     </span>
    </p>
   </div>
   <div class='ocr_carea' id='block_1_15' title="bbox 534 1386 2130 1474">
    <p class='ocr_par' dir='ltr' id='par_1_15' title="bbox 534 1386 2130 1474">
     <span class='ocr_line' id='line_1_15' title="bbox 534 1386 2130 1474; baseline -0.01 -18"><span class='ocrx_word' id='word_1_102' title='bbox 534 1417 628 1474; x_wconf 87' lang='lat' dir='ltr'>per</span> <span class='ocrx_word' id='word_1_103' title='bbox 672 1396 1149 1455; x_wconf 89' lang='lat' dir='ltr'>circumcisionem</span> <span class='ocrx_word' id='word_1_104' title='bbox 1181 1394 1421 1465; x_wconf 88' lang='lat' dir='ltr'>aliquem</span> <span class='ocrx_word' id='word_1_105' title='bbox 1459 1392 1582 1446; x_wconf 84' lang='lat' dir='ltr'>vult</span> <span class='ocrx_word' id='word_1_106' title='bbox 1616 1390 1917 1461; x_wconf 87' lang='lat' dir='ltr'>acquirere.</span> <span class='ocrx_word' id='word_1_107' title='bbox 1977 1386 2130 1441; x_wconf 90' lang='lat' dir='ltr'>Unde</span> 
     </span>
    </p>
   </div>
   <div class='ocr_carea' id='block_1_16' title="bbox 532 1477 2127 1556">
    <p class='ocr_par' dir='ltr' id='par_1_16' title="bbox 532 1477 2127 1556">
     <span class='ocr_line' id='line_1_16' title="bbox 532 1477 2127 1556; baseline -0.011 -9"><span class='ocrx_word' id='word_1_108' title='bbox 532 1490 667 1547; x_wconf 90' lang='lat' dir='ltr'>alibi</span> <span class='ocrx_word' id='word_1_109' title='bbox 695 1488 773 1543; x_wconf 88' lang='lat' dir='ltr'>ait</span> <span class='ocrx_word' id='word_1_110' title='bbox 799 1506 810 1542; x_wconf 89' lang='lat'>:</span> <span class='ocrx_word' id='word_1_111' title='bbox 866 1510 885 1533; x_wconf 75' lang='grc' dir='ltr'>ι</span> <span class='ocrx_word' id='word_1_112' title='bbox 931 1487 1004 1541; x_wconf 87' lang='lat' dir='ltr'>Et</span> <span class='ocrx_word' id='word_1_113' title='bbox 1033 1484 1205 1556; x_wconf 84' lang='lat' dir='ltr'>gloria</span> <span class='ocrx_word' id='word_1_114' title='bbox 1254 1484 1310 1537; x_wconf 90' lang='lat' dir='ltr'>in</span> <span class='ocrx_word' id='word_1_115' title='bbox 1340 1479 1613 1552; x_wconf 89' lang='lat' dir='ltr'>pudendis</span> <span class='ocrx_word' id='word_1_116' title='bbox 1642 1495 1832 1535; x_wconf 91' lang='lat' dir='ltr'>eorum</span> <span class='ocrx_word' id='word_1_117' title='bbox 1868 1477 2127 1549; x_wconf 80' lang='lat' dir='ltr'>(Philipp.</span> 
     </span>
    </p>
   </div>
   <div class='ocr_carea' id='block_1_17' title="bbox 534 1578 816 1649">
    <p class='ocr_par' dir='ltr' id='par_1_17' title="bbox 534 1578 816 1649">
     <span class='ocr_line' id='line_1_17' title="bbox 534 1578 816 1649; baseline -0.018 -12"><span class='ocrx_word' id='word_1_118' title='bbox 534 1598 618 1648; x_wconf 90' lang='grc' dir='ltr'>ιιι,</span> <span class='ocrx_word' id='word_1_119' title='bbox 654 1578 765 1649; x_wconf 87' lang='grc'><strong>19).</strong></span> <span class='ocrx_word' id='word_1_120' title='bbox 798 1602 816 1625; x_wconf 74' lang='grc' dir='ltr'>ι</span> 
     </span>
    </p>
   </div>
   <div class='ocr_carea' id='block_1_18' title="bbox 611 1672 2139 1761">
    <p class='ocr_par' dir='ltr' id='par_1_18' title="bbox 611 1672 2139 1761">
     <span class='ocr_line' id='line_1_18' title="bbox 611 1672 2139 1761; baseline -0.011 -17"><span class='ocrx_word' id='word_1_121' title='bbox 611 1689 792 1761; x_wconf 84' lang='lat' dir='ltr'>(Vers.</span> <span class='ocrx_word' id='word_1_122' title='bbox 830 1686 917 1753; x_wconf 80' lang='grc'>12,</span> <span class='ocrx_word' id='word_1_123' title='bbox 944 1683 1055 1755; x_wconf 82' lang='grc'><strong>13.)</strong></span> <span class='ocrx_word' id='word_1_124' title='bbox 1099 1706 1117 1729; x_wconf 74' lang='grc' dir='ltr'>ι</span> <span class='ocrx_word' id='word_1_125' title='bbox 1146 1681 1303 1738; x_wconf 85' lang='lat' dir='ltr'>Dixit</span> <span class='ocrx_word' id='word_1_126' title='bbox 1349 1678 1572 1753; x_wconf 91' lang='lat' dir='ltr'>quidam</span> <span class='ocrx_word' id='word_1_127' title='bbox 1621 1694 1688 1733; x_wconf 91' lang='lat' dir='ltr'>ex</span> <span class='ocrx_word' id='word_1_128' title='bbox 1720 1677 1854 1749; x_wconf 83' lang='lat' dir='ltr'>ipsis</span> <span class='ocrx_word' id='word_1_129' title='bbox 1884 1672 2139 1748; x_wconf 88' lang='lat' dir='ltr'>proprius</span> 
     </span>
    </p>
   </div>
   <div class='ocr_carea' id='block_1_19' title="bbox 539 1764 2214 1848">
    <p class='ocr_par' dir='ltr' id='par_1_19' title="bbox 539 1764 2214 1848">
     <span class='ocr_line' id='line_1_19' title="bbox 539 1764 2214 1848; baseline -0.011 -12"><span class='ocrx_word' id='word_1_130' title='bbox 539 1795 729 1837; x_wconf 88' lang='lat' dir='ltr'>eorum</span> <span class='ocrx_word' id='word_1_131' title='bbox 813 1774 1117 1848; x_wconf 88' lang='lat' dir='ltr'>propheta:</span> <span class='ocrx_word' id='word_1_132' title='bbox 1186 1772 1470 1828; x_wconf 88' lang='lat' dir='ltr'>Cretenses</span> <span class='ocrx_word' id='word_1_133' title='bbox 1542 1783 1755 1839; x_wconf 89' lang='lat' dir='ltr'>semper</span> <span class='ocrx_word' id='word_1_134' title='bbox 1828 1764 2136 1831; x_wconf 85' lang='lat' dir='ltr'>mendaces,</span> <span class='ocrx_word' id='word_1_135' title='bbox 2168 1764 2214 1823; x_wconf 93' lang='lat' dir='ltr'><strong>B</strong></span> 
     </span>
    </p>
   </div>
   <div class='ocr_carea' id='block_1_20' title="bbox 542 1853 2144 1932">
    <p class='ocr_par' dir='ltr' id='par_1_20' title="bbox 542 1853 2144 1932">
     <span class='ocr_line' id='line_1_20' title="bbox 542 1853 2144 1932; baseline -0.013 -6"><span class='ocrx_word' id='word_1_136' title='bbox 542 1870 698 1926; x_wconf 62' lang='lat' dir='ltr'>malai</span> <span class='ocrx_word' id='word_1_137' title='bbox 743 1865 950 1931; x_wconf 59' lang='lat' dir='ltr'>bestiae,</span> <span class='ocrx_word' id='word_1_138' title='bbox 1001 1870 1225 1919; x_wconf 76' lang='lat' dir='ltr'>ventres</span> <span class='ocrx_word' id='word_1_139' title='bbox 1272 1859 1434 1932; x_wconf 83' lang='lat' dir='ltr'>pigri.</span> <span class='ocrx_word' id='word_1_140' title='bbox 1469 1857 1868 1913; x_wconf 88' lang='lat' dir='ltr'>Testimonium</span> <span class='ocrx_word' id='word_1_141' title='bbox 1919 1853 2025 1909; x_wconf 93' lang='lat' dir='ltr'>hoc</span> <span class='ocrx_word' id='word_1_142' title='bbox 2056 1869 2144 1906; x_wconf 89' lang='lat' dir='ltr'>vc-</span> 
     </span>
    </p>
   </div>
   <div class='ocr_carea' id='block_1_21' title="bbox 540 1944 2147 2023">
    <p class='ocr_par' dir='ltr' id='par_1_21' title="bbox 540 1944 2147 2023">
     <span class='ocr_line' id='line_1_21' title="bbox 540 1944 2147 2023; baseline -0.012 -8"><span class='ocrx_word' id='word_1_143' title='bbox 540 1976 665 2016; x_wconf 89' lang='lat' dir='ltr'>rum</span> <span class='ocrx_word' id='word_1_144' title='bbox 712 1965 812 2013; x_wconf 89' lang='lat' dir='ltr'>est.</span> <span class='ocrx_word' id='word_1_145' title='bbox 845 1982 865 2005; x_wconf 73' lang='grc' dir='ltr'>ι</span> <span class='ocrx_word' id='word_1_146' title='bbox 907 1955 1141 2023; x_wconf 85' lang='lat' dir='ltr'>Quidam</span> <span class='ocrx_word' id='word_1_147' title='bbox 1194 1969 1265 2007; x_wconf 82' lang='lat' dir='ltr'>ex</span> <span class='ocrx_word' id='word_1_148' title='bbox 1317 1948 1666 2007; x_wconf 87' lang='lat' dir='ltr'>Cretensibus</span> <span class='ocrx_word' id='word_1_149' title='bbox 1695 1944 2013 2001; x_wconf 91' lang='lat' dir='ltr'>meloriatus</span> <span class='ocrx_word' id='word_1_150' title='bbox 2051 1958 2147 2014; x_wconf 91' lang='lat' dir='ltr'>per</span> 
     </span>
    </p>
   </div>
   <div class='ocr_carea' id='block_1_22' title="bbox 542 2031 2145 2119">
    <p class='ocr_par' dir='ltr' id='par_1_22' title="bbox 542 2031 2145 2119">
     <span class='ocr_line' id='line_1_22' title="bbox 542 2031 2145 2119; baseline -0.012 -14"><span class='ocrx_word' id='word_1_151' title='bbox 542 2048 895 2119; x_wconf 88' lang='lat' dir='ltr'>disciplinam</span> <span class='ocrx_word' id='word_1_152' title='bbox 937 2042 1308 2105; x_wconf 89' lang='lat' dir='ltr'>Dominicam,</span> <span class='ocrx_word' id='word_1_153' title='bbox 1345 2038 1480 2112; x_wconf 92' lang='lat' dir='ltr'>quid</span> <span class='ocrx_word' id='word_1_154' title='bbox 1509 2036 1858 2093; x_wconf 87' lang='lat' dir='ltr'>sentiendum</span> <span class='ocrx_word' id='word_1_155' title='bbox 1890 2039 2029 2089; x_wconf 87' lang='lat' dir='ltr'>esset</span> <span class='ocrx_word' id='word_1_156' title='bbox 2079 2031 2145 2086; x_wconf 93' lang='lat' dir='ltr'>de</span> 
     </span>
    </p>
   </div>
   <div class='ocr_carea' id='block_1_23' title="bbox 546 2123 2146 2200">
    <p class='ocr_par' dir='ltr' id='par_1_23' title="bbox 546 2123 2146 2200">
     <span class='ocr_line' id='line_1_23' title="bbox 546 2123 2146 2200; baseline -0.011 -7"><span class='ocrx_word' id='word_1_157' title='bbox 546 2134 898 2195; x_wconf 88' lang='lat' dir='ltr'>Cretensibus</span> <span class='ocrx_word' id='word_1_158' title='bbox 928 2131 1167 2187; x_wconf 83' lang='lat' dir='ltr'>indoctis</span> <span class='ocrx_word' id='word_1_159' title='bbox 1196 2128 1487 2200; x_wconf 82' lang='lat' dir='ltr'>expressit,</span> <span class='ocrx_word' id='word_1_160' title='bbox 1521 2125 1668 2198; x_wconf 89' lang='lat' dir='ltr'>quod</span> <span class='ocrx_word' id='word_1_161' title='bbox 1707 2135 1761 2180; x_wconf 91' lang='lat' dir='ltr'>et</span> <span class='ocrx_word' id='word_1_162' title='bbox 1800 2123 1931 2177; x_wconf 90' lang='lat' dir='ltr'>mali</span> <span class='ocrx_word' id='word_1_163' title='bbox 1960 2129 2146 2177; x_wconf 88' lang='lat' dir='ltr'>essent</span> 
     </span>
    </p>
   </div>
   <div class='ocr_carea' id='block_1_24' title="bbox 546 2212 2150 2285">
    <p class='ocr_par' dir='ltr' id='par_1_24' title="bbox 546 2212 2150 2285">
     <span class='ocr_line' id='line_1_24' title="bbox 546 2212 2150 2285; baseline -0.012 -2"><span class='ocrx_word' id='word_1_164' title='bbox 546 2235 601 2285; x_wconf 88' lang='lat' dir='ltr'>et</span> <span class='ocrx_word' id='word_1_165' title='bbox 626 2224 789 2281; x_wconf 91' lang='lat' dir='ltr'>otiosi</span> <span class='ocrx_word' id='word_1_166' title='bbox 820 2223 1026 2278; x_wconf 89' lang='lat' dir='ltr'>vellent</span> <span class='ocrx_word' id='word_1_167' title='bbox 1052 2220 1371 2277; x_wconf 85' lang='lat' dir='ltr'>comedere:</span> <span class='ocrx_word' id='word_1_168' title='bbox 1406 2216 1619 2272; x_wconf 89' lang='lat' dir='ltr'>malitia</span> <span class='ocrx_word' id='word_1_169' title='bbox 1647 2214 1792 2270; x_wconf 90' lang='lat' dir='ltr'>enim</span> <span class='ocrx_word' id='word_1_170' title='bbox 1821 2212 1968 2284; x_wconf 89' lang='lat' dir='ltr'>pasci</span> <span class='ocrx_word' id='word_1_171' title='bbox 1999 2212 2150 2265; x_wconf 91' lang='lat' dir='ltr'>vole-</span> 
     </span>
    </p>
   </div>
   <div class='ocr_carea' id='block_1_25' title="bbox 546 2306 2147 2386">
    <p class='ocr_par' dir='ltr' id='par_1_25' title="bbox 546 2306 2147 2386">
     <span class='ocr_line' id='line_1_25' title="bbox 546 2306 2147 2386; baseline -0.011 -14"><span class='ocrx_word' id='word_1_172' title='bbox 546 2318 701 2383; x_wconf 88' lang='lat' dir='ltr'>bant,</span> <span class='ocrx_word' id='word_1_173' title='bbox 746 2314 842 2386; x_wconf 91' lang='lat' dir='ltr'>qui</span> <span class='ocrx_word' id='word_1_174' title='bbox 889 2328 1016 2368; x_wconf 90' lang='lat' dir='ltr'>cum</span> <span class='ocrx_word' id='word_1_175' title='bbox 1073 2311 1215 2366; x_wconf 90' lang='lat' dir='ltr'>nihil</span> <span class='ocrx_word' id='word_1_176' title='bbox 1256 2307 1488 2381; x_wconf 87' lang='lat' dir='ltr'>prosint,</span> <span class='ocrx_word' id='word_1_177' title='bbox 1542 2306 1783 2377; x_wconf 84' lang='lat' dir='ltr'>gestiunt</span> <span class='ocrx_word' id='word_1_178' title='bbox 1825 2311 1879 2358; x_wconf 91' lang='lat' dir='ltr'>et</span> <span class='ocrx_word' id='word_1_179' title='bbox 1931 2316 2147 2357; x_wconf 84' lang='lat' dir='ltr'>nocere.</span> 
     </span>
    </p>
   </div>
   <div class='ocr_carea' id='block_1_26' title="bbox 548 2392 2147 2477">
    <p class='ocr_par' dir='ltr' id='par_1_26' title="bbox 548 2392 2147 2477">
     <span class='ocr_line' id='line_1_26' title="bbox 548 2392 2147 2477; baseline -0.011 -16"><span class='ocrx_word' id='word_1_180' title='bbox 548 2407 765 2477; x_wconf 84' lang='lat' dir='ltr'>Duplex</span> <span class='ocrx_word' id='word_1_181' title='bbox 822 2418 949 2474; x_wconf 88' lang='lat' dir='ltr'>ergo</span> <span class='ocrx_word' id='word_1_182' title='bbox 1003 2402 1209 2456; x_wconf 90' lang='lat' dir='ltr'>malum</span> <span class='ocrx_word' id='word_1_183' title='bbox 1257 2407 1358 2455; x_wconf 88' lang='lat' dir='ltr'>est.</span> <span class='ocrx_word' id='word_1_184' title='bbox 1409 2397 1565 2452; x_wconf 89' lang='lat' dir='ltr'>Tales</span> <span class='ocrx_word' id='word_1_185' title='bbox 1622 2401 1779 2450; x_wconf 90' lang='lat' dir='ltr'>erant</span> <span class='ocrx_word' id='word_1_186' title='bbox 1826 2392 2147 2455; x_wconf 87' lang='lat' dir='ltr'>Cretenses;</span> 
     </span>
    </p>
   </div>
   <div class='ocr_carea' id='block_1_27' title="bbox 549 2483 2156 2562">
    <p class='ocr_par' dir='ltr' id='par_1_27' title="bbox 549 2483 2156 2562">
     <span class='ocr_line' id='line_1_27' title="bbox 549 2483 2156 2562; baseline -0.01 -12"><span class='ocrx_word' id='word_1_187' title='bbox 549 2493 697 2551; x_wconf 89' lang='lat' dir='ltr'>unde</span> <span class='ocrx_word' id='word_1_188' title='bbox 742 2492 910 2547; x_wconf 91' lang='lat' dir='ltr'>istum</span> <span class='ocrx_word' id='word_1_189' title='bbox 940 2489 1263 2562; x_wconf 88' lang='lat' dir='ltr'>prophetam</span> <span class='ocrx_word' id='word_1_190' title='bbox 1303 2487 1562 2559; x_wconf 88' lang='lat' dir='ltr'>appellat,</span> <span class='ocrx_word' id='word_1_191' title='bbox 1607 2483 1700 2539; x_wconf 91' lang='lat' dir='ltr'>sed</span> <span class='ocrx_word' id='word_1_192' title='bbox 1730 2483 1788 2537; x_wconf 93' lang='lat' dir='ltr'>in</span> <span class='ocrx_word' id='word_1_193' title='bbox 1817 2498 1983 2538; x_wconf 87' lang='lat' dir='ltr'>causa</span> <span class='ocrx_word' id='word_1_194' title='bbox 2009 2484 2156 2541; x_wconf 84' lang='lat'>314</span> 
     </span>
    </p>
   </div>
   <div class='ocr_carea' id='block_1_28' title="bbox 552 2576 2155 2649">
    <p class='ocr_par' dir='ltr' id='par_1_28' title="bbox 552 2576 2155 2649">
     <span class='ocr_line' id='line_1_28' title="bbox 552 2576 2155 2649; baseline -0.012 -1"><span class='ocrx_word' id='word_1_195' title='bbox 552 2588 916 2649; x_wconf 90' lang='lat' dir='ltr'>Cretensium.</span> <span class='ocrx_word' id='word_1_196' title='bbox 970 2586 1103 2640; x_wconf 90' lang='lat' dir='ltr'>Tam</span> <span class='ocrx_word' id='word_1_197' title='bbox 1150 2601 1281 2640; x_wconf 88' lang='lat' dir='ltr'>vera</span> <span class='ocrx_word' id='word_1_198' title='bbox 1328 2583 1475 2638; x_wconf 91' lang='lat' dir='ltr'>enim</span> <span class='ocrx_word' id='word_1_199' title='bbox 1518 2580 1666 2636; x_wconf 88' lang='lat' dir='ltr'>hunc</span> <span class='ocrx_word' id='word_1_200' title='bbox 1715 2579 1828 2634; x_wconf 89' lang='lat' dir='ltr'>illis</span> <span class='ocrx_word' id='word_1_201' title='bbox 1856 2576 2049 2633; x_wconf 82' lang='lat' dir='ltr'>asserit</span> <span class='ocrx_word' id='word_1_202' title='bbox 2079 2576 2155 2630; x_wconf 87' lang='lat' dir='ltr'>lo-</span> 
     </span>
    </p>
   </div>
   <div class='ocr_carea' id='block_1_29' title="bbox 552 2668 2155 2749">
    <p class='ocr_par' dir='ltr' id='par_1_29' title="bbox 552 2668 2155 2749">
     <span class='ocr_line' id='line_1_29' title="bbox 552 2668 2155 2749; baseline -0.012 -11"><span class='ocrx_word' id='word_1_203' title='bbox 552 2688 771 2747; x_wconf 84' lang='lat' dir='ltr'>cntum,</span> <span class='ocrx_word' id='word_1_204' title='bbox 802 2686 863 2734; x_wconf 92' lang='lat' dir='ltr'>ut</span> <span class='ocrx_word' id='word_1_205' title='bbox 892 2677 1217 2749; x_wconf 90' lang='lat' dir='ltr'>prophetam</span> <span class='ocrx_word' id='word_1_206' title='bbox 1242 2695 1255 2743; x_wconf 92' lang='lat'><strong>;</strong></span> <span class='ocrx_word' id='word_1_207' title='bbox 1286 2675 1403 2730; x_wconf 91' lang='lat' dir='ltr'>falli</span> <span class='ocrx_word' id='word_1_208' title='bbox 1425 2673 1573 2729; x_wconf 89' lang='lat' dir='ltr'>enim</span> <span class='ocrx_word' id='word_1_209' title='bbox 1602 2669 1924 2744; x_wconf 88' lang='lat' dir='ltr'>prophetam</span> <span class='ocrx_word' id='word_1_210' title='bbox 1956 2668 2155 2738; x_wconf 89' lang='lat' dir='ltr'>impos-</span> 
     </span>
    </p>
   </div>
   <div class='ocr_carea' id='block_1_30' title="bbox 557 2775 849 2831">
    <p class='ocr_par' dir='ltr' id='par_1_30' title="bbox 557 2775 849 2831">
     <span class='ocr_line' id='line_1_30' title="bbox 557 2775 849 2831; baseline -0.024 0"><span class='ocrx_word' id='word_1_211' title='bbox 557 2775 718 2831; x_wconf 89' lang='lat' dir='ltr'>sibile</span> <span class='ocrx_word' id='word_1_212' title='bbox 747 2778 849 2826; x_wconf 88' lang='lat' dir='ltr'>est.</span> 
     </span>
    </p>
   </div>
   <div class='ocr_carea' id='block_1_31' title="bbox 633 2861 2157 2949">
    <p class='ocr_par' dir='ltr' id='par_1_31' title="bbox 633 2861 2157 2949">
     <span class='ocr_line' id='line_1_31' title="bbox 633 2861 2157 2949; baseline -0.01 -17"><span class='ocrx_word' id='word_1_213' title='bbox 633 2879 816 2949; x_wconf 81' lang='lat' dir='ltr'>(Vers.</span> <span class='ocrx_word' id='word_1_214' title='bbox 862 2873 975 2944; x_wconf 69' lang='grc'><strong>14.)</strong></span> <span class='ocrx_word' id='word_1_215' title='bbox 1024 2896 1041 2918; x_wconf 75' lang='grc' dir='ltr'><strong>ε</strong></span> <span class='ocrx_word' id='word_1_216' title='bbox 1071 2872 1243 2938; x_wconf 88' lang='lat' dir='ltr'>Quam</span> <span class='ocrx_word' id='word_1_217' title='bbox 1276 2870 1345 2925; x_wconf 90' lang='lat' dir='ltr'>ob</span> <span class='ocrx_word' id='word_1_218' title='bbox 1389 2885 1607 2924; x_wconf 88' lang='lat' dir='ltr'>causam</span> <span class='ocrx_word' id='word_1_219' title='bbox 1638 2882 1801 2938; x_wconf 86' lang='lat' dir='ltr'>argue</span> <span class='ocrx_word' id='word_1_220' title='bbox 1852 2866 1977 2921; x_wconf 92' lang='lat' dir='ltr'>illos</span> <span class='ocrx_word' id='word_1_221' title='bbox 2002 2861 2157 2929; x_wconf 88' lang='lat' dir='ltr'>dure,</span> 
     </span>
    </p>
   </div>
   <div class='ocr_carea' id='block_1_32' title="bbox 562 2952 2161 3025">
    <p class='ocr_par' dir='ltr' id='par_1_32' title="bbox 562 2952 2161 3025">
     <span class='ocr_line' id='line_1_32' title="bbox 562 2952 2161 3025; baseline -0.01 -3"><span class='ocrx_word' id='word_1_222' title='bbox 562 2976 626 3023; x_wconf 87' lang='lat' dir='ltr'>ut</span> <span class='ocrx_word' id='word_1_223' title='bbox 665 2962 783 3020; x_wconf 89' lang='lat' dir='ltr'>sani</span> <span class='ocrx_word' id='word_1_224' title='bbox 811 2962 925 3017; x_wconf 88' lang='lat' dir='ltr'>sint</span> <span class='ocrx_word' id='word_1_225' title='bbox 962 2960 1021 3014; x_wconf 89' lang='lat' dir='ltr'>in</span> <span class='ocrx_word' id='word_1_226' title='bbox 1051 2959 1177 3025; x_wconf 90' lang='lat' dir='ltr'>ﬁde,</span> <span class='ocrx_word' id='word_1_227' title='bbox 1212 2975 1325 3012; x_wconf 92' lang='lat' dir='ltr'>non</span> <span class='ocrx_word' id='word_1_228' title='bbox 1371 2956 1719 3011; x_wconf 87' lang='lat' dir='ltr'>intendentes</span> <span class='ocrx_word' id='word_1_229' title='bbox 1743 2953 1981 3025; x_wconf 84' lang='lat' dir='ltr'>judaicis</span> <span class='ocrx_word' id='word_1_230' title='bbox 2010 2952 2161 3007; x_wconf 88' lang='lat' dir='ltr'>fabu-</span> 
     </span>
    </p>
   </div>
   <div class='ocr_carea' id='block_1_33' title="bbox 561 3044 2161 3113">
    <p class='ocr_par' dir='ltr' id='par_1_33' title="bbox 561 3044 2161 3113">
     <span class='ocr_line' id='line_1_33' title="bbox 561 3044 2161 3113; baseline -0.009 -4"><span class='ocrx_word' id='word_1_231' title='bbox 561 3054 633 3109; x_wconf 89' lang='lat' dir='ltr'>lis</span> <span class='ocrx_word' id='word_1_232' title='bbox 663 3060 716 3107; x_wconf 90' lang='lat' dir='ltr'>et</span> <span class='ocrx_word' id='word_1_233' title='bbox 746 3047 1020 3105; x_wconf 88' lang='lat' dir='ltr'>mandatis</span> <span class='ocrx_word' id='word_1_234' title='bbox 1050 3047 1339 3102; x_wconf 87' lang='lat' dir='ltr'>hominum</span> <span class='ocrx_word' id='word_1_235' title='bbox 1370 3044 1745 3099; x_wconf 87' lang='lat' dir='ltr'>aversantium</span> <span class='ocrx_word' id='word_1_236' title='bbox 1781 3044 1895 3113; x_wconf 90' lang='lat'>(87)</span> <span class='ocrx_word' id='word_1_237' title='bbox 1932 3057 1988 3097; x_wconf 91' lang='lat' dir='ltr'>se</span> <span class='ocrx_word' id='word_1_238' title='bbox 2016 3057 2046 3095; x_wconf 92' lang='lat' dir='ltr'>a</span> <span class='ocrx_word' id='word_1_239' title='bbox 2072 3057 2161 3095; x_wconf 86' lang='lat' dir='ltr'>ve-</span> 
     </span>
    </p>
   </div>
   <div class='ocr_carea' id='block_1_34' title="bbox 2222 467 3829 546">
    <p class='ocr_par' dir='ltr' id='par_1_34' title="bbox 2222 467 3829 546">
     <span class='ocr_line' id='line_1_34' title="bbox 2222 467 3829 546; baseline -0.009 -10"><span class='ocrx_word' id='word_1_240' title='bbox 2222 489 2370 546; x_wconf 89' lang='lat' dir='ltr'>sunt,</span> <span class='ocrx_word' id='word_1_241' title='bbox 2403 478 2533 532; x_wconf 86' lang='lat' dir='ltr'>talia</span> <span class='ocrx_word' id='word_1_242' title='bbox 2562 494 2624 532; x_wconf 86' lang='lat' dir='ltr'>ac</span> <span class='ocrx_word' id='word_1_243' title='bbox 2675 481 2828 529; x_wconf 86' lang='lat' dir='ltr'>tanta</span> <span class='ocrx_word' id='word_1_244' title='bbox 2858 478 3183 543; x_wconf 88' lang='lat' dir='ltr'>acceperunt</span> <span class='ocrx_word' id='word_1_245' title='bbox 3221 468 3503 535; x_wconf 88' lang='lat' dir='ltr'>mandata,</span> <span class='ocrx_word' id='word_1_246' title='bbox 3539 467 3598 522; x_wconf 88' lang='lat' dir='ltr'>in</span> <span class='ocrx_word' id='word_1_247' title='bbox 3632 468 3829 540; x_wconf 81' lang='lat' dir='ltr'>quibus</span> 
     </span>
    </p>
   </div>
   <div class='ocr_carea' id='block_1_35' title="bbox 2224 560 3826 642">
    <p class='ocr_par' dir='ltr' id='par_1_35' title="bbox 2224 560 3826 642">
     <span class='ocr_line' id='line_1_35' title="bbox 2224 560 3826 642; baseline -0.009 -15"><span class='ocrx_word' id='word_1_248' title='bbox 2224 571 2491 642; x_wconf 85' lang='lat' dir='ltr'>respirare</span> <span class='ocrx_word' id='word_1_249' title='bbox 2538 584 2649 623; x_wconf 90' lang='lat' dir='ltr'>non</span> <span class='ocrx_word' id='word_1_250' title='bbox 2692 572 2931 638; x_wconf 87' lang='lat' dir='ltr'>possent.</span> <span class='ocrx_word' id='word_1_251' title='bbox 2961 563 3103 620; x_wconf 86' lang='lat' dir='ltr'>Hinc</span> <span class='ocrx_word' id='word_1_252' title='bbox 3132 563 3333 619; x_wconf 87' lang='lat' dir='ltr'>factum</span> <span class='ocrx_word' id='word_1_253' title='bbox 3366 569 3473 626; x_wconf 91' lang='lat' dir='ltr'>est,</span> <span class='ocrx_word' id='word_1_254' title='bbox 3518 568 3583 613; x_wconf 93' lang='lat' dir='ltr'>ut</span> <span class='ocrx_word' id='word_1_255' title='bbox 3616 569 3673 615; x_wconf 91' lang='lat' dir='ltr'>et</span> <span class='ocrx_word' id='word_1_256' title='bbox 3700 560 3826 614; x_wconf 88' lang='lat' dir='ltr'>boni</span> 
     </span>
    </p>
   </div>
   <div class='ocr_carea' id='block_1_36' title="bbox 2228 650 3827 724">
    <p class='ocr_par' dir='ltr' id='par_1_36' title="bbox 2228 650 3827 724">
     <span class='ocr_line' id='line_1_36' title="bbox 2228 650 3827 724; baseline -0.008 -7"><span class='ocrx_word' id='word_1_257' title='bbox 2228 662 2537 717; x_wconf 81' lang='lat' dir='ltr'>laborarent</span> <span class='ocrx_word' id='word_1_258' title='bbox 2581 674 2706 714; x_wconf 92' lang='lat' dir='ltr'>cum</span> <span class='ocrx_word' id='word_1_259' title='bbox 2747 656 2927 723; x_wconf 90' lang='lat' dir='ltr'>malis,</span> <span class='ocrx_word' id='word_1_260' title='bbox 2985 653 3263 724; x_wconf 88' lang='lat' dir='ltr'>accepturi</span> <span class='ocrx_word' id='word_1_261' title='bbox 3320 650 3660 707; x_wconf 87' lang='lat' dir='ltr'>mercedem.</span> <span class='ocrx_word' id='word_1_262' title='bbox 3712 652 3827 705; x_wconf 53' lang='lat' dir='ltr'>Haec</span> 
     </span>
    </p>
   </div>
   <div class='ocr_carea' id='block_1_37' title="bbox 2227 744 3826 823">
    <p class='ocr_par' dir='ltr' id='par_1_37' title="bbox 2227 744 3826 823">
     <span class='ocr_line' id='line_1_37' title="bbox 2227 744 3826 823; baseline -0.006 -17"><span class='ocrx_word' id='word_1_263' title='bbox 2227 768 2354 823; x_wconf 88' lang='lat' dir='ltr'>ergo</span> <span class='ocrx_word' id='word_1_264' title='bbox 2406 767 2504 822; x_wconf 92' lang='lat' dir='ltr'>pro</span> <span class='ocrx_word' id='word_1_265' title='bbox 2551 748 2800 803; x_wconf 86' lang='lat' dir='ltr'>vindicta</span> <span class='ocrx_word' id='word_1_266' title='bbox 2852 747 2979 801; x_wconf 90' lang='lat' dir='ltr'>data</span> <span class='ocrx_word' id='word_1_267' title='bbox 3020 751 3170 811; x_wconf 90' lang='lat' dir='ltr'>sunt,</span> <span class='ocrx_word' id='word_1_268' title='bbox 3204 744 3281 798; x_wconf 90' lang='lat' dir='ltr'>ita</span> <span class='ocrx_word' id='word_1_269' title='bbox 3324 751 3389 797; x_wconf 94' lang='lat' dir='ltr'>ut</span> <span class='ocrx_word' id='word_1_270' title='bbox 3432 749 3688 813; x_wconf 88' lang='lat' dir='ltr'>tempore</span> <span class='ocrx_word' id='word_1_271' title='bbox 3729 759 3826 812; x_wconf 77' lang='lat' dir='ltr'>quo</span> 
     </span>
    </p>
   </div>
   <div class='ocr_carea' id='block_1_38' title="bbox 2228 830 3825 912">
    <p class='ocr_par' dir='ltr' id='par_1_38' title="bbox 2228 830 3825 912">
     <span class='ocr_line' id='line_1_38' title="bbox 2228 830 3825 912; baseline -0.006 -18"><span class='ocrx_word' id='word_1_272' title='bbox 2228 839 2561 912; x_wconf 87' lang='lat' dir='ltr'>promissum</span> <span class='ocrx_word' id='word_1_273' title='bbox 2617 836 2842 893; x_wconf 73' lang='lat' dir='ltr'>advertit</span> <span class='ocrx_word' id='word_1_274' title='bbox 2884 834 3098 889; x_wconf 89' lang='lat' dir='ltr'>donum</span> <span class='ocrx_word' id='word_1_275' title='bbox 3140 831 3260 899; x_wconf 92' lang='lat' dir='ltr'>Dei,</span> <span class='ocrx_word' id='word_1_276' title='bbox 3315 830 3702 887; x_wconf 86' lang='lat' dir='ltr'>misericordia</span> <span class='ocrx_word' id='word_1_277' title='bbox 3739 833 3825 887; x_wconf 72' lang='lat' dir='ltr'>Dei</span> 
     </span>
    </p>
   </div>
   <div class='ocr_carea' id='block_1_39' title="bbox 2230 919 3827 998">
    <p class='ocr_par' dir='ltr' id='par_1_39' title="bbox 2230 919 3827 998">
     <span class='ocr_line' id='line_1_39' title="bbox 2230 919 3827 998; baseline -0.007 -14"><span class='ocrx_word' id='word_1_278' title='bbox 2230 931 2501 985; x_wconf 83' lang='lat' dir='ltr'>relaxaret</span> <span class='ocrx_word' id='word_1_279' title='bbox 2539 927 2745 994; x_wconf 89' lang='lat' dir='ltr'>omnia,</span> <span class='ocrx_word' id='word_1_280' title='bbox 2775 943 2892 998; x_wconf 70' lang='lat' dir='ltr'>qua:</span> <span class='ocrx_word' id='word_1_281' title='bbox 2924 923 3078 996; x_wconf 89' lang='lat' dir='ltr'>prius</span> <span class='ocrx_word' id='word_1_282' title='bbox 3106 919 3499 977; x_wconf 83' lang='lat' dir='ltr'>interdixerat.</span> <span class='ocrx_word' id='word_1_283' title='bbox 3530 919 3691 986; x_wconf 85' lang='lat' dir='ltr'>Quod</span> <span class='ocrx_word' id='word_1_284' title='bbox 3730 937 3827 975; x_wconf 84' lang='lat' dir='ltr'>non</span> 
     </span>
    </p>
   </div>
   <div class='ocr_carea' id='block_1_40' title="bbox 2232 1011 3825 1089">
    <p class='ocr_par' dir='ltr' id='par_1_40' title="bbox 2232 1011 3825 1089">
     <span class='ocr_line' id='line_1_40' title="bbox 2232 1011 3825 1089; baseline -0.008 -14"><span class='ocrx_word' id='word_1_285' title='bbox 2232 1018 2603 1089; x_wconf 83' lang='lat' dir='ltr'>intelligentcs</span> <span class='ocrx_word' id='word_1_286' title='bbox 2643 1016 2842 1081; x_wconf 74' lang='lat' dir='ltr'>Judaei,</span> <span class='ocrx_word' id='word_1_287' title='bbox 2883 1013 2984 1067; x_wconf 89' lang='lat' dir='ltr'>sub</span> <span class='ocrx_word' id='word_1_288' title='bbox 3022 1011 3155 1082; x_wconf 85' lang='lat' dir='ltr'>jugo</span> <span class='ocrx_word' id='word_1_289' title='bbox 3199 1016 3546 1082; x_wconf 83' lang='lat' dir='ltr'>permanent,</span> <span class='ocrx_word' id='word_1_290' title='bbox 3584 1017 3639 1063; x_wconf 90' lang='lat' dir='ltr'>et</span> <span class='ocrx_word' id='word_1_291' title='bbox 3690 1026 3825 1080; x_wconf 88' lang='lat' dir='ltr'>quo-</span> 
     </span>
    </p>
   </div>
   <div class='ocr_carea' id='block_1_41' title="bbox 2235 1098 3826 1171">
    <p class='ocr_par' dir='ltr' id='par_1_41' title="bbox 2235 1098 3826 1171">
     <span class='ocr_line' id='line_1_41' title="bbox 2235 1098 3826 1171; baseline -0.004 -9"><span class='ocrx_word' id='word_1_292' title='bbox 2235 1108 2487 1163; x_wconf 88' lang='lat' dir='ltr'>rumdam</span> <span class='ocrx_word' id='word_1_293' title='bbox 2542 1106 2850 1160; x_wconf 89' lang='lat' dir='ltr'>libertatem</span> <span class='ocrx_word' id='word_1_294' title='bbox 2898 1102 2985 1157; x_wconf 91' lang='lat' dir='ltr'>his</span> <span class='ocrx_word' id='word_1_295' title='bbox 3026 1102 3221 1155; x_wconf 86' lang='lat' dir='ltr'>volunt</span> <span class='ocrx_word' id='word_1_296' title='bbox 3276 1098 3525 1155; x_wconf 88' lang='lat' dir='ltr'>vinculis</span> <span class='ocrx_word' id='word_1_297' title='bbox 3556 1099 3826 1171; x_wconf 76' lang='lat' dir='ltr'>obligare;</span> 
     </span>
    </p>
   </div>
   <div class='ocr_carea' id='block_1_42' title="bbox 2236 1182 3833 1261">
    <p class='ocr_par' dir='ltr' id='par_1_42' title="bbox 2236 1182 3833 1261">
     <span class='ocr_line' id='line_1_42' title="bbox 2236 1182 3833 1261; baseline -0.004 -17"><span class='ocrx_word' id='word_1_298' title='bbox 2236 1191 2468 1261; x_wconf 91' lang='lat' dir='ltr'>ideoque</span> <span class='ocrx_word' id='word_1_299' title='bbox 2499 1189 2598 1244; x_wconf 90' lang='lat' dir='ltr'>hos</span> <span class='ocrx_word' id='word_1_300' title='bbox 2638 1186 3006 1259; x_wconf 87' lang='lat' dir='ltr'>objurgandos</span> <span class='ocrx_word' id='word_1_301' title='bbox 3049 1184 3330 1247; x_wconf 89' lang='lat' dir='ltr'>admonet,</span> <span class='ocrx_word' id='word_1_302' title='bbox 3362 1192 3425 1238; x_wconf 90' lang='lat' dir='ltr'>ut</span> <span class='ocrx_word' id='word_1_303' title='bbox 3472 1182 3540 1237; x_wconf 87' lang='lat' dir='ltr'>ab</span> <span class='ocrx_word' id='word_1_304' title='bbox 3576 1183 3663 1237; x_wconf 89' lang='lat' dir='ltr'>his</span> <span class='ocrx_word' id='word_1_305' title='bbox 3693 1200 3833 1239; x_wconf 79' lang='lat' dir='ltr'>aver-</span> 
     </span>
    </p>
   </div>
   <div class='ocr_carea' id='block_1_43' title="bbox 2238 1288 2452 1335">
    <p class='ocr_par' dir='ltr' id='par_1_43' title="bbox 2238 1288 2452 1335">
     <span class='ocr_line' id='line_1_43' title="bbox 2238 1288 2452 1335; baseline -0.009 0"><span class='ocrx_word' id='word_1_306' title='bbox 2238 1288 2427 1335; x_wconf 88' lang='lat' dir='ltr'>tantur</span> <span class='ocrx_word' id='word_1_307' title='bbox 2440 1323 2452 1334; x_wconf 93' lang='lat'>.</span> 
     </span>
    </p>
   </div>
   <div class='ocr_carea' id='block_1_44' title="bbox 2315 1361 3833 1440">
    <p class='ocr_par' dir='ltr' id='par_1_44' title="bbox 2315 1361 3833 1440">
     <span class='ocr_line' id='line_1_44' title="bbox 2315 1361 3833 1440; baseline -0.005 -15"><span class='ocrx_word' id='word_1_308' title='bbox 2315 1369 2497 1440; x_wconf 88' lang='lat' dir='ltr'>(Vers.</span> <span class='ocrx_word' id='word_1_309' title='bbox 2533 1367 2646 1438; x_wconf 83' lang='grc'><strong>15.)</strong></span> <span class='ocrx_word' id='word_1_310' title='bbox 2692 1390 2709 1412; x_wconf 74' lang='grc' dir='ltr'><strong>ε</strong></span> <span class='ocrx_word' id='word_1_311' title='bbox 2733 1366 2931 1421; x_wconf 89' lang='lat' dir='ltr'>Omnia</span> <span class='ocrx_word' id='word_1_312' title='bbox 2968 1364 3193 1436; x_wconf 90' lang='lat' dir='ltr'>quidem</span> <span class='ocrx_word' id='word_1_313' title='bbox 3222 1361 3434 1420; x_wconf 90' lang='lat' dir='ltr'>munda</span> <span class='ocrx_word' id='word_1_314' title='bbox 3463 1361 3716 1418; x_wconf 89' lang='lat' dir='ltr'>mundis:</span> <span class='ocrx_word' id='word_1_315' title='bbox 3760 1362 3833 1417; x_wconf 88' lang='lat' dir='ltr'>his</span> 
     </span>
    </p>
   </div>
   <div class='ocr_carea' id='block_1_45' title="bbox 2243 1452 3832 1529">
    <p class='ocr_par' dir='ltr' id='par_1_45' title="bbox 2243 1452 3832 1529">
     <span class='ocr_line' id='line_1_45' title="bbox 2243 1452 3832 1529; baseline -0.006 -15"><span class='ocrx_word' id='word_1_316' title='bbox 2243 1475 2373 1514; x_wconf 92' lang='lat' dir='ltr'>vero</span> <span class='ocrx_word' id='word_1_317' title='bbox 2402 1459 2497 1529; x_wconf 92' lang='lat' dir='ltr'>qui</span> <span class='ocrx_word' id='word_1_318' title='bbox 2544 1455 2904 1513; x_wconf 90' lang='lat' dir='ltr'>contaminati</span> <span class='ocrx_word' id='word_1_319' title='bbox 2936 1461 3065 1509; x_wconf 91' lang='lat' dir='ltr'>sunt</span> <span class='ocrx_word' id='word_1_320' title='bbox 3092 1461 3146 1508; x_wconf 90' lang='lat' dir='ltr'>et</span> <span class='ocrx_word' id='word_1_321' title='bbox 3173 1452 3293 1507; x_wconf 90' lang='lat' dir='ltr'>sine</span> <span class='ocrx_word' id='word_1_322' title='bbox 3323 1452 3454 1520; x_wconf 86' lang='lat' dir='ltr'>ﬁde,</span> <span class='ocrx_word' id='word_1_323' title='bbox 3507 1453 3649 1507; x_wconf 91' lang='lat' dir='ltr'>nihil</span> <span class='ocrx_word' id='word_1_324' title='bbox 3692 1469 3832 1506; x_wconf 89' lang='lat' dir='ltr'>mun-</span> 
     </span>
    </p>
   </div>
   <div class='ocr_carea' id='block_1_46' title="bbox 2245 1542 3832 1617">
    <p class='ocr_par' dir='ltr' id='par_1_46' title="bbox 2245 1542 3832 1617">
     <span class='ocr_line' id='line_1_46' title="bbox 2245 1542 3832 1617; baseline -0.006 -13"><span class='ocrx_word' id='word_1_325' title='bbox 2245 1548 2399 1614; x_wconf 91' lang='lat' dir='ltr'>dum,</span> <span class='ocrx_word' id='word_1_326' title='bbox 2432 1548 2524 1602; x_wconf 89' lang='lat' dir='ltr'>sed</span> <span class='ocrx_word' id='word_1_327' title='bbox 2557 1546 2843 1617; x_wconf 87' lang='lat' dir='ltr'>inquinata</span> <span class='ocrx_word' id='word_1_328' title='bbox 2879 1552 2960 1600; x_wconf 92' lang='lat' dir='ltr'>est</span> <span class='ocrx_word' id='word_1_329' title='bbox 2988 1559 3175 1599; x_wconf 87' lang='lat' dir='ltr'>eorum</span> <span class='ocrx_word' id='word_1_330' title='bbox 3206 1551 3260 1598; x_wconf 89' lang='lat' dir='ltr'>et</span> <span class='ocrx_word' id='word_1_331' title='bbox 3295 1558 3451 1597; x_wconf 89' lang='lat' dir='ltr'>mens</span> <span class='ocrx_word' id='word_1_332' title='bbox 3481 1549 3535 1598; x_wconf 89' lang='lat' dir='ltr'>et</span> <span class='ocrx_word' id='word_1_333' title='bbox 3568 1542 3832 1597; x_wconf 86' lang='lat' dir='ltr'>conscien-</span> 
     </span>
    </p>
   </div>
   <div class='ocr_carea' id='block_1_47' title="bbox 2245 1630 3835 1702">
    <p class='ocr_par' dir='ltr' id='par_1_47' title="bbox 2245 1630 3835 1702">
     <span class='ocr_line' id='line_1_47' title="bbox 2245 1630 3835 1702; baseline -0.006 -11"><span class='ocrx_word' id='word_1_334' title='bbox 2245 1636 2342 1691; x_wconf 89' lang='lat' dir='ltr'>tia.</span> <span class='ocrx_word' id='word_1_335' title='bbox 2398 1661 2416 1683; x_wconf 73' lang='grc' dir='ltr'>ι</span> <span class='ocrx_word' id='word_1_336' title='bbox 2484 1637 2623 1690; x_wconf 90' lang='lat' dir='ltr'>Istos</span> <span class='ocrx_word' id='word_1_337' title='bbox 2687 1632 2922 1688; x_wconf 88' lang='lat' dir='ltr'>mundos</span> <span class='ocrx_word' id='word_1_338' title='bbox 2980 1647 3096 1687; x_wconf 90' lang='lat' dir='ltr'>esse</span> <span class='ocrx_word' id='word_1_339' title='bbox 3144 1630 3417 1702; x_wconf 84' lang='lat' dir='ltr'>signiﬁcat</span> <span class='ocrx_word' id='word_1_340' title='bbox 3488 1630 3583 1701; x_wconf 89' lang='lat' dir='ltr'>qui</span> <span class='ocrx_word' id='word_1_341' title='bbox 3636 1637 3690 1683; x_wconf 91' lang='lat' dir='ltr'>et</span> <span class='ocrx_word' id='word_1_342' title='bbox 3746 1647 3835 1700; x_wconf 81' lang='lat' dir='ltr'>qua</span> 
     </span>
    </p>
   </div>
   <div class='ocr_carea' id='block_1_48' title="bbox 2251 1724 3833 1793">
    <p class='ocr_par' dir='ltr' id='par_1_48' title="bbox 2251 1724 3833 1793">
     <span class='ocr_line' id='line_1_48' title="bbox 2251 1724 3833 1793; baseline -0.006 -12"><span class='ocrx_word' id='word_1_343' title='bbox 2251 1743 2411 1782; x_wconf 90' lang='lat' dir='ltr'>causa</span> <span class='ocrx_word' id='word_1_344' title='bbox 2459 1724 2754 1780; x_wconf 88' lang='lat' dir='ltr'>interdicta</span> <span class='ocrx_word' id='word_1_345' title='bbox 2798 1730 2927 1777; x_wconf 90' lang='lat' dir='ltr'>sunt</span> <span class='ocrx_word' id='word_1_346' title='bbox 2970 1730 3196 1788; x_wconf 90' lang='lat' dir='ltr'>norunt,</span> <span class='ocrx_word' id='word_1_347' title='bbox 3245 1730 3299 1775; x_wconf 91' lang='lat' dir='ltr'>et</span> <span class='ocrx_word' id='word_1_348' title='bbox 3347 1737 3456 1793; x_wconf 89' lang='lat' dir='ltr'>qua</span> <span class='ocrx_word' id='word_1_349' title='bbox 3511 1737 3676 1776; x_wconf 88' lang='lat' dir='ltr'>causa</span> <span class='ocrx_word' id='word_1_350' title='bbox 3711 1735 3833 1774; x_wconf 87' lang='lat' dir='ltr'>con—</span> 
     </span>
    </p>
   </div>
   <div class='ocr_carea' id='block_1_49' title="bbox 2253 1806 3838 1885">
    <p class='ocr_par' dir='ltr' id='par_1_49' title="bbox 2253 1806 3838 1885">
     <span class='ocr_line' id='line_1_49' title="bbox 2253 1806 3838 1885; baseline -0.009 -13"><span class='ocrx_word' id='word_1_351' title='bbox 2253 1832 2401 1872; x_wconf 88' lang='lat' dir='ltr'>cessa</span> <span class='ocrx_word' id='word_1_352' title='bbox 2447 1823 2576 1871; x_wconf 90' lang='lat' dir='ltr'>sunt</span> <span class='ocrx_word' id='word_1_353' title='bbox 2618 1821 2820 1885; x_wconf 82' lang='lat' dir='ltr'>postea.</span> <span class='ocrx_word' id='word_1_354' title='bbox 2865 1812 3001 1868; x_wconf 91' lang='lat' dir='ltr'>Nam</span> <span class='ocrx_word' id='word_1_355' title='bbox 3050 1810 3098 1866; x_wconf 90' lang='lat' dir='ltr'>si</span> <span class='ocrx_word' id='word_1_356' title='bbox 3147 1810 3205 1865; x_wconf 90' lang='lat' dir='ltr'>in</span> <span class='ocrx_word' id='word_1_357' title='bbox 3247 1809 3443 1866; x_wconf 89' lang='lat' dir='ltr'>Genesi</span> <span class='ocrx_word' id='word_1_358' title='bbox 3477 1810 3683 1879; x_wconf 82' lang='lat' dir='ltr'>legitur</span> <span class='ocrx_word' id='word_1_359' title='bbox 3727 1806 3838 1878; x_wconf 75' lang='lat' dir='ltr'>quia</span> 
     </span>
    </p>
   </div>
   <div class='ocr_carea' id='block_1_50' title="bbox 2254 1898 3834 1978">
    <p class='ocr_par' dir='ltr' id='par_1_50' title="bbox 2254 1898 3834 1978">
     <span class='ocr_line' id='line_1_50' title="bbox 2254 1898 3834 1978; baseline -0.012 -15"><span class='ocrx_word' id='word_1_360' title='bbox 2254 1905 2441 1964; x_wconf 90' lang='lat' dir='ltr'>omnia</span> <span class='ocrx_word' id='word_1_361' title='bbox 2495 1922 2615 1978; x_wconf 63' lang='lat' dir='ltr'>quae</span> <span class='ocrx_word' id='word_1_362' title='bbox 2669 1903 2800 1959; x_wconf 84' lang='lat' dir='ltr'>fecit</span> <span class='ocrx_word' id='word_1_363' title='bbox 2856 1903 3023 1970; x_wconf 91' lang='lat' dir='ltr'>Deus,</span> <span class='ocrx_word' id='word_1_364' title='bbox 3071 1900 3213 1956; x_wconf 88' lang='lat' dir='ltr'>bona</span> <span class='ocrx_word' id='word_1_365' title='bbox 3259 1910 3384 1956; x_wconf 90' lang='lat' dir='ltr'>sunt</span> <span class='ocrx_word' id='word_1_366' title='bbox 3442 1901 3606 1971; x_wconf 84' lang='lat' dir='ltr'>(Gen.</span> <span class='ocrx_word' id='word_1_367' title='bbox 3643 1917 3681 1966; x_wconf 84' lang='grc' dir='ltr'>ι,</span> <span class='ocrx_word' id='word_1_368' title='bbox 3736 1898 3834 1961; x_wconf 67' lang='lat' dir='ltr'>3h,</span> 
     </span>
    </p>
   </div>
   <div class='ocr_carea' id='block_1_51' title="bbox 2255 1990 3836 2065">
    <p class='ocr_par' dir='ltr' id='par_1_51' title="bbox 2255 1990 3836 2065">
     <span class='ocr_line' id='line_1_51' title="bbox 2255 1990 3836 2065; baseline -0.008 -12"><span class='ocrx_word' id='word_1_369' title='bbox 2255 1997 2487 2055; x_wconf 90' lang='lat' dir='ltr'>dubium</span> <span class='ocrx_word' id='word_1_370' title='bbox 2516 2012 2625 2050; x_wconf 90' lang='lat' dir='ltr'>non</span> <span class='ocrx_word' id='word_1_371' title='bbox 2650 2002 2730 2049; x_wconf 89' lang='lat' dir='ltr'>est</span> <span class='ocrx_word' id='word_1_372' title='bbox 2758 1993 2887 2065; x_wconf 91' lang='lat' dir='ltr'>quia</span> <span class='ocrx_word' id='word_1_373' title='bbox 2914 2000 2968 2048; x_wconf 91' lang='lat' dir='ltr'>et</span> <span class='ocrx_word' id='word_1_374' title='bbox 2998 1992 3203 2048; x_wconf 88' lang='lat' dir='ltr'>munda</span> <span class='ocrx_word' id='word_1_375' title='bbox 3227 1997 3350 2047; x_wconf 89' lang='lat' dir='ltr'>sunt</span> <span class='ocrx_word' id='word_1_376' title='bbox 3374 2009 3387 2045; x_wconf 88' lang='lat'>:</span> <span class='ocrx_word' id='word_1_377' title='bbox 3435 1990 3533 2061; x_wconf 91' lang='lat' dir='ltr'>qui</span> <span class='ocrx_word' id='word_1_378' title='bbox 3575 2005 3719 2043; x_wconf 80' lang='lat' dir='ltr'>vero</span> <span class='ocrx_word' id='word_1_379' title='bbox 3750 2003 3836 2041; x_wconf 85' lang='lat' dir='ltr'>non</span> 
     </span>
    </p>
   </div>
   <div class='ocr_carea' id='block_1_52' title="bbox 2257 2076 3838 2159">
    <p class='ocr_par' dir='ltr' id='par_1_52' title="bbox 2257 2076 3838 2159">
     <span class='ocr_line' id='line_1_52' title="bbox 2257 2076 3838 2159; baseline -0.008 -16"><span class='ocrx_word' id='word_1_380' title='bbox 2257 2088 2597 2159; x_wconf 86' lang='lat' dir='ltr'>intelligunt,</span> <span class='ocrx_word' id='word_1_381' title='bbox 2629 2085 2902 2141; x_wconf 90' lang='lat' dir='ltr'>immundi</span> <span class='ocrx_word' id='word_1_382' title='bbox 2950 2094 3109 2149; x_wconf 90' lang='lat' dir='ltr'>sunt;</span> <span class='ocrx_word' id='word_1_383' title='bbox 3142 2091 3476 2139; x_wconf 83' lang='lat' dir='ltr'>accusatores</span> <span class='ocrx_word' id='word_1_384' title='bbox 3520 2079 3675 2133; x_wconf 90' lang='lat' dir='ltr'>enim</span> <span class='ocrx_word' id='word_1_385' title='bbox 3709 2076 3838 2133; x_wconf 80' lang='lat' dir='ltr'>Scri-</span> 
     </span>
    </p>
   </div>
   <div class='ocr_carea' id='block_1_53' title="bbox 2258 2168 3840 2253">
    <p class='ocr_par' dir='ltr' id='par_1_53' title="bbox 2258 2168 3840 2253">
     <span class='ocr_line' id='line_1_53' title="bbox 2258 2168 3840 2253; baseline -0.009 -18"><span class='ocrx_word' id='word_1_386' title='bbox 2258 2189 2431 2253; x_wconf 63' lang='lat' dir='ltr'>ptura:</span> <span class='ocrx_word' id='word_1_387' title='bbox 2463 2186 2610 2233; x_wconf 90' lang='lat' dir='ltr'>sunt.</span> <span class='ocrx_word' id='word_1_388' title='bbox 2643 2177 2699 2232; x_wconf 89' lang='lat' dir='ltr'>Si</span> <span class='ocrx_word' id='word_1_389' title='bbox 2727 2177 2875 2231; x_wconf 89' lang='lat' dir='ltr'>enim</span> <span class='ocrx_word' id='word_1_390' title='bbox 2906 2176 3051 2230; x_wconf 80' lang='lat' dir='ltr'>bona</span> <span class='ocrx_word' id='word_1_391' title='bbox 3078 2174 3223 2229; x_wconf 86' lang='lat' dir='ltr'>facta</span> <span class='ocrx_word' id='word_1_392' title='bbox 3249 2173 3528 2244; x_wconf 89' lang='lat' dir='ltr'>leguntur,</span> <span class='ocrx_word' id='word_1_393' title='bbox 3563 2185 3665 2225; x_wconf 88' lang='lat' dir='ltr'>cur</span> <span class='ocrx_word' id='word_1_394' title='bbox 3692 2168 3840 2222; x_wconf 88' lang='lat' dir='ltr'>inter-</span> 
     </span>
    </p>
   </div>
   <div class='ocr_carea' id='block_1_54' title="bbox 2260 2259 3840 2339">
    <p class='ocr_par' dir='ltr' id='par_1_54' title="bbox 2260 2259 3840 2339">
     <span class='ocr_line' id='line_1_54' title="bbox 2260 2259 3840 2339; baseline -0.008 -15"><span class='ocrx_word' id='word_1_395' title='bbox 2260 2270 2523 2325; x_wconf 90' lang='lat' dir='ltr'>dicuntur</span> <span class='ocrx_word' id='word_1_396' title='bbox 2577 2267 2731 2339; x_wconf 89' lang='lat' dir='ltr'>quasi</span> <span class='ocrx_word' id='word_1_397' title='bbox 2786 2264 3147 2321; x_wconf 89' lang='lat' dir='ltr'>exsecrabilia</span> <span class='ocrx_word' id='word_1_398' title='bbox 3176 2264 3204 2319; x_wconf 74' lang='lat' dir='ltr'>‘P</span> <span class='ocrx_word' id='word_1_399' title='bbox 3242 2263 3298 2319; x_wconf 91' lang='lat' dir='ltr'>Si</span> <span class='ocrx_word' id='word_1_400' title='bbox 3341 2259 3706 2317; x_wconf 88' lang='lat' dir='ltr'>exsecrabilia</span> <span class='ocrx_word' id='word_1_401' title='bbox 3746 2274 3840 2312; x_wconf 86' lang='lat' dir='ltr'>non</span> 
     </span>
    </p>
   </div>
   <div class='ocr_carea' id='block_1_55' title="bbox 2261 2347 3841 2429">
    <p class='ocr_par' dir='ltr' id='par_1_55' title="bbox 2261 2347 3841 2429">
     <span class='ocr_line' id='line_1_55' title="bbox 2261 2347 3841 2429; baseline -0.009 -15"><span class='ocrx_word' id='word_1_402' title='bbox 2261 2366 2409 2425; x_wconf 89' lang='lat' dir='ltr'>sunt,</span> <span class='ocrx_word' id='word_1_403' title='bbox 2434 2358 2563 2429; x_wconf 88' lang='lat' dir='ltr'>quia</span> <span class='ocrx_word' id='word_1_404' title='bbox 2594 2358 2735 2411; x_wconf 88' lang='lat' dir='ltr'>bona</span> <span class='ocrx_word' id='word_1_405' title='bbox 2761 2363 2889 2411; x_wconf 90' lang='lat' dir='ltr'>sunt</span> <span class='ocrx_word' id='word_1_406' title='bbox 2916 2374 2929 2423; x_wconf 91' lang='lat'><strong>;</strong></span> <span class='ocrx_word' id='word_1_407' title='bbox 2984 2363 3204 2425; x_wconf 90' lang='lat' dir='ltr'>propter</span> <span class='ocrx_word' id='word_1_408' title='bbox 3245 2351 3513 2407; x_wconf 88' lang='lat' dir='ltr'>duritiam</span> <span class='ocrx_word' id='word_1_409' title='bbox 3561 2347 3739 2405; x_wconf 89' lang='lat' dir='ltr'>cordis</span> <span class='ocrx_word' id='word_1_410' title='bbox 3772 2348 3841 2400; x_wconf 90' lang='lat' dir='ltr'>in-</span> 
     </span>
    </p>
   </div>
   <div class='ocr_carea' id='block_1_56' title="bbox 2263 2437 3839 2517">
    <p class='ocr_par' dir='ltr' id='par_1_56' title="bbox 2263 2437 3839 2517">
     <span class='ocr_line' id='line_1_56' title="bbox 2263 2437 3839 2517; baseline -0.009 -14"><span class='ocrx_word' id='word_1_411' title='bbox 2263 2448 2496 2503; x_wconf 90' lang='lat' dir='ltr'>terdicta</span> <span class='ocrx_word' id='word_1_412' title='bbox 2529 2453 2851 2512; x_wconf 88' lang='lat' dir='ltr'>noscuntur,</span> <span class='ocrx_word' id='word_1_413' title='bbox 2884 2444 3012 2517; x_wconf 88' lang='lat' dir='ltr'>quia</span> <span class='ocrx_word' id='word_1_414' title='bbox 3032 2443 3247 2514; x_wconf 86' lang='lat' dir='ltr'>indigni</span> <span class='ocrx_word' id='word_1_415' title='bbox 3275 2440 3451 2496; x_wconf 89' lang='lat' dir='ltr'>habiti</span> <span class='ocrx_word' id='word_1_416' title='bbox 3482 2445 3615 2495; x_wconf 86' lang='lat' dir='ltr'>sunt</span> <span class='ocrx_word' id='word_1_417' title='bbox 3644 2445 3751 2493; x_wconf 87' lang='lat' dir='ltr'>tota</span> <span class='ocrx_word' id='word_1_418' title='bbox 3775 2437 3839 2490; x_wconf 86' lang='lat' dir='ltr'>uti</span> 
     </span>
    </p>
   </div>
   <div class='ocr_carea' id='block_1_57' title="bbox 2265 2528 3839 2606">
    <p class='ocr_par' dir='ltr' id='par_1_57' title="bbox 2265 2528 3839 2606">
     <span class='ocr_line' id='line_1_57' title="bbox 2265 2528 3839 2606; baseline -0.01 -11"><span class='ocrx_word' id='word_1_419' title='bbox 2265 2539 2365 2595; x_wconf 90' lang='lat' dir='ltr'>Dei</span> <span class='ocrx_word' id='word_1_420' title='bbox 2395 2545 2661 2593; x_wconf 90' lang='lat' dir='ltr'>creatura.</span> <span class='ocrx_word' id='word_1_421' title='bbox 2694 2537 2829 2593; x_wconf 75' lang='lat' dir='ltr'>Nam</span> <span class='ocrx_word' id='word_1_422' title='bbox 2862 2534 3010 2606; x_wconf 88' lang='lat' dir='ltr'>quia</span> <span class='ocrx_word' id='word_1_423' title='bbox 3031 2531 3355 2588; x_wconf 88' lang='lat' dir='ltr'>melioribus</span> <span class='ocrx_word' id='word_1_424' title='bbox 3389 2529 3653 2603; x_wconf 86' lang='lat' dir='ltr'>prohibiti</span> <span class='ocrx_word' id='word_1_425' title='bbox 3678 2528 3839 2582; x_wconf 84' lang='lat' dir='ltr'>viden-</span> 
     </span>
    </p>
   </div>
   <div class='ocr_carea' id='block_1_58' title="bbox 2267 2619 3835 2692">
    <p class='ocr_par' dir='ltr' id='par_1_58' title="bbox 2267 2619 3835 2692">
     <span class='ocr_line' id='line_1_58' title="bbox 2267 2619 3835 2692; baseline -0.003 -12"><span class='ocrx_word' id='word_1_426' title='bbox 2267 2634 2377 2692; x_wconf 89' lang='lat' dir='ltr'>tur,</span> <span class='ocrx_word' id='word_1_427' title='bbox 2441 2625 2637 2680; x_wconf 88' lang='lat' dir='ltr'>horum</span> <span class='ocrx_word' id='word_1_428' title='bbox 2695 2640 2849 2679; x_wconf 89' lang='lat' dir='ltr'>mens</span> <span class='ocrx_word' id='word_1_429' title='bbox 2905 2631 2959 2678; x_wconf 90' lang='lat' dir='ltr'>et</span> <span class='ocrx_word' id='word_1_430' title='bbox 3014 2623 3350 2678; x_wconf 87' lang='lat' dir='ltr'>conscientia</span> <span class='ocrx_word' id='word_1_431' title='bbox 3401 2619 3685 2691; x_wconf 86' lang='lat' dir='ltr'>inquinata</span> <span class='ocrx_word' id='word_1_432' title='bbox 3729 2624 3835 2675; x_wconf 82' lang='lat' dir='ltr'>est;</span> 
     </span>
    </p>
   </div>
   <div class='ocr_carea' id='block_1_59' title="bbox 2269 2707 3837 2787">
    <p class='ocr_par' dir='ltr' id='par_1_59' title="bbox 2269 2707 3837 2787">
     <span class='ocr_line' id='line_1_59' title="bbox 2269 2707 3837 2787; baseline -0.008 -17"><span class='ocrx_word' id='word_1_433' title='bbox 2269 2715 2397 2787; x_wconf 88' lang='lat' dir='ltr'>quia</span> <span class='ocrx_word' id='word_1_434' title='bbox 2423 2724 2730 2771; x_wconf 87' lang='lat' dir='ltr'>creaturam</span> <span class='ocrx_word' id='word_1_435' title='bbox 2749 2713 2847 2769; x_wconf 89' lang='lat' dir='ltr'>Dei</span> <span class='ocrx_word' id='word_1_436' title='bbox 2874 2720 3155 2781; x_wconf 88' lang='lat' dir='ltr'>accusant,</span> <span class='ocrx_word' id='word_1_437' title='bbox 3172 2719 3231 2766; x_wconf 87' lang='lat' dir='ltr'>ut</span> <span class='ocrx_word' id='word_1_438' title='bbox 3248 2718 3515 2766; x_wconf 80' lang='lat' dir='ltr'>excusent</span> <span class='ocrx_word' id='word_1_439' title='bbox 3530 2707 3837 2778; x_wconf 78' lang='lat' dir='ltr'>semetipsos.</span> 
     </span>
    </p>
   </div>
   <div class='ocr_carea' id='block_1_60' title="bbox 2344 2796 3841 2878">
    <p class='ocr_par' dir='ltr' id='par_1_60' title="bbox 2344 2796 3841 2878">
     <span class='ocr_line' id='line_1_60' title="bbox 2344 2796 3841 2878; baseline -0.009 -17"><span class='ocrx_word' id='word_1_440' title='bbox 2344 2806 2525 2878; x_wconf 79' lang='lat' dir='ltr'>(Vers.</span> <span class='ocrx_word' id='word_1_441' title='bbox 2580 2805 2694 2876; x_wconf 85' lang='grc'><strong>16.)</strong></span> <span class='ocrx_word' id='word_1_442' title='bbox 2738 2829 2755 2851; x_wconf 79' lang='grc' dir='ltr'>ι</span> <span class='ocrx_word' id='word_1_443' title='bbox 2786 2806 2959 2860; x_wconf 89' lang='lat' dir='ltr'>Deum</span> <span class='ocrx_word' id='word_1_444' title='bbox 3007 2804 3337 2875; x_wconf 89' lang='lat' dir='ltr'>proﬁtentur</span> <span class='ocrx_word' id='word_1_445' title='bbox 3390 2818 3446 2856; x_wconf 87' lang='lat' dir='ltr'>se</span> <span class='ocrx_word' id='word_1_446' title='bbox 3492 2814 3669 2866; x_wconf 88' lang='lat' dir='ltr'>nosse,</span> <span class='ocrx_word' id='word_1_447' title='bbox 3709 2796 3841 2851; x_wconf 76' lang='lat' dir='ltr'>factis</span> 
     </span>
    </p>
   </div>
   <div class='ocr_carea' id='block_1_61' title="bbox 2271 2886 3841 2969">
    <p class='ocr_par' dir='ltr' id='par_1_61' title="bbox 2271 2886 3841 2969">
     <span class='ocr_line' id='line_1_61' title="bbox 2271 2886 3841 2969; baseline -0.008 -17"><span class='ocrx_word' id='word_1_448' title='bbox 2271 2904 2452 2953; x_wconf 88' lang='lat' dir='ltr'>autem</span> <span class='ocrx_word' id='word_1_449' title='bbox 2502 2904 2740 2969; x_wconf 87' lang='lat' dir='ltr'>negant;</span> <span class='ocrx_word' id='word_1_450' title='bbox 2794 2896 3052 2968; x_wconf 88' lang='lat' dir='ltr'>quoniam</span> <span class='ocrx_word' id='word_1_451' title='bbox 3094 2901 3224 2950; x_wconf 89' lang='lat' dir='ltr'>sunt</span> <span class='ocrx_word' id='word_1_452' title='bbox 3271 2891 3657 2955; x_wconf 85' lang='lat' dir='ltr'>exsecrabiles,</span> <span class='ocrx_word' id='word_1_453' title='bbox 3685 2886 3841 2942; x_wconf 84' lang='lat' dir='ltr'>inobe-</span> 
     </span>
    </p>
   </div>
   <div class='ocr_carea' id='block_1_62' title="bbox 2272 2978 3841 3055">
    <p class='ocr_par' dir='ltr' id='par_1_62' title="bbox 2272 2978 3841 3055">
     <span class='ocr_line' id='line_1_62' title="bbox 2272 2978 3841 3055; baseline -0.01 -13"><span class='ocrx_word' id='word_1_454' title='bbox 2272 2986 2502 3054; x_wconf 90' lang='lat' dir='ltr'>dientes,</span> <span class='ocrx_word' id='word_1_455' title='bbox 2535 2995 2589 3041; x_wconf 92' lang='lat' dir='ltr'>et</span> <span class='ocrx_word' id='word_1_456' title='bbox 2620 2985 2688 3041; x_wconf 91' lang='lat' dir='ltr'>ad</span> <span class='ocrx_word' id='word_1_457' title='bbox 2717 3000 2879 3040; x_wconf 91' lang='lat' dir='ltr'>omne</span> <span class='ocrx_word' id='word_1_458' title='bbox 2917 3000 3054 3055; x_wconf 89' lang='lat' dir='ltr'>opus</span> <span class='ocrx_word' id='word_1_459' title='bbox 3080 2982 3287 3037; x_wconf 89' lang='lat' dir='ltr'>bonum</span> <span class='ocrx_word' id='word_1_460' title='bbox 3336 2979 3583 3051; x_wconf 89' lang='lat' dir='ltr'>reprobi.</span> <span class='ocrx_word' id='word_1_461' title='bbox 3615 3004 3631 3025; x_wconf 83' lang='lat'><strong><em>-</em></strong></span> <span class='ocrx_word' id='word_1_462' title='bbox 3674 2978 3841 3044; x_wconf 85' lang='lat' dir='ltr'>Quam-</span> 
     </span>
    </p>
   </div>
   <div class='ocr_carea' id='block_1_63' title="bbox 2274 3068 3840 3143">
    <p class='ocr_par' dir='ltr' id='par_1_63' title="bbox 2274 3068 3840 3143">
     <span class='ocr_line' id='line_1_63' title="bbox 2274 3068 3840 3143; baseline -0.008 -13"><span class='ocrx_word' id='word_1_463' title='bbox 2274 3076 2360 3130; x_wconf 83' lang='lat' dir='ltr'>vis</span> <span class='ocrx_word' id='word_1_464' title='bbox 2389 3074 2457 3130; x_wconf 89' lang='lat' dir='ltr'>ad</span> <span class='ocrx_word' id='word_1_465' title='bbox 2486 3090 2677 3129; x_wconf 88' lang='lat' dir='ltr'>omnes</span> <span class='ocrx_word' id='word_1_466' title='bbox 2707 3072 2990 3128; x_wconf 69' lang='lat' dir='ltr'>haereticos</span> <span class='ocrx_word' id='word_1_467' title='bbox 3006 3072 3277 3143; x_wconf 85' lang='lat' dir='ltr'>pertineat</span> <span class='ocrx_word' id='word_1_468' title='bbox 3304 3069 3545 3136; x_wconf 91' lang='lat' dir='ltr'>dictum,</span> <span class='ocrx_word' id='word_1_469' title='bbox 3568 3068 3673 3123; x_wconf 89' lang='lat' dir='ltr'>hoc</span> <span class='ocrx_word' id='word_1_470' title='bbox 3689 3075 3840 3121; x_wconf 83' lang='lat' dir='ltr'>tamen</span> 
     </span>
    </p>
   </div>
   <div class='ocr_carea' id='block_1_64' title="bbox 562 3127 3841 3235">
    <p class='ocr_par' dir='ltr' id='par_1_64' title="bbox 562 3127 3841 3235">
     <span class='ocr_line' id='line_1_64' title="bbox 562 3127 3841 3235; baseline -0.009 2"><span class='ocrx_word' id='word_1_471' title='bbox 562 3142 745 3199; x_wconf 62' lang='lat' dir='ltr'>mate&#39;</span> <span class='ocrx_word' id='word_1_472' title='bbox 778 3166 797 3189; x_wconf 69' lang='grc'><em>³</em></span> <span class='ocrx_word' id='word_1_473' title='bbox 842 3136 1214 3235; x_wconf 51' lang='lat' dir='ltr'>[&quot;5i5‘e&#39;ldum</span> <span class='ocrx_word' id='word_1_474' title='bbox 1246 3133 1536 3235; x_wconf 45' lang='lat' dir='ltr'>Praei?</span> <span class='ocrx_word' id='word_1_475' title='bbox 1556 3134 1614 3188; x_wconf 66' lang='lat' dir='ltr'>in</span> <span class='ocrx_word' id='word_1_476' title='bbox 1645 3131 1992 3235; x_wconf 61' lang='lat' dir='ltr'>°°_m.l‘“°“e</span> <span class='ocrx_word' id='word_1_477' title='bbox 2026 3130 2159 3235; x_wconf 29' lang='lat' dir='ltr'>ius).</span> <span class='ocrx_word' id='word_1_478' title='bbox 2194 3127 2236 3187; x_wconf 70' lang='grc' dir='ltr'>Ο</span> <span class='ocrx_word' id='word_1_479' title='bbox 2276 3127 2935 3235; x_wconf 59' lang='lat' dir='ltr'>ludmisintelligitur</span> <span class='ocrx_word' id='word_1_480' title='bbox 2966 3127 3202 3230; x_wconf 76' lang='lat' dir='ltr'>locutus,</span> <span class='ocrx_word' id='word_1_481' title='bbox 3233 3160 3326 3234; x_wconf 91' lang='lat' dir='ltr'>qui</span> <span class='ocrx_word' id='word_1_482' title='bbox 3360 3177 3416 3216; x_wconf 91' lang='lat' dir='ltr'>se</span> <span class='ocrx_word' id='word_1_483' title='bbox 3446 3127 3681 3215; x_wconf 67' lang='lat' dir='ltr'>Abrahae.</span> <span class='ocrx_word' id='word_1_484' title='bbox 3701 3160 3841 3213; x_wconf 84' lang='lat' dir='ltr'>Deum</span> 
     </span>
    </p>
   </div>
   <div class='ocr_carea' id='block_1_65' title="bbox 563 3218 2167 3303">
    <p class='ocr_par' dir='ltr' id='par_1_65' title="bbox 563 3218 2167 3303">
     <span class='ocr_line' id='line_1_65' title="bbox 563 3218 2167 3303; baseline -0.011 -14"><span class='ocrx_word' id='word_1_485' title='bbox 563 3250 710 3303; x_wconf 88' lang='lat' dir='ltr'>rum,</span> <span class='ocrx_word' id='word_1_486' title='bbox 741 3236 804 3286; x_wconf 92' lang='lat' dir='ltr'>ut</span> <span class='ocrx_word' id='word_1_487' title='bbox 835 3227 1084 3285; x_wconf 90' lang='lat' dir='ltr'>converti</span> <span class='ocrx_word' id='word_1_488' title='bbox 1116 3225 1347 3299; x_wconf 85' lang='lat' dir='ltr'>possint,</span> <span class='ocrx_word' id='word_1_489' title='bbox 1380 3232 1433 3280; x_wconf 92' lang='lat' dir='ltr'>et</span> <span class='ocrx_word' id='word_1_490' title='bbox 1478 3224 1575 3279; x_wconf 88' lang='lat' dir='ltr'>illa</span> <span class='ocrx_word' id='word_1_491' title='bbox 1615 3221 1811 3278; x_wconf 88' lang='lat' dir='ltr'>sectari</span> <span class='ocrx_word' id='word_1_492' title='bbox 1856 3237 1975 3292; x_wconf 84' lang='lat' dir='ltr'>quae</span> <span class='ocrx_word' id='word_1_493' title='bbox 2017 3218 2167 3290; x_wconf 87' lang='lat' dir='ltr'>justa</span> 
     </span>
    </p>
   </div>
   <div class='ocr_carea' id='block_1_66' title="bbox 565 3306 2167 3391">
    <p class='ocr_par' dir='ltr' id='par_1_66' title="bbox 565 3306 2167 3391">
     <span class='ocr_line' id='line_1_66' title="bbox 565 3306 2167 3391; baseline -0.011 -13"><span class='ocrx_word' id='word_1_494' title='bbox 565 3330 715 3389; x_wconf 87' lang='lat' dir='ltr'>sunt,</span> <span class='ocrx_word' id='word_1_495' title='bbox 747 3327 803 3375; x_wconf 90' lang='lat' dir='ltr'>et</span> <span class='ocrx_word' id='word_1_496' title='bbox 847 3320 964 3391; x_wconf 84' lang='lat' dir='ltr'>lege</span> <span class='ocrx_word' id='word_1_497' title='bbox 994 3316 1095 3373; x_wconf 90' lang='lat' dir='ltr'>Dei</span> <span class='ocrx_word' id='word_1_498' title='bbox 1130 3316 1424 3386; x_wconf 82' lang='lat' dir='ltr'>condigna,</span> <span class='ocrx_word' id='word_1_499' title='bbox 1456 3318 1764 3369; x_wconf 89' lang='lat' dir='ltr'>avertentes</span> <span class='ocrx_word' id='word_1_500' title='bbox 1803 3326 1857 3365; x_wconf 90' lang='lat' dir='ltr'>se</span> <span class='ocrx_word' id='word_1_501' title='bbox 1882 3326 1911 3362; x_wconf 90' lang='lat' dir='ltr'>a</span> <span class='ocrx_word' id='word_1_502' title='bbox 1930 3306 2167 3379; x_wconf 90' lang='lat' dir='ltr'>judaicis</span> 
     </span>
    </p>
   </div>
   <div class='ocr_carea' id='block_1_67' title="bbox 566 3400 2167 3481">
    <p class='ocr_par' dir='ltr' id='par_1_67' title="bbox 566 3400 2167 3481">
     <span class='ocr_line' id='line_1_67' title="bbox 566 3400 2167 3481; baseline -0.011 -15"><span class='ocrx_word' id='word_1_503' title='bbox 566 3410 808 3476; x_wconf 85' lang='lat' dir='ltr'>fabulis;</span> <span class='ocrx_word' id='word_1_504' title='bbox 833 3408 962 3481; x_wconf 91' lang='lat' dir='ltr'>quia</span> <span class='ocrx_word' id='word_1_505' title='bbox 995 3408 1053 3462; x_wconf 91' lang='lat' dir='ltr'>in</span> <span class='ocrx_word' id='word_1_506' title='bbox 1082 3408 1197 3478; x_wconf 83' lang='lat' dir='ltr'>lege</span> <span class='ocrx_word' id='word_1_507' title='bbox 1228 3422 1388 3461; x_wconf 89' lang='lat' dir='ltr'>nemo</span> <span class='ocrx_word' id='word_1_508' title='bbox 1414 3403 1750 3475; x_wconf 88' lang='lat' dir='ltr'>justiﬁcatur</span> <span class='ocrx_word' id='word_1_509' title='bbox 1796 3400 1939 3471; x_wconf 91' lang='lat' dir='ltr'>apud</span> <span class='ocrx_word' id='word_1_510' title='bbox 1971 3400 2167 3463; x_wconf 89' lang='lat' dir='ltr'>Deum,</span> 
     </span>
    </p>
   </div>
   <div class='ocr_carea' id='block_1_68' title="bbox 570 3484 2169 3571">
    <p class='ocr_par' dir='ltr' id='par_1_68' title="bbox 570 3484 2169 3571">
     <span class='ocr_line' id='line_1_68' title="bbox 570 3484 2169 3571; baseline -0.009 -19"><span class='ocrx_word' id='word_1_511' title='bbox 570 3505 775 3571; x_wconf 88' lang='lat' dir='ltr'>quanto</span> <span class='ocrx_word' id='word_1_512' title='bbox 826 3495 1000 3565; x_wconf 90' lang='lat' dir='ltr'>magis</span> <span class='ocrx_word' id='word_1_513' title='bbox 1056 3495 1115 3548; x_wconf 90' lang='lat' dir='ltr'>in</span> <span class='ocrx_word' id='word_1_514' title='bbox 1171 3493 1445 3547; x_wconf 90' lang='lat' dir='ltr'>mandatis</span> <span class='ocrx_word' id='word_1_515' title='bbox 1494 3491 1834 3547; x_wconf 78' lang='lat' dir='ltr'>hominum!</span> <span class='ocrx_word' id='word_1_516' title='bbox 1889 3484 2169 3558; x_wconf 90' lang='lat' dir='ltr'>Quidquid</span> 
     </span>
    </p>
   </div>
   <div class='ocr_carea' id='block_1_69' title="bbox 571 3576 2171 3650">
    <p class='ocr_par' dir='ltr' id='par_1_69' title="bbox 571 3576 2171 3650">
     <span class='ocr_line' id='line_1_69' title="bbox 571 3576 2171 3650; baseline -0.008 -10"><span class='ocrx_word' id='word_1_517' title='bbox 571 3586 719 3642; x_wconf 89' lang='lat' dir='ltr'>enim</span> <span class='ocrx_word' id='word_1_518' title='bbox 745 3584 1035 3639; x_wconf 91' lang='lat' dir='ltr'>adversum</span> <span class='ocrx_word' id='word_1_519' title='bbox 1067 3582 1356 3636; x_wconf 89' lang='lat' dir='ltr'>veritatem</span> <span class='ocrx_word' id='word_1_520' title='bbox 1386 3580 1705 3650; x_wconf 90' lang='lat' dir='ltr'>opponitur,</span> <span class='ocrx_word' id='word_1_521' title='bbox 1724 3576 2171 3633; x_wconf 89' lang='lat' dir='ltr'>humanainven-</span> 
     </span>
    </p>
   </div>
   <div class='ocr_carea' id='block_1_70' title="bbox 571 3674 2175 3748">
    <p class='ocr_par' dir='ltr' id='par_1_70' title="bbox 571 3674 2175 3748">
     <span class='ocr_line' id='line_1_70' title="bbox 571 3674 2175 3748; baseline -0.008 -10"><span class='ocrx_word' id='word_1_522' title='bbox 571 3683 651 3738; x_wconf 88' lang='lat' dir='ltr'>tio</span> <span class='ocrx_word' id='word_1_523' title='bbox 708 3689 827 3748; x_wconf 88' lang='lat' dir='ltr'>est;</span> <span class='ocrx_word' id='word_1_524' title='bbox 890 3679 1196 3735; x_wconf 90' lang='lat' dir='ltr'>nescientes</span> <span class='ocrx_word' id='word_1_525' title='bbox 1254 3676 1403 3730; x_wconf 89' lang='lat' dir='ltr'>enim</span> <span class='ocrx_word' id='word_1_526' title='bbox 1456 3675 1571 3728; x_wconf 89' lang='lat' dir='ltr'>vim</span> <span class='ocrx_word' id='word_1_527' title='bbox 1634 3674 2065 3743; x_wconf 89' lang='lat' dir='ltr'>Scripturarum,</span> <span class='ocrx_word' id='word_1_528' title='bbox 2120 3678 2175 3726; x_wconf 90' lang='lat' dir='ltr'>et</span> 
     </span>
    </p>
   </div>
   <div class='ocr_carea' id='block_1_71' title="bbox 574 3764 2175 3837">
    <p class='ocr_par' dir='ltr' id='par_1_71' title="bbox 574 3764 2175 3837">
     <span class='ocr_line' id='line_1_71' title="bbox 574 3764 2175 3837; baseline -0.01 -7"><span class='ocrx_word' id='word_1_529' title='bbox 574 3773 839 3830; x_wconf 87' lang='lat' dir='ltr'>interiora</span> <span class='ocrx_word' id='word_1_530' title='bbox 887 3768 1183 3825; x_wconf 90' lang='lat' dir='ltr'>verborum</span> <span class='ocrx_word' id='word_1_531' title='bbox 1226 3765 1379 3837; x_wconf 90' lang='lat' dir='ltr'>legis,</span> <span class='ocrx_word' id='word_1_532' title='bbox 1424 3764 1666 3819; x_wconf 89' lang='lat' dir='ltr'>colorem</span> <span class='ocrx_word' id='word_1_533' title='bbox 1695 3770 2021 3834; x_wconf 90' lang='lat' dir='ltr'>sequuntur,</span> <span class='ocrx_word' id='word_1_534' title='bbox 2064 3777 2175 3816; x_wconf 90' lang='lat' dir='ltr'>non</span> 
     </span>
    </p>
   </div>
   <div class='ocr_carea' id='block_1_72' title="bbox 576 3851 2177 3939">
    <p class='ocr_par' dir='ltr' id='par_1_72' title="bbox 576 3851 2177 3939">
     <span class='ocr_line' id='line_1_72' title="bbox 576 3851 2177 3939; baseline -0.011 -16"><span class='ocrx_word' id='word_1_535' title='bbox 576 3880 843 3939; x_wconf 89' lang='lat' dir='ltr'>saporem.</span> <span class='ocrx_word' id='word_1_536' title='bbox 876 3862 1002 3918; x_wconf 91' lang='lat' dir='ltr'>Ideo</span> <span class='ocrx_word' id='word_1_537' title='bbox 1050 3859 1266 3915; x_wconf 84' lang='lat' dir='ltr'>fabulas</span> <span class='ocrx_word' id='word_1_538' title='bbox 1292 3856 1556 3913; x_wconf 90' lang='lat' dir='ltr'>dicuntur</span> <span class='ocrx_word' id='word_1_539' title='bbox 1587 3870 1830 3922; x_wconf 87' lang='lat' dir='ltr'>narrare,</span> <span class='ocrx_word' id='word_1_540' title='bbox 1876 3870 1986 3909; x_wconf 91' lang='lat' dir='ltr'>non</span> <span class='ocrx_word' id='word_1_541' title='bbox 2020 3851 2177 3908; x_wconf 86' lang='lat' dir='ltr'>veri—</span> 
     </span>
    </p>
   </div>
   <div class='ocr_carea' id='block_1_73' title="bbox 578 3944 2174 4026">
    <p class='ocr_par' dir='ltr' id='par_1_73' title="bbox 578 3944 2174 4026">
     <span class='ocr_line' id='line_1_73' title="bbox 578 3944 2174 4026; baseline -0.01 -12"><span class='ocrx_word' id='word_1_542' title='bbox 578 3966 783 4023; x_wconf 86' lang='lat' dir='ltr'>tatem;</span> <span class='ocrx_word' id='word_1_543' title='bbox 828 3959 1025 4026; x_wconf 89' lang='lat' dir='ltr'>putant</span> <span class='ocrx_word' id='word_1_544' title='bbox 1067 3950 1213 4006; x_wconf 90' lang='lat' dir='ltr'>enim</span> <span class='ocrx_word' id='word_1_545' title='bbox 1247 3964 1530 4020; x_wconf 88' lang='lat' dir='ltr'>nunquam</span> <span class='ocrx_word' id='word_1_546' title='bbox 1564 3945 1927 4003; x_wconf 88' lang='lat' dir='ltr'>recedendum</span> <span class='ocrx_word' id='word_1_547' title='bbox 1970 3944 2037 3999; x_wconf 93' lang='lat' dir='ltr'>ab</span> <span class='ocrx_word' id='word_1_548' title='bbox 2085 3944 2174 4013; x_wconf 88' lang='lat' dir='ltr'>iis,</span> 
     </span>
    </p>
   </div>
   <div class='ocr_carea' id='block_1_74' title="bbox 579 4035 2179 4121">
    <p class='ocr_par' dir='ltr' id='par_1_74' title="bbox 579 4035 2179 4121">
     <span class='ocr_line' id='line_1_74' title="bbox 579 4035 2179 4121; baseline -0.008 -18"><span class='ocrx_word' id='word_1_549' title='bbox 579 4065 700 4121; x_wconf 84' lang='lat' dir='ltr'>quae</span> <span class='ocrx_word' id='word_1_550' title='bbox 729 4047 946 4115; x_wconf 88' lang='lat' dir='ltr'>Moyses</span> <span class='ocrx_word' id='word_1_551' title='bbox 986 4040 1239 4108; x_wconf 89' lang='lat' dir='ltr'>tradidit,</span> <span class='ocrx_word' id='word_1_552' title='bbox 1269 4049 1331 4095; x_wconf 90' lang='lat' dir='ltr'>ut</span> <span class='ocrx_word' id='word_1_553' title='bbox 1383 4046 1517 4110; x_wconf 87' lang='lat' dir='ltr'>puta</span> <span class='ocrx_word' id='word_1_554' title='bbox 1564 4039 1632 4094; x_wconf 91' lang='lat' dir='ltr'>de</span> <span class='ocrx_word' id='word_1_555' title='bbox 1662 4038 1819 4106; x_wconf 89' lang='lat' dir='ltr'>escis,</span> <span class='ocrx_word' id='word_1_556' title='bbox 1853 4044 1948 4092; x_wconf 88' lang='lat' dir='ltr'>aut</span> <span class='ocrx_word' id='word_1_557' title='bbox 1991 4035 2179 4107; x_wconf 88' lang='lat' dir='ltr'>conju-</span> 
     </span>
    </p>
   </div>
   <div class='ocr_carea' id='block_1_75' title="bbox 582 4125 2180 4206">
    <p class='ocr_par' dir='ltr' id='par_1_75' title="bbox 582 4125 2180 4206">
     <span class='ocr_line' id='line_1_75' title="bbox 582 4125 2180 4206; baseline -0.006 -18"><span class='ocrx_word' id='word_1_558' title='bbox 582 4134 707 4206; x_wconf 89' lang='lat' dir='ltr'>giis,</span> <span class='ocrx_word' id='word_1_559' title='bbox 735 4140 829 4186; x_wconf 88' lang='lat' dir='ltr'>aut</span> <span class='ocrx_word' id='word_1_560' title='bbox 859 4130 1183 4197; x_wconf 90' lang='lat' dir='ltr'>neomeniis,</span> <span class='ocrx_word' id='word_1_561' title='bbox 1216 4135 1311 4183; x_wconf 91' lang='lat' dir='ltr'>aut</span> <span class='ocrx_word' id='word_1_562' title='bbox 1353 4129 1617 4200; x_wconf 87' lang='lat' dir='ltr'>sanguine</span> <span class='ocrx_word' id='word_1_563' title='bbox 1667 4128 1936 4192; x_wconf 58' lang='lat' dir='ltr'>mustelae,</span> <span class='ocrx_word' id='word_1_564' title='bbox 1970 4127 2054 4180; x_wconf 90' lang='lat' dir='ltr'>vel</span> <span class='ocrx_word' id='word_1_565' title='bbox 2088 4125 2180 4180; x_wconf 91' lang='lat' dir='ltr'>do-</span> 
     </span>
    </p>
   </div>
   <div class='ocr_carea' id='block_1_76' title="bbox 582 4216 2183 4287">
    <p class='ocr_par' dir='ltr' id='par_1_76' title="bbox 582 4216 2183 4287">
     <span class='ocr_line' id='line_1_76' title="bbox 582 4216 2183 4287; baseline -0.006 -11"><span class='ocrx_word' id='word_1_566' title='bbox 582 4238 674 4276; x_wconf 91' lang='lat' dir='ltr'>mo</span> <span class='ocrx_word' id='word_1_567' title='bbox 704 4220 991 4274; x_wconf 89' lang='lat' dir='ltr'>immunda</span> <span class='ocrx_word' id='word_1_568' title='bbox 1034 4218 1230 4275; x_wconf 85' lang='lat' dir='ltr'>diebus</span> <span class='ocrx_word' id='word_1_569' title='bbox 1278 4226 1483 4287; x_wconf 89' lang='lat' dir='ltr'>septem</span> <span class='ocrx_word' id='word_1_570' title='bbox 1514 4235 1527 4284; x_wconf 89' lang='lat'><strong>;</strong></span> <span class='ocrx_word' id='word_1_571' title='bbox 1563 4234 1686 4272; x_wconf 91' lang='lat' dir='ltr'>cum</span> <span class='ocrx_word' id='word_1_572' title='bbox 1716 4216 1896 4272; x_wconf 88' lang='lat' dir='ltr'>sciant</span> <span class='ocrx_word' id='word_1_573' title='bbox 1918 4216 2183 4286; x_wconf 88' lang='lat' dir='ltr'>primores</span> 
     </span>
    </p>
   </div>
   <div class='ocr_carea' id='block_1_77' title="bbox 584 4303 2182 4375">
    <p class='ocr_par' dir='ltr' id='par_1_77' title="bbox 584 4303 2182 4375">
     <span class='ocr_line' id='line_1_77' title="bbox 584 4303 2182 4375; baseline -0.006 -10"><span class='ocrx_word' id='word_1_574' title='bbox 584 4325 713 4365; x_wconf 91' lang='lat' dir='ltr'>suos</span> <span class='ocrx_word' id='word_1_575' title='bbox 741 4305 1041 4369; x_wconf 81' lang='lat' dir='ltr'>Abraham,</span> <span class='ocrx_word' id='word_1_576' title='bbox 1071 4307 1221 4360; x_wconf 89' lang='lat' dir='ltr'>Isaac</span> <span class='ocrx_word' id='word_1_577' title='bbox 1250 4313 1303 4359; x_wconf 90' lang='lat' dir='ltr'>et</span> <span class='ocrx_word' id='word_1_578' title='bbox 1346 4305 1512 4361; x_wconf 86' lang='lat' dir='ltr'>Jacob</span> <span class='ocrx_word' id='word_1_579' title='bbox 1542 4306 1660 4361; x_wconf 91' lang='lat' dir='ltr'>sine</span> <span class='ocrx_word' id='word_1_580' title='bbox 1708 4305 1796 4361; x_wconf 89' lang='lat' dir='ltr'>bis</span> <span class='ocrx_word' id='word_1_581' title='bbox 1832 4303 2182 4375; x_wconf 86' lang='lat' dir='ltr'>justiﬁcatos,</span> 
     </span>
    </p>
   </div>
   <div class='ocr_carea' id='block_1_78' title="bbox 586 4391 2185 4465">
    <p class='ocr_par' dir='ltr' id='par_1_78' title="bbox 586 4391 2185 4465">
     <span class='ocr_line' id='line_1_78' title="bbox 586 4391 2185 4465; baseline -0.006 -11"><span class='ocrx_word' id='word_1_582' title='bbox 586 4406 640 4455; x_wconf 89' lang='lat' dir='ltr'>et</span> <span class='ocrx_word' id='word_1_583' title='bbox 693 4397 793 4452; x_wconf 90' lang='lat' dir='ltr'>Dei</span> <span class='ocrx_word' id='word_1_584' title='bbox 839 4393 1044 4450; x_wconf 89' lang='lat' dir='ltr'>amicos</span> <span class='ocrx_word' id='word_1_585' title='bbox 1089 4394 1429 4465; x_wconf 89' lang='lat' dir='ltr'>appellatos;</span> <span class='ocrx_word' id='word_1_586' title='bbox 1488 4401 1540 4447; x_wconf 90' lang='lat' dir='ltr'>et</span> <span class='ocrx_word' id='word_1_587' title='bbox 1594 4394 1881 4449; x_wconf 88' lang='lat' dir='ltr'>Ezechiele</span> <span class='ocrx_word' id='word_1_588' title='bbox 1919 4391 2185 4463; x_wconf 73' lang='lat' dir='ltr'>propheta</span> 
     </span>
    </p>
   </div>
   <div class='ocr_carea' id='block_1_79' title="bbox 2278 3246 3843 3324">
    <p class='ocr_par' dir='ltr' id='par_1_79' title="bbox 2278 3246 3843 3324">
     <span class='ocr_line' id='line_1_79' title="bbox 2278 3246 3843 3324; baseline -0.009 -13"><span class='ocrx_word' id='word_1_589' title='bbox 2278 3258 2422 3311; x_wconf 91' lang='lat' dir='ltr'>solos</span> <span class='ocrx_word' id='word_1_590' title='bbox 2444 3255 2639 3310; x_wconf 90' lang='lat' dir='ltr'>dicunt</span> <span class='ocrx_word' id='word_1_591' title='bbox 2660 3254 2820 3320; x_wconf 86' lang='lat' dir='ltr'>scire,</span> <span class='ocrx_word' id='word_1_592' title='bbox 2847 3252 3105 3324; x_wconf 90' lang='lat' dir='ltr'>operibus</span> <span class='ocrx_word' id='word_1_593' title='bbox 3122 3268 3252 3307; x_wconf 84' lang='lat' dir='ltr'>vero</span> <span class='ocrx_word' id='word_1_594' title='bbox 3269 3251 3569 3324; x_wconf 87' lang='lat' dir='ltr'>abnegant,</span> <span class='ocrx_word' id='word_1_595' title='bbox 3584 3250 3721 3307; x_wconf 90' lang='lat' dir='ltr'>sicut</span> <span class='ocrx_word' id='word_1_596' title='bbox 3739 3246 3843 3301; x_wconf 81' lang='lat' dir='ltr'>dicit</span> 
     </span>
    </p>
   </div>
   <div class='ocr_carea' id='block_1_80' title="bbox 2279 3334 3845 3412">
    <p class='ocr_par' dir='ltr' id='par_1_80' title="bbox 2279 3334 3845 3412">
     <span class='ocr_line' id='line_1_80' title="bbox 2279 3334 3845 3412; baseline -0.011 -10"><span class='ocrx_word' id='word_1_597' title='bbox 2279 3345 2582 3402; x_wconf 91' lang='lat' dir='ltr'>Dominus:</span> <span class='ocrx_word' id='word_1_598' title='bbox 2633 3368 2649 3391; x_wconf 72' lang='grc' dir='ltr'>ι</span> <span class='ocrx_word' id='word_1_599' title='bbox 2677 3343 2732 3398; x_wconf 90' lang='lat' dir='ltr'>Si</span> <span class='ocrx_word' id='word_1_600' title='bbox 2762 3342 2865 3397; x_wconf 87' lang='lat' dir='ltr'>ﬁlii</span> <span class='ocrx_word' id='word_1_601' title='bbox 2918 3341 3151 3396; x_wconf 63' lang='lat' dir='ltr'>Abrahae</span> <span class='ocrx_word' id='word_1_602' title='bbox 3191 3341 3400 3407; x_wconf 89' lang='lat' dir='ltr'>essetis,</span> <span class='ocrx_word' id='word_1_603' title='bbox 3445 3357 3612 3412; x_wconf 80' lang='lat' dir='ltr'>opera</span> <span class='ocrx_word' id='word_1_604' title='bbox 3648 3334 3845 3393; x_wconf 68' lang='lat' dir='ltr'>Abrahae</span> 
     </span>
    </p>
   </div>
   <div class='ocr_carea' id='block_1_81' title="bbox 2280 3430 3846 3504">
    <p class='ocr_par' dir='ltr' id='par_1_81' title="bbox 2280 3430 3846 3504">
     <span class='ocr_line' id='line_1_81' title="bbox 2280 3430 3846 3504; baseline -0.008 -15"><span class='ocrx_word' id='word_1_605' title='bbox 2280 3433 2532 3489; x_wconf 85' lang='lat' dir='ltr'>faceretis</span> <span class='ocrx_word' id='word_1_606' title='bbox 2581 3434 2761 3503; x_wconf 85' lang='lat' dir='ltr'>(Joan.</span> <span class='ocrx_word' id='word_1_607' title='bbox 2804 3449 2928 3500; x_wconf 86' lang='lat' dir='ltr'>vm,</span> <span class='ocrx_word' id='word_1_608' title='bbox 2960 3432 3071 3504; x_wconf 89' lang='lat'>39).</span> <span class='ocrx_word' id='word_1_609' title='bbox 3104 3457 3121 3479; x_wconf 77' lang='grc' dir='ltr'>ι</span> <span class='ocrx_word' id='word_1_610' title='bbox 3162 3430 3454 3498; x_wconf 90' lang='lat' dir='ltr'>Quomodo</span> <span class='ocrx_word' id='word_1_611' title='bbox 3484 3447 3614 3501; x_wconf 81' lang='lat' dir='ltr'>ergo</span> <span class='ocrx_word' id='word_1_612' title='bbox 3657 3430 3846 3499; x_wconf 81' lang='lat' dir='ltr'>possunt</span> 
     </span>
    </p>
   </div>
   <div class='ocr_carea' id='block_1_82' title="bbox 2281 3515 3849 3595">
    <p class='ocr_par' dir='ltr' id='par_1_82' title="bbox 2281 3515 3849 3595">
     <span class='ocr_line' id='line_1_82' title="bbox 2281 3515 3849 3595; baseline -0.006 -17"><span class='ocrx_word' id='word_1_613' title='bbox 2281 3524 2452 3578; x_wconf 89' lang='lat' dir='ltr'>Deum</span> <span class='ocrx_word' id='word_1_614' title='bbox 2494 3520 2728 3577; x_wconf 80' lang='lat' dir='ltr'>Abrahae</span> <span class='ocrx_word' id='word_1_615' title='bbox 2768 3522 2929 3591; x_wconf 89' lang='lat' dir='ltr'>scire,</span> <span class='ocrx_word' id='word_1_616' title='bbox 2978 3523 3074 3595; x_wconf 91' lang='lat' dir='ltr'>qui</span> <span class='ocrx_word' id='word_1_617' title='bbox 3117 3522 3446 3594; x_wconf 83' lang='lat' dir='ltr'>mysterium</span> <span class='ocrx_word' id='word_1_618' title='bbox 3478 3530 3533 3576; x_wconf 90' lang='lat' dir='ltr'>et</span> <span class='ocrx_word' id='word_1_619' title='bbox 3578 3520 3730 3575; x_wconf 87' lang='lat' dir='ltr'>ﬁdem</span> <span class='ocrx_word' id='word_1_620' title='bbox 3759 3515 3849 3584; x_wconf 73' lang='lat' dir='ltr'>ejus</span> 
     </span>
    </p>
   </div>
   <div class='ocr_carea' id='block_1_83' title="bbox 2283 3603 3850 3684">
    <p class='ocr_par' dir='ltr' id='par_1_83' title="bbox 2283 3603 3850 3684">
     <span class='ocr_line' id='line_1_83' title="bbox 2283 3603 3850 3684; baseline -0.005 -17"><span class='ocrx_word' id='word_1_621' title='bbox 2283 3613 2558 3684; x_wconf 87' lang='lat' dir='ltr'>ignorant,</span> <span class='ocrx_word' id='word_1_622' title='bbox 2592 3630 2702 3668; x_wconf 91' lang='lat' dir='ltr'>non</span> <span class='ocrx_word' id='word_1_623' title='bbox 2748 3613 3035 3684; x_wconf 83' lang='lat' dir='ltr'>Evangelii</span> <span class='ocrx_word' id='word_1_624' title='bbox 3074 3628 3237 3683; x_wconf 91' lang='lat' dir='ltr'>opera</span> <span class='ocrx_word' id='word_1_625' title='bbox 3289 3619 3581 3677; x_wconf 85' lang='lat' dir='ltr'>sectantes,</span> <span class='ocrx_word' id='word_1_626' title='bbox 3632 3608 3719 3665; x_wconf 87' lang='lat' dir='ltr'>sed</span> <span class='ocrx_word' id='word_1_627' title='bbox 3747 3603 3850 3676; x_wconf 72' lang='lat' dir='ltr'>legis</span> 
     </span>
    </p>
   </div>
   <div class='ocr_carea' id='block_1_84' title="bbox 2285 3696 3848 3769">
    <p class='ocr_par' dir='ltr' id='par_1_84' title="bbox 2285 3696 3848 3769">
     <span class='ocr_line' id='line_1_84' title="bbox 2285 3696 3848 3769; baseline -0.005 -14"><span class='ocrx_word' id='word_1_628' title='bbox 2285 3701 2556 3757; x_wconf 87' lang='lat' dir='ltr'>factorum</span> <span class='ocrx_word' id='word_1_629' title='bbox 2586 3702 2645 3756; x_wconf 93' lang='lat' dir='ltr'>in</span> <span class='ocrx_word' id='word_1_630' title='bbox 2681 3701 3007 3769; x_wconf 90' lang='lat' dir='ltr'>neomeniis,</span> <span class='ocrx_word' id='word_1_631' title='bbox 3035 3710 3089 3756; x_wconf 92' lang='lat' dir='ltr'>et</span> <span class='ocrx_word' id='word_1_632' title='bbox 3118 3700 3562 3767; x_wconf 88' lang='lat' dir='ltr'>circumcisione,</span> <span class='ocrx_word' id='word_1_633' title='bbox 3586 3708 3641 3755; x_wconf 86' lang='lat' dir='ltr'>et</span> <span class='ocrx_word' id='word_1_634' title='bbox 3657 3696 3848 3759; x_wconf 58' lang='lat' dir='ltr'>certetis,</span> 
     </span>
    </p>
   </div>
   <div class='ocr_carea' id='block_1_85' title="bbox 2286 3789 3851 3862">
    <p class='ocr_par' dir='ltr' id='par_1_85' title="bbox 2286 3789 3851 3862">
     <span class='ocr_line' id='line_1_85' title="bbox 2286 3789 3851 3862; baseline -0.007 -17"><span class='ocrx_word' id='word_1_635' title='bbox 2286 3791 2715 3862; x_wconf 86' lang='lat' dir='ltr'>perturbatores,</span> <span class='ocrx_word' id='word_1_636' title='bbox 2780 3789 2935 3861; x_wconf 91' lang='lat' dir='ltr'>impii</span> <span class='ocrx_word' id='word_1_637' title='bbox 2997 3798 3050 3844; x_wconf 89' lang='lat' dir='ltr'>et</span> <span class='ocrx_word' id='word_1_638' title='bbox 3103 3789 3518 3845; x_wconf 77' lang='lat' dir='ltr'>irreverentes?</span> <span class='ocrx_word' id='word_1_639' title='bbox 3572 3789 3698 3844; x_wconf 76' lang='lat' dir='ltr'>llzec</span> <span class='ocrx_word' id='word_1_640' title='bbox 3753 3791 3851 3840; x_wconf 84' lang='lat' dir='ltr'>sunt</span> 
     </span>
    </p>
   </div>
   <div class='ocr_carea' id='block_1_86' title="bbox 2288 3878 3131 3952">
    <p class='ocr_par' dir='ltr' id='par_1_86' title="bbox 2288 3878 3131 3952">
     <span class='ocr_line' id='line_1_86' title="bbox 2288 3878 3131 3952; baseline -0.001 -18"><span class='ocrx_word' id='word_1_641' title='bbox 2288 3897 2470 3952; x_wconf 89' lang='lat' dir='ltr'>opera,</span> <span class='ocrx_word' id='word_1_642' title='bbox 2502 3896 2621 3952; x_wconf 77' lang='lat' dir='ltr'>quae</span> <span class='ocrx_word' id='word_1_643' title='bbox 2652 3881 2823 3937; x_wconf 89' lang='lat' dir='ltr'>Deum</span> <span class='ocrx_word' id='word_1_644' title='bbox 2858 3878 3131 3935; x_wconf 89' lang='lat' dir='ltr'>nesciunt.</span> 
     </span>
    </p>
   </div>
   <div class='ocr_carea' id='block_1_87' title="bbox 2918 3997 3253 4055">
    <p class='ocr_par' dir='ltr' id='par_1_87' title="bbox 2918 3997 3253 4055">
     <span class='ocr_line' id='line_1_87' title="bbox 2918 3997 3253 4055; baseline -0.006 0"><span class='ocrx_word' id='word_1_645' title='bbox 2918 3997 3146 4055; x_wconf 83' lang='lat' dir='ltr'><strong>CAPUT</strong></span> <span class='ocrx_word' id='word_1_646' title='bbox 3185 3999 3253 4053; x_wconf 89' lang='lat' dir='ltr'>II.</span> 
     </span>
    </p>
   </div>
   <div class='ocr_carea' id='block_1_88' title="bbox 2364 4105 3855 4180">
    <p class='ocr_par' dir='ltr' id='par_1_88' title="bbox 2364 4105 3855 4180">
     <span class='ocr_line' id='line_1_88' title="bbox 2364 4105 3855 4180; baseline -0.009 -17"><span class='ocrx_word' id='word_1_647' title='bbox 2364 4107 2545 4180; x_wconf 74' lang='lat' dir='ltr'>(Vers.</span> <span class='ocrx_word' id='word_1_648' title='bbox 2582 4109 2661 4179; x_wconf 90' lang='grc'>1.)</span> <span class='ocrx_word' id='word_1_649' title='bbox 2707 4133 2723 4153; x_wconf 79' lang='grc' dir='ltr'>ι</span> <span class='ocrx_word' id='word_1_650' title='bbox 2755 4108 2836 4163; x_wconf 92' lang='lat' dir='ltr'>Tu</span> <span class='ocrx_word' id='word_1_651' title='bbox 2865 4116 3048 4163; x_wconf 89' lang='lat' dir='ltr'>autem</span> <span class='ocrx_word' id='word_1_652' title='bbox 3081 4109 3301 4180; x_wconf 89' lang='lat' dir='ltr'>loquere</span> <span class='ocrx_word' id='word_1_653' title='bbox 3333 4124 3454 4179; x_wconf 67' lang='lat' dir='ltr'>qua:</span> <span class='ocrx_word' id='word_1_654' title='bbox 3482 4105 3677 4161; x_wconf 88' lang='lat' dir='ltr'>decent</span> <span class='ocrx_word' id='word_1_655' title='bbox 3705 4114 3855 4159; x_wconf 80' lang='lat' dir='ltr'>sanam</span> 
     </span>
    </p>
   </div>
   <div class='ocr_carea' id='block_1_89' title="bbox 2292 4196 3859 4268">
    <p class='ocr_par' dir='ltr' id='par_1_89' title="bbox 2292 4196 3859 4268">
     <span class='ocr_line' id='line_1_89' title="bbox 2292 4196 3859 4268; baseline -0.006 -15"><span class='ocrx_word' id='word_1_656' title='bbox 2292 4196 2620 4253; x_wconf 90' lang='lat' dir='ltr'>doctrinam.</span> <span class='ocrx_word' id='word_1_657' title='bbox 2660 4223 2676 4245; x_wconf 82' lang='grc' dir='ltr'>ι</span> <span class='ocrx_word' id='word_1_658' title='bbox 2725 4198 2853 4254; x_wconf 70' lang='lat' dir='ltr'>Haec</span> <span class='ocrx_word' id='word_1_659' title='bbox 2881 4197 2985 4254; x_wconf 88' lang='lat' dir='ltr'>scit</span> <span class='ocrx_word' id='word_1_660' title='bbox 3015 4200 3213 4265; x_wconf 88' lang='lat' dir='ltr'>Deum,</span> <span class='ocrx_word' id='word_1_661' title='bbox 3264 4213 3384 4268; x_wconf 72' lang='lat' dir='ltr'>quae</span> <span class='ocrx_word' id='word_1_662' title='bbox 3414 4196 3721 4266; x_wconf 89' lang='lat' dir='ltr'>appellatur</span> <span class='ocrx_word' id='word_1_663' title='bbox 3760 4202 3859 4244; x_wconf 74' lang='lat' dir='ltr'>sana</span> 
     </span>
    </p>
   </div>
   <div class='ocr_carea' id='block_1_90' title="bbox 2293 4284 3586 4353">
    <p class='ocr_par' dir='ltr' id='par_1_90' title="bbox 2293 4284 3586 4353">
     <span class='ocr_line' id='line_1_90' title="bbox 2293 4284 3586 4353; baseline -0.003 -13"><span class='ocrx_word' id='word_1_664' title='bbox 2293 4284 2575 4353; x_wconf 87' lang='lat' dir='ltr'>doctrina;</span> <span class='ocrx_word' id='word_1_665' title='bbox 2607 4286 2707 4342; x_wconf 90' lang='lat' dir='ltr'>Dei</span> <span class='ocrx_word' id='word_1_666' title='bbox 2735 4287 2885 4342; x_wconf 90' lang='lat' dir='ltr'>enim</span> <span class='ocrx_word' id='word_1_667' title='bbox 2916 4286 3170 4342; x_wconf 87' lang='lat' dir='ltr'>doctrina</span> <span class='ocrx_word' id='word_1_668' title='bbox 3199 4285 3454 4340; x_wconf 88' lang='lat' dir='ltr'>salutaris</span> <span class='ocrx_word' id='word_1_669' title='bbox 3483 4293 3586 4339; x_wconf 90' lang='lat' dir='ltr'>est.</span> 
     </span>
    </p>
   </div>
   <div class='ocr_carea' id='block_1_91' title="bbox 2376 4373 3857 4449">
    <p class='ocr_par' dir='ltr' id='par_1_91' title="bbox 2376 4373 3857 4449">
     <span class='ocr_line' id='line_1_91' title="bbox 2376 4373 3857 4449; baseline -0.008 -12"><span class='ocrx_word' id='word_1_670' title='bbox 2376 4381 2521 4437; x_wconf 88' lang='lat'>315</span> <span class='ocrx_word' id='word_1_671' title='bbox 2556 4376 2737 4446; x_wconf 78' lang='lat' dir='ltr'>(Vers.</span> <span class='ocrx_word' id='word_1_672' title='bbox 2783 4375 2864 4449; x_wconf 75' lang='lat'>2.)</span> <span class='ocrx_word' id='word_1_673' title='bbox 2907 4398 2924 4421; x_wconf 76' lang='grc' dir='ltr'><strong>ε</strong></span> <span class='ocrx_word' id='word_1_674' title='bbox 2961 4375 3213 4429; x_wconf 90' lang='lat' dir='ltr'>Seniores</span> <span class='ocrx_word' id='word_1_675' title='bbox 3243 4373 3455 4429; x_wconf 89' lang='lat' dir='ltr'>sobrios</span> <span class='ocrx_word' id='word_1_676' title='bbox 3503 4388 3643 4438; x_wconf 88' lang='lat' dir='ltr'>esse,</span> <span class='ocrx_word' id='word_1_677' title='bbox 3688 4379 3857 4441; x_wconf 58' lang='lat' dir='ltr'>graves,</span> 
     </span>
    </p>
   </div>
   <div class='ocr_carea' id='block_1_92' title="bbox 587 4449 3862 4556">
    <p class='ocr_par' dir='ltr' id='par_1_92' title="bbox 587 4449 3862 4556">
     <span class='ocr_line' id='line_1_92' title="bbox 587 4449 3862 4556; baseline -0.009 -12"><span class='ocrx_word' id='word_1_678' title='bbox 587 4492 950 4552; x_wconf 87' lang='lat' dir='ltr'>contestante,</span> <span class='ocrx_word' id='word_1_679' title='bbox 981 4449 1374 4556; x_wconf 39' lang='lat' dir='ltr'>quia‘propter</span> <span class='ocrx_word' id='word_1_680' title='bbox 1415 4449 1567 4553; x_wconf 73' lang='lat' dir='ltr'>quod</span> <span class='ocrx_word' id='word_1_681' title='bbox 1616 4484 1789 4553; x_wconf 89' lang='lat' dir='ltr'>legem</span> <span class='ocrx_word' id='word_1_682' title='bbox 1818 4449 2187 4551; x_wconf 42' lang='lat' dir='ltr'>Deietjiusti-</span> <span class='ocrx_word' id='word_1_683' title='bbox 2216 4490 2266 4548; x_wconf 84' lang='lat'>1)</span> <span class='ocrx_word' id='word_1_684' title='bbox 2296 4472 2614 4545; x_wconf 87' lang='lat' dir='ltr'>prudentes,</span> <span class='ocrx_word' id='word_1_685' title='bbox 2646 4486 2807 4526; x_wconf 90' lang='lat' dir='ltr'>sanos</span> <span class='ocrx_word' id='word_1_686' title='bbox 2864 4466 2990 4534; x_wconf 89' lang='lat' dir='ltr'>ﬁde,</span> <span class='ocrx_word' id='word_1_687' title='bbox 3042 4464 3357 4530; x_wconf 88' lang='lat' dir='ltr'>dilectione,</span> <span class='ocrx_word' id='word_1_688' title='bbox 3409 4461 3700 4534; x_wconf 87' lang='lat' dir='ltr'>patientia.</span> <span class='ocrx_word' id='word_1_689' title='bbox 3728 4483 3743 4503; x_wconf 73' lang='grc'><strong>›</strong></span> <span class='ocrx_word' id='word_1_690' title='bbox 3783 4449 3862 4517; x_wconf 65' lang='grc' dir='ltr'>Οιιί</span> 
     </span>
    </p>
   </div>
   <div class='ocr_carea' id='block_1_93' title="bbox 588 4572 2191 4645">
    <p class='ocr_par' dir='ltr' id='par_1_93' title="bbox 588 4572 2191 4645">
     <span class='ocr_line' id='line_1_93' title="bbox 588 4572 2191 4645; baseline -0.005 -12"><span class='ocrx_word' id='word_1_691' title='bbox 588 4577 876 4635; x_wconf 86' lang='lat' dir='ltr'>ﬁcationes</span> <span class='ocrx_word' id='word_1_692' title='bbox 908 4574 1026 4645; x_wconf 91' lang='lat' dir='ltr'>ejus</span> <span class='ocrx_word' id='word_1_693' title='bbox 1072 4572 1510 4645; x_wconf 82' lang='lat' dir='ltr'>profanaverint,</span> <span class='ocrx_word' id='word_1_694' title='bbox 1558 4579 1827 4644; x_wconf 73' lang='lat' dir='ltr'>praecepta</span> <span class='ocrx_word' id='word_1_695' title='bbox 1866 4577 2191 4642; x_wconf 91' lang='lat' dir='ltr'>acceperunt</span> 
     </span>
    </p>
   </div>
   <div class='ocr_carea' id='block_1_94' title="bbox 590 4659 2191 4733">
    <p class='ocr_par' dir='ltr' id='par_1_94' title="bbox 590 4659 2191 4733">
     <span class='ocr_line' id='line_1_94' title="bbox 590 4659 2191 4733; baseline -0.005 -11"><span class='ocrx_word' id='word_1_696' title='bbox 590 4675 644 4722; x_wconf 89' lang='lat' dir='ltr'>et</span> <span class='ocrx_word' id='word_1_697' title='bbox 697 4663 954 4720; x_wconf 90' lang='lat' dir='ltr'>mandata</span> <span class='ocrx_word' id='word_1_698' title='bbox 999 4678 1112 4717; x_wconf 90' lang='lat' dir='ltr'>non</span> <span class='ocrx_word' id='word_1_699' title='bbox 1168 4660 1333 4729; x_wconf 88' lang='lat' dir='ltr'>bona,</span> <span class='ocrx_word' id='word_1_700' title='bbox 1383 4660 1441 4715; x_wconf 90' lang='lat' dir='ltr'>in</span> <span class='ocrx_word' id='word_1_701' title='bbox 1489 4660 1690 4733; x_wconf 91' lang='lat' dir='ltr'>quibus</span> <span class='ocrx_word' id='word_1_702' title='bbox 1736 4659 2029 4731; x_wconf 86' lang='lat' dir='ltr'>justiﬁcari</span> <span class='ocrx_word' id='word_1_703' title='bbox 2081 4677 2191 4714; x_wconf 90' lang='lat' dir='ltr'>non</span> 
     </span>
    </p>
   </div>
   <div class='ocr_carea' id='block_1_95' title="bbox 528 4748 2194 4829">
    <p class='ocr_par' dir='ltr' id='par_1_95' title="bbox 528 4748 2194 4829">
     <span class='ocr_line' id='line_1_95' title="bbox 528 4748 2194 4829; baseline -0.005 -15"><span class='ocrx_word' id='word_1_704' title='bbox 528 4780 541 4794; x_wconf 74' lang='grc' dir='ltr'><strong><em>ο</em></strong></span> <span class='ocrx_word' id='word_1_705' title='bbox 592 4762 831 4829; x_wconf 89' lang='lat' dir='ltr'>possent.</span> <span class='ocrx_word' id='word_1_706' title='bbox 866 4751 1020 4809; x_wconf 91' lang='lat' dir='ltr'>Unde</span> <span class='ocrx_word' id='word_1_707' title='bbox 1049 4760 1104 4807; x_wconf 92' lang='lat' dir='ltr'>et</span> <span class='ocrx_word' id='word_1_708' title='bbox 1136 4751 1408 4808; x_wconf 88' lang='lat' dir='ltr'>Dominus</span> <span class='ocrx_word' id='word_1_709' title='bbox 1445 4750 1523 4806; x_wconf 91' lang='lat' dir='ltr'>ait</span> <span class='ocrx_word' id='word_1_710' title='bbox 1556 4750 1790 4807; x_wconf 76' lang='lat' dir='ltr'>Iudaeis:</span> <span class='ocrx_word' id='word_1_711' title='bbox 1849 4774 1867 4796; x_wconf 76' lang='grc' dir='ltr'>ι</span> <span class='ocrx_word' id='word_1_712' title='bbox 1896 4748 2040 4817; x_wconf 90' lang='lat' dir='ltr'>Quia</span> <span class='ocrx_word' id='word_1_713' title='bbox 2076 4749 2194 4805; x_wconf 65' lang='lat' dir='ltr'>haec</span> 
     </span>
    </p>
   </div>
   <div class='ocr_carea' id='block_1_96' title="bbox 591 4835 2191 4912">
    <p class='ocr_par' dir='ltr' id='par_1_96' title="bbox 591 4835 2191 4912">
     <span class='ocr_line' id='line_1_96' title="bbox 591 4835 2191 4912; baseline -0.008 -9"><span class='ocrx_word' id='word_1_714' title='bbox 591 4848 661 4905; x_wconf 91' lang='lat' dir='ltr'>ad</span> <span class='ocrx_word' id='word_1_715' title='bbox 690 4835 955 4902; x_wconf 73' lang='lat' dir='ltr'>duritiam</span> <span class='ocrx_word' id='word_1_716' title='bbox 985 4841 1167 4899; x_wconf 90' lang='lat' dir='ltr'>cordis</span> <span class='ocrx_word' id='word_1_717' title='bbox 1205 4839 1375 4897; x_wconf 88' lang='lat' dir='ltr'>vestri</span> <span class='ocrx_word' id='word_1_718' title='bbox 1402 4838 1620 4910; x_wconf 89' lang='lat' dir='ltr'>scripsit</span> <span class='ocrx_word' id='word_1_719' title='bbox 1658 4840 1874 4912; x_wconf 87' lang='lat' dir='ltr'>Moyses</span> <span class='ocrx_word' id='word_1_720' title='bbox 1906 4838 2101 4911; x_wconf 78' lang='lat' dir='ltr'>(Marc.</span> <span class='ocrx_word' id='word_1_721' title='bbox 2134 4854 2191 4905; x_wconf 83' lang='lat' dir='ltr'>x,</span> 
     </span>
    </p>
   </div>
   <div class='ocr_carea' id='block_1_97' title="bbox 593 4927 2197 5007">
    <p class='ocr_par' dir='ltr' id='par_1_97' title="bbox 593 4927 2197 5007">
     <span class='ocr_line' id='line_1_97' title="bbox 593 4927 2197 5007; baseline -0.006 -15"><span class='ocrx_word' id='word_1_722' title='bbox 593 4937 675 5007; x_wconf 80' lang='lat'>5).</span> <span class='ocrx_word' id='word_1_723' title='bbox 702 4961 721 4984; x_wconf 78' lang='grc' dir='ltr'>ιι</span> <span class='ocrx_word' id='word_1_724' title='bbox 761 4934 903 4991; x_wconf 87' lang='lat' dir='ltr'>Hinc</span> <span class='ocrx_word' id='word_1_725' title='bbox 928 4940 1009 4989; x_wconf 89' lang='lat' dir='ltr'>est</span> <span class='ocrx_word' id='word_1_726' title='bbox 1038 4931 1184 4988; x_wconf 91' lang='lat' dir='ltr'>unde</span> <span class='ocrx_word' id='word_1_727' title='bbox 1207 4938 1262 4986; x_wconf 87' lang='lat' dir='ltr'>et</span> <span class='ocrx_word' id='word_1_728' title='bbox 1288 4930 1483 4986; x_wconf 88' lang='lat' dir='ltr'>Petrus</span> <span class='ocrx_word' id='word_1_729' title='bbox 1512 4932 1823 5002; x_wconf 88' lang='lat' dir='ltr'>apostolus:</span> <span class='ocrx_word' id='word_1_730' title='bbox 1870 4952 1888 4976; x_wconf 76' lang='grc' dir='ltr'>ι</span> <span class='ocrx_word' id='word_1_731' title='bbox 1921 4927 2067 4995; x_wconf 90' lang='lat' dir='ltr'>Quid</span> <span class='ocrx_word' id='word_1_732' title='bbox 2096 4927 2197 4982; x_wconf 90' lang='lat' dir='ltr'>im-</span> 
     </span>
    </p>
   </div>
   <div class='ocr_carea' id='block_1_98' title="bbox 598 5015 2197 5099">
    <p class='ocr_par' dir='ltr' id='par_1_98' title="bbox 598 5015 2197 5099">
     <span class='ocr_line' id='line_1_98' title="bbox 598 5015 2197 5099; baseline -0.006 -18"><span class='ocrx_word' id='word_1_733' title='bbox 598 5025 821 5099; x_wconf 89' lang='lat' dir='ltr'>ponitis,</span> <span class='ocrx_word' id='word_1_734' title='bbox 857 5022 1061 5094; x_wconf 90' lang='lat' dir='ltr'>inquit,</span> <span class='ocrx_word' id='word_1_735' title='bbox 1079 5020 1274 5093; x_wconf 88' lang='lat' dir='ltr'>jugum</span> <span class='ocrx_word' id='word_1_736' title='bbox 1308 5036 1471 5092; x_wconf 87' lang='lat' dir='ltr'>supra</span> <span class='ocrx_word' id='word_1_737' title='bbox 1502 5020 1746 5076; x_wconf 84' lang='lat' dir='ltr'>cervices</span> <span class='ocrx_word' id='word_1_738' title='bbox 1775 5015 2197 5089; x_wconf 83' lang='lat' dir='ltr'>fratrum,quod</span> 
     </span>
    </p>
   </div>
   <div class='ocr_carea' id='block_1_99' title="bbox 599 5108 2199 5185">
    <p class='ocr_par' dir='ltr' id='par_1_99' title="bbox 599 5108 2199 5185">
     <span class='ocr_line' id='line_1_99' title="bbox 599 5108 2199 5185; baseline -0.005 -17"><span class='ocrx_word' id='word_1_739' title='bbox 599 5128 773 5185; x_wconf 90' lang='lat' dir='ltr'>neque</span> <span class='ocrx_word' id='word_1_740' title='bbox 821 5118 1001 5183; x_wconf 88' lang='lat' dir='ltr'>patres</span> <span class='ocrx_word' id='word_1_741' title='bbox 1048 5111 1244 5176; x_wconf 91' lang='lat' dir='ltr'>nostri,</span> <span class='ocrx_word' id='word_1_742' title='bbox 1293 5125 1468 5181; x_wconf 90' lang='lat' dir='ltr'>neque</span> <span class='ocrx_word' id='word_1_743' title='bbox 1514 5126 1615 5164; x_wconf 91' lang='lat' dir='ltr'>nos</span> <span class='ocrx_word' id='word_1_744' title='bbox 1659 5108 1941 5181; x_wconf 90' lang='lat' dir='ltr'>potuimus</span> <span class='ocrx_word' id='word_1_745' title='bbox 1982 5114 2199 5176; x_wconf 89' lang='lat' dir='ltr'>portare</span> 
     </span>
    </p>
   </div>
   <div class='ocr_carea' id='block_1_100' title="bbox 602 5194 2201 5272">
    <p class='ocr_par' dir='ltr' id='par_1_100' title="bbox 602 5194 2201 5272">
     <span class='ocr_line' id='line_1_100' title="bbox 602 5194 2201 5272; baseline -0.005 -16"><span class='ocrx_word' id='word_1_746' title='bbox 602 5201 745 5272; x_wconf 79' lang='lat' dir='ltr'>(Act.</span> <span class='ocrx_word' id='word_1_747' title='bbox 793 5215 891 5265; x_wconf 86' lang='lat' dir='ltr'>xv,</span> <span class='ocrx_word' id='word_1_748' title='bbox 932 5198 1019 5268; x_wconf 88' lang='grc'><strong>10)</strong></span> <span class='ocrx_word' id='word_1_749' title='bbox 1049 5198 1077 5252; x_wconf 73' lang='grc' dir='ltr'>Ῡ</span> <span class='ocrx_word' id='word_1_750' title='bbox 1118 5224 1135 5245; x_wconf 77' lang='lat'><strong>-</strong></span> <span class='ocrx_word' id='word_1_751' title='bbox 1175 5197 1312 5252; x_wconf 89' lang='lat' dir='ltr'>Nam</span> <span class='ocrx_word' id='word_1_752' title='bbox 1356 5198 1403 5251; x_wconf 91' lang='lat' dir='ltr'>si</span> <span class='ocrx_word' id='word_1_753' title='bbox 1437 5197 1598 5251; x_wconf 90' lang='lat' dir='ltr'>utilia</span> <span class='ocrx_word' id='word_1_754' title='bbox 1624 5197 1874 5263; x_wconf 86' lang='lat' dir='ltr'>fuissent,</span> <span class='ocrx_word' id='word_1_755' title='bbox 1910 5202 2047 5251; x_wconf 83' lang='lat' dir='ltr'>tunc</span> <span class='ocrx_word' id='word_1_756' title='bbox 2075 5194 2201 5250; x_wconf 89' lang='lat' dir='ltr'>data</span> 
     </span>
    </p>
   </div>
   <div class='ocr_carea' id='block_1_101' title="bbox 601 5282 2201 5358">
    <p class='ocr_par' dir='ltr' id='par_1_101' title="bbox 601 5282 2201 5358">
     <span class='ocr_line' id='line_1_101' title="bbox 601 5282 2201 5358; baseline -0.006 -14"><span class='ocrx_word' id='word_1_757' title='bbox 601 5295 801 5355; x_wconf 89' lang='lat' dir='ltr'>essent,</span> <span class='ocrx_word' id='word_1_758' title='bbox 843 5286 1064 5358; x_wconf 89' lang='lat' dir='ltr'>quando</span> <span class='ocrx_word' id='word_1_759' title='bbox 1094 5294 1149 5342; x_wconf 88' lang='lat' dir='ltr'>et</span> <span class='ocrx_word' id='word_1_760' title='bbox 1177 5287 1266 5341; x_wconf 89' lang='lat' dir='ltr'>lex</span> <span class='ocrx_word' id='word_1_761' title='bbox 1320 5286 1377 5340; x_wconf 93' lang='lat' dir='ltr'>in</span> <span class='ocrx_word' id='word_1_762' title='bbox 1415 5286 1620 5341; x_wconf 87' lang='lat' dir='ltr'>tabulis</span> <span class='ocrx_word' id='word_1_763' title='bbox 1649 5288 1775 5341; x_wconf 86' lang='lat' dir='ltr'>data</span> <span class='ocrx_word' id='word_1_764' title='bbox 1803 5294 1916 5341; x_wconf 90' lang='lat' dir='ltr'>est:</span> <span class='ocrx_word' id='word_1_765' title='bbox 1950 5284 2044 5339; x_wconf 90' lang='lat' dir='ltr'>sed</span> <span class='ocrx_word' id='word_1_766' title='bbox 2071 5282 2201 5353; x_wconf 90' lang='lat' dir='ltr'>quia</span> 
     </span>
    </p>
   </div>
   <div class='ocr_carea' id='block_1_102' title="bbox 601 5371 2201 5446">
    <p class='ocr_par' dir='ltr' id='par_1_102' title="bbox 601 5371 2201 5446">
     <span class='ocr_line' id='line_1_102' title="bbox 601 5371 2201 5446; baseline -0.004 -14"><span class='ocrx_word' id='word_1_767' title='bbox 601 5384 728 5446; x_wconf 88' lang='lat' dir='ltr'>post</span> <span class='ocrx_word' id='word_1_768' title='bbox 794 5384 949 5432; x_wconf 88' lang='lat' dir='ltr'>tanta</span> <span class='ocrx_word' id='word_1_769' title='bbox 1019 5373 1173 5446; x_wconf 85' lang='lat' dir='ltr'>signa</span> <span class='ocrx_word' id='word_1_770' title='bbox 1228 5374 1628 5446; x_wconf 89' lang='lat' dir='ltr'>prodigiorum,</span> <span class='ocrx_word' id='word_1_771' title='bbox 1702 5383 1757 5430; x_wconf 87' lang='lat' dir='ltr'>et</span> <span class='ocrx_word' id='word_1_772' title='bbox 1839 5375 2009 5445; x_wconf 81' lang='lat' dir='ltr'>legem</span> <span class='ocrx_word' id='word_1_773' title='bbox 2075 5371 2201 5426; x_wconf 89' lang='lat' dir='ltr'>edi-</span> 
     </span>
    </p>
   </div>
   <div class='ocr_carea' id='block_1_103' title="bbox 681 5556 1875 5628">
    <p class='ocr_par' dir='ltr' id='par_1_103' title="bbox 681 5556 1875 5628">
     <span class='ocr_line' id='line_1_103' title="bbox 681 5556 1875 5628; baseline -0.001 -17"><span class='ocrx_word' id='word_1_774' title='bbox 681 5556 799 5628; x_wconf 91' lang='lat'>(87)</span> <span class='ocrx_word' id='word_1_775' title='bbox 857 5557 1020 5628; x_wconf 69' lang='lat' dir='ltr'>Rom.</span> <span class='ocrx_word' id='word_1_776' title='bbox 1086 5557 1242 5626; x_wconf 87' lang='lat' dir='ltr'>edit.,</span> <span class='ocrx_word' id='word_1_777' title='bbox 1300 5574 1407 5612; x_wconf 78' lang='lat' dir='ltr'>non</span> <span class='ocrx_word' id='word_1_778' title='bbox 1469 5556 1875 5611; x_wconf 80' lang='lat' dir='ltr'>attendentes....</span> 
     </span>
    </p>
   </div>
   <div class='ocr_carea' id='block_1_104' title="bbox 1934 5556 2204 5609">
    <p class='ocr_par' dir='ltr' id='par_1_104' title="bbox 1934 5556 2204 5609">
     <span class='ocr_line' id='line_1_104' title="bbox 1934 5556 2204 5609; baseline -0.004 0"><span class='ocrx_word' id='word_1_779' title='bbox 1934 5556 2204 5609; x_wconf 82' lang='lat' dir='ltr'>hominum</span> 
     </span>
    </p>
   </div>
   <div class='ocr_carea' id='block_1_105' title="bbox 610 5626 1112 5692">
    <p class='ocr_par' dir='ltr' id='par_1_105' title="bbox 610 5626 1112 5692">
     <span class='ocr_line' id='line_1_105' title="bbox 610 5626 1112 5692; baseline 0.004 -12"><span class='ocrx_word' id='word_1_780' title='bbox 610 5626 978 5692; x_wconf 76' lang='lat' dir='ltr'>avertcntium,</span> <span class='ocrx_word' id='word_1_781' title='bbox 1009 5634 1112 5682; x_wconf 89' lang='lat' dir='ltr'>etc.</span> 
     </span>
    </p>
   </div>
   <div class='ocr_carea' id='block_1_106' title="bbox 2298 4544 3861 4624">
    <p class='ocr_par' dir='ltr' id='par_1_106' title="bbox 2298 4544 3861 4624">
     <span class='ocr_line' id='line_1_106' title="bbox 2298 4544 3861 4624; baseline -0.016 -6"><span class='ocrx_word' id='word_1_782' title='bbox 2298 4562 2413 4618; x_wconf 91' lang='lat' dir='ltr'>sint</span> <span class='ocrx_word' id='word_1_783' title='bbox 2462 4577 2606 4616; x_wconf 65' lang='lat' dir='ltr'>sana:</span> <span class='ocrx_word' id='word_1_784' title='bbox 2660 4557 2945 4624; x_wconf 85' lang='lat' dir='ltr'>doctrinae,</span> <span class='ocrx_word' id='word_1_785' title='bbox 2988 4554 3265 4619; x_wconf 88' lang='lat' dir='ltr'>ostendit;</span> <span class='ocrx_word' id='word_1_786' title='bbox 3317 4561 3381 4607; x_wconf 87' lang='lat' dir='ltr'>ut</span> <span class='ocrx_word' id='word_1_787' title='bbox 3438 4550 3626 4606; x_wconf 87' lang='lat' dir='ltr'>minus</span> <span class='ocrx_word' id='word_1_788' title='bbox 3667 4544 3861 4603; x_wconf 87' lang='lat' dir='ltr'>sobrios.</span> 
     </span>
    </p>
   </div>
   <div class='ocr_carea' id='block_1_107' title="bbox 2301 4637 3866 4721">
    <p class='ocr_par' dir='ltr' id='par_1_107' title="bbox 2301 4637 3866 4721">
     <span class='ocr_line' id='line_1_107' title="bbox 2301 4637 3866 4721; baseline -0.017 -12"><span class='ocrx_word' id='word_1_789' title='bbox 2301 4652 2487 4709; x_wconf 87' lang='lat' dir='ltr'>minus</span> <span class='ocrx_word' id='word_1_790' title='bbox 2517 4664 2727 4721; x_wconf 83' lang='lat' dir='ltr'>graves,</span> <span class='ocrx_word' id='word_1_791' title='bbox 2762 4647 3034 4713; x_wconf 90' lang='lat' dir='ltr'>inﬁdeles,</span> <span class='ocrx_word' id='word_1_792' title='bbox 3064 4645 3181 4700; x_wconf 89' lang='lat' dir='ltr'>sine</span> <span class='ocrx_word' id='word_1_793' title='bbox 3211 4642 3501 4709; x_wconf 88' lang='lat' dir='ltr'>charitate,</span> <span class='ocrx_word' id='word_1_794' title='bbox 3533 4637 3866 4710; x_wconf 76' lang='lat' dir='ltr'>impatientes.</span> 
     </span>
    </p>
   </div>
   <div class='ocr_carea' id='block_1_108' title="bbox 2303 4720 3866 4808">
    <p class='ocr_par' dir='ltr' id='par_1_108' title="bbox 2303 4720 3866 4808">
     <span class='ocr_line' id='line_1_108' title="bbox 2303 4720 3866 4808; baseline -0.015 -12"><span class='ocrx_word' id='word_1_795' title='bbox 2303 4741 2509 4796; x_wconf 71' lang='lat' dir='ltr'>insanze</span> <span class='ocrx_word' id='word_1_796' title='bbox 2548 4735 2817 4794; x_wconf 75' lang='lat' dir='ltr'>doctrinae</span> <span class='ocrx_word' id='word_1_797' title='bbox 2854 4735 3158 4808; x_wconf 89' lang='lat' dir='ltr'>discipulos</span> <span class='ocrx_word' id='word_1_798' title='bbox 3205 4730 3561 4803; x_wconf 86' lang='lat' dir='ltr'>signiﬁcaret.</span> <span class='ocrx_word' id='word_1_799' title='bbox 3612 4727 3710 4781; x_wconf 84' lang='lat' dir='ltr'>His</span> <span class='ocrx_word' id='word_1_800' title='bbox 3750 4720 3866 4775; x_wconf 81' lang='lat' dir='ltr'>enim</span> 
     </span>
    </p>
   </div>
   <div class='ocr_carea' id='block_1_109' title="bbox 2304 4816 3650 4902">
    <p class='ocr_par' dir='ltr' id='par_1_109' title="bbox 2304 4816 3650 4902">
     <span class='ocr_line' id='line_1_109' title="bbox 2304 4816 3650 4902; baseline -0.01 -16"><span class='ocrx_word' id='word_1_801' title='bbox 2304 4829 2563 4902; x_wconf 90' lang='lat' dir='ltr'>operibus</span> <span class='ocrx_word' id='word_1_802' title='bbox 2598 4826 2841 4883; x_wconf 89' lang='lat' dir='ltr'>nescitur</span> <span class='ocrx_word' id='word_1_803' title='bbox 2870 4828 3036 4891; x_wconf 91' lang='lat' dir='ltr'>Deus,</span> <span class='ocrx_word' id='word_1_804' title='bbox 3057 4838 3235 4895; x_wconf 90' lang='lat' dir='ltr'>neque</span> <span class='ocrx_word' id='word_1_805' title='bbox 3260 4819 3479 4892; x_wconf 89' lang='lat' dir='ltr'>justitia</span> <span class='ocrx_word' id='word_1_806' title='bbox 3508 4816 3650 4888; x_wconf 88' lang='lat' dir='ltr'>ejus.</span> 
     </span>
    </p>
   </div>
   <div class='ocr_carea' id='block_1_110' title="bbox 2380 4896 3873 4996">
    <p class='ocr_par' dir='ltr' id='par_1_110' title="bbox 2380 4896 3873 4996">
     <span class='ocr_line' id='line_1_110' title="bbox 2380 4896 3873 4996; baseline -0.019 -16"><span class='ocrx_word' id='word_1_807' title='bbox 2380 4924 2562 4996; x_wconf 85' lang='lat' dir='ltr'>(Vers.</span> <span class='ocrx_word' id='word_1_808' title='bbox 2613 4922 2665 4989; x_wconf 90' lang='lat'>3,</span> <span class='ocrx_word' id='word_1_809' title='bbox 2699 4920 2753 4988; x_wconf 70' lang='grc'><strong>4,</strong></span> <span class='ocrx_word' id='word_1_810' title='bbox 2785 4920 2867 4991; x_wconf 79' lang='grc'><strong>5.)</strong></span> <span class='ocrx_word' id='word_1_811' title='bbox 2917 4942 2935 4965; x_wconf 75' lang='grc' dir='ltr'><strong>ε</strong></span> <span class='ocrx_word' id='word_1_812' title='bbox 2974 4918 3128 4972; x_wconf 87' lang='lat' dir='ltr'>Anus</span> <span class='ocrx_word' id='word_1_813' title='bbox 3158 4913 3275 4986; x_wconf 90' lang='lat' dir='ltr'>pari</span> <span class='ocrx_word' id='word_1_814' title='bbox 3308 4910 3476 4968; x_wconf 90' lang='lat' dir='ltr'>modo</span> <span class='ocrx_word' id='word_1_815' title='bbox 3513 4910 3576 4965; x_wconf 90' lang='lat' dir='ltr'>in</span> <span class='ocrx_word' id='word_1_816' title='bbox 3604 4915 3748 4963; x_wconf 84' lang='lat' dir='ltr'>statu</span> <span class='ocrx_word' id='word_1_817' title='bbox 3774 4896 3873 4996; x_wconf 76' lang='lat' dir='ltr'>reli-</span> 
     </span>
    </p>
   </div>
   <div class='ocr_carea' id='block_1_111' title="bbox 2308 4986 3871 5088">
    <p class='ocr_par' dir='ltr' id='par_1_111' title="bbox 2308 4986 3871 5088">
     <span class='ocr_line' id='line_1_111' title="bbox 2308 4986 3871 5088; baseline -0.019 -17"><span class='ocrx_word' id='word_1_818' title='bbox 2308 5014 2468 5088; x_wconf 89' lang='lat' dir='ltr'>gione</span> <span class='ocrx_word' id='word_1_819' title='bbox 2508 5012 2677 5086; x_wconf 83' lang='lat' dir='ltr'>digno</span> <span class='ocrx_word' id='word_1_820' title='bbox 2704 5010 2845 5082; x_wconf 89' lang='lat'>(88),</span> <span class='ocrx_word' id='word_1_821' title='bbox 2876 5024 2989 5063; x_wconf 91' lang='lat' dir='ltr'>non</span> <span class='ocrx_word' id='word_1_822' title='bbox 3024 5000 3580 5067; x_wconf 89' lang='lat' dir='ltr'>criminatrices,non</span> <span class='ocrx_word' id='word_1_823' title='bbox 3612 4997 3741 5051; x_wconf 88' lang='lat' dir='ltr'>vino</span> <span class='ocrx_word' id='word_1_824' title='bbox 3763 4986 3871 5044; x_wconf 88' lang='lat' dir='ltr'>mul-</span> 
     </span>
    </p>
   </div>
   <div class='ocr_carea' id='block_1_112' title="bbox 2308 5076 3874 5168">
    <p class='ocr_par' dir='ltr' id='par_1_112' title="bbox 2308 5076 3874 5168">
     <span class='ocr_line' id='line_1_112' title="bbox 2308 5076 3874 5168; baseline -0.023 -8"><span class='ocrx_word' id='word_1_825' title='bbox 2308 5076 2365 5160; x_wconf 61' lang='lat' dir='ltr'>to</span> <span class='ocrx_word' id='word_1_826' title='bbox 2406 5076 2727 5168; x_wconf 67' lang='lat' dir='ltr'>servientes,</span> <span class='ocrx_word' id='word_1_827' title='bbox 2761 5099 2906 5154; x_wconf 90' lang='lat' dir='ltr'>bona</span> <span class='ocrx_word' id='word_1_828' title='bbox 2948 5096 3243 5159; x_wconf 87' lang='lat' dir='ltr'>docentes;</span> <span class='ocrx_word' id='word_1_829' title='bbox 3294 5099 3355 5147; x_wconf 87' lang='lat' dir='ltr'>ut</span> <span class='ocrx_word' id='word_1_830' title='bbox 3406 5089 3703 5145; x_wconf 89' lang='lat' dir='ltr'>instituant</span> <span class='ocrx_word' id='word_1_831' title='bbox 3728 5076 3874 5135; x_wconf 83' lang='lat' dir='ltr'>adole-</span> 
     </span>
    </p>
   </div>
   <div class='ocr_carea' id='block_1_113' title="bbox 2309 5166 3874 5256">
    <p class='ocr_par' dir='ltr' id='par_1_113' title="bbox 2309 5166 3874 5256">
     <span class='ocr_line' id='line_1_113' title="bbox 2309 5166 3874 5256; baseline -0.019 -6"><span class='ocrx_word' id='word_1_832' title='bbox 2309 5193 2583 5251; x_wconf 89' lang='lat' dir='ltr'>scentulas</span> <span class='ocrx_word' id='word_1_833' title='bbox 2612 5190 2760 5245; x_wconf 88' lang='lat' dir='ltr'>viros</span> <span class='ocrx_word' id='word_1_834' title='bbox 2802 5204 2930 5243; x_wconf 90' lang='lat' dir='ltr'>suos</span> <span class='ocrx_word' id='word_1_835' title='bbox 2959 5184 3209 5256; x_wconf 90' lang='lat' dir='ltr'>diligere,</span> <span class='ocrx_word' id='word_1_836' title='bbox 3247 5196 3432 5236; x_wconf 88' lang='lat' dir='ltr'>amare</span> <span class='ocrx_word' id='word_1_837' title='bbox 3480 5178 3648 5243; x_wconf 84' lang='lat' dir='ltr'>ﬁlios,</span> <span class='ocrx_word' id='word_1_838' title='bbox 3679 5166 3874 5246; x_wconf 82' lang='lat' dir='ltr'>pruden-</span> 
     </span>
    </p>
   </div>
   <div class='ocr_carea' id='block_1_114' title="bbox 2310 5261 3874 5354">
    <p class='ocr_par' dir='ltr' id='par_1_114' title="bbox 2310 5261 3874 5354">
     <span class='ocr_line' id='line_1_114' title="bbox 2310 5261 3874 5354; baseline -0.017 -15"><span class='ocrx_word' id='word_1_839' title='bbox 2310 5292 2411 5351; x_wconf 90' lang='lat' dir='ltr'>tes,</span> <span class='ocrx_word' id='word_1_840' title='bbox 2464 5281 2691 5354; x_wconf 88' lang='lat' dir='ltr'>pudicas</span> <span class='ocrx_word' id='word_1_841' title='bbox 2718 5295 2851 5343; x_wconf 88' lang='lat' dir='ltr'>esse,</span> <span class='ocrx_word' id='word_1_842' title='bbox 2901 5282 3094 5341; x_wconf 87' lang='lat' dir='ltr'>castas,</span> <span class='ocrx_word' id='word_1_843' title='bbox 3144 5273 3341 5327; x_wconf 89' lang='lat' dir='ltr'>domus</span> <span class='ocrx_word' id='word_1_844' title='bbox 3384 5284 3577 5323; x_wconf 87' lang='lat' dir='ltr'>curam</span> <span class='ocrx_word' id='word_1_845' title='bbox 3627 5261 3874 5318; x_wconf 47' lang='lat' dir='ltr'>habentes</span> 
     </span>
    </p>
   </div>
   <div class='ocr_carea' id='block_1_115' title="bbox 2313 5347 3877 5443">
    <p class='ocr_par' dir='ltr' id='par_1_115' title="bbox 2313 5347 3877 5443">
     <span class='ocr_line' id='line_1_115' title="bbox 2313 5347 3877 5443; baseline -0.017 -15"><span class='ocrx_word' id='word_1_846' title='bbox 2313 5347 2563 5428; x_wconf 77' lang='lat' dir='ltr'>subditas</span> <span class='ocrx_word' id='word_1_847' title='bbox 2592 5366 2831 5443; x_wconf 87' lang='lat' dir='ltr'>propriis</span> <span class='ocrx_word' id='word_1_848' title='bbox 2860 5363 2996 5421; x_wconf 85' lang='lat' dir='ltr'>viris</span> <span class='ocrx_word' id='word_1_849' title='bbox 3022 5382 3034 5419; x_wconf 88' lang='lat'><em>:</em></span> <span class='ocrx_word' id='word_1_850' title='bbox 3070 5377 3140 5417; x_wconf 90' lang='lat' dir='ltr'>ne</span> <span class='ocrx_word' id='word_1_851' title='bbox 3186 5359 3423 5415; x_wconf 87' lang='lat' dir='ltr'>verbum</span> <span class='ocrx_word' id='word_1_852' title='bbox 3465 5355 3569 5411; x_wconf 89' lang='lat' dir='ltr'>Dei</span> <span class='ocrx_word' id='word_1_853' title='bbox 3599 5347 3877 5420; x_wconf 61' lang='lat' dir='ltr'>blaspheme</span> 
     </span>
    </p>
   </div>
   <div class='ocr_carea' id='block_1_116' title="bbox 2382 5538 3680 5625">
    <p class='ocr_par' dir='ltr' id='par_1_116' title="bbox 2382 5538 3680 5625">
     <span class='ocr_line' id='line_1_116' title="bbox 2382 5538 3680 5625; baseline -0.013 -17"><span class='ocrx_word' id='word_1_854' title='bbox 2382 5551 2505 5625; x_wconf 91' lang='lat'>(88)</span> <span class='ocrx_word' id='word_1_855' title='bbox 2537 5551 2696 5607; x_wconf 83' lang='lat' dir='ltr'>Rom.</span> <span class='ocrx_word' id='word_1_856' title='bbox 2731 5547 2889 5616; x_wconf 89' lang='lat' dir='ltr'>edit.,</span> <span class='ocrx_word' id='word_1_857' title='bbox 2918 5546 2976 5601; x_wconf 81' lang='lat' dir='ltr'>in</span> <span class='ocrx_word' id='word_1_858' title='bbox 3004 5542 3190 5599; x_wconf 81' lang='lat' dir='ltr'>habitu</span> <span class='ocrx_word' id='word_1_859' title='bbox 3213 5539 3471 5612; x_wconf 72' lang='lat' dir='ltr'>religione</span> <span class='ocrx_word' id='word_1_860' title='bbox 3499 5538 3680 5610; x_wconf 76' lang='lat' dir='ltr'>digno.</span> 
     </span>
    </p>
   </div>
  </div>
