3908 6192
83 310 181 370 329

83 535 229 590 bona:
274 537 712 592 conversationis
757 538 1074 610 junioribus
1099 560 1112 607 ;
1141 541 1267 595 utsi
1297 541 1545 597 inﬁdeles
1576 542 1669 595 vi—

82 641 163 679 ros
200 624 455 693 habeant,
490 627 872 698 congaudeant
901 631 981 683 eis
1007 632 1195 701 magis,
1221 645 1385 702 quam
1417 630 1668 702 blasphe-

85 720 225 768 inent
272 730 476 770 nomen
512 717 634 783 Dei,
668 716 799 772 dum
831 719 1026 773 vident
1056 719 1183 791 quia
1214 726 1434 789 propter
1456 719 1561 776 Dei
1591 719 1671 773 ti-

81 818 282 857 morem
325 806 652 876 propensius
684 807 1063 880 obsequuntur
1087 808 1200 863 suis
1228 808 1385 863 \iris.

142 912 328 982 (Vers.
358 915 413 981 6,
450 915 501 978 7,
532 915 614 985 8.)
658 940 676 962 ε
705 915 961 971 Iuniores
988 914 1245 971 similiter
1274 915 1492 970 hortare
1526 931 1670 970 con-

77 1000 313 1056 tinentes
386 1018 544 1069 esse,
613 1021 708 1075 per
763 1004 948 1058 omnia
1005 1004 1357 1074 temetipsum
1418 1004 1667 1075 praebens

80 1091 387 1160 exemplum
434 1092 702 1148 bonorum
751 1109 997 1164 operum,
1033 1094 1088 1148 in
1120 1092 1393 1160 doctrina,
1424 1093 1483 1147 in
1516 1093 1669 1148 inte—

82 1178 293 1247 gritate,
336 1179 393 1234 in
423 1182 707 1251 gravitate,
748 1183 980 1238 verbum
1010 1199 1228 1250 sanum,
1261 1182 1668 1254 irreprehensi-

78 1266 217 1333 bile;
270 1277 333 1325 ut
364 1270 410 1325 is
446 1272 539 1343 qui
569 1289 597 1328 e
637 1272 858 1329 diverso
885 1282 985 1341 est,
1017 1281 1357 1339 revereatur,
1390 1271 1535 1327 nihil
1575 1272 1666 1327 ha-

86 1357 210 1413 bens
238 1360 421 1415 dicere
451 1361 517 1417 de
548 1362 708 1417 nobis
734 1362 963 1433 dignum
995 1362 1442 1435 reprehensione.
1462 1387 1478 1407 »
1524 1361 1666 1427 Quo-

83 1452 217 1506 niam
244 1453 514 1524 juventus
546 1458 688 1511 solet
728 1456 956 1511 modum
988 1458 1192 1529 egredi,
1228 1458 1340 1513 imo
1362 1457 1670 1528 promptior

79 1558 180 1596 esse
212 1542 279 1597 ad
314 1546 548 1616 lapsum,
590 1546 799 1602 idcirco
831 1546 1143 1602 salubribus
1172 1546 1497 1603 retinaculis
1526 1562 1648 1601 con-

81 1631 231 1685 tineri
249 1631 500 1701 jubetur,
531 1641 591 1689 ut
613 1634 888 1691 infrenata
917 1636 1126 1691 divinis
1158 1635 1368 1707 legibus
1389 1636 1669 1706 guberne-

82 1727 175 1774 tur.
240 1720 401 1787 Quod
457 1731 520 1778 ut
566 1723 708 1778 efIici
756 1740 867 1779 non
916 1727 989 1780 sit
1032 1724 1263 1779 arduum
1291 1732 1387 1779 aut
1416 1723 1663 1792 difﬁcile,

81 1809 394 1880 magistrum
426 1811 657 1866 formam
685 1828 798 1867 esse
837 1813 1121 1884 praecipit;
1148 1821 1207 1867 ut
1238 1830 1299 1866 ea
1329 1829 1447 1884 quae
1477 1812 1656 1881 docet,
1690 1814 1736 1873 B

80 1898 343 1968 quomodo
375 1899 529 1966 ﬁant,
559 1899 848 1956 ostendat:
885 1909 943 1955 ut
976 1900 1015 1954 ii
1046 1900 1139 1972 qui
1172 1900 1388 1971 profani
1427 1909 1577 1966 sunt,
1610 1910 1664 1956 et

81 1996 280 2053 inimici
322 1998 473 2065 ﬁdei,
506 1999 850 2065 erubescant,
887 1999 1138 2055 videntes
1170 1999 1301 2071 quia
1329 2016 1448 2071 qum
1478 1998 1663 2054 verbis

79 2084 245 2153 docet,
271 2102 406 2140 vera
434 2103 549 2141 esse
582 2088 778 2157 probat
806 2087 988 2143 factis.

143 2193 328 2261 (Vers.
363 2192 417 2255 9,
456 2190 570 2258 10.)
604 2215 620 2236 ι
644 2190 841 2246 Servos
869 2191 1111 2246 dominis
1141 2192 1256 2247 suis
1282 2192 1531 2247 subditos
1551 2210 1665 2248 esse

82 2277 127 2332 in
161 2278 429 2332 omnibus
481 2278 624 2348 (89),
668 2279 926 2350 optimos,
958 2296 1068 2333 non
1099 2287 1521 2349 responsatores,
1555 2297 1666 2335 non

84 2365 413 2432 fraudantes,
444 2366 538 2421 sed
583 2383 805 2421 omnem
852 2366 1018 2422 fidem
1050 2366 1250 2422 bonam
1282 2367 1663 2433 ostendentes;

82 2463 135 2510 ut
178 2454 492 2510 doctrinam
542 2456 846 2510 Salvatoris
890 2454 1063 2509 nostri
1096 2455 1195 2509 Dei
1225 2462 1422 2509 ornent
1450 2457 1506 2509 in
1540 2471 1669 2510 om-

84 2544 250 2598 nibus.
279 2568 296 2589 ι
344 2543 515 2598 Bonis
545 2543 805 2614 operibus
834 2552 888 2598 et
918 2542 1025 2598 ﬁde
1055 2542 1361 2598 doctrinam
1396 2544 1531 2598 dicit
1568 2561 1668 2599 or-

85 2634 190 2687 nari
236 2632 626 2699 Dominicam;
682 2641 813 2688 tunc
867 2633 1014 2686 enim
1072 2632 1271 2703 placita
1294 2642 1378 2715 est
1417 2633 1670 2689 doctrina

89 2722 215 2791 (90),
263 2723 307 2778 si
346 2721 443 2777 hic
489 2721 584 2793 qui
636 2737 751 2776 eam
785 2720 1092 2792 proﬁtetur,
1122 2736 1232 2775 non
1263 2720 1412 2775 illam
1445 2737 1666 2776 exosam

87 2808 251 2877 faciat,
309 2810 590 2881 abnegans
638 2809 821 2875 fa'ctis,
869 2808 963 2864 sed
1012 2808 1303 2863 amabilem
1335 2816 1388 2864 et
1442 2826 1664 2877 veram;

87 2916 185 2955 non
230 2908 404 2971 potest
463 2901 611 2955 enim
647 2900 967 2956 indecorum
1001 2914 1134 2961 esse,
1163 2898 1310 2971 quod
1339 2916 1528 2955 verum
1561 2908 1662 2956 est.

88 2986 206 3043 Cum
229 3006 353 3060 ergo
383 2989 539 3045 dicta
567 2988 925 3061 sequentibus
951 2988 1109 3044 factis
1139 2987 1461 3059 implentur,
1485 2999 1661 3045 osten-

86 3076 274 3132 duntur
299 3095 457 3145 vera,
487 3094 547 3132 ac
579 3094 676 3149 per
707 3076 811 3133 hoc
839 3076 1054 3132 decora.
1100 3077 1252 3133 Tunc
1299 3086 1525 3148 possunt
1553 3079 1664 3133 do-

90 3167 208 3222 mini
236 3185 424 3225 servos
461 3185 588 3224 suos
615 3184 727 3223 non
768 3175 981 3223 tantum
1013 3184 1045 3222 a
1072 3167 1179 3222 ﬁde
1210 3184 1320 3222 non
1351 3168 1663 3239 prohibere,
1697 3163 1739 3221 C

82 3274 249 3315 verum
271 3262 443 3317 etiam
479 3260 743 3332 gaudere;
794 3260 923 3332 quia
950 3259 1113 3314 ﬁdem
1140 3276 1329 3314 eorum
1362 3259 1525 3315 etiam
1558 3260 1663 3316 sibi

81 3350 253 3406 vident
289 3353 584 3422 proficere.
621 3352 793 3407 Nemo
820 3350 967 3406 enim
1000 3350 1164 3405 fidem
1202 3349 1536 3419 custodiens,
1568 3350 1665 3404 in-

80 3437 235 3496 fidelis
264 3450 454 3514 potest
482 3458 599 3497 esse
628 3441 967 3497 hominibus.

145 3548 313 3618 (Vers.
342 3550 564 3619 £1,12.)
611 3574 627 3595 ι
652 3548 846 3604 Illuxit
865 3548 1009 3604 enim
1037 3545 1211 3617 gratia
1238 3544 1338 3600 Dei
1368 3543 1666 3599 Salvatoris

89 3639 248 3693 nostri
279 3641 541 3695 omnibus
571 3638 913 3704 hominibus,
960 3635 1218 3692 erudiens
1247 3650 1366 3702 nos,
1398 3641 1460 3687 ut
1488 3632 1667 3688 abne-

90 3736 191 3796 gata
216 3729 495 3801 impietate
528 3738 581 3785 et
611 3727 969 3785 saecularibus
1002 3725 1311 3792 desideriis,
1343 3731 1663 3793 temperan-

90 3822 174 3885 ter,
203 3827 253 3874 et
274 3819 439 3891 juste,
463 3828 520 3876 et
536 3819 621 3891 pie
650 3819 906 3874 vivamus
932 3817 990 3872 in
1020 3817 1125 3872 hoc
1152 3814 1399 3871 szeculo»
1444 3814 1662 3867 Donum

91 3906 174 3961 Dei
203 3909 450 3964 illuxisse
484 3908 806 3963 hominibus
834 3906 971 3963 dicit
1001 3922 1096 3977 per
1135 3902 1442 3966 Christum,
1473 3899 1530 3954 id
1560 3907 1661 3966 est,

91 3999 351 4052 veritatem
405 3998 579 4053 unius
624 3997 723 4052 Dei
762 3995 1167 4050 manifestatam
1221 3993 1278 4047 in
1308 3989 1570 4047 Christo:
1601 3995 1661 4042 ut

94 4081 167 4151 pia
185 4086 523 4155 professione
551 4085 863 4142 Creatorem
897 4083 1259 4155 praedicemus
1291 4081 1347 4135 in
1376 4077 1663 4133 Trinitats

89 4173 313 4231 unitate:
380 4173 529 4245 quod
573 4175 727 4245 prius
759 4174 922 4228 latuit
952 4173 1255 4227 humanum
1287 4186 1477 4240 genus,
1516 4184 1664 4223 nunc

92 4268 251 4317 autem
294 4261 675 4315 misericordia
706 4260 803 4316 Dei
840 4260 1019 4315 eluxit
1048 4277 1062 4325 ;
1096 4268 1158 4314 ut
1186 4258 1386 4312 erroris
1414 4255 1664 4311 tenebras

92 4350 361 4417 evitantes,
415 4349 475 4404 id
520 4356 622 4413 est,
655 4348 1021 4421 ignorantiam
1052 4356 1105 4403 et
1134 4346 1466 4415 impietatem
1496 4360 1665 4398 mun-

92 4435 338 4495 danorum
402 4439 692 4509 fugientes,
753 4438 833 4509 pii
888 4437 1240 4492 inveniamur
1286 4434 1342 4489 in
1386 4442 1662 4505 parentem

1150 315 1511 376 COMMENT.
1555 320 1627 377 IN
1662 319 1880 379 EPIST.
1924 325 2021 381 AD
2049 276 2313 385 ΤΙΤΠΜ.Δ

84 454 183 501 tur.
215 470 233 494 ι
267 445 420 503 Tales
450 446 700 520 praecipit
728 464 845 506 esse
874 451 1134 519 seniores,
1182 459 1245 506 ut
1273 454 1531 523 exemplo
1550 453 1661 508 sint
1696 455 1745 513 A

3263 339 3370 398 530

1853 455 2035 526 (Vers.
2072 459 2157 526 13,
2194 458 2277 526 Ia,
2314 460 2426 531 15.)
2471 484 2490 506 ι
2519 460 2909 534 Exspectantes
2942 464 3163 524 beatam
3195 481 3370 541 spem,

1777 557 1833 603 et
1888 548 2187 605 adventum
2245 552 2434 621 glorize
2476 552 2618 609 beati
2668 557 2766 611 Dei
2813 558 2950 627 (91),
2986 569 3039 616 et
3068 561 3372 618 Salvatoris

1780 638 1952 692 nostri
1989 639 2116 693 Jesu
2151 638 2377 704 Christi,
2401 640 2493 711 qui
2523 642 2673 698 dedit
2694 649 3045 718 semetipsum
3069 667 3168 721 pro
3188 653 3369 722 nobis,

1780 738 1841 783 ut
1890 729 2188 785 redimeret
2218 747 2319 786 nos
2346 731 2415 786 ab
2444 734 2596 787 omni
2628 733 2936 806 iniquitate,
2968 748 3022 794 et
3051 744 3373 800 emundaret

1779 819 1882 875 sibi
1918 818 2206 890 {populum
2257 820 2651 891 abundantem,
2700 827 3073 882 aemulatorem
3100 831 3371 891 bonorum

1778 930 2056 983 operum»
2100 915 2251 970 Hanc
2280 932 2396 971 esse
2418 916 2557 972 dicit
2584 916 2794 972 beatam
2826 935 2977 989 spem
3009 921 3385 1001 credentium;

1777 1003 1873 1074 qui
1922 1012 2242 1075 exspectant
2289 1005 2587 1061 adventum
2633 1008 2818 1079 glorias
2863 1010 3048 1081 magni
3076 1011 3197 1078 Dei,
3228 1015 3375 1084 quod

1777 1097 2011 1151 revelari
2060 1097 2243 1163 habet,
2286 1097 2476 1169 judice
2527 1098 2768 1167 Christo,
2824 1100 2882 1154 in
2932 1116 3042 1172 quo
3070 1102 3170 1156 Dei
3200 1103 3375 1157 Patris

1777 1185 2062 1241 videbitur
2088 1196 2323 1258 potestas
2351 1198 2404 1245 et
2433 1191 2642 1261 gloria;
2678 1199 2739 1246 ut
2778 1190 2905 1247 ﬁdei
2946 1209 3058 1248 suae
3087 1195 3373 1264 praemium

1777 1286 2206 1350 consequantur.
2261 1279 2348 1335 Ad
2384 1279 2490 1336 hoc
2534 1282 2681 1337 enim
2714 1282 2948 1340 redemit
2976 1302 3077 1339 nos
3103 1285 3374 1353 Christus,

1778 1375 1858 1434 ut,
1916 1384 2109 1438 puram
2160 1369 2330 1425 vitam
2361 1379 2650 1439 sectantes,
2683 1373 2877 1444 repleti
2906 1374 3165 1445 operibus
3193 1376 3374 1445 bonis,

1779 1456 1931 1526 regni
1967 1459 2064 1511 Dei
2097 1456 2341 1513 hzeredes
2371 1475 2487 1514 esse
2528 1461 2820 1531 possimus.
2871 1485 2889 1507 ι
2920 1463 3049 1520 Haac
3083 1466 3305 1537 loquere
3324 1474 3379 1521 et

1778 1544 2090 1614 exhortare,
2153 1554 2208 1603 et
2249 1564 2414 1621 argue
2463 1569 2589 1608 cum
2639 1553 2792 1608 omni
2831 1555 3089 1628 imperio.
3128 1558 3299 1613 Nemo
3324 1567 3377 1614 te

1776 1645 2114 1695 contemnat.
2148 1666 2165 1687 ι

2399 1740 2633 1798 CAPUT
2662 1744 2755 1799 III.

1843 1826 2025 1891 (Vers.
2102 1828 2180 1897 1.)
2274 1852 2291 1874 ι
2363 1830 2614 1887 Admone
2674 1832 2801 1887 illos
2864 1834 3268 1905 principatibus
3321 1846 3376 1892 et

1776 1916 2141 1985 potestatibus
2189 1917 2438 1974 subditos
2486 1936 2619 1987 esse,
2655 1920 2805 1976 dicto
2835 1921 3080 1989 obedire,
3113 1922 3181 1978 ad
3212 1939 3375 1979 omne

1774 2019 1912 2075 opus
1942 2005 2150 2061 bonum
2184 2015 2398 2078 paratos
2427 2024 2561 2063 esse.
2594 2032 2612 2053 ι
2679 2009 2810 2075 Quae
2843 2008 2991 2064 salus
3029 2010 3371 2066 credentium

1774 2095 1866 2163 sit,
1916 2097 2173 2153 admonet
2218 2099 2356 2169 (92);
2411 2108 2472 2155 ut
2503 2101 2839 2168 manifestet,
2871 2119 2997 2158 cum
3039 2113 3371 2174 arguuntur,

1777 2194 1838 2239 ut
1892 2186 2067 2241 sciant
2112 2188 2201 2242 cui
2234 2189 2381 2244 bono
2431 2198 2719 2260 aptentur:
2773 2199 2835 2246 ut
2865 2208 2974 2247 non
3004 2209 3192 2264 aspere
3218 2194 3374 2249 acci-
3432 2191 3441 2199 ’

1777 2274 1950 2345 piant,
1981 2276 2116 2330 certi
2148 2278 2277 2347 quia
2306 2295 2403 2349 pro
2433 2281 2608 2336 salute
2637 2297 2734 2335 sua
2762 2281 3142 2353 corripiuntur
3166 2302 3177 2339 :
3232 2291 3286 2337 et
3313 2292 3374 2339 ut

1780 2361 1847 2415 ad
1894 2364 2101 2417 malum
2155 2365 2297 2419 tardi
2339 2367 2473 2433 sint,
2518 2367 2585 2422 ad
2632 2368 2837 2423 bonum
2878 2385 3008 2425 vero
3039 2372 3233 2442 parati,
3260 2387 3373 2427 non

1779 2449 1951 2503 nescii
1999 2452 2133 2521 quid
2171 2452 2404 2523 singulis
2434 2456 2672 2523 persolvi
2711 2465 2979 2526 oporteat.

1854 2544 2037 2615 (Vers.
2070 2545 2150 2615 2.)
2217 2571 2235 2593 ι
2265 2547 2552 2602 Neminem
2583 2550 2982 2621 blasphemare,
3012 2569 3124 2608 non
3155 2554 3373 2625 litigio—

1778 2650 1867 2689 sos
1923 2650 2072 2701 esse;
2130 2635 2226 2690 sed
2273 2635 2570 2704 modestos,
2599 2643 2744 2700 316
2775 2641 3126 2695 ostendentes
3154 2657 3369 2697 omnem

1778 2733 2259 2790 mansuetudinem
2305 2736 2377 2791 ad
2416 2752 2606 2791 omnes
2657 2735 2931 2792 homines.
2964 2762 2983 2783 -
3035 2737 3375 2793 Christianos

1776 2825 2037 2882 omnibus
2094 2826 2417 2883 hominibus
2448 2826 2687 2882 humiles
2715 2828 2837 2882 vult
2863 2826 3039 2882 videri
3071 2845 3085 2895 ;
3116 2828 3198 2886 sic
3224 2830 3370 2885 enim

1774 2924 2004 2987 possunt
2032 2917 2225 2989 perﬁdi
2256 2918 2324 2972 ad
2354 2919 2594 2974 futuram
2622 2935 2775 2990 spem
2808 2920 3013 2976 vocari.

1848 3006 2024 3076 (Vers.
2050 3008 2131 3079 3.)
2183 3033 2200 3055 «
2228 3009 2363 3062 Nam
2395 3024 2611 3063 eramus
2648 3009 2925 3082 quondam
2957 3019 3011 3067 et
3040 3027 3139 3066 nos
3168 3012 3371 3068 incon—

1774 3095 1929 3161 sulti,
1971 3095 2417 3168 inobsequentes,
2456 3107 2720 3164 errantes,
2753 3099 3054 3155 servientes
3083 3101 3370 3157 desideriis

1775 3196 1830 3242 et
1860 3188 2241 3258 voluptatibus
2273 3190 2463 3257 variis,
2496 3190 2553 3244 in
2585 3191 2797 3246 malitia
2811 3199 2864 3245 et
2893 3191 3106 3247 invidia
3125 3202 3363 3263 agentes,

1775 3276 2034 3346 odibiles,
2094 3277 2224 3332 odio
2270 3294 2372 3332 nos
2410 3279 2651 3336 invicem
2699 3282 2963 3337 habentes
3001 3283 3140 3353 (93).
3183 3307 3201 3329 ι
3243 3285 3368 3340 Haec

1776 3365 1919 3420 bona
1950 3383 2069 3437 quae
2109 3367 2469 3423 incredulitas
2515 3386 2626 3424 non
2658 3369 2845 3437 habet,
2886 3370 3217 3427 Christianis
3246 3371 3366 3427 data

1777 3463 2080 3522 memorat;
2141 3464 2203 3511 ut
2245 3456 2302 3511 in
2347 3458 2497 3512 omni
2536 3457 2756 3529 justitia
2795 3460 3059 3526 lucentes,
3092 3460 3367 3517 manifesti

1776 3543 1910 3598 ﬁant
1951 3545 2100 3616 quod
2146 3545 2245 3601 Dei
2288 3548 2528 3602 cultores
2566 3547 2698 3603 sint.
2743 3547 2880 3603 Cum
2913 3548 3058 3603 enim
3092 3548 3364 3620 quondam

1776 3632 2096 3701 inconsulti,
2140 3650 2289 3690 nunc
2316 3634 2578 3690 videntur
2613 3652 2709 3708 per
2732 3636 2919 3692 omnia
2952 3636 3072 3692 sani
3101 3652 3216 3693 esse
3241 3654 3367 3694 con-

1774 3720 1906 3787 silii,
1939 3721 2192 3777 laudatur
2220 3722 2277 3777 in
2300 3722 2387 3777 his
2413 3725 2577 3779 Deus.

1847 3814 2027 3885 (Vers.
2087 3814 2228 3886 4-7.)
2299 3840 2317 3861 ι
2376 3816 2515 3873 Cum
2561 3832 2693 3872 vero
2725 3816 2944 3872 bonitas
2969 3825 3023 3872 et
3052 3816 3367 3871 humanitas

1774 3903 1965 3958 illuxit
2012 3904 2269 3959 salutaris
2314 3904 2412 3959 Dei
2456 3904 2652 3970 nostri,
2684 3920 2795 3959 non
2827 3921 2896 3959 ex
2926 3903 3185 3974 operibus
3209 3903 3368 3973 justi-

1773 3993 1887 4059 tiae,
1924 4009 2044 4064 quae
2076 4009 2174 4048 nos
2202 3992 2453 4047 fecimus:
2486 3993 2579 4047 sed
2600 3992 2900 4047 secundum
2936 3992 3367 4047 misericordiam

1773 4099 1926 4138 suam
1982 4083 2163 4136 salvos
2221 4098 2320 4136 nos
2348 4080 2482 4135 fecit
2512 4098 2604 4152 per
2632 4082 2909 4136 lavacrum
2946 4081 3370 4151 regenerationis

1774 4179 1827 4227 et
1861 4169 2237 4228 renovationis
2271 4167 2510 4241 Spiritus
2543 4169 2737 4237 sancti,
2769 4185 2929 4241 quem
2960 4168 3155 4224 eﬂ‘udit
3183 4169 3240 4225 in
3270 4187 3370 4226 nos

1781 4261 1997 4316 abunde
2028 4276 2124 4331 per
2151 4260 2332 4315 Jesum
2369 4257 2674 4324 Christum,
2704 4259 3041 4313 Salvatorem
3074 4266 3324 4314 nostrum
3352 4279 3364 4327 ;

1772 4360 1833 4406 ut
1856 4348 2145 4421 justiﬁcati
2177 4347 2347 4420 gratia
2370 4347 2543 4415 illius,
2576 4346 2815 4403 hzeredes
2845 4348 3147 4403 efﬁciamur
3178 4365 3368 4404 secun-

1773 4436 1903 4493 dum
1960 4454 2110 4510 spem
2151 4438 2279 4493 vitae
2318 4446 2552 4492 aeternae.
2610 4461 2626 4482 ι
2695 4437 2810 4493 Hoc
2868 4436 3071 4492 bonum
3114 4437 3259 4510 quod
3311 4437 3367 4491 in

93 4529 325 4584 omnium
385 4532 585 4597 Deum,
623 4528 944 4601 proﬁtentes
984 4542 1106 4581 eum
1140 4525 1195 4580 in
1224 4524 1477 4591 veritate,
1507 4538 1667 4594 quam
1702 4518 1751 4576 D
1783 4528 2111 4585 Christianis
2140 4529 2335 4585 ﬂorere
2366 4527 2678 4595 videtur,de
2709 4528 2891 4584 radice
2920 4528 3135 4599 pietatis
3164 4527 3367 4583 divinze

94 4616 241 4672 tradit
277 4619 647 4691 Evangelium
677 4617 806 4674 Filii
840 4615 991 4687 ejus:
1035 4623 1090 4671 et
1119 4621 1180 4669 ut
1208 4611 1375 4683 hujus
1404 4611 1481 4666 rei
1511 4627 1666 4665 mer-

95 4703 257 4761 cedem
291 4707 493 4763 habere
524 4707 820 4779 possimus,
848 4706 992 4761 bona
1020 4720 1182 4776 opera
1211 4703 1492 4758 faciamus.
1526 4699 1667 4767 Quo-

99 4792 238 4848 modo
292 4797 441 4852 enim
499 4797 582 4852 illi
640 4796 731 4869 qui
781 4796 959 4851 solum
991 4794 1203 4849 Patrem
1239 4792 1517 4864 praedicat,
1548 4805 1668 4860 spes

99 4884 230 4940 nulla
256 4897 357 4956 est,
390 4890 435 4945 si
468 4905 578 4946 non
612 4890 938 4961 profiteatur
958 4889 1014 4943 in
1035 4887 1220 4942 eadem
1239 4885 1473 4941 veritate
1500 4891 1554 4939 et
1582 4882 1664 4937 Fi-

101 4971 214 5030 lium
240 4994 250 5030 :
300 4980 376 5035 ita
404 4988 459 5035 et
490 4979 653 5051 hujus
678 4997 799 5051 spes
828 4980 1031 5035 frustra
1060 4984 1161 5045 est,
1213 4977 1307 5048 qui
1336 4976 1507 5031 solam
1543 4986 1665 5043 pro'

100 5063 363 5124 fessionem
400 5069 529 5125 fidei
561 5070 725 5126 habet
754 5071 871 5126 sine
899 5069 1061 5125 bonis
1081 5066 1360 5139 operibus.

159 5219 264 5286 (89)
320 5222 523 5277 Eadem
567 5224 724 5278 Rom.
769 5222 928 5288 edit.,
958 5222 1017 5275 in
1044 5218 1285 5273 omnibus
1316 5217 1665 5283 obsequentes.

162 5291 268 5360 (90)
301 5293 504 5348 Omnes
525 5295 650 5360 dit.,
680 5293 878 5364 placita
904 5299 977 5364 est
1004 5297 1051 5345 et
1074 5291 1259 5364 decora
1289 5306 1305 5341 :
1326 5292 1519 5364 contra
1540 5298 1669 5364 Vf‘l‘O

102 5354 211 5415 mss.
241 5353 433 5437 _'pr0pe
473 5365 541 5420 ad
588 5353 763 5437 unum
794 5363 1084 5437 nobiscum
1136 5359 1369 5414 faciunt.
1397 5358 1471 5437 ᾼῐ
1501 5353 1665 5437 infra,

100 5444 182 5497 pro
231 5424 533 5490 indecorum
579 5453 703 5504 esse,
752 5435 985 5490 habetur
1035 5432 1092 5487 in
1145 5446 1275 5485 mss.
1317 5424 1664 5499 quibusdam,

101 5516 362 5577 inamabile
387 5541 512 5578 esse.

164 5590 271 5659 (91)
324 5595 485 5649 Rom.
525 5594 684 5661 edit.,
714 5594 898 5663 gloriae
920 5592 1099 5663 magni
1125 5590 1248 5647 Dei.
1273 5631 1284 5644 .
1323 5631 1335 5643 .
1368 5587 1467 5641 sibi
1492 5602 1673 5655 popu-

107 5659 195 5712 lum
219 5666 551 5731 peculiarem.

1777 4619 1973 4685 oritur;
2018 4621 2162 4675 Deus
2194 4620 2341 4675 enim
2374 4617 2752 4673 misericordia
2780 4633 2877 4671 sua
2905 4618 3086 4671 saltos
3116 4631 3215 4669 nos
3240 4613 3366 4667 fecit

1778 4724 1873 4779 per
1900 4708 2203 4777 Christum,
2233 4707 2393 4777 cujus
2423 4706 2597 4776 gratia
2622 4703 3087 4771 renati,Spiritum
3120 4706 3366 4755 sanctum

1777 4797 2089 4867 accepimus
2113 4795 2364 4858 abunde;
2398 4799 2461 4845 ut
2505 4789 2667 4845 bonis
2705 4787 2963 4859 operibus
2993 4786 3158 4840 inniti
3188 4785 3370 4855 possi—

1778 4904 1920 4953 mus,
1978 4888 2097 4956 ipso
2151 4902 2251 4940 nos
2304 4884 2358 4936 in
2411 4879 2668 4933 omnibus
2698 4877 3013 4946 adjuvante,
3045 4885 3106 4931 ut
3133 4890 3227 4945 per
3256 4876 3371 4931 hanc

1774 4975 2152 5032 haereditatem
2172 4972 2323 5043 regni
2344 4970 2609 5024 caelorum
2641 4962 2854 5035 assequi
2877 4964 3369 5031 possimus.Quam-

1778 5066 1965 5121 obrem
2024 5062 2177 5119 omni
2216 5058 2509 5115 devotione
2562 5053 2696 5110 huic
2750 5053 2977 5122 obsequi
3032 5054 3293 5113 debemus
3320 5065 3373 5111 et

1854 5222 1970 5289 (9‘2)
2012 5222 2216 5276 Omnes
2263 5213 2401 5289 edit.
2434 5225 2563 5289 cum
2597 5226 2726 5265 mss.
2760 5207 3070 5289 nonpullis,
3263 5224 3376 5277 spes-

1780 5280 2097 5348 credentium
2129 5291 2213 5345 sit.
2245 5332 2256 5344 .
2281 5332 2291 5343 .
2316 5284 2401 5340 cui
2431 5282 2561 5337 bono
2584 5280 2999 5352 praeparentur;
3033 5280 3218 5335 caeteri
3245 5294 3374 5334 mss,

1780 5374 1841 5421 ut
1880 5364 1933 5416 in
1967 5369 2250 5417 contextu.
2352 5426 2390 5430 __
2750 5419 2772 5430 η
2989 5419 3002 5430 ,
3139 5419 3149 5428 ,

1856 5435 1971 5504 (93)
2022 5435 2099 5488 Ita
2150 5440 2260 5487 vet.
2303 5426 2436 5504 edit.
2490 5439 2552 5477 ac
2582 5419 3190 5504 mss-ufeiremur'iiversi;
3218 5418 3379 5498 Boni.

1781 5488 1966 5561 autem
1995 5504 2130 5557 edit.
2156 5512 2210 5557 et.
2237 5497 2460 5569 quidam
2492 5508 2645 5558 mss.,
2684 5493 2810 5546 Haec
2858 5488 3181 5569 mala,qme
3209 5488 3388 5543 inero-

1781 5578 1979 5634 dulitas
2000 5576 2169 5637 habet,
2209 5568 2544 5629 Christianos
2577 5579 2758 5617 caluere
2787 5568 3075 5616 memorat.
