  <div class='ocr_page' id='page_1' title='image "/cluster/home/n/w/nwhite01/storage/ocr_20150623/17/uva.x000826553/273.png"; bbox 0 0 3908 6192; ppageno 0'>
   <div class='ocr_carea' id='block_1_1' title="bbox 510 295 613 355">
    <p class='ocr_par' dir='ltr' id='par_1_1' title="bbox 510 295 613 355">
     <span class='ocr_line' id='line_1_1' title="bbox 510 295 613 355; baseline -0.019 0"><span class='ocrx_word' id='word_1_1' title='bbox 510 295 613 355; x_wconf 68' lang='grc'>531</span> 
     </span>
    </p>
   </div>
   <div class='ocr_carea' id='block_1_2' title="bbox 1535 287 2781 350">
    <p class='ocr_par' dir='ltr' id='par_1_2' title="bbox 1535 287 2781 350">
     <span class='ocr_line' id='line_1_2' title="bbox 1535 287 2781 350; baseline -0.003 -1"><span class='ocrx_word' id='word_1_2' title='bbox 1535 290 1632 350; x_wconf 86' lang='lat' dir='ltr'>AD</span> <span class='ocrx_word' id='word_1_3' title='bbox 1670 289 1906 349; x_wconf 79' lang='lat' dir='ltr'>OPERA</span> <span class='ocrx_word' id='word_1_4' title='bbox 1940 290 1997 348; x_wconf 83' lang='lat'>8.</span> <span class='ocrx_word' id='word_1_5' title='bbox 2040 288 2374 349; x_wconf 80' lang='lat' dir='ltr'>AMBROSII</span> <span class='ocrx_word' id='word_1_6' title='bbox 2403 287 2781 347; x_wconf 76' lang='lat' dir='ltr'>APPENDIX.</span> 
     </span>
    </p>
   </div>
   <div class='ocr_carea' id='block_1_3' title="bbox 3724 286 3820 352">
    <p class='ocr_par' dir='ltr' id='par_1_3' title="bbox 3724 286 3820 352">
     <span class='ocr_line' id='line_1_3' title="bbox 3724 286 3820 352; baseline 0 0"><span class='ocrx_word' id='word_1_7' title='bbox 3724 286 3820 352; x_wconf 66' lang='lat'>831</span> 
     </span>
    </p>
   </div>
   <div class='ocr_carea' id='block_1_4' title="bbox 513 417 3807 504">
    <p class='ocr_par' dir='ltr' id='par_1_4' title="bbox 513 417 3807 504">
     <span class='ocr_line' id='line_1_4' title="bbox 513 417 3807 504; baseline -0.002 -19"><span class='ocrx_word' id='word_1_8' title='bbox 513 427 802 504; x_wconf 64' lang='lat' dir='ltr'>praeceptis</span> <span class='ocrx_word' id='word_1_9' title='bbox 834 424 952 500; x_wconf 85' lang='lat' dir='ltr'>ejus</span> <span class='ocrx_word' id='word_1_10' title='bbox 976 442 1201 501; x_wconf 82' lang='lat' dir='ltr'>parere;</span> <span class='ocrx_word' id='word_1_11' title='bbox 1245 423 1377 499; x_wconf 91' lang='lat' dir='ltr'>quia</span> <span class='ocrx_word' id='word_1_12' title='bbox 1407 417 1680 496; x_wconf 86' lang='lat' dir='ltr'>quidquid</span> <span class='ocrx_word' id='word_1_13' title='bbox 1703 418 1759 475; x_wconf 89' lang='lat' dir='ltr'>in</span> <span class='ocrx_word' id='word_1_14' title='bbox 1788 418 1949 476; x_wconf 87' lang='lat' dir='ltr'>nobis</span> <span class='ocrx_word' id='word_1_15' title='bbox 1976 418 2105 490; x_wconf 89' lang='lat' dir='ltr'>pul-</span> <span class='ocrx_word' id='word_1_16' title='bbox 2140 417 2191 479; x_wconf 82' lang='lat' dir='ltr'><strong>A</strong></span> <span class='ocrx_word' id='word_1_17' title='bbox 2220 431 2302 479; x_wconf 89' lang='lat' dir='ltr'>est</span> <span class='ocrx_word' id='word_1_18' title='bbox 2332 422 2674 495; x_wconf 89' lang='lat' dir='ltr'>hujusmodi,</span> <span class='ocrx_word' id='word_1_19' title='bbox 2705 430 2761 480; x_wconf 87' lang='lat' dir='ltr'>et</span> <span class='ocrx_word' id='word_1_20' title='bbox 2797 421 3125 496; x_wconf 88' lang='lat' dir='ltr'>delinquita</span> <span class='ocrx_word' id='word_1_21' title='bbox 3158 420 3454 503; x_wconf 79' lang='lat' dir='ltr'>semetipso</span> <span class='ocrx_word' id='word_1_22' title='bbox 3475 418 3807 480; x_wconf 76' lang='lat' dir='ltr'>damnatus.-</span> 
     </span>
    </p>
   </div>
   <div class='ocr_carea' id='block_1_5' title="bbox 513 511 2117 593">
    <p class='ocr_par' dir='ltr' id='par_1_5' title="bbox 513 511 2117 593">
     <span class='ocr_line' id='line_1_5' title="bbox 513 511 2117 593; baseline -0.009 -11"><span class='ocrx_word' id='word_1_23' title='bbox 513 522 712 583; x_wconf 82' lang='lat' dir='ltr'>chrum</span> <span class='ocrx_word' id='word_1_24' title='bbox 768 527 870 588; x_wconf 86' lang='lat' dir='ltr'>est,</span> <span class='ocrx_word' id='word_1_25' title='bbox 911 517 1292 593; x_wconf 83' lang='lat' dir='ltr'>spiritualibus</span> <span class='ocrx_word' id='word_1_26' title='bbox 1356 512 1705 574; x_wconf 78' lang='lat' dir='ltr'>lineamentis</span> <span class='ocrx_word' id='word_1_27' title='bbox 1761 512 1879 584; x_wconf 86' lang='lat' dir='ltr'>ipse</span> <span class='ocrx_word' id='word_1_28' title='bbox 1930 511 2117 583; x_wconf 87' lang='lat' dir='ltr'>depin-</span> 
     </span>
    </p>
   </div>
   <div class='ocr_carea' id='block_1_6' title="bbox 518 612 615 684">
    <p class='ocr_par' dir='ltr' id='par_1_6' title="bbox 518 612 615 684">
     <span class='ocr_line' id='line_1_6' title="bbox 518 612 615 684; baseline 0 -16"><span class='ocrx_word' id='word_1_29' title='bbox 518 612 615 684; x_wconf 79' lang='lat' dir='ltr'>git.</span> 
     </span>
    </p>
   </div>
   <div class='ocr_carea' id='block_1_7' title="bbox 593 711 2119 795">
    <p class='ocr_par' dir='ltr' id='par_1_7' title="bbox 593 711 2119 795">
     <span class='ocr_line' id='line_1_7' title="bbox 593 711 2119 795; baseline -0.01 -16"><span class='ocrx_word' id='word_1_30' title='bbox 593 723 773 795; x_wconf 87' lang='lat' dir='ltr'>(Vers.</span> <span class='ocrx_word' id='word_1_31' title='bbox 807 719 888 790; x_wconf 87' lang='lat'>8.)</span> <span class='ocrx_word' id='word_1_32' title='bbox 935 740 954 764; x_wconf 85' lang='grc' dir='ltr'>ι</span> <span class='ocrx_word' id='word_1_33' title='bbox 985 717 1191 773; x_wconf 78' lang='lat' dir='ltr'>Fidelis</span> <span class='ocrx_word' id='word_1_34' title='bbox 1220 730 1435 772; x_wconf 86' lang='lat' dir='ltr'>sermo:</span> <span class='ocrx_word' id='word_1_35' title='bbox 1469 721 1524 770; x_wconf 88' lang='lat' dir='ltr'>et</span> <span class='ocrx_word' id='word_1_36' title='bbox 1542 711 1609 768; x_wconf 93' lang='lat' dir='ltr'>de</span> <span class='ocrx_word' id='word_1_37' title='bbox 1638 711 1727 767; x_wconf 87' lang='lat' dir='ltr'>his</span> <span class='ocrx_word' id='word_1_38' title='bbox 1757 711 1885 767; x_wconf 90' lang='lat' dir='ltr'>volo</span> <span class='ocrx_word' id='word_1_39' title='bbox 1914 718 1968 767; x_wconf 91' lang='lat' dir='ltr'>te</span> <span class='ocrx_word' id='word_1_40' title='bbox 1993 725 2119 766; x_wconf 88' lang='lat' dir='ltr'>con-</span> 
     </span>
    </p>
   </div>
   <div class='ocr_carea' id='block_1_8' title="bbox 520 801 2119 878">
    <p class='ocr_par' dir='ltr' id='par_1_8' title="bbox 520 801 2119 878">
     <span class='ocr_line' id='line_1_8' title="bbox 520 801 2119 878; baseline -0.009 -10"><span class='ocrx_word' id='word_1_41' title='bbox 520 814 775 878; x_wconf 80' lang='lat' dir='ltr'>firmare;</span> <span class='ocrx_word' id='word_1_42' title='bbox 807 816 868 864; x_wconf 91' lang='lat' dir='ltr'>ut</span> <span class='ocrx_word' id='word_1_43' title='bbox 897 805 1121 864; x_wconf 77' lang='lat' dir='ltr'>solliciti</span> <span class='ocrx_word' id='word_1_44' title='bbox 1151 805 1264 861; x_wconf 89' lang='lat' dir='ltr'>sint</span> <span class='ocrx_word' id='word_1_45' title='bbox 1291 804 1361 860; x_wconf 88' lang='lat' dir='ltr'>ad</span> <span class='ocrx_word' id='word_1_46' title='bbox 1391 802 1644 861; x_wconf 77' lang='lat' dir='ltr'>eil’ectum</span> <span class='ocrx_word' id='word_1_47' title='bbox 1675 801 1949 856; x_wconf 90' lang='lat' dir='ltr'>bonorum</span> <span class='ocrx_word' id='word_1_48' title='bbox 1997 814 2119 871; x_wconf 87' lang='lat' dir='ltr'>ope-</span> 
     </span>
    </p>
   </div>
   <div class='ocr_carea' id='block_1_9' title="bbox 518 888 2121 971">
    <p class='ocr_par' dir='ltr' id='par_1_9' title="bbox 518 888 2121 971">
     <span class='ocr_line' id='line_1_9' title="bbox 518 888 2121 971; baseline -0.009 -14"><span class='ocrx_word' id='word_1_49' title='bbox 518 918 643 958; x_wconf 88' lang='lat' dir='ltr'>rum</span> <span class='ocrx_word' id='word_1_50' title='bbox 701 900 761 967; x_wconf 88' lang='lat' dir='ltr'>ii,</span> <span class='ocrx_word' id='word_1_51' title='bbox 818 897 913 971; x_wconf 88' lang='lat' dir='ltr'>qui</span> <span class='ocrx_word' id='word_1_52' title='bbox 962 895 1317 953; x_wconf 89' lang='lat' dir='ltr'>crediderunt</span> <span class='ocrx_word' id='word_1_53' title='bbox 1368 894 1503 949; x_wconf 91' lang='lat' dir='ltr'>Deo.</span> <span class='ocrx_word' id='word_1_54' title='bbox 1554 893 1681 948; x_wconf 63' lang='lat' dir='ltr'>Haec</span> <span class='ocrx_word' id='word_1_55' title='bbox 1724 897 1853 945; x_wconf 89' lang='lat' dir='ltr'>sunt</span> <span class='ocrx_word' id='word_1_56' title='bbox 1898 888 2041 950; x_wconf 85' lang='lat' dir='ltr'>bona</span> <span class='ocrx_word' id='word_1_57' title='bbox 2068 893 2121 943; x_wconf 90' lang='lat' dir='ltr'>et</span> 
     </span>
    </p>
   </div>
   <div class='ocr_carea' id='block_1_10' title="bbox 518 976 2120 1053">
    <p class='ocr_par' dir='ltr' id='par_1_10' title="bbox 518 976 2120 1053">
     <span class='ocr_line' id='line_1_10' title="bbox 518 976 2120 1053; baseline -0.009 -8"><span class='ocrx_word' id='word_1_58' title='bbox 518 989 682 1045; x_wconf 83' lang='lat' dir='ltr'>utilia</span> <span class='ocrx_word' id='word_1_59' title='bbox 728 985 1074 1043; x_wconf 88' lang='lat' dir='ltr'>hominibus.</span> <span class='ocrx_word' id='word_1_60' title='bbox 1118 1008 1138 1032; x_wconf 74' lang='grc' dir='ltr'>ι</span> <span class='ocrx_word' id='word_1_61' title='bbox 1199 982 1353 1040; x_wconf 87' lang='lat' dir='ltr'>Nihil</span> <span class='ocrx_word' id='word_1_62' title='bbox 1396 989 1505 1037; x_wconf 88' lang='lat' dir='ltr'>tam</span> <span class='ocrx_word' id='word_1_63' title='bbox 1556 988 1827 1053; x_wconf 89' lang='lat' dir='ltr'>apertum,</span> <span class='ocrx_word' id='word_1_64' title='bbox 1858 976 1986 1051; x_wconf 85' lang='lat' dir='ltr'>quia</span> <span class='ocrx_word' id='word_1_65' title='bbox 2019 976 2120 1032; x_wconf 84' lang='lat' dir='ltr'>mi-</span> 
     </span>
    </p>
   </div>
   <div class='ocr_carea' id='block_1_11' title="bbox 521 1066 2118 1148">
    <p class='ocr_par' dir='ltr' id='par_1_11' title="bbox 521 1066 2118 1148">
     <span class='ocr_line' id='line_1_11' title="bbox 521 1066 2118 1148; baseline -0.011 -12"><span class='ocrx_word' id='word_1_66' title='bbox 521 1077 822 1137; x_wconf 90' lang='lat' dir='ltr'>sericordia</span> <span class='ocrx_word' id='word_1_67' title='bbox 861 1085 1025 1148; x_wconf 88' lang='lat' dir='ltr'>atque</span> <span class='ocrx_word' id='word_1_68' title='bbox 1072 1073 1392 1130; x_wconf 89' lang='lat' dir='ltr'>humanitas</span> <span class='ocrx_word' id='word_1_69' title='bbox 1436 1070 1581 1127; x_wconf 91' lang='lat' dir='ltr'>bona</span> <span class='ocrx_word' id='word_1_70' title='bbox 1627 1076 1708 1124; x_wconf 89' lang='lat' dir='ltr'>est</span> <span class='ocrx_word' id='word_1_71' title='bbox 1745 1066 1814 1123; x_wconf 89' lang='lat' dir='ltr'>ad</span> <span class='ocrx_word' id='word_1_72' title='bbox 1861 1080 2118 1138; x_wconf 78' lang='lat' dir='ltr'>praesens,</span> 
     </span>
    </p>
   </div>
   <div class='ocr_carea' id='block_1_12' title="bbox 520 1154 2122 1231">
    <p class='ocr_par' dir='ltr' id='par_1_12' title="bbox 520 1154 2122 1231">
     <span class='ocr_line' id='line_1_12' title="bbox 520 1154 2122 1231; baseline -0.011 -5"><span class='ocrx_word' id='word_1_73' title='bbox 520 1177 576 1226; x_wconf 89' lang='lat' dir='ltr'>et</span> <span class='ocrx_word' id='word_1_74' title='bbox 605 1166 763 1225; x_wconf 91' lang='lat' dir='ltr'>utilis</span> <span class='ocrx_word' id='word_1_75' title='bbox 791 1166 851 1222; x_wconf 91' lang='lat' dir='ltr'>in</span> <span class='ocrx_word' id='word_1_76' title='bbox 890 1166 1141 1221; x_wconf 85' lang='lat' dir='ltr'>futurum</span> <span class='ocrx_word' id='word_1_77' title='bbox 1166 1181 1179 1231; x_wconf 88' lang='lat'>;</span> <span class='ocrx_word' id='word_1_78' title='bbox 1211 1170 1267 1220; x_wconf 88' lang='lat' dir='ltr'>et</span> <span class='ocrx_word' id='word_1_79' title='bbox 1293 1161 1385 1219; x_wconf 92' lang='lat' dir='ltr'>hic</span> <span class='ocrx_word' id='word_1_80' title='bbox 1417 1160 1565 1217; x_wconf 91' lang='lat' dir='ltr'>enim</span> <span class='ocrx_word' id='word_1_81' title='bbox 1595 1157 1762 1214; x_wconf 89' lang='lat' dir='ltr'>habet</span> <span class='ocrx_word' id='word_1_82' title='bbox 1793 1154 2033 1222; x_wconf 90' lang='lat' dir='ltr'>laudem,</span> <span class='ocrx_word' id='word_1_83' title='bbox 2068 1160 2122 1209; x_wconf 90' lang='lat' dir='ltr'>et</span> 
     </span>
    </p>
   </div>
   <div class='ocr_carea' id='block_1_13' title="bbox 524 1242 2121 1329">
    <p class='ocr_par' dir='ltr' id='par_1_13' title="bbox 524 1242 2121 1329">
     <span class='ocr_line' id='line_1_13' title="bbox 524 1242 2121 1329; baseline -0.01 -15"><span class='ocrx_word' id='word_1_84' title='bbox 524 1259 584 1315; x_wconf 91' lang='lat' dir='ltr'>in</span> <span class='ocrx_word' id='word_1_85' title='bbox 629 1255 832 1329; x_wconf 87' lang='lat' dir='ltr'>judicii</span> <span class='ocrx_word' id='word_1_86' title='bbox 881 1254 971 1311; x_wconf 90' lang='lat' dir='ltr'>die</span> <span class='ocrx_word' id='word_1_87' title='bbox 1011 1269 1293 1310; x_wconf 85' lang='lat' dir='ltr'>coronam.</span> <span class='ocrx_word' id='word_1_88' title='bbox 1327 1249 1523 1308; x_wconf 80' lang='lat' dir='ltr'>Omnis</span> <span class='ocrx_word' id='word_1_89' title='bbox 1552 1248 1701 1305; x_wconf 90' lang='lat' dir='ltr'>enim</span> <span class='ocrx_word' id='word_1_90' title='bbox 1731 1247 1844 1303; x_wconf 90' lang='lat' dir='ltr'>Deo</span> <span class='ocrx_word' id='word_1_91' title='bbox 1871 1242 2121 1312; x_wconf 90' lang='lat' dir='ltr'>credens,</span> 
     </span>
    </p>
   </div>
   <div class='ocr_carea' id='block_1_14' title="bbox 526 1330 2122 1410">
    <p class='ocr_par' dir='ltr' id='par_1_14' title="bbox 526 1330 2122 1410">
     <span class='ocr_line' id='line_1_14' title="bbox 526 1330 2122 1410; baseline -0.011 -7"><span class='ocrx_word' id='word_1_92' title='bbox 526 1343 921 1403; x_wconf 58' lang='lat' dir='ltr'>misericordias</span> <span class='ocrx_word' id='word_1_93' title='bbox 966 1341 1128 1399; x_wconf 88' lang='lat' dir='ltr'>debet</span> <span class='ocrx_word' id='word_1_94' title='bbox 1178 1341 1418 1409; x_wconf 88' lang='lat' dir='ltr'>studere,</span> <span class='ocrx_word' id='word_1_95' title='bbox 1454 1354 1549 1410; x_wconf 91' lang='lat' dir='ltr'>per</span> <span class='ocrx_word' id='word_1_96' title='bbox 1577 1352 1741 1410; x_wconf 90' lang='lat' dir='ltr'>quam</span> <span class='ocrx_word' id='word_1_97' title='bbox 1773 1334 1937 1390; x_wconf 85' lang='lat' dir='ltr'>vivit.</span> <span class='ocrx_word' id='word_1_98' title='bbox 1968 1333 2039 1389; x_wconf 92' lang='lat' dir='ltr'>Ut</span> <span class='ocrx_word' id='word_1_99' title='bbox 2063 1330 2122 1387; x_wconf 88' lang='lat' dir='ltr'>in</span> 
     </span>
    </p>
   </div>
   <div class='ocr_carea' id='block_1_15' title="bbox 524 1422 2120 1506">
    <p class='ocr_par' dir='ltr' id='par_1_15' title="bbox 524 1422 2120 1506">
     <span class='ocr_line' id='line_1_15' title="bbox 524 1422 2120 1506; baseline -0.009 -14"><span class='ocrx_word' id='word_1_100' title='bbox 524 1434 643 1492; x_wconf 66' lang='lat' dir='ltr'>haec</span> <span class='ocrx_word' id='word_1_101' title='bbox 697 1449 825 1506; x_wconf 90' lang='lat' dir='ltr'>ergo</span> <span class='ocrx_word' id='word_1_102' title='bbox 877 1440 1017 1489; x_wconf 89' lang='lat' dir='ltr'>esset</span> <span class='ocrx_word' id='word_1_103' title='bbox 1071 1430 1346 1488; x_wconf 88' lang='lat' dir='ltr'>sollicitus</span> <span class='ocrx_word' id='word_1_104' title='bbox 1402 1434 1581 1485; x_wconf 88' lang='lat' dir='ltr'>rector</span> <span class='ocrx_word' id='word_1_105' title='bbox 1623 1424 1837 1497; x_wconf 85' lang='lat' dir='ltr'>populi,</span> <span class='ocrx_word' id='word_1_106' title='bbox 1868 1422 2120 1479; x_wconf 87' lang='lat' dir='ltr'>admone-</span> 
     </span>
    </p>
   </div>
   <div class='ocr_carea' id='block_1_16' title="bbox 525 1533 636 1582">
    <p class='ocr_par' dir='ltr' id='par_1_16' title="bbox 525 1533 636 1582">
     <span class='ocr_line' id='line_1_16' title="bbox 525 1533 636 1582; baseline -0.018 0"><span class='ocrx_word' id='word_1_107' title='bbox 525 1533 636 1582; x_wconf 64' lang='lat' dir='ltr'>till“.</span> 
     </span>
    </p>
   </div>
   <div class='ocr_carea' id='block_1_17' title="bbox 604 1621 2125 1707">
    <p class='ocr_par' dir='ltr' id='par_1_17' title="bbox 604 1621 2125 1707">
     <span class='ocr_line' id='line_1_17' title="bbox 604 1621 2125 1707; baseline -0.012 -13"><span class='ocrx_word' id='word_1_108' title='bbox 604 1636 788 1707; x_wconf 80' lang='lat' dir='ltr'>(Vers.</span> <span class='ocrx_word' id='word_1_109' title='bbox 823 1634 903 1707; x_wconf 88' lang='lat'>9.)</span> <span class='ocrx_word' id='word_1_110' title='bbox 970 1656 989 1680; x_wconf 77' lang='grc' dir='ltr'>ι</span> <span class='ocrx_word' id='word_1_111' title='bbox 1028 1632 1235 1689; x_wconf 88' lang='lat' dir='ltr'>Stultas</span> <span class='ocrx_word' id='word_1_112' title='bbox 1265 1637 1446 1685; x_wconf 91' lang='lat' dir='ltr'>autem</span> <span class='ocrx_word' id='word_1_113' title='bbox 1493 1625 1848 1701; x_wconf 80' lang='lat' dir='ltr'>quaestiones,</span> <span class='ocrx_word' id='word_1_114' title='bbox 1879 1630 1933 1679; x_wconf 88' lang='lat' dir='ltr'>et</span> <span class='ocrx_word' id='word_1_115' title='bbox 1961 1621 2125 1693; x_wconf 85' lang='lat' dir='ltr'>origi-</span> 
     </span>
    </p>
   </div>
   <div class='ocr_carea' id='block_1_18' title="bbox 530 1713 2124 1789">
    <p class='ocr_par' dir='ltr' id='par_1_18' title="bbox 530 1713 2124 1789">
     <span class='ocr_line' id='line_1_18' title="bbox 530 1713 2124 1789; baseline -0.011 -6"><span class='ocrx_word' id='word_1_116' title='bbox 530 1744 663 1783; x_wconf 88' lang='lat' dir='ltr'>num</span> <span class='ocrx_word' id='word_1_117' title='bbox 698 1724 1161 1789; x_wconf 83' lang='lat' dir='ltr'>enumerationes,</span> <span class='ocrx_word' id='word_1_118' title='bbox 1192 1729 1246 1777; x_wconf 92' lang='lat' dir='ltr'>et</span> <span class='ocrx_word' id='word_1_119' title='bbox 1292 1718 1694 1785; x_wconf 88' lang='lat' dir='ltr'>contentiones,</span> <span class='ocrx_word' id='word_1_120' title='bbox 1735 1724 1789 1771; x_wconf 91' lang='lat' dir='ltr'>et</span> <span class='ocrx_word' id='word_1_121' title='bbox 1814 1730 2022 1787; x_wconf 87' lang='lat' dir='ltr'>pugnas</span> <span class='ocrx_word' id='word_1_122' title='bbox 2052 1713 2124 1766; x_wconf 85' lang='lat' dir='ltr'>1e-</span> 
     </span>
    </p>
   </div>
   <div class='ocr_carea' id='block_1_19' title="bbox 528 1802 2129 1890">
    <p class='ocr_par' dir='ltr' id='par_1_19' title="bbox 528 1802 2129 1890">
     <span class='ocr_line' id='line_1_19' title="bbox 528 1802 2129 1890; baseline -0.011 -18"><span class='ocrx_word' id='word_1_123' title='bbox 528 1818 611 1890; x_wconf 87' lang='lat' dir='ltr'>gis</span> <span class='ocrx_word' id='word_1_124' title='bbox 667 1815 891 1883; x_wconf 86' lang='lat' dir='ltr'>devita;</span> <span class='ocrx_word' id='word_1_125' title='bbox 959 1822 1090 1871; x_wconf 88' lang='lat' dir='ltr'>sunt</span> <span class='ocrx_word' id='word_1_126' title='bbox 1133 1811 1281 1868; x_wconf 89' lang='lat' dir='ltr'>enim</span> <span class='ocrx_word' id='word_1_127' title='bbox 1312 1810 1541 1866; x_wconf 90' lang='lat' dir='ltr'>inutiles</span> <span class='ocrx_word' id='word_1_128' title='bbox 1569 1816 1623 1864; x_wconf 92' lang='lat' dir='ltr'>et</span> <span class='ocrx_word' id='word_1_129' title='bbox 1655 1821 1828 1861; x_wconf 69' lang='lat' dir='ltr'>vanae.</span> <span class='ocrx_word' id='word_1_130' title='bbox 1862 1829 1881 1852; x_wconf 77' lang='grc' dir='ltr'><strong><em>ι</em></strong></span> <span class='ocrx_word' id='word_1_131' title='bbox 1921 1802 2129 1859; x_wconf 90' lang='lat' dir='ltr'>Stultas</span> 
     </span>
    </p>
   </div>
   <div class='ocr_carea' id='block_1_20' title="bbox 529 1894 2127 1978">
    <p class='ocr_par' dir='ltr' id='par_1_20' title="bbox 529 1894 2127 1978">
     <span class='ocr_line' id='line_1_20' title="bbox 529 1894 2127 1978; baseline -0.011 -16"><span class='ocrx_word' id='word_1_132' title='bbox 529 1905 631 1962; x_wconf 87' lang='lat' dir='ltr'>has</span> <span class='ocrx_word' id='word_1_133' title='bbox 678 1905 1007 1978; x_wconf 65' lang='lat' dir='ltr'>qumstiones</span> <span class='ocrx_word' id='word_1_134' title='bbox 1061 1902 1323 1976; x_wconf 84' lang='lat' dir='ltr'>appellat,</span> <span class='ocrx_word' id='word_1_135' title='bbox 1356 1917 1478 1973; x_wconf 67' lang='lat' dir='ltr'>quae</span> <span class='ocrx_word' id='word_1_136' title='bbox 1506 1896 1700 1954; x_wconf 90' lang='lat' dir='ltr'>salutis</span> <span class='ocrx_word' id='word_1_137' title='bbox 1728 1894 1979 1950; x_wconf 74' lang='lat' dir='ltr'>effectum</span> <span class='ocrx_word' id='word_1_138' title='bbox 2016 1905 2127 1947; x_wconf 89' lang='lat' dir='ltr'>non</span> 
     </span>
    </p>
   </div>
   <div class='ocr_carea' id='block_1_21' title="bbox 530 1981 2128 2069">
    <p class='ocr_par' dir='ltr' id='par_1_21' title="bbox 530 1981 2128 2069">
     <span class='ocr_line' id='line_1_21' title="bbox 530 1981 2128 2069; baseline -0.013 -15"><span class='ocrx_word' id='word_1_139' title='bbox 530 1997 753 2064; x_wconf 89' lang='lat' dir='ltr'>habent,</span> <span class='ocrx_word' id='word_1_140' title='bbox 810 2012 987 2069; x_wconf 88' lang='lat' dir='ltr'>neque</span> <span class='ocrx_word' id='word_1_141' title='bbox 1033 1993 1273 2066; x_wconf 80' lang='lat' dir='ltr'>aliquam</span> <span class='ocrx_word' id='word_1_142' title='bbox 1321 1990 1578 2046; x_wconf 88' lang='lat' dir='ltr'>tribuunt</span> <span class='ocrx_word' id='word_1_143' title='bbox 1602 1984 1845 2043; x_wconf 78' lang='lat' dir='ltr'>scientiae</span> <span class='ocrx_word' id='word_1_144' title='bbox 1876 1981 2128 2055; x_wconf 90' lang='lat' dir='ltr'>peritiam</span> 
     </span>
    </p>
   </div>
   <div class='ocr_carea' id='block_1_22' title="bbox 530 2070 2128 2147">
    <p class='ocr_par' dir='ltr' id='par_1_22' title="bbox 530 2070 2128 2147">
     <span class='ocr_line' id='line_1_22' title="bbox 530 2070 2128 2147; baseline -0.013 -2"><span class='ocrx_word' id='word_1_145' title='bbox 530 2088 599 2147; x_wconf 89' lang='lat' dir='ltr'>ad</span> <span class='ocrx_word' id='word_1_146' title='bbox 638 2084 963 2143; x_wconf 84' lang='lat' dir='ltr'>utilitatem.</span> <span class='ocrx_word' id='word_1_147' title='bbox 1023 2082 1123 2138; x_wconf 89' lang='lat' dir='ltr'>His</span> <span class='ocrx_word' id='word_1_148' title='bbox 1178 2079 1361 2136; x_wconf 81' lang='lat' dir='ltr'>verbis</span> <span class='ocrx_word' id='word_1_149' title='bbox 1408 2078 1713 2134; x_wconf 89' lang='lat' dir='ltr'>multorum</span> <span class='ocrx_word' id='word_1_150' title='bbox 1742 2070 2128 2129; x_wconf 60' lang='lat' dir='ltr'>haereticorum</span> 
     </span>
    </p>
   </div>
   <div class='ocr_carea' id='block_1_23' title="bbox 534 2165 2130 2245">
    <p class='ocr_par' dir='ltr' id='par_1_23' title="bbox 534 2165 2130 2245">
     <span class='ocr_line' id='line_1_23' title="bbox 534 2165 2130 2245; baseline -0.014 -11"><span class='ocrx_word' id='word_1_151' title='bbox 534 2178 760 2235; x_wconf 89' lang='lat' dir='ltr'>denotat</span> <span class='ocrx_word' id='word_1_152' title='bbox 806 2172 1083 2245; x_wconf 81' lang='lat' dir='ltr'>dogmata.</span> <span class='ocrx_word' id='word_1_153' title='bbox 1143 2168 1413 2237; x_wconf 85' lang='lat' dir='ltr'>Quamvis</span> <span class='ocrx_word' id='word_1_154' title='bbox 1458 2165 1669 2230; x_wconf 87' lang='lat' dir='ltr'>omnia,</span> <span class='ocrx_word' id='word_1_155' title='bbox 1704 2179 1824 2236; x_wconf 74' lang='lat' dir='ltr'>quae</span> <span class='ocrx_word' id='word_1_156' title='bbox 1863 2176 1991 2216; x_wconf 85' lang='lat' dir='ltr'>vera</span> <span class='ocrx_word' id='word_1_157' title='bbox 2020 2173 2130 2213; x_wconf 85' lang='lat' dir='ltr'>non</span> 
     </span>
    </p>
   </div>
   <div class='ocr_carea' id='block_1_24' title="bbox 535 2247 2130 2330">
    <p class='ocr_par' dir='ltr' id='par_1_24' title="bbox 535 2247 2130 2330">
     <span class='ocr_line' id='line_1_24' title="bbox 535 2247 2130 2330; baseline -0.012 -10"><span class='ocrx_word' id='word_1_158' title='bbox 535 2272 684 2330; x_wconf 87' lang='lat' dir='ltr'>sunt,</span> <span class='ocrx_word' id='word_1_159' title='bbox 737 2264 905 2319; x_wconf 88' lang='lat' dir='ltr'>stulta</span> <span class='ocrx_word' id='word_1_160' title='bbox 947 2259 1187 2317; x_wconf 86' lang='lat' dir='ltr'>dicenda</span> <span class='ocrx_word' id='word_1_161' title='bbox 1222 2259 1369 2325; x_wconf 90' lang='lat' dir='ltr'>sint;</span> <span class='ocrx_word' id='word_1_162' title='bbox 1403 2256 1546 2312; x_wconf 85' lang='lat' dir='ltr'>alius</span> <span class='ocrx_word' id='word_1_163' title='bbox 1574 2264 1758 2312; x_wconf 87' lang='lat' dir='ltr'>tamen</span> <span class='ocrx_word' id='word_1_164' title='bbox 1788 2259 1888 2318; x_wconf 90' lang='lat' dir='ltr'>est,</span> <span class='ocrx_word' id='word_1_165' title='bbox 1921 2247 2016 2322; x_wconf 92' lang='lat' dir='ltr'>qui</span> <span class='ocrx_word' id='word_1_166' title='bbox 2046 2263 2130 2302; x_wconf 89' lang='lat' dir='ltr'>res</span> 
     </span>
    </p>
   </div>
   <div class='ocr_carea' id='block_1_25' title="bbox 536 2336 2130 2418">
    <p class='ocr_par' dir='ltr' id='par_1_25' title="bbox 536 2336 2130 2418">
     <span class='ocr_line' id='line_1_25' title="bbox 536 2336 2130 2418; baseline -0.013 -9"><span class='ocrx_word' id='word_1_167' title='bbox 536 2352 816 2409; x_wconf 87' lang='lat' dir='ltr'>fabulosos</span> <span class='ocrx_word' id='word_1_168' title='bbox 863 2349 1103 2417; x_wconf 87' lang='lat' dir='ltr'>inducit,</span> <span class='ocrx_word' id='word_1_169' title='bbox 1135 2355 1190 2403; x_wconf 89' lang='lat' dir='ltr'>et</span> <span class='ocrx_word' id='word_1_170' title='bbox 1218 2346 1361 2402; x_wconf 88' lang='lat' dir='ltr'>alius</span> <span class='ocrx_word' id='word_1_171' title='bbox 1392 2345 1487 2418; x_wconf 91' lang='lat' dir='ltr'>qui</span> <span class='ocrx_word' id='word_1_172' title='bbox 1518 2342 1823 2401; x_wconf 85' lang='lat' dir='ltr'>calliditate</span> <span class='ocrx_word' id='word_1_173' title='bbox 1869 2336 2130 2410; x_wconf 77' lang='lat' dir='ltr'>tergiver-</span> 
     </span>
    </p>
   </div>
   <div class='ocr_carea' id='block_1_26' title="bbox 535 2426 2133 2508">
    <p class='ocr_par' dir='ltr' id='par_1_26' title="bbox 535 2426 2133 2508">
     <span class='ocr_line' id='line_1_26' title="bbox 535 2426 2133 2508; baseline -0.01 -12"><span class='ocrx_word' id='word_1_174' title='bbox 535 2441 767 2497; x_wconf 87' lang='lat' dir='ltr'>sationis</span> <span class='ocrx_word' id='word_1_175' title='bbox 820 2455 933 2495; x_wconf 88' lang='lat' dir='ltr'>rem</span> <span class='ocrx_word' id='word_1_176' title='bbox 970 2453 1184 2495; x_wconf 85' lang='lat' dir='ltr'>veneno</span> <span class='ocrx_word' id='word_1_177' title='bbox 1212 2436 1428 2508; x_wconf 84' lang='lat' dir='ltr'>plenam</span> <span class='ocrx_word' id='word_1_178' title='bbox 1460 2431 1739 2507; x_wconf 88' lang='lat' dir='ltr'>proponit,</span> <span class='ocrx_word' id='word_1_179' title='bbox 1766 2438 1828 2486; x_wconf 91' lang='lat' dir='ltr'>ut</span> <span class='ocrx_word' id='word_1_180' title='bbox 1855 2436 1937 2484; x_wconf 90' lang='lat' dir='ltr'>est</span> <span class='ocrx_word' id='word_1_181' title='bbox 1967 2426 2133 2482; x_wconf 81' lang='lat' dir='ltr'>Arius</span> 
     </span>
    </p>
   </div>
   <div class='ocr_carea' id='block_1_27' title="bbox 534 2514 2132 2589">
    <p class='ocr_par' dir='ltr' id='par_1_27' title="bbox 534 2514 2132 2589">
     <span class='ocr_line' id='line_1_27' title="bbox 534 2514 2132 2589; baseline -0.012 -2"><span class='ocrx_word' id='word_1_182' title='bbox 534 2538 590 2587; x_wconf 88' lang='lat' dir='ltr'>et</span> <span class='ocrx_word' id='word_1_183' title='bbox 631 2528 923 2586; x_wconf 84' lang='lat' dir='ltr'>Photinus.</span> <span class='ocrx_word' id='word_1_184' title='bbox 967 2528 1238 2584; x_wconf 88' lang='lat' dir='ltr'>Fabulosa</span> <span class='ocrx_word' id='word_1_185' title='bbox 1283 2535 1465 2582; x_wconf 87' lang='lat' dir='ltr'>autem</span> <span class='ocrx_word' id='word_1_186' title='bbox 1502 2539 1611 2578; x_wconf 91' lang='lat' dir='ltr'>non</span> <span class='ocrx_word' id='word_1_187' title='bbox 1642 2521 1755 2589; x_wconf 86' lang='lat' dir='ltr'>lex,</span> <span class='ocrx_word' id='word_1_188' title='bbox 1786 2518 1881 2575; x_wconf 90' lang='lat' dir='ltr'>sed</span> <span class='ocrx_word' id='word_1_189' title='bbox 1911 2514 2132 2573; x_wconf 86' lang='lat' dir='ltr'>haeresis</span> 
     </span>
    </p>
   </div>
   <div class='ocr_carea' id='block_1_28' title="bbox 540 2608 2132 2693">
    <p class='ocr_par' dir='ltr' id='par_1_28' title="bbox 540 2608 2132 2693">
     <span class='ocr_line' id='line_1_28' title="bbox 540 2608 2132 2693; baseline -0.011 -17"><span class='ocrx_word' id='word_1_190' title='bbox 540 2627 643 2687; x_wconf 83' lang='lat' dir='ltr'>est,</span> <span class='ocrx_word' id='word_1_191' title='bbox 695 2627 963 2693; x_wconf 87' lang='lat' dir='ltr'>quantum</span> <span class='ocrx_word' id='word_1_192' title='bbox 1003 2617 1070 2673; x_wconf 89' lang='lat' dir='ltr'>ad</span> <span class='ocrx_word' id='word_1_193' title='bbox 1100 2626 1319 2688; x_wconf 85' lang='lat' dir='ltr'>tempus</span> <span class='ocrx_word' id='word_1_194' title='bbox 1342 2614 1581 2685; x_wconf 85' lang='lat' dir='ltr'>pertinet</span> <span class='ocrx_word' id='word_1_195' title='bbox 1628 2610 1767 2667; x_wconf 91' lang='lat' dir='ltr'>illud</span> <span class='ocrx_word' id='word_1_196' title='bbox 1796 2608 2132 2672; x_wconf 72' lang='lat' dir='ltr'>Iudaeorum,</span> 
     </span>
    </p>
   </div>
   <div class='ocr_carea' id='block_1_29' title="bbox 537 2696 2133 2783">
    <p class='ocr_par' dir='ltr' id='par_1_29' title="bbox 537 2696 2133 2783">
     <span class='ocr_line' id='line_1_29' title="bbox 537 2696 2133 2783; baseline -0.012 -15"><span class='ocrx_word' id='word_1_197' title='bbox 537 2709 669 2768; x_wconf 89' lang='lat' dir='ltr'>dum</span> <span class='ocrx_word' id='word_1_198' title='bbox 700 2710 925 2783; x_wconf 88' lang='lat' dir='ltr'>quidam</span> <span class='ocrx_word' id='word_1_199' title='bbox 962 2724 1150 2766; x_wconf 87' lang='lat' dir='ltr'>eorum</span> <span class='ocrx_word' id='word_1_200' title='bbox 1183 2705 1289 2762; x_wconf 90' lang='lat' dir='ltr'>sibi</span> <span class='ocrx_word' id='word_1_201' title='bbox 1342 2705 1689 2762; x_wconf 87' lang='lat' dir='ltr'>vindicarent</span> <span class='ocrx_word' id='word_1_202' title='bbox 1718 2696 2133 2774; x_wconf 70' lang='lat' dir='ltr'>praerogativam</span> 
     </span>
    </p>
   </div>
   <div class='ocr_carea' id='block_1_30' title="bbox 543 2786 2135 2871">
    <p class='ocr_par' dir='ltr' id='par_1_30' title="bbox 543 2786 2135 2871">
     <span class='ocr_line' id='line_1_30' title="bbox 543 2786 2135 2871; baseline -0.01 -16"><span class='ocrx_word' id='word_1_203' title='bbox 543 2799 821 2870; x_wconf 89' lang='lat' dir='ltr'>originum</span> <span class='ocrx_word' id='word_1_204' title='bbox 856 2797 1316 2871; x_wconf 83' lang='lat' dir='ltr'>patriarcharum,</span> <span class='ocrx_word' id='word_1_205' title='bbox 1348 2811 1468 2866; x_wconf 66' lang='lat' dir='ltr'>quas</span> <span class='ocrx_word' id='word_1_206' title='bbox 1511 2793 1579 2849; x_wconf 90' lang='lat' dir='ltr'>de</span> <span class='ocrx_word' id='word_1_207' title='bbox 1608 2786 1976 2847; x_wconf 87' lang='lat' dir='ltr'>matrimoniis</span> <span class='ocrx_word' id='word_1_208' title='bbox 2003 2792 2135 2841; x_wconf 89' lang='lat' dir='ltr'>ortae</span> 
     </span>
    </p>
   </div>
   <div class='ocr_carea' id='block_1_31' title="bbox 540 2876 2133 2953">
    <p class='ocr_par' dir='ltr' id='par_1_31' title="bbox 540 2876 2133 2953">
     <span class='ocr_line' id='line_1_31' title="bbox 540 2876 2133 2953; baseline -0.008 -10"><span class='ocrx_word' id='word_1_209' title='bbox 540 2895 692 2953; x_wconf 87' lang='lat' dir='ltr'>sunt,</span> <span class='ocrx_word' id='word_1_210' title='bbox 726 2903 853 2943; x_wconf 90' lang='lat' dir='ltr'>cum</span> <span class='ocrx_word' id='word_1_211' title='bbox 883 2902 954 2945; x_wconf 80' lang='lat' dir='ltr'>ex</span> <span class='ocrx_word' id='word_1_212' title='bbox 983 2884 1089 2941; x_wconf 87' lang='lat' dir='ltr'>hoc</span> <span class='ocrx_word' id='word_1_213' title='bbox 1121 2885 1339 2941; x_wconf 89' lang='lat' dir='ltr'>nullum</span> <span class='ocrx_word' id='word_1_214' title='bbox 1370 2882 1628 2939; x_wconf 91' lang='lat' dir='ltr'>meritum</span> <span class='ocrx_word' id='word_1_215' title='bbox 1668 2878 1740 2935; x_wconf 88' lang='lat' dir='ltr'>sit</span> <span class='ocrx_word' id='word_1_216' title='bbox 1768 2876 1913 2949; x_wconf 87' lang='lat' dir='ltr'>apud</span> <span class='ocrx_word' id='word_1_217' title='bbox 1937 2877 2133 2932; x_wconf 91' lang='lat' dir='ltr'>Deum.</span> 
     </span>
    </p>
   </div>
   <div class='ocr_carea' id='block_1_32' title="bbox 543 2963 2137 3040">
    <p class='ocr_par' dir='ltr' id='par_1_32' title="bbox 543 2963 2137 3040">
     <span class='ocr_line' id='line_1_32' title="bbox 543 2963 2137 3040; baseline -0.006 -12"><span class='ocrx_word' id='word_1_218' title='bbox 543 2972 779 3040; x_wconf 85' lang='lat' dir='ltr'>Quidam</span> <span class='ocrx_word' id='word_1_219' title='bbox 836 2988 969 3029; x_wconf 90' lang='lat' dir='ltr'>vero</span> <span class='ocrx_word' id='word_1_220' title='bbox 1010 2987 1301 3029; x_wconf 87' lang='lat' dir='ltr'>urcecrum</span> <span class='ocrx_word' id='word_1_221' title='bbox 1328 2978 1383 3026; x_wconf 90' lang='lat' dir='ltr'>et</span> <span class='ocrx_word' id='word_1_222' title='bbox 1410 2978 1732 3029; x_wconf 71' lang='lat' dir='ltr'>casterorum</span> <span class='ocrx_word' id='word_1_223' title='bbox 1763 2981 2018 3023; x_wconf 87' lang='lat' dir='ltr'>vasorum</span> <span class='ocrx_word' id='word_1_224' title='bbox 2046 2963 2137 3019; x_wconf 90' lang='lat' dir='ltr'>ba-</span> 
     </span>
    </p>
   </div>
   <div class='ocr_carea' id='block_1_33' title="bbox 540 3056 2138 3138">
    <p class='ocr_par' dir='ltr' id='par_1_33' title="bbox 540 3056 2138 3138">
     <span class='ocr_line' id='line_1_33' title="bbox 540 3056 2138 3138; baseline -0.004 -18"><span class='ocrx_word' id='word_1_225' title='bbox 540 3063 765 3138; x_wconf 90' lang='lat' dir='ltr'>ptisma,</span> <span class='ocrx_word' id='word_1_226' title='bbox 797 3071 851 3120; x_wconf 92' lang='lat' dir='ltr'>et</span> <span class='ocrx_word' id='word_1_227' title='bbox 877 3063 1201 3136; x_wconf 84' lang='lat' dir='ltr'>sanguinem</span> <span class='ocrx_word' id='word_1_228' title='bbox 1236 3063 1485 3119; x_wconf 63' lang='lat' dir='ltr'>mustelae</span> <span class='ocrx_word' id='word_1_229' title='bbox 1515 3075 1712 3133; x_wconf 89' lang='lat' dir='ltr'>magna</span> <span class='ocrx_word' id='word_1_230' title='bbox 1744 3074 1877 3118; x_wconf 90' lang='lat' dir='ltr'>cura</span> <span class='ocrx_word' id='word_1_231' title='bbox 1904 3056 2138 3130; x_wconf 85' lang='lat' dir='ltr'>expian-</span> 
     </span>
    </p>
   </div>
   <div class='ocr_carea' id='block_1_34' title="bbox 2228 513 3817 588">
    <p class='ocr_par' dir='ltr' id='par_1_34' title="bbox 2228 513 3817 588">
     <span class='ocr_line' id='line_1_34' title="bbox 2228 513 3817 588; baseline -0.001 -19"><span class='ocrx_word' id='word_1_232' title='bbox 2228 514 2483 572; x_wconf 67' lang='lat' dir='ltr'>Hmretici</span> <span class='ocrx_word' id='word_1_233' title='bbox 2535 515 2593 571; x_wconf 91' lang='lat' dir='ltr'>hi</span> <span class='ocrx_word' id='word_1_234' title='bbox 2630 523 2780 584; x_wconf 89' lang='lat' dir='ltr'>sunt,</span> <span class='ocrx_word' id='word_1_235' title='bbox 2814 515 2905 588; x_wconf 89' lang='lat' dir='ltr'>qui</span> <span class='ocrx_word' id='word_1_236' title='bbox 2937 530 3035 588; x_wconf 90' lang='lat' dir='ltr'>per</span> <span class='ocrx_word' id='word_1_237' title='bbox 3074 513 3242 570; x_wconf 88' lang='lat' dir='ltr'>verba</span> <span class='ocrx_word' id='word_1_238' title='bbox 3270 513 3409 585; x_wconf 90' lang='lat' dir='ltr'>legis</span> <span class='ocrx_word' id='word_1_239' title='bbox 3440 515 3621 586; x_wconf 81' lang='lat' dir='ltr'>legem</span> <span class='ocrx_word' id='word_1_240' title='bbox 3653 513 3817 586; x_wconf 82' lang='lat' dir='ltr'>impu-</span> 
     </span>
    </p>
   </div>
   <div class='ocr_carea' id='block_1_35' title="bbox 2229 603 3818 677">
    <p class='ocr_par' dir='ltr' id='par_1_35' title="bbox 2229 603 3818 677">
     <span class='ocr_line' id='line_1_35' title="bbox 2229 603 3818 677; baseline 0 -18"><span class='ocrx_word' id='word_1_241' title='bbox 2229 613 2434 675; x_wconf 86' lang='lat' dir='ltr'>gnant;</span> <span class='ocrx_word' id='word_1_242' title='bbox 2470 604 2752 677; x_wconf 88' lang='lat' dir='ltr'>proprium</span> <span class='ocrx_word' id='word_1_243' title='bbox 2782 605 2930 660; x_wconf 88' lang='lat' dir='ltr'>enim</span> <span class='ocrx_word' id='word_1_244' title='bbox 2967 619 3186 659; x_wconf 87' lang='lat' dir='ltr'>sensum</span> <span class='ocrx_word' id='word_1_245' title='bbox 3232 603 3421 659; x_wconf 89' lang='lat' dir='ltr'>verbis</span> <span class='ocrx_word' id='word_1_246' title='bbox 3462 604 3818 659; x_wconf 87' lang='lat' dir='ltr'>astruuntle-</span> 
     </span>
    </p>
   </div>
   <div class='ocr_carea' id='block_1_36' title="bbox 2230 692 3815 765">
    <p class='ocr_par' dir='ltr' id='par_1_36' title="bbox 2230 692 3815 765">
     <span class='ocr_line' id='line_1_36' title="bbox 2230 692 3815 765; baseline 0 -18"><span class='ocrx_word' id='word_1_247' title='bbox 2230 693 2333 765; x_wconf 86' lang='lat' dir='ltr'>gis,</span> <span class='ocrx_word' id='word_1_248' title='bbox 2375 699 2438 748; x_wconf 92' lang='lat' dir='ltr'>ut</span> <span class='ocrx_word' id='word_1_249' title='bbox 2487 693 2812 764; x_wconf 86' lang='lat' dir='ltr'>pravitatem</span> <span class='ocrx_word' id='word_1_250' title='bbox 2878 692 3081 748; x_wconf 86' lang='lat' dir='ltr'>mentis</span> <span class='ocrx_word' id='word_1_251' title='bbox 3139 707 3251 748; x_wconf 69' lang='lat' dir='ltr'>sum</span> <span class='ocrx_word' id='word_1_252' title='bbox 3304 692 3442 764; x_wconf 80' lang='lat' dir='ltr'>legis</span> <span class='ocrx_word' id='word_1_253' title='bbox 3502 692 3815 748; x_wconf 83' lang='lat' dir='ltr'>auctoritate</span> 
     </span>
    </p>
   </div>
   <div class='ocr_carea' id='block_1_37' title="bbox 2228 780 3811 853">
    <p class='ocr_par' dir='ltr' id='par_1_37' title="bbox 2228 780 3811 853">
     <span class='ocr_line' id='line_1_37' title="bbox 2228 780 3811 853; baseline 0 -15"><span class='ocrx_word' id='word_1_254' title='bbox 2228 782 2635 839; x_wconf 88' lang='lat' dir='ltr'>commendent.</span> <span class='ocrx_word' id='word_1_255' title='bbox 2687 782 2875 838; x_wconf 89' lang='lat' dir='ltr'>Sciens</span> <span class='ocrx_word' id='word_1_256' title='bbox 2920 781 3070 838; x_wconf 90' lang='lat' dir='ltr'>enim</span> <span class='ocrx_word' id='word_1_257' title='bbox 3130 780 3387 853; x_wconf 84' lang='lat' dir='ltr'>impietas</span> <span class='ocrx_word' id='word_1_258' title='bbox 3442 782 3811 838; x_wconf 86' lang='lat' dir='ltr'>auctoritatem</span> 
     </span>
    </p>
   </div>
   <div class='ocr_carea' id='block_1_38' title="bbox 2232 870 3811 944">
    <p class='ocr_par' dir='ltr' id='par_1_38' title="bbox 2232 870 3811 944">
     <span class='ocr_line' id='line_1_38' title="bbox 2232 870 3811 944; baseline -0.001 -16"><span class='ocrx_word' id='word_1_259' title='bbox 2232 873 2365 944; x_wconf 89' lang='lat' dir='ltr'>legis</span> <span class='ocrx_word' id='word_1_260' title='bbox 2419 873 2659 929; x_wconf 91' lang='lat' dir='ltr'>multum</span> <span class='ocrx_word' id='word_1_261' title='bbox 2706 874 2910 940; x_wconf 86' lang='lat' dir='ltr'>valere,</span> <span class='ocrx_word' id='word_1_262' title='bbox 2959 871 3235 928; x_wconf 85' lang='lat' dir='ltr'>fallaciam</span> <span class='ocrx_word' id='word_1_263' title='bbox 3280 870 3384 926; x_wconf 89' lang='lat' dir='ltr'>sub</span> <span class='ocrx_word' id='word_1_264' title='bbox 3430 871 3664 931; x_wconf 84' lang='lat' dir='ltr'>nomine</span> <span class='ocrx_word' id='word_1_265' title='bbox 3714 870 3811 943; x_wconf 83' lang='lat' dir='ltr'>ejus</span> 
     </span>
    </p>
   </div>
   <div class='ocr_carea' id='block_1_39' title="bbox 2229 962 3813 1038">
    <p class='ocr_par' dir='ltr' id='par_1_39' title="bbox 2229 962 3813 1038">
     <span class='ocr_line' id='line_1_39' title="bbox 2229 962 3813 1038; baseline -0.001 -18"><span class='ocrx_word' id='word_1_266' title='bbox 2229 964 2541 1036; x_wconf 84' lang='lat' dir='ltr'>componit;</span> <span class='ocrx_word' id='word_1_267' title='bbox 2593 972 2655 1021; x_wconf 90' lang='lat' dir='ltr'>ut</span> <span class='ocrx_word' id='word_1_268' title='bbox 2702 965 2832 1038; x_wconf 88' lang='lat' dir='ltr'>quia</span> <span class='ocrx_word' id='word_1_269' title='bbox 2863 980 2950 1019; x_wconf 89' lang='lat' dir='ltr'>res</span> <span class='ocrx_word' id='word_1_270' title='bbox 2979 965 3123 1020; x_wconf 87' lang='lat' dir='ltr'>mala</span> <span class='ocrx_word' id='word_1_271' title='bbox 3167 978 3264 1035; x_wconf 87' lang='lat' dir='ltr'>per</span> <span class='ocrx_word' id='word_1_272' title='bbox 3292 962 3646 1034; x_wconf 85' lang='lat' dir='ltr'>semetipsam</span> <span class='ocrx_word' id='word_1_273' title='bbox 3676 979 3813 1019; x_wconf 81' lang='lat' dir='ltr'>acce-</span> 
     </span>
    </p>
   </div>
   <div class='ocr_carea' id='block_1_40' title="bbox 2228 1053 3810 1126">
    <p class='ocr_par' dir='ltr' id='par_1_40' title="bbox 2228 1053 3810 1126">
     <span class='ocr_line' id='line_1_40' title="bbox 2228 1053 3810 1126; baseline 0 -17"><span class='ocrx_word' id='word_1_274' title='bbox 2228 1053 2453 1125; x_wconf 87' lang='lat' dir='ltr'>ptabilis</span> <span class='ocrx_word' id='word_1_275' title='bbox 2498 1069 2612 1110; x_wconf 90' lang='lat' dir='ltr'>esse</span> <span class='ocrx_word' id='word_1_276' title='bbox 2659 1070 2771 1110; x_wconf 91' lang='lat' dir='ltr'>non</span> <span class='ocrx_word' id='word_1_277' title='bbox 2800 1060 3000 1126; x_wconf 88' lang='lat' dir='ltr'>potest,</span> <span class='ocrx_word' id='word_1_278' title='bbox 3024 1053 3171 1110; x_wconf 91' lang='lat' dir='ltr'>bono</span> <span class='ocrx_word' id='word_1_279' title='bbox 3200 1053 3449 1110; x_wconf 86' lang='lat' dir='ltr'>nominis</span> <span class='ocrx_word' id='word_1_280' title='bbox 3478 1054 3810 1110; x_wconf 83' lang='lat' dir='ltr'>commende-</span> 
     </span>
    </p>
   </div>
   <div class='ocr_carea' id='block_1_41' title="bbox 2230 1142 3812 1215">
    <p class='ocr_par' dir='ltr' id='par_1_41' title="bbox 2230 1142 3812 1215">
     <span class='ocr_line' id='line_1_41' title="bbox 2230 1142 3812 1215; baseline 0.001 -17"><span class='ocrx_word' id='word_1_281' title='bbox 2230 1151 2342 1199; x_wconf 90' lang='lat' dir='ltr'>tur.</span> <span class='ocrx_word' id='word_1_282' title='bbox 2373 1143 2587 1201; x_wconf 87' lang='lat' dir='ltr'>Idcirco</span> <span class='ocrx_word' id='word_1_283' title='bbox 2634 1142 2957 1215; x_wconf 88' lang='lat' dir='ltr'>hujusmodi</span> <span class='ocrx_word' id='word_1_284' title='bbox 3008 1142 3265 1200; x_wconf 85' lang='lat' dir='ltr'>homines</span> <span class='ocrx_word' id='word_1_285' title='bbox 3312 1150 3375 1199; x_wconf 90' lang='lat' dir='ltr'>ut</span> <span class='ocrx_word' id='word_1_286' title='bbox 3425 1142 3812 1200; x_wconf 76' lang='lat' dir='ltr'>inexcusabiles</span> 
     </span>
    </p>
   </div>
   <div class='ocr_carea' id='block_1_42' title="bbox 2230 1230 3812 1305">
    <p class='ocr_par' dir='ltr' id='par_1_42' title="bbox 2230 1230 3812 1305">
     <span class='ocr_line' id='line_1_42' title="bbox 2230 1230 3812 1305; baseline -0.002 -16"><span class='ocrx_word' id='word_1_287' title='bbox 2230 1230 2365 1301; x_wconf 88' lang='lat' dir='ltr'>sint,</span> <span class='ocrx_word' id='word_1_288' title='bbox 2396 1233 2563 1289; x_wconf 88' lang='lat' dir='ltr'>semel</span> <span class='ocrx_word' id='word_1_289' title='bbox 2593 1231 2796 1303; x_wconf 86' lang='lat' dir='ltr'>corripi</span> <span class='ocrx_word' id='word_1_290' title='bbox 2825 1239 3076 1304; x_wconf 88' lang='lat' dir='ltr'>oportere</span> <span class='ocrx_word' id='word_1_291' title='bbox 3097 1230 3265 1289; x_wconf 88' lang='lat' dir='ltr'>dicit:</span> <span class='ocrx_word' id='word_1_292' title='bbox 3306 1231 3657 1305; x_wconf 79' lang='lat' dir='ltr'>frequentius</span> <span class='ocrx_word' id='word_1_293' title='bbox 3683 1231 3812 1288; x_wconf 90' lang='lat' dir='ltr'>enim</span> 
     </span>
    </p>
   </div>
   <div class='ocr_carea' id='block_1_43' title="bbox 2231 1320 3811 1395">
    <p class='ocr_par' dir='ltr' id='par_1_43' title="bbox 2231 1320 3811 1395">
     <span class='ocr_line' id='line_1_43' title="bbox 2231 1320 3811 1395; baseline -0.001 -17"><span class='ocrx_word' id='word_1_294' title='bbox 2231 1322 2491 1395; x_wconf 88' lang='lat' dir='ltr'>correpti,</span> <span class='ocrx_word' id='word_1_295' title='bbox 2527 1322 2938 1380; x_wconf 81' lang='lat' dir='ltr'>exercitatiores</span> <span class='ocrx_word' id='word_1_296' title='bbox 2961 1321 3096 1379; x_wconf 82' lang='lat' dir='ltr'>fient</span> <span class='ocrx_word' id='word_1_297' title='bbox 3126 1320 3184 1377; x_wconf 87' lang='lat' dir='ltr'>in</span> <span class='ocrx_word' id='word_1_298' title='bbox 3214 1322 3383 1378; x_wconf 89' lang='lat' dir='ltr'>malo.</span> <span class='ocrx_word' id='word_1_299' title='bbox 3415 1321 3621 1393; x_wconf 77' lang='lat' dir='ltr'>Cogere</span> <span class='ocrx_word' id='word_1_300' title='bbox 3651 1331 3811 1378; x_wconf 87' lang='lat' dir='ltr'>autem</span> 
     </span>
    </p>
   </div>
   <div class='ocr_carea' id='block_1_44' title="bbox 2234 1409 3812 1486">
    <p class='ocr_par' dir='ltr' id='par_1_44' title="bbox 2234 1409 3812 1486">
     <span class='ocr_line' id='line_1_44' title="bbox 2234 1409 3812 1486; baseline -0.004 -15"><span class='ocrx_word' id='word_1_301' title='bbox 2234 1415 2361 1471; x_wconf 90' lang='lat' dir='ltr'>illos</span> <span class='ocrx_word' id='word_1_302' title='bbox 2389 1413 2628 1478; x_wconf 85' lang='lat' dir='ltr'>videtur.</span> <span class='ocrx_word' id='word_1_303' title='bbox 2657 1414 2753 1486; x_wconf 88' lang='lat' dir='ltr'>qui</span> <span class='ocrx_word' id='word_1_304' title='bbox 2783 1429 2926 1485; x_wconf 88' lang='lat' dir='ltr'>saepe</span> <span class='ocrx_word' id='word_1_305' title='bbox 2952 1411 3207 1484; x_wconf 88' lang='lat' dir='ltr'>corripit;</span> <span class='ocrx_word' id='word_1_306' title='bbox 3233 1417 3298 1467; x_wconf 91' lang='lat' dir='ltr'>ut</span> <span class='ocrx_word' id='word_1_307' title='bbox 3326 1410 3685 1467; x_wconf 86' lang='lat' dir='ltr'>sollicitiores</span> <span class='ocrx_word' id='word_1_308' title='bbox 3700 1409 3812 1466; x_wconf 82' lang='lat' dir='ltr'>fiant</span> 
     </span>
    </p>
   </div>
   <div class='ocr_carea' id='block_1_45' title="bbox 2233 1499 3811 1576">
    <p class='ocr_par' dir='ltr' id='par_1_45' title="bbox 2233 1499 3811 1576">
     <span class='ocr_line' id='line_1_45' title="bbox 2233 1499 3811 1576; baseline -0.003 -17"><span class='ocrx_word' id='word_1_309' title='bbox 2233 1504 2301 1561; x_wconf 90' lang='lat' dir='ltr'>ad</span> <span class='ocrx_word' id='word_1_310' title='bbox 2352 1503 2717 1576; x_wconf 87' lang='lat' dir='ltr'>perditionem</span> <span class='ocrx_word' id='word_1_311' title='bbox 2771 1503 3112 1558; x_wconf 87' lang='lat' dir='ltr'>multorum:</span> <span class='ocrx_word' id='word_1_312' title='bbox 3156 1500 3282 1557; x_wconf 90' lang='lat' dir='ltr'>ideo</span> <span class='ocrx_word' id='word_1_313' title='bbox 3337 1499 3724 1567; x_wconf 86' lang='lat' dir='ltr'>dimittendos,</span> <span class='ocrx_word' id='word_1_314' title='bbox 3763 1506 3811 1554; x_wconf 90' lang='lat' dir='ltr'>ut</span> 
     </span>
    </p>
   </div>
   <div class='ocr_carea' id='block_1_46' title="bbox 2234 1589 3545 1667">
    <p class='ocr_par' dir='ltr' id='par_1_46' title="bbox 2234 1589 3545 1667">
     <span class='ocr_line' id='line_1_46' title="bbox 2234 1589 3545 1667; baseline -0.002 -18"><span class='ocrx_word' id='word_1_315' title='bbox 2234 1594 2659 1667; x_wconf 89' lang='lat' dir='ltr'>negligentiores</span> <span class='ocrx_word' id='word_1_316' title='bbox 2687 1592 2891 1660; x_wconf 81' lang='lat' dir='ltr'>eli&#39;ecti,</span> <span class='ocrx_word' id='word_1_317' title='bbox 2926 1591 3030 1649; x_wconf 91' lang='lat' dir='ltr'>soli</span> <span class='ocrx_word' id='word_1_318' title='bbox 3058 1591 3200 1647; x_wconf 88' lang='lat' dir='ltr'>forte</span> <span class='ocrx_word' id='word_1_319' title='bbox 3226 1589 3545 1661; x_wconf 87' lang='lat' dir='ltr'>depereant.</span> 
     </span>
    </p>
   </div>
   <div class='ocr_carea' id='block_1_47' title="bbox 2308 1688 3810 1765">
    <p class='ocr_par' dir='ltr' id='par_1_47' title="bbox 2308 1688 3810 1765">
     <span class='ocr_line' id='line_1_47' title="bbox 2308 1688 3810 1765; baseline -0.004 -16"><span class='ocrx_word' id='word_1_320' title='bbox 2308 1692 2489 1765; x_wconf 87' lang='lat' dir='ltr'>(Vers.</span> <span class='ocrx_word' id='word_1_321' title='bbox 2526 1693 2641 1763; x_wconf 70' lang='lat'>12.)</span> <span class='ocrx_word' id='word_1_322' title='bbox 2686 1714 2705 1741; x_wconf 76' lang='grc' dir='ltr'><strong>σ</strong></span> <span class='ocrx_word' id='word_1_323' title='bbox 2735 1690 3095 1763; x_wconf 86' lang='lat' dir='ltr'>Cummisero</span> <span class='ocrx_word' id='word_1_324' title='bbox 3123 1688 3193 1745; x_wconf 84' lang='lat' dir='ltr'>ad</span> <span class='ocrx_word' id='word_1_325' title='bbox 3228 1698 3279 1746; x_wconf 92' lang='lat' dir='ltr'>te</span> <span class='ocrx_word' id='word_1_326' title='bbox 3302 1689 3586 1746; x_wconf 80' lang='lat' dir='ltr'>Artemam</span> <span class='ocrx_word' id='word_1_327' title='bbox 3608 1697 3700 1745; x_wconf 85' lang='lat' dir='ltr'>aut</span> <span class='ocrx_word' id='word_1_328' title='bbox 3727 1689 3810 1759; x_wconf 78' lang='lat' dir='ltr'>Ty-</span> 
     </span>
    </p>
   </div>
   <div class='ocr_carea' id='block_1_48' title="bbox 2158 1778 3809 1850">
    <p class='ocr_par' dir='ltr' id='par_1_48' title="bbox 2158 1778 3809 1850">
     <span class='ocr_line' id='line_1_48' title="bbox 2158 1778 3809 1850; baseline -0.007 -6"><span class='ocrx_word' id='word_1_329' title='bbox 2158 1784 2203 1844; x_wconf 93' lang='lat' dir='ltr'>B</span> <span class='ocrx_word' id='word_1_330' title='bbox 2233 1782 2474 1849; x_wconf 88' lang='lat' dir='ltr'>chicum,</span> <span class='ocrx_word' id='word_1_331' title='bbox 2508 1782 2710 1839; x_wconf 90' lang='lat' dir='ltr'>festina</span> <span class='ocrx_word' id='word_1_332' title='bbox 2737 1780 2805 1837; x_wconf 89' lang='lat' dir='ltr'>ad</span> <span class='ocrx_word' id='word_1_333' title='bbox 2845 1796 2933 1837; x_wconf 90' lang='lat' dir='ltr'>me</span> <span class='ocrx_word' id='word_1_334' title='bbox 2964 1779 3155 1838; x_wconf 81' lang='lat' dir='ltr'>venire</span> <span class='ocrx_word' id='word_1_335' title='bbox 3182 1778 3493 1850; x_wconf 90' lang='lat' dir='ltr'>Nicopolim</span> <span class='ocrx_word' id='word_1_336' title='bbox 3531 1796 3543 1833; x_wconf 92' lang='lat'>:</span> <span class='ocrx_word' id='word_1_337' title='bbox 3577 1778 3655 1834; x_wconf 88' lang='lat' dir='ltr'>ibi</span> <span class='ocrx_word' id='word_1_338' title='bbox 3684 1779 3809 1834; x_wconf 85' lang='lat' dir='ltr'>enim</span> 
     </span>
    </p>
   </div>
   <div class='ocr_carea' id='block_1_49' title="bbox 2238 1866 3807 1963">
    <p class='ocr_par' dir='ltr' id='par_1_49' title="bbox 2238 1866 3807 1963">
     <span class='ocr_line' id='line_1_49' title="bbox 2238 1866 3807 1963; baseline -0.003 -36"><span class='ocrx_word' id='word_1_339' title='bbox 2238 1872 2404 1929; x_wconf 86' lang='lat' dir='ltr'>statui</span> <span class='ocrx_word' id='word_1_340' title='bbox 2435 1871 2698 1927; x_wconf 77' lang='lat' dir='ltr'>hiemem.</span> <span class='ocrx_word' id='word_1_341' title='bbox 2729 1895 2747 1916; x_wconf 79' lang='grc' dir='ltr'><strong>ι</strong></span> <span class='ocrx_word' id='word_1_342' title='bbox 2792 1870 2922 1926; x_wconf 89' lang='lat' dir='ltr'>Post</span> <span class='ocrx_word' id='word_1_343' title='bbox 2951 1868 3235 1963; x_wconf 72' lang='lat' dir='ltr'>epistolam</span> <span class='ocrx_word' id='word_1_344' title='bbox 3257 1866 3435 1923; x_wconf 86' lang='lat' dir='ltr'>datam</span> <span class='ocrx_word' id='word_1_345' title='bbox 3464 1867 3636 1923; x_wconf 87' lang='lat' dir='ltr'>etiam</span> <span class='ocrx_word' id='word_1_346' title='bbox 3656 1867 3807 1939; x_wconf 83' lang='lat' dir='ltr'>ipsum</span> 
     </span>
    </p>
   </div>
   <div class='ocr_carea' id='block_1_50' title="bbox 2239 1954 3809 2035">
    <p class='ocr_par' dir='ltr' id='par_1_50' title="bbox 2239 1954 3809 2035">
     <span class='ocr_line' id='line_1_50' title="bbox 2239 1954 3809 2035; baseline -0.001 -20"><span class='ocrx_word' id='word_1_347' title='bbox 2239 1960 2425 2017; x_wconf 83' lang='lat' dir='ltr'>videre</span> <span class='ocrx_word' id='word_1_348' title='bbox 2472 1961 2596 2016; x_wconf 89' lang='lat' dir='ltr'>vult</span> <span class='ocrx_word' id='word_1_349' title='bbox 2640 1960 2869 2016; x_wconf 76' lang='lat' dir='ltr'>affectus</span> <span class='ocrx_word' id='word_1_350' title='bbox 2897 1976 3081 2026; x_wconf 85' lang='lat' dir='ltr'>causa,</span> <span class='ocrx_word' id='word_1_351' title='bbox 3106 1954 3167 2035; x_wconf 57' lang='lat' dir='ltr'>at</span> <span class='ocrx_word' id='word_1_352' title='bbox 3208 1966 3265 2014; x_wconf 86' lang='lat' dir='ltr'>ut</span> <span class='ocrx_word' id='word_1_353' title='bbox 3287 1954 3500 2029; x_wconf 85' lang='lat' dir='ltr'>plenius</span> <span class='ocrx_word' id='word_1_354' title='bbox 3530 1956 3696 2013; x_wconf 89' lang='lat' dir='ltr'>illum</span> <span class='ocrx_word' id='word_1_355' title='bbox 3728 1957 3809 2014; x_wconf 85' lang='lat' dir='ltr'>tir-</span> 
     </span>
    </p>
   </div>
   <div class='ocr_carea' id='block_1_51' title="bbox 2239 2046 3251 2120">
    <p class='ocr_par' dir='ltr' id='par_1_51' title="bbox 2239 2046 3251 2120">
     <span class='ocr_line' id='line_1_51' title="bbox 2239 2046 3251 2120; baseline 0.001 -15"><span class='ocrx_word' id='word_1_356' title='bbox 2239 2057 2414 2106; x_wconf 89' lang='lat' dir='ltr'>maret</span> <span class='ocrx_word' id='word_1_357' title='bbox 2442 2049 2500 2105; x_wconf 93' lang='lat' dir='ltr'>in</span> <span class='ocrx_word' id='word_1_358' title='bbox 2535 2048 2906 2106; x_wconf 87' lang='lat' dir='ltr'>ecclesiastica</span> <span class='ocrx_word' id='word_1_359' title='bbox 2940 2046 3251 2120; x_wconf 74' lang='lat' dir='ltr'>disciplina.</span> 
     </span>
    </p>
   </div>
   <div class='ocr_carea' id='block_1_52' title="bbox 2315 2144 3809 2220">
    <p class='ocr_par' dir='ltr' id='par_1_52' title="bbox 2315 2144 3809 2220">
     <span class='ocr_line' id='line_1_52' title="bbox 2315 2144 3809 2220; baseline -0.004 -15"><span class='ocrx_word' id='word_1_360' title='bbox 2315 2149 2498 2220; x_wconf 87' lang='lat' dir='ltr'>(Vers.</span> <span class='ocrx_word' id='word_1_361' title='bbox 2552 2148 2639 2216; x_wconf 86' lang='grc'>13,</span> <span class='ocrx_word' id='word_1_362' title='bbox 2687 2148 2802 2220; x_wconf 77' lang='grc'><strong>14.)</strong></span> <span class='ocrx_word' id='word_1_363' title='bbox 2853 2171 2871 2195; x_wconf 72' lang='grc' dir='ltr'><strong>ε</strong></span> <span class='ocrx_word' id='word_1_364' title='bbox 2897 2148 3099 2204; x_wconf 90' lang='lat' dir='ltr'>Zenam</span> <span class='ocrx_word' id='word_1_365' title='bbox 3139 2144 3515 2218; x_wconf 84' lang='lat' dir='ltr'>legisperitum</span> <span class='ocrx_word' id='word_1_366' title='bbox 3553 2153 3611 2200; x_wconf 86' lang='lat' dir='ltr'>et</span> <span class='ocrx_word' id='word_1_367' title='bbox 3637 2145 3809 2218; x_wconf 77' lang='lat' dir='ltr'>Apollo</span> 
     </span>
    </p>
   </div>
   <div class='ocr_carea' id='block_1_53' title="bbox 2240 2224 3808 2313">
    <p class='ocr_par' dir='ltr' id='par_1_53' title="bbox 2240 2224 3808 2313">
     <span class='ocr_line' id='line_1_53' title="bbox 2240 2224 3808 2313; baseline -0.003 -17"><span class='ocrx_word' id='word_1_368' title='bbox 2240 2240 2479 2296; x_wconf 88' lang='lat' dir='ltr'>sollicite</span> <span class='ocrx_word' id='word_1_369' title='bbox 2526 2239 2819 2313; x_wconf 74' lang='lat' dir='ltr'>prmmitte,</span> <span class='ocrx_word' id='word_1_370' title='bbox 2851 2246 2915 2295; x_wconf 88' lang='lat' dir='ltr'>ut</span> <span class='ocrx_word' id='word_1_371' title='bbox 2966 2238 3110 2295; x_wconf 91' lang='lat' dir='ltr'>nihil</span> <span class='ocrx_word' id='word_1_372' title='bbox 3144 2237 3256 2294; x_wconf 90' lang='lat' dir='ltr'>illis</span> <span class='ocrx_word' id='word_1_373' title='bbox 3284 2236 3426 2294; x_wconf 83' lang='lat' dir='ltr'>desit</span> <span class='ocrx_word' id='word_1_374' title='bbox 3454 2254 3465 2291; x_wconf 91' lang='lat'>:</span> <span class='ocrx_word' id='word_1_375' title='bbox 3500 2224 3711 2293; x_wconf 75' lang='lat' dir='ltr'>discant</span> <span class='ocrx_word' id='word_1_376' title='bbox 3734 2252 3808 2291; x_wconf 88' lang='lat' dir='ltr'>au-</span> 
     </span>
    </p>
   </div>
   <div class='ocr_carea' id='block_1_54' title="bbox 2241 2325 3807 2401">
    <p class='ocr_par' dir='ltr' id='par_1_54' title="bbox 2241 2325 3807 2401">
     <span class='ocr_line' id='line_1_54' title="bbox 2241 2325 3807 2401; baseline -0.004 -15"><span class='ocrx_word' id='word_1_377' title='bbox 2241 2338 2351 2386; x_wconf 91' lang='lat' dir='ltr'>tem</span> <span class='ocrx_word' id='word_1_378' title='bbox 2410 2339 2463 2387; x_wconf 92' lang='lat' dir='ltr'>et</span> <span class='ocrx_word' id='word_1_379' title='bbox 2509 2329 2683 2386; x_wconf 87' lang='lat' dir='ltr'>nostri</span> <span class='ocrx_word' id='word_1_380' title='bbox 2733 2329 2895 2385; x_wconf 89' lang='lat' dir='ltr'>bonis</span> <span class='ocrx_word' id='word_1_381' title='bbox 2926 2328 3184 2401; x_wconf 88' lang='lat' dir='ltr'>operibus</span> <span class='ocrx_word' id='word_1_382' title='bbox 3212 2342 3443 2400; x_wconf 70' lang='lat' dir='ltr'>praeesse</span> <span class='ocrx_word' id='word_1_383' title='bbox 3470 2325 3540 2383; x_wconf 89' lang='lat' dir='ltr'>ad</span> <span class='ocrx_word' id='word_1_384' title='bbox 3574 2342 3701 2383; x_wconf 86' lang='lat' dir='ltr'>usus</span> <span class='ocrx_word' id='word_1_385' title='bbox 3722 2340 3807 2381; x_wconf 84' lang='lat' dir='ltr'>ns-</span> 
     </span>
    </p>
   </div>
   <div class='ocr_carea' id='block_1_55' title="bbox 2241 2408 3806 2489">
    <p class='ocr_par' dir='ltr' id='par_1_55' title="bbox 2241 2408 3806 2489">
     <span class='ocr_line' id='line_1_55' title="bbox 2241 2408 3806 2489; baseline -0.004 -13"><span class='ocrx_word' id='word_1_386' title='bbox 2241 2408 2523 2488; x_wconf 80' lang='lat' dir='ltr'>cessarios,</span> <span class='ocrx_word' id='word_1_387' title='bbox 2555 2428 2616 2477; x_wconf 91' lang='lat' dir='ltr'>ut</span> <span class='ocrx_word' id='word_1_388' title='bbox 2646 2436 2757 2476; x_wconf 92' lang='lat' dir='ltr'>non</span> <span class='ocrx_word' id='word_1_389' title='bbox 2779 2418 2892 2476; x_wconf 91' lang='lat' dir='ltr'>sint</span> <span class='ocrx_word' id='word_1_390' title='bbox 2919 2417 3269 2475; x_wconf 86' lang='lat' dir='ltr'>infructuosi.</span> <span class='ocrx_word' id='word_1_391' title='bbox 3304 2441 3323 2464; x_wconf 76' lang='grc' dir='ltr'>ι</span> <span class='ocrx_word' id='word_1_392' title='bbox 3366 2417 3609 2489; x_wconf 87' lang='lat' dir='ltr'>Uterque</span> <span class='ocrx_word' id='word_1_393' title='bbox 3633 2414 3806 2473; x_wconf 84' lang='lat' dir='ltr'>nobilis</span> 
     </span>
    </p>
   </div>
   <div class='ocr_carea' id='block_1_56' title="bbox 2242 2505 3803 2582">
    <p class='ocr_par' dir='ltr' id='par_1_56' title="bbox 2242 2505 3803 2582">
     <span class='ocr_line' id='line_1_56' title="bbox 2242 2505 3803 2582; baseline -0.003 -17"><span class='ocrx_word' id='word_1_394' title='bbox 2242 2510 2331 2566; x_wconf 91' lang='lat' dir='ltr'>vir</span> <span class='ocrx_word' id='word_1_395' title='bbox 2359 2518 2438 2566; x_wconf 89' lang='lat' dir='ltr'>est</span> <span class='ocrx_word' id='word_1_396' title='bbox 2484 2510 2751 2582; x_wconf 85' lang='lat' dir='ltr'>sapientia</span> <span class='ocrx_word' id='word_1_397' title='bbox 2792 2516 2846 2565; x_wconf 90' lang='lat' dir='ltr'>et</span> <span class='ocrx_word' id='word_1_398' title='bbox 2870 2508 3164 2581; x_wconf 88' lang='lat' dir='ltr'>operibus;</span> <span class='ocrx_word' id='word_1_399' title='bbox 3196 2514 3251 2564; x_wconf 90' lang='lat' dir='ltr'>et</span> <span class='ocrx_word' id='word_1_400' title='bbox 3278 2506 3489 2565; x_wconf 89' lang='lat' dir='ltr'>idcirco</span> <span class='ocrx_word' id='word_1_401' title='bbox 3512 2505 3668 2577; x_wconf 87' lang='lat' dir='ltr'>jubet</span> <span class='ocrx_word' id='word_1_402' title='bbox 3686 2521 3803 2561; x_wconf 86' lang='lat' dir='ltr'>sum-</span> 
     </span>
    </p>
   </div>
   <div class='ocr_carea' id='block_1_57' title="bbox 2243 2594 3803 2670">
    <p class='ocr_par' dir='ltr' id='par_1_57' title="bbox 2243 2594 3803 2670">
     <span class='ocr_line' id='line_1_57' title="bbox 2243 2594 3803 2670; baseline -0.004 -15"><span class='ocrx_word' id='word_1_403' title='bbox 2243 2607 2369 2670; x_wconf 91' lang='lat' dir='ltr'>ptus</span> <span class='ocrx_word' id='word_1_404' title='bbox 2405 2598 2518 2654; x_wconf 90' lang='lat' dir='ltr'>illis</span> <span class='ocrx_word' id='word_1_405' title='bbox 2573 2597 2909 2655; x_wconf 89' lang='lat' dir='ltr'>necessarios</span> <span class='ocrx_word' id='word_1_406' title='bbox 2947 2596 3064 2653; x_wconf 81' lang='lat' dir='ltr'>dari</span> <span class='ocrx_word' id='word_1_407' title='bbox 3108 2596 3175 2653; x_wconf 89' lang='lat' dir='ltr'>ab</span> <span class='ocrx_word' id='word_1_408' title='bbox 3224 2595 3315 2664; x_wconf 87' lang='lat' dir='ltr'>iis,</span> <span class='ocrx_word' id='word_1_409' title='bbox 3347 2595 3443 2668; x_wconf 91' lang='lat' dir='ltr'>qui</span> <span class='ocrx_word' id='word_1_410' title='bbox 3471 2594 3803 2659; x_wconf 76' lang='lat' dir='ltr'>crediderant,</span> 
     </span>
    </p>
   </div>
   <div class='ocr_carea' id='block_1_58' title="bbox 2243 2683 3803 2760">
    <p class='ocr_par' dir='ltr' id='par_1_58' title="bbox 2243 2683 3803 2760">
     <span class='ocr_line' id='line_1_58' title="bbox 2243 2683 3803 2760; baseline -0.004 -16"><span class='ocrx_word' id='word_1_411' title='bbox 2243 2696 2306 2744; x_wconf 89' lang='lat' dir='ltr'>ut</span> <span class='ocrx_word' id='word_1_412' title='bbox 2338 2688 2764 2759; x_wconf 85' lang='lat' dir='ltr'>refrigerarent;</span> <span class='ocrx_word' id='word_1_413' title='bbox 2798 2688 2928 2760; x_wconf 90' lang='lat' dir='ltr'>quia</span> <span class='ocrx_word' id='word_1_414' title='bbox 2954 2685 3182 2758; x_wconf 89' lang='lat' dir='ltr'>dignum</span> <span class='ocrx_word' id='word_1_415' title='bbox 3210 2693 3328 2742; x_wconf 86' lang='lat' dir='ltr'>erat</span> <span class='ocrx_word' id='word_1_416' title='bbox 3356 2694 3420 2741; x_wconf 88' lang='lat' dir='ltr'>ut</span> <span class='ocrx_word' id='word_1_417' title='bbox 3449 2685 3547 2758; x_wconf 89' lang='lat' dir='ltr'>qui</span> <span class='ocrx_word' id='word_1_418' title='bbox 3572 2683 3803 2757; x_wconf 81' lang='lat' dir='ltr'>spiritalia</span> 
     </span>
    </p>
   </div>
   <div class='ocr_carea' id='block_1_59' title="bbox 2245 2772 3800 2844">
    <p class='ocr_par' dir='ltr' id='par_1_59' title="bbox 2245 2772 3800 2844">
     <span class='ocr_line' id='line_1_59' title="bbox 2245 2772 3800 2844; baseline -0.004 -11"><span class='ocrx_word' id='word_1_419' title='bbox 2245 2777 2672 2844; x_wconf 90' lang='lat' dir='ltr'>tradebant,non</span> <span class='ocrx_word' id='word_1_420' title='bbox 2703 2775 2817 2832; x_wconf 91' lang='lat' dir='ltr'>illis</span> <span class='ocrx_word' id='word_1_421' title='bbox 2846 2774 3096 2832; x_wconf 89' lang='lat' dir='ltr'>deessent</span> <span class='ocrx_word' id='word_1_422' title='bbox 3122 2775 3384 2832; x_wconf 82' lang='lat' dir='ltr'>carnalia.</span> <span class='ocrx_word' id='word_1_423' title='bbox 3408 2772 3800 2842; x_wconf 72' lang='lat' dir='ltr'>Quamvisenim</span> 
     </span>
    </p>
   </div>
   <div class='ocr_carea' id='block_1_60' title="bbox 2245 2865 3801 2939">
    <p class='ocr_par' dir='ltr' id='par_1_60' title="bbox 2245 2865 3801 2939">
     <span class='ocr_line' id='line_1_60' title="bbox 2245 2865 3801 2939; baseline -0.005 -14"><span class='ocrx_word' id='word_1_424' title='bbox 2245 2870 2445 2925; x_wconf 89' lang='lat' dir='ltr'>Zenam</span> <span class='ocrx_word' id='word_1_425' title='bbox 2504 2867 2878 2939; x_wconf 87' lang='lat' dir='ltr'>legisperitum</span> <span class='ocrx_word' id='word_1_426' title='bbox 2942 2866 3176 2933; x_wconf 87' lang='lat' dir='ltr'>vocitet;</span> <span class='ocrx_word' id='word_1_427' title='bbox 3236 2865 3441 2937; x_wconf 83' lang='lat' dir='ltr'>Apollo</span> <span class='ocrx_word' id='word_1_428' title='bbox 3494 2874 3669 2921; x_wconf 84' lang='lat' dir='ltr'>tamen</span> <span class='ocrx_word' id='word_1_429' title='bbox 3696 2878 3801 2934; x_wconf 55' lang='lat' dir='ltr'>per.</span> 
     </span>
    </p>
   </div>
   <div class='ocr_carea' id='block_1_61' title="bbox 2248 2950 3802 3027">
    <p class='ocr_par' dir='ltr' id='par_1_61' title="bbox 2248 2950 3802 3027">
     <span class='ocr_line' id='line_1_61' title="bbox 2248 2950 3802 3027; baseline -0.005 -15"><span class='ocrx_word' id='word_1_430' title='bbox 2248 2956 2425 3014; x_wconf 89' lang='lat' dir='ltr'>fectus</span> <span class='ocrx_word' id='word_1_431' title='bbox 2480 2965 2597 3013; x_wconf 89' lang='lat' dir='ltr'>erat</span> <span class='ocrx_word' id='word_1_432' title='bbox 2652 2956 2710 3013; x_wconf 90' lang='lat' dir='ltr'>in</span> <span class='ocrx_word' id='word_1_433' title='bbox 2762 2954 3099 3027; x_wconf 86' lang='lat' dir='ltr'>Scripturis:</span> <span class='ocrx_word' id='word_1_434' title='bbox 3158 2955 3253 3011; x_wconf 88' lang='lat' dir='ltr'>sed</span> <span class='ocrx_word' id='word_1_435' title='bbox 3299 2955 3431 3027; x_wconf 85' lang='lat' dir='ltr'>quia</span> <span class='ocrx_word' id='word_1_436' title='bbox 3478 2955 3644 3011; x_wconf 89' lang='lat' dir='ltr'>Zenas</span> <span class='ocrx_word' id='word_1_437' title='bbox 3667 2950 3802 3023; x_wconf 83' lang='lat' dir='ltr'>hujus</span> 
     </span>
    </p>
   </div>
   <div class='ocr_carea' id='block_1_62' title="bbox 2247 3039 3798 3118">
    <p class='ocr_par' dir='ltr' id='par_1_62' title="bbox 2247 3039 3798 3118">
     <span class='ocr_line' id='line_1_62' title="bbox 2247 3039 3798 3118; baseline -0.005 -16"><span class='ocrx_word' id='word_1_438' title='bbox 2247 3044 2606 3118; x_wconf 87' lang='lat' dir='ltr'>professionis</span> <span class='ocrx_word' id='word_1_439' title='bbox 2663 3045 2843 3102; x_wconf 83' lang='lat' dir='ltr'>fuerat</span> <span class='ocrx_word' id='word_1_440' title='bbox 2896 3043 2955 3100; x_wconf 92' lang='lat' dir='ltr'>in</span> <span class='ocrx_word' id='word_1_441' title='bbox 3010 3044 3316 3118; x_wconf 83' lang='lat' dir='ltr'>Synagoga,</span> <span class='ocrx_word' id='word_1_442' title='bbox 3346 3043 3430 3101; x_wconf 87' lang='lat' dir='ltr'>sic</span> <span class='ocrx_word' id='word_1_443' title='bbox 3457 3042 3613 3100; x_wconf 89' lang='lat' dir='ltr'>illum</span> <span class='ocrx_word' id='word_1_444' title='bbox 3641 3039 3798 3114; x_wconf 86' lang='lat' dir='ltr'>appel-</span> 
     </span>
    </p>
   </div>
   <div class='ocr_carea' id='block_1_63' title="bbox 537 3135 2131 3226">
    <p class='ocr_par' dir='ltr' id='par_1_63' title="bbox 537 3135 2131 3226">
     <span class='ocr_line' id='line_1_63' title="bbox 537 3135 2131 3226; baseline -0.004 -15"><span class='ocrx_word' id='word_1_445' title='bbox 537 3135 672 3211; x_wconf 80' lang='lat' dir='ltr'>dum</span> <span class='ocrx_word' id='word_1_446' title='bbox 708 3154 899 3226; x_wconf 71' lang='lat' dir='ltr'>(Lavit.</span> <span class='ocrx_word' id='word_1_447' title='bbox 942 3135 1026 3222; x_wconf 83' lang='lat' dir='ltr'>xi,</span> <span class='ocrx_word' id='word_1_448' title='bbox 1059 3153 1187 3226; x_wconf 65' lang='lat'>29):</span> <span class='ocrx_word' id='word_1_449' title='bbox 1233 3160 1288 3209; x_wconf 90' lang='lat' dir='ltr'>et</span> <span class='ocrx_word' id='word_1_450' title='bbox 1313 3152 1441 3225; x_wconf 91' lang='lat' dir='ltr'>quia</span> <span class='ocrx_word' id='word_1_451' title='bbox 1470 3151 1592 3209; x_wconf 91' lang='lat' dir='ltr'>ideo</span> <span class='ocrx_word' id='word_1_452' title='bbox 1615 3149 1824 3223; x_wconf 90' lang='lat' dir='ltr'>Moysis</span> <span class='ocrx_word' id='word_1_453' title='bbox 1852 3149 2131 3221; x_wconf 88' lang='lat' dir='ltr'>sepultura</span> 
     </span>
    </p>
   </div>
   <div class='ocr_carea' id='block_1_64' title="bbox 2248 3135 2343 3226">
    <p class='ocr_par' dir='ltr' id='par_1_64' title="bbox 2248 3135 2343 3194">
     <span class='ocr_line' id='line_1_64' title="bbox 2248 3135 2343 3194; baseline 0.032 -3"><span class='ocrx_word' id='word_1_454' title='bbox 2248 3135 2343 3194; x_wconf 85' lang='lat' dir='ltr'>lat.</span> 
     </span>
    </p>
   </div>
   <div class='ocr_carea' id='block_1_65' title="bbox 537 3237 2133 3314">
    <p class='ocr_par' dir='ltr' id='par_1_65' title="bbox 537 3237 2133 3314">
     <span class='ocr_line' id='line_1_65' title="bbox 537 3237 2133 3314; baseline -0.006 -12"><span class='ocrx_word' id='word_1_455' title='bbox 537 3243 862 3303; x_wconf 87' lang='lat' dir='ltr'>abscondita</span> <span class='ocrx_word' id='word_1_456' title='bbox 892 3251 996 3313; x_wconf 88' lang='lat' dir='ltr'>est,</span> <span class='ocrx_word' id='word_1_457' title='bbox 1025 3260 1095 3301; x_wconf 92' lang='lat' dir='ltr'>ne</span> <span class='ocrx_word' id='word_1_458' title='bbox 1134 3259 1165 3300; x_wconf 90' lang='lat' dir='ltr'>a</span> <span class='ocrx_word' id='word_1_459' title='bbox 1192 3242 1365 3314; x_wconf 87' lang='lat' dir='ltr'>magis</span> <span class='ocrx_word' id='word_1_460' title='bbox 1397 3241 1751 3308; x_wconf 82' lang='lat' dir='ltr'>excitaretur,</span> <span class='ocrx_word' id='word_1_461' title='bbox 1782 3237 1929 3313; x_wconf 89' lang='lat' dir='ltr'>quod</span> <span class='ocrx_word' id='word_1_462' title='bbox 1958 3237 2004 3293; x_wconf 89' lang='lat' dir='ltr'>si</span> <span class='ocrx_word' id='word_1_463' title='bbox 2035 3253 2133 3293; x_wconf 82' lang='lat' dir='ltr'>ve-</span> 
     </span>
    </p>
   </div>
   <div class='ocr_carea' id='block_1_66' title="bbox 538 3328 2139 3405">
    <p class='ocr_par' dir='ltr' id='par_1_66' title="bbox 538 3328 2139 3405">
     <span class='ocr_line' id='line_1_66' title="bbox 538 3328 2139 3405; baseline -0.005 -13"><span class='ocrx_word' id='word_1_464' title='bbox 538 3351 663 3392; x_wconf 89' lang='lat' dir='ltr'>rum</span> <span class='ocrx_word' id='word_1_465' title='bbox 720 3345 884 3405; x_wconf 88' lang='lat' dir='ltr'>esset,</span> <span class='ocrx_word' id='word_1_466' title='bbox 927 3344 982 3393; x_wconf 89' lang='lat' dir='ltr'>et</span> <span class='ocrx_word' id='word_1_467' title='bbox 1030 3342 1352 3392; x_wconf 66' lang='lat' dir='ltr'>caeterorum</span> <span class='ocrx_word' id='word_1_468' title='bbox 1410 3339 1726 3390; x_wconf 87' lang='lat' dir='ltr'>sanctorum</span> <span class='ocrx_word' id='word_1_469' title='bbox 1752 3328 2139 3388; x_wconf 89' lang='lat' dir='ltr'>abscondenda</span> 
     </span>
    </p>
   </div>
   <div class='ocr_carea' id='block_1_67' title="bbox 539 3419 2136 3496">
    <p class='ocr_par' dir='ltr' id='par_1_67' title="bbox 539 3419 2136 3496">
     <span class='ocr_line' id='line_1_67' title="bbox 539 3419 2136 3496; baseline -0.006 -14"><span class='ocrx_word' id='word_1_470' title='bbox 539 3425 720 3483; x_wconf 86' lang='lat' dir='ltr'>fuerat</span> <span class='ocrx_word' id='word_1_471' title='bbox 756 3425 1077 3496; x_wconf 78' lang='lat' dir='ltr'>sepultura:</span> <span class='ocrx_word' id='word_1_472' title='bbox 1111 3429 1165 3479; x_wconf 90' lang='lat' dir='ltr'>et</span> <span class='ocrx_word' id='word_1_473' title='bbox 1193 3422 1324 3495; x_wconf 90' lang='lat' dir='ltr'>quia</span> <span class='ocrx_word' id='word_1_474' title='bbox 1350 3420 1610 3479; x_wconf 91' lang='lat' dir='ltr'>Salomon</span> <span class='ocrx_word' id='word_1_475' title='bbox 1631 3419 1909 3492; x_wconf 89' lang='lat' dir='ltr'>adjutorio</span> <span class='ocrx_word' id='word_1_476' title='bbox 1938 3419 2136 3476; x_wconf 88' lang='lat' dir='ltr'>daemo-</span> 
     </span>
    </p>
   </div>
   <div class='ocr_carea' id='block_1_68' title="bbox 539 3508 2139 3581">
    <p class='ocr_par' dir='ltr' id='par_1_68' title="bbox 539 3508 2139 3581">
     <span class='ocr_line' id='line_1_68' title="bbox 539 3508 2139 3581; baseline -0.003 -14"><span class='ocrx_word' id='word_1_477' title='bbox 539 3513 765 3569; x_wconf 86' lang='lat' dir='ltr'>niorum</span> <span class='ocrx_word' id='word_1_478' title='bbox 818 3511 1091 3581; x_wconf 87' lang='lat' dir='ltr'>templum</span> <span class='ocrx_word' id='word_1_479' title='bbox 1148 3509 1466 3577; x_wconf 70' lang='lat' dir='ltr'>azdiﬁcavit,</span> <span class='ocrx_word' id='word_1_480' title='bbox 1521 3511 1578 3566; x_wconf 91' lang='lat' dir='ltr'>in</span> <span class='ocrx_word' id='word_1_481' title='bbox 1612 3525 1721 3581; x_wconf 90' lang='lat' dir='ltr'>quo</span> <span class='ocrx_word' id='word_1_482' title='bbox 1757 3524 1920 3581; x_wconf 92' lang='lat' dir='ltr'>opere</span> <span class='ocrx_word' id='word_1_483' title='bbox 1945 3508 2139 3580; x_wconf 89' lang='lat' dir='ltr'>ingens</span> 
     </span>
    </p>
   </div>
   <div class='ocr_carea' id='block_1_69' title="bbox 540 3595 1857 3667">
    <p class='ocr_par' dir='ltr' id='par_1_69' title="bbox 540 3595 1857 3667">
     <span class='ocr_line' id='line_1_69' title="bbox 540 3595 1857 3667; baseline -0.001 -13"><span class='ocrx_word' id='word_1_484' title='bbox 540 3596 845 3657; x_wconf 87' lang='lat' dir='ltr'>multitudo</span> <span class='ocrx_word' id='word_1_485' title='bbox 874 3595 1167 3664; x_wconf 87' lang='lat' dir='ltr'>laboravit,</span> <span class='ocrx_word' id='word_1_486' title='bbox 1195 3596 1330 3667; x_wconf 88' lang='lat' dir='ltr'>quid</span> <span class='ocrx_word' id='word_1_487' title='bbox 1356 3605 1467 3652; x_wconf 88' lang='lat' dir='ltr'>tam</span> <span class='ocrx_word' id='word_1_488' title='bbox 1492 3596 1804 3653; x_wconf 87' lang='lat' dir='ltr'>fabulosum</span> <span class='ocrx_word' id='word_1_489' title='bbox 1828 3596 1857 3653; x_wconf 82' lang='lat'><strong>?</strong></span> 
     </span>
    </p>
   </div>
   <div class='ocr_carea' id='block_1_70' title="bbox 618 3700 2138 3776">
    <p class='ocr_par' dir='ltr' id='par_1_70' title="bbox 618 3700 2138 3776">
     <span class='ocr_line' id='line_1_70' title="bbox 618 3700 2138 3776; baseline -0.001 -17"><span class='ocrx_word' id='word_1_490' title='bbox 618 3702 803 3775; x_wconf 80' lang='lat' dir='ltr'>(Vers.</span> <span class='ocrx_word' id='word_1_491' title='bbox 838 3702 925 3771; x_wconf 90' lang='grc'>10,</span> <span class='ocrx_word' id='word_1_492' title='bbox 960 3702 1074 3774; x_wconf 85' lang='grc'><strong>11.)</strong></span> <span class='ocrx_word' id='word_1_493' title='bbox 1140 3724 1159 3749; x_wconf 75' lang='grc' dir='ltr'>ι</span> <span class='ocrx_word' id='word_1_494' title='bbox 1190 3700 1520 3757; x_wconf 72' lang='lat' dir='ltr'>Haersticum</span> <span class='ocrx_word' id='word_1_495' title='bbox 1553 3701 1837 3759; x_wconf 88' lang='lat' dir='ltr'>hominem</span> <span class='ocrx_word' id='word_1_496' title='bbox 1867 3709 1991 3776; x_wconf 90' lang='lat' dir='ltr'>post</span> <span class='ocrx_word' id='word_1_497' title='bbox 2016 3701 2138 3775; x_wconf 83' lang='lat' dir='ltr'>pri-</span> 
     </span>
    </p>
   </div>
   <div class='ocr_carea' id='block_1_71' title="bbox 543 3790 2141 3867">
    <p class='ocr_par' dir='ltr' id='par_1_71' title="bbox 543 3790 2141 3867">
     <span class='ocr_line' id='line_1_71' title="bbox 543 3790 2141 3867; baseline -0.002 -15"><span class='ocrx_word' id='word_1_498' title='bbox 543 3809 689 3852; x_wconf 86' lang='lat' dir='ltr'>mam</span> <span class='ocrx_word' id='word_1_499' title='bbox 746 3791 1149 3867; x_wconf 82' lang='lat' dir='ltr'>correptionem</span> <span class='ocrx_word' id='word_1_500' title='bbox 1196 3790 1402 3861; x_wconf 88' lang='lat' dir='ltr'>devita,</span> <span class='ocrx_word' id='word_1_501' title='bbox 1455 3791 1635 3849; x_wconf 86' lang='lat' dir='ltr'>sciens</span> <span class='ocrx_word' id='word_1_502' title='bbox 1675 3791 1822 3865; x_wconf 89' lang='lat' dir='ltr'>quod</span> <span class='ocrx_word' id='word_1_503' title='bbox 1852 3809 2141 3867; x_wconf 81' lang='lat' dir='ltr'>perversus</span> 
     </span>
    </p>
   </div>
   <div class='ocr_carea' id='block_1_72' title="bbox 2321 3249 3788 3326">
    <p class='ocr_par' dir='ltr' id='par_1_72' title="bbox 2321 3249 3788 3326">
     <span class='ocr_line' id='line_1_72' title="bbox 2321 3249 3788 3326; baseline -0.009 -14"><span class='ocrx_word' id='word_1_504' title='bbox 2321 3252 2504 3326; x_wconf 85' lang='lat' dir='ltr'>(Vers.</span> <span class='ocrx_word' id='word_1_505' title='bbox 2541 3254 2656 3326; x_wconf 73' lang='lat'>15.)</span> <span class='ocrx_word' id='word_1_506' title='bbox 2694 3275 2713 3300; x_wconf 72' lang='grc' dir='ltr'><strong>ε</strong></span> <span class='ocrx_word' id='word_1_507' title='bbox 2733 3251 2986 3309; x_wconf 88' lang='lat' dir='ltr'>Salutant</span> <span class='ocrx_word' id='word_1_508' title='bbox 3006 3259 3057 3308; x_wconf 90' lang='lat' dir='ltr'>te</span> <span class='ocrx_word' id='word_1_509' title='bbox 3088 3265 3276 3307; x_wconf 89' lang='lat' dir='ltr'>omnes</span> <span class='ocrx_word' id='word_1_510' title='bbox 3296 3249 3392 3324; x_wconf 86' lang='lat' dir='ltr'>qui</span> <span class='ocrx_word' id='word_1_511' title='bbox 3424 3263 3635 3305; x_wconf 88' lang='lat' dir='ltr'>mecum</span> <span class='ocrx_word' id='word_1_512' title='bbox 3650 3250 3788 3303; x_wconf 84' lang='lat' dir='ltr'>sunt.-</span> 
     </span>
    </p>
   </div>
   <div class='ocr_carea' id='block_1_73' title="bbox 2245 3332 3799 3417">
    <p class='ocr_par' dir='ltr' id='par_1_73' title="bbox 2245 3332 3799 3417">
     <span class='ocr_line' id='line_1_73' title="bbox 2245 3332 3799 3417; baseline -0.005 -20"><span class='ocrx_word' id='word_1_513' title='bbox 2245 3343 2473 3415; x_wconf 88' lang='lat' dir='ltr'>Propter</span> <span class='ocrx_word' id='word_1_514' title='bbox 2500 3343 2887 3417; x_wconf 85' lang='lat' dir='ltr'>compendium</span> <span class='ocrx_word' id='word_1_515' title='bbox 2907 3342 3071 3399; x_wconf 86' lang='lat' dir='ltr'>simul</span> <span class='ocrx_word' id='word_1_516' title='bbox 3090 3356 3280 3398; x_wconf 89' lang='lat' dir='ltr'>omnes</span> <span class='ocrx_word' id='word_1_517' title='bbox 3298 3338 3639 3397; x_wconf 83' lang='lat' dir='ltr'>consalutare</span> <span class='ocrx_word' id='word_1_518' title='bbox 3654 3332 3799 3407; x_wconf 83' lang='lat' dir='ltr'>signi-</span> 
     </span>
    </p>
   </div>
   <div class='ocr_carea' id='block_1_74' title="bbox 2248 3425 3794 3504">
    <p class='ocr_par' dir='ltr' id='par_1_74' title="bbox 2248 3425 3794 3504">
     <span class='ocr_line' id='line_1_74' title="bbox 2248 3425 3794 3504; baseline -0.006 -17"><span class='ocrx_word' id='word_1_519' title='bbox 2248 3432 2392 3489; x_wconf 85' lang='lat' dir='ltr'>ﬁcat.</span> <span class='ocrx_word' id='word_1_520' title='bbox 2450 3457 2469 3479; x_wconf 80' lang='lat'><strong>-</strong></span> <span class='ocrx_word' id='word_1_521' title='bbox 2497 3431 2685 3489; x_wconf 90' lang='lat' dir='ltr'>Saluta</span> <span class='ocrx_word' id='word_1_522' title='bbox 2712 3448 2805 3488; x_wconf 91' lang='lat' dir='ltr'>eos</span> <span class='ocrx_word' id='word_1_523' title='bbox 2835 3433 2931 3504; x_wconf 87' lang='lat' dir='ltr'>qui</span> <span class='ocrx_word' id='word_1_524' title='bbox 2959 3446 3061 3488; x_wconf 88' lang='lat' dir='ltr'>nos</span> <span class='ocrx_word' id='word_1_525' title='bbox 3091 3437 3277 3487; x_wconf 88' lang='lat' dir='ltr'>amant</span> <span class='ocrx_word' id='word_1_526' title='bbox 3300 3429 3359 3485; x_wconf 89' lang='lat' dir='ltr'>in</span> <span class='ocrx_word' id='word_1_527' title='bbox 3383 3426 3510 3483; x_wconf 84' lang='lat' dir='ltr'>fide.</span> <span class='ocrx_word' id='word_1_528' title='bbox 3544 3450 3564 3477; x_wconf 72' lang='grc' dir='ltr'><strong><em>ι</em></strong></span> <span class='ocrx_word' id='word_1_529' title='bbox 3605 3425 3720 3482; x_wconf 92' lang='lat' dir='ltr'>Illos</span> <span class='ocrx_word' id='word_1_530' title='bbox 3733 3435 3794 3476; x_wconf 77' lang='lat' dir='ltr'>ss-</span> 
     </span>
    </p>
   </div>
   <div class='ocr_carea' id='block_1_75' title="bbox 2248 3513 3797 3595">
    <p class='ocr_par' dir='ltr' id='par_1_75' title="bbox 2248 3513 3797 3595">
     <span class='ocr_line' id='line_1_75' title="bbox 2248 3513 3797 3595; baseline -0.007 -17"><span class='ocrx_word' id='word_1_531' title='bbox 2248 3522 2517 3579; x_wconf 89' lang='lat' dir='ltr'>lutatione</span> <span class='ocrx_word' id='word_1_532' title='bbox 2556 3539 2654 3579; x_wconf 87' lang='lat' dir='ltr'>sua</span> <span class='ocrx_word' id='word_1_533' title='bbox 2678 3523 2874 3595; x_wconf 88' lang='lat' dir='ltr'>dignos</span> <span class='ocrx_word' id='word_1_534' title='bbox 2903 3520 3081 3578; x_wconf 89' lang='lat' dir='ltr'>videri</span> <span class='ocrx_word' id='word_1_535' title='bbox 3109 3521 3251 3588; x_wconf 91' lang='lat' dir='ltr'>vult,</span> <span class='ocrx_word' id='word_1_536' title='bbox 3289 3519 3384 3591; x_wconf 88' lang='lat' dir='ltr'>qui</span> <span class='ocrx_word' id='word_1_537' title='bbox 3415 3517 3651 3575; x_wconf 81' lang='lat' dir='ltr'>ﬁdeliter</span> <span class='ocrx_word' id='word_1_538' title='bbox 3672 3513 3797 3571; x_wconf 86' lang='lat' dir='ltr'>illum</span> 
     </span>
    </p>
   </div>
   <div class='ocr_carea' id='block_1_76' title="bbox 2246 3599 3798 3684">
    <p class='ocr_par' dir='ltr' id='par_1_76' title="bbox 2246 3599 3798 3684">
     <span class='ocr_line' id='line_1_76' title="bbox 2246 3599 3798 3684; baseline -0.004 -17"><span class='ocrx_word' id='word_1_539' title='bbox 2246 3610 2492 3684; x_wconf 88' lang='lat' dir='ltr'>diligunt</span> <span class='ocrx_word' id='word_1_540' title='bbox 2516 3611 2717 3669; x_wconf 74' lang='lat' dir='ltr'>affectu</span> <span class='ocrx_word' id='word_1_541' title='bbox 2746 3612 2954 3671; x_wconf 88' lang='lat' dir='ltr'>Christi</span> <span class='ocrx_word' id='word_1_542' title='bbox 2984 3610 3212 3668; x_wconf 89' lang='lat' dir='ltr'>Domini</span> <span class='ocrx_word' id='word_1_543' title='bbox 3236 3609 3431 3665; x_wconf 84' lang='lat' dir='ltr'>nostri.</span> <span class='ocrx_word' id='word_1_544' title='bbox 3480 3631 3499 3657; x_wconf 76' lang='grc' dir='ltr'><strong>ε</strong></span> <span class='ocrx_word' id='word_1_545' title='bbox 3538 3599 3798 3664; x_wconf 70' lang='lat' dir='ltr'>GratiaDOi</span> 
     </span>
    </p>
   </div>
   <div class='ocr_carea' id='block_1_77' title="bbox 2248 3701 3802 3775">
    <p class='ocr_par' dir='ltr' id='par_1_77' title="bbox 2248 3701 3802 3775">
     <span class='ocr_line' id='line_1_77' title="bbox 2248 3701 3802 3775; baseline -0.008 -13"><span class='ocrx_word' id='word_1_546' title='bbox 2248 3722 2374 3762; x_wconf 90' lang='lat' dir='ltr'>cum</span> <span class='ocrx_word' id='word_1_547' title='bbox 2404 3704 2665 3762; x_wconf 90' lang='lat' dir='ltr'>omnibus</span> <span class='ocrx_word' id='word_1_548' title='bbox 2693 3705 2870 3761; x_wconf 85' lang='lat' dir='ltr'>vobis.</span> <span class='ocrx_word' id='word_1_549' title='bbox 2900 3727 2919 3751; x_wconf 77' lang='grc' dir='ltr'><strong><em>ι</em></strong></span> <span class='ocrx_word' id='word_1_550' title='bbox 2962 3704 3123 3760; x_wconf 91' lang='lat' dir='ltr'>Nunc</span> <span class='ocrx_word' id='word_1_551' title='bbox 3157 3701 3483 3775; x_wconf 78' lang='lat' dir='ltr'>generaliter</span> <span class='ocrx_word' id='word_1_552' title='bbox 3509 3712 3691 3755; x_wconf 84' lang='lat' dir='ltr'>omnes</span> <span class='ocrx_word' id='word_1_553' title='bbox 3728 3708 3802 3750; x_wconf 65' lang='lat' dir='ltr'>sr-</span> 
     </span>
    </p>
   </div>
   <div class='ocr_carea' id='block_1_78' title="bbox 2249 3793 3212 3852">
    <p class='ocr_par' dir='ltr' id='par_1_78' title="bbox 2249 3793 3212 3852">
     <span class='ocr_line' id='line_1_78' title="bbox 2249 3793 3212 3852; baseline -0.001 -1"><span class='ocrx_word' id='word_1_554' title='bbox 2249 3796 2390 3852; x_wconf 90' lang='lat' dir='ltr'>lutat</span> <span class='ocrx_word' id='word_1_555' title='bbox 2418 3793 2615 3851; x_wconf 86' lang='lat' dir='ltr'>fratres</span> <span class='ocrx_word' id='word_1_556' title='bbox 2643 3803 2696 3851; x_wconf 86' lang='lat' dir='ltr'>et</span> <span class='ocrx_word' id='word_1_557' title='bbox 2723 3794 3053 3852; x_wconf 89' lang='lat' dir='ltr'>domesticos</span> <span class='ocrx_word' id='word_1_558' title='bbox 3082 3793 3212 3851; x_wconf 89' lang='lat' dir='ltr'>Titi.</span> 
     </span>
    </p>
   </div>
   <div class='ocr_carea' id='block_1_79' title="bbox 3102 3960 3796 3989">
    <p class='ocr_par' dir='ltr' id='par_1_79' title="bbox 3102 3960 3796 3989">
     <span class='ocr_line' id='line_1_79' title="bbox 3102 3960 3796 3989; baseline -0.006 -4"><span class='ocrx_word' id='word_1_559' title='bbox 3102 3960 3796 3989; x_wconf 64' lang='lat' dir='ltr'>—-——-—————F&#39;-&quot;1</span> 
     </span>
    </p>
   </div>
   <div class='ocr_carea' id='block_1_80' title="bbox 669 4148 3587 4253">
    <p class='ocr_par' dir='ltr' id='par_1_80' title="bbox 669 4148 3587 4253">
     <span class='ocr_line' id='line_1_80' title="bbox 669 4148 3587 4253; baseline 0.001 -19"><span class='ocrx_word' id='word_1_560' title='bbox 669 4149 807 4234; x_wconf 85' lang='grc' dir='ltr'>ΙΝ</span> <span class='ocrx_word' id='word_1_561' title='bbox 878 4148 1657 4240; x_wconf 88' lang='lat' dir='ltr'>EPISTOLAM</span> <span class='ocrx_word' id='word_1_562' title='bbox 1726 4148 1844 4236; x_wconf 93' lang='lat' dir='ltr'>B.</span> <span class='ocrx_word' id='word_1_563' title='bbox 1922 4149 2327 4237; x_wconf 79' lang='lat' dir='ltr'>PAULI.</span> <span class='ocrx_word' id='word_1_564' title='bbox 2394 4152 2561 4237; x_wconf 89' lang='lat' dir='ltr'><strong>AD</strong></span> <span class='ocrx_word' id='word_1_565' title='bbox 2634 4150 3587 4253; x_wconf 85' lang='lat' dir='ltr'>PHILEMONEM.</span> 
     </span>
    </p>
   </div>
   <div class='ocr_carea' id='block_1_81' title="bbox 1050 4487 1609 4551">
    <p class='ocr_par' dir='ltr' id='par_1_81' title="bbox 1050 4487 1609 4551">
     <span class='ocr_line' id='line_1_81' title="bbox 1050 4487 1609 4551; baseline -0.009 0"><span class='ocrx_word' id='word_1_566' title='bbox 1050 4492 1196 4551; x_wconf 83' lang='lat'>317</span> <span class='ocrx_word' id='word_1_567' title='bbox 1223 4487 1609 4548; x_wconf 82' lang='lat' dir='ltr'>PROLOGUS.</span> 
     </span>
    </p>
   </div>
   <div class='ocr_carea' id='block_1_82' title="bbox 617 4584 2143 4646">
    <p class='ocr_par' dir='ltr' id='par_1_82' title="bbox 617 4584 2143 4646">
     <span class='ocr_line' id='line_1_82' title="bbox 617 4584 2143 4646; baseline -0.002 -1"><span class='ocrx_word' id='word_1_568' title='bbox 617 4587 910 4646; x_wconf 89' lang='lat' dir='ltr'>Philemon</span> <span class='ocrx_word' id='word_1_569' title='bbox 966 4587 1122 4643; x_wconf 87' lang='lat' dir='ltr'>nulla</span> <span class='ocrx_word' id='word_1_570' title='bbox 1170 4594 1287 4643; x_wconf 91' lang='lat' dir='ltr'>erat</span> <span class='ocrx_word' id='word_1_571' title='bbox 1344 4584 1723 4643; x_wconf 86' lang='lat' dir='ltr'>ecclesiasticae</span> <span class='ocrx_word' id='word_1_572' title='bbox 1775 4585 2143 4643; x_wconf 82' lang='lat' dir='ltr'>ordinationis</span> 
     </span>
    </p>
   </div>
   <div class='ocr_carea' id='block_1_83' title="bbox 547 4675 2138 4753">
    <p class='ocr_par' dir='ltr' id='par_1_83' title="bbox 547 4675 2138 4753">
     <span class='ocr_line' id='line_1_83' title="bbox 547 4675 2138 4753; baseline -0.001 -18"><span class='ocrx_word' id='word_1_573' title='bbox 547 4679 813 4753; x_wconf 67' lang='lat' dir='ltr'>praeditus</span> <span class='ocrx_word' id='word_1_574' title='bbox 841 4677 1230 4752; x_wconf 88' lang='lat' dir='ltr'>dignitate,sed</span> <span class='ocrx_word' id='word_1_575' title='bbox 1260 4676 1831 4745; x_wconf 66' lang='lat' dir='ltr'>virlaudabilismnus</span> <span class='ocrx_word' id='word_1_576' title='bbox 1861 4692 1930 4732; x_wconf 78' lang='lat' dir='ltr'>ex</span> <span class='ocrx_word' id='word_1_577' title='bbox 1959 4675 2138 4749; x_wconf 90' lang='lat' dir='ltr'>plebe.</span> 
     </span>
    </p>
   </div>
   <div class='ocr_carea' id='block_1_84' title="bbox 547 4766 2143 4841">
    <p class='ocr_par' dir='ltr' id='par_1_84' title="bbox 547 4766 2143 4841">
     <span class='ocr_line' id='line_1_84' title="bbox 547 4766 2143 4841; baseline -0.004 -14"><span class='ocrx_word' id='word_1_578' title='bbox 547 4768 651 4827; x_wconf 88' lang='lat' dir='ltr'>Cui</span> <span class='ocrx_word' id='word_1_579' title='bbox 680 4784 845 4827; x_wconf 88' lang='lat' dir='ltr'>causa</span> <span class='ocrx_word' id='word_1_580' title='bbox 873 4767 1119 4826; x_wconf 86' lang='lat' dir='ltr'>Onesimi</span> <span class='ocrx_word' id='word_1_581' title='bbox 1148 4768 1295 4827; x_wconf 87' lang='lat' dir='ltr'>servi</span> <span class='ocrx_word' id='word_1_582' title='bbox 1324 4767 1443 4841; x_wconf 90' lang='lat' dir='ltr'>ejus</span> <span class='ocrx_word' id='word_1_583' title='bbox 1470 4766 1782 4830; x_wconf 86' lang='lat' dir='ltr'>familiaris.</span> <span class='ocrx_word' id='word_1_584' title='bbox 1812 4766 2022 4823; x_wconf 79' lang='lat' dir='ltr'>litteras</span> <span class='ocrx_word' id='word_1_585' title='bbox 2052 4766 2143 4822; x_wconf 86' lang='lat' dir='ltr'>fa-</span> 
     </span>
    </p>
   </div>
   <div class='ocr_carea' id='block_1_85' title="bbox 544 4855 2143 4933">
    <p class='ocr_par' dir='ltr' id='par_1_85' title="bbox 544 4855 2143 4933">
     <span class='ocr_line' id='line_1_85' title="bbox 544 4855 2143 4933; baseline -0.003 -17"><span class='ocrx_word' id='word_1_586' title='bbox 544 4858 659 4928; x_wconf 90' lang='lat' dir='ltr'>cit;</span> <span class='ocrx_word' id='word_1_587' title='bbox 707 4867 771 4916; x_wconf 87' lang='lat' dir='ltr'>ut</span> <span class='ocrx_word' id='word_1_588' title='bbox 826 4875 939 4916; x_wconf 90' lang='lat' dir='ltr'>non</span> <span class='ocrx_word' id='word_1_589' title='bbox 979 4861 1157 4917; x_wconf 89' lang='lat' dir='ltr'>solum</span> <span class='ocrx_word' id='word_1_590' title='bbox 1209 4860 1457 4933; x_wconf 88' lang='lat' dir='ltr'>ignoscat</span> <span class='ocrx_word' id='word_1_591' title='bbox 1481 4858 1553 4926; x_wconf 90' lang='lat' dir='ltr'>ei,</span> <span class='ocrx_word' id='word_1_592' title='bbox 1586 4856 1680 4914; x_wconf 90' lang='lat' dir='ltr'>sed</span> <span class='ocrx_word' id='word_1_593' title='bbox 1709 4865 1763 4914; x_wconf 91' lang='lat' dir='ltr'>et</span> <span class='ocrx_word' id='word_1_594' title='bbox 1791 4858 1904 4914; x_wconf 88' lang='lat' dir='ltr'>Deo</span> <span class='ocrx_word' id='word_1_595' title='bbox 1943 4855 2143 4929; x_wconf 87' lang='lat' dir='ltr'>gratias</span> 
     </span>
    </p>
   </div>
   <div class='ocr_carea' id='block_1_86' title="bbox 544 4942 2139 5022">
    <p class='ocr_par' dir='ltr' id='par_1_86' title="bbox 544 4942 2139 5022">
     <span class='ocr_line' id='line_1_86' title="bbox 544 4942 2139 5022; baseline -0.003 -20"><span class='ocrx_word' id='word_1_596' title='bbox 544 4957 687 5019; x_wconf 87' lang='lat' dir='ltr'>agat;</span> <span class='ocrx_word' id='word_1_597' title='bbox 704 4948 834 5020; x_wconf 90' lang='lat' dir='ltr'>quia</span> <span class='ocrx_word' id='word_1_598' title='bbox 864 4950 1027 5006; x_wconf 86' lang='lat' dir='ltr'>talem</span> <span class='ocrx_word' id='word_1_599' title='bbox 1059 4951 1218 5007; x_wconf 92' lang='lat' dir='ltr'>illum</span> <span class='ocrx_word' id='word_1_600' title='bbox 1251 4947 1479 5022; x_wconf 89' lang='lat' dir='ltr'>recepit,</span> <span class='ocrx_word' id='word_1_601' title='bbox 1515 4952 1577 5006; x_wconf 82' lang='lat' dir='ltr'>ut</span> <span class='ocrx_word' id='word_1_602' title='bbox 1606 4965 1719 5006; x_wconf 90' lang='lat' dir='ltr'>non</span> <span class='ocrx_word' id='word_1_603' title='bbox 1747 4960 1969 5005; x_wconf 83' lang='lat' dir='ltr'>servum</span> <span class='ocrx_word' id='word_1_604' title='bbox 1999 4942 2139 5000; x_wconf 67' lang='lat' dir='ltr'>msti-</span> 
     </span>
    </p>
   </div>
   <div class='ocr_carea' id='block_1_87' title="bbox 544 5035 1546 5104">
    <p class='ocr_par' dir='ltr' id='par_1_87' title="bbox 544 5035 1546 5104">
     <span class='ocr_line' id='line_1_87' title="bbox 544 5035 1546 5104; baseline 0.003 -13"><span class='ocrx_word' id='word_1_605' title='bbox 544 5043 677 5104; x_wconf 88' lang='lat' dir='ltr'>met,</span> <span class='ocrx_word' id='word_1_606' title='bbox 708 5035 803 5092; x_wconf 85' lang='lat' dir='ltr'>sed</span> <span class='ocrx_word' id='word_1_607' title='bbox 842 5035 1265 5097; x_wconf 89' lang='lat' dir='ltr'>dilectissimum</span> <span class='ocrx_word' id='word_1_608' title='bbox 1298 5038 1546 5094; x_wconf 85' lang='lat' dir='ltr'>fratrem.</span> 
     </span>
    </p>
   </div>
   <div class='ocr_carea' id='block_1_88' title="bbox 1078 5183 1625 5243">
    <p class='ocr_par' dir='ltr' id='par_1_88' title="bbox 1078 5183 1625 5243">
     <span class='ocr_line' id='line_1_88' title="bbox 1078 5183 1625 5243; baseline -0.004 0"><span class='ocrx_word' id='word_1_609' title='bbox 1078 5183 1309 5243; x_wconf 81' lang='lat' dir='ltr'>CAPUT</span> <span class='ocrx_word' id='word_1_610' title='bbox 1337 5184 1625 5242; x_wconf 81' lang='lat' dir='ltr'>UNICUM.</span> 
     </span>
    </p>
   </div>
   <div class='ocr_carea' id='block_1_89' title="bbox 618 5300 2137 5379">
    <p class='ocr_par' dir='ltr' id='par_1_89' title="bbox 618 5300 2137 5379">
     <span class='ocr_line' id='line_1_89' title="bbox 618 5300 2137 5379; baseline -0.007 -16"><span class='ocrx_word' id='word_1_611' title='bbox 618 5306 800 5379; x_wconf 83' lang='lat' dir='ltr'>(Vers.</span> <span class='ocrx_word' id='word_1_612' title='bbox 846 5307 895 5375; x_wconf 89' lang='grc'>1,</span> <span class='ocrx_word' id='word_1_613' title='bbox 954 5307 1006 5373; x_wconf 82' lang='lat'>2,</span> <span class='ocrx_word' id='word_1_614' title='bbox 1058 5305 1138 5378; x_wconf 87' lang='lat'>3.)</span> <span class='ocrx_word' id='word_1_615' title='bbox 1184 5328 1203 5354; x_wconf 74' lang='grc' dir='ltr'>ι</span> <span class='ocrx_word' id='word_1_616' title='bbox 1249 5304 1452 5361; x_wconf 88' lang='lat' dir='ltr'>Paulus</span> <span class='ocrx_word' id='word_1_617' title='bbox 1499 5304 1721 5361; x_wconf 89' lang='lat' dir='ltr'>vinctus</span> <span class='ocrx_word' id='word_1_618' title='bbox 1752 5300 1958 5363; x_wconf 90' lang='lat' dir='ltr'>Christi</span> <span class='ocrx_word' id='word_1_619' title='bbox 1990 5301 2137 5369; x_wconf 89' lang='lat' dir='ltr'>Jesu,</span> 
     </span>
    </p>
   </div>
   <div class='ocr_carea' id='block_1_90' title="bbox 545 5388 2140 5458">
    <p class='ocr_par' dir='ltr' id='par_1_90' title="bbox 545 5388 2140 5458">
     <span class='ocr_line' id='line_1_90' title="bbox 545 5388 2140 5458; baseline -0.004 -8"><span class='ocrx_word' id='word_1_620' title='bbox 545 5403 600 5450; x_wconf 91' lang='lat' dir='ltr'>et</span> <span class='ocrx_word' id='word_1_621' title='bbox 628 5394 957 5452; x_wconf 84' lang='lat' dir='ltr'>Timotheus</span> <span class='ocrx_word' id='word_1_622' title='bbox 987 5395 1156 5451; x_wconf 87' lang='lat' dir='ltr'>frater</span> <span class='ocrx_word' id='word_1_623' title='bbox 1188 5393 1501 5450; x_wconf 88' lang='lat' dir='ltr'>Philemoni</span> <span class='ocrx_word' id='word_1_624' title='bbox 1524 5393 1727 5449; x_wconf 88' lang='lat' dir='ltr'>dilecto</span> <span class='ocrx_word' id='word_1_625' title='bbox 1757 5390 1935 5458; x_wconf 86' lang='lat' dir='ltr'>fratri,</span> <span class='ocrx_word' id='word_1_626' title='bbox 1966 5398 2021 5447; x_wconf 92' lang='lat' dir='ltr'>et</span> <span class='ocrx_word' id='word_1_627' title='bbox 2052 5388 2140 5444; x_wconf 89' lang='lat' dir='ltr'>la-</span> 
     </span>
    </p>
   </div>
   <div class='ocr_carea' id='block_1_91' title="bbox 543 5478 2136 5555">
    <p class='ocr_par' dir='ltr' id='par_1_91' title="bbox 543 5478 2136 5555">
     <span class='ocr_line' id='line_1_91' title="bbox 543 5478 2136 5555; baseline -0.004 -18"><span class='ocrx_word' id='word_1_628' title='bbox 543 5481 740 5538; x_wconf 90' lang='lat' dir='ltr'>borum</span> <span class='ocrx_word' id='word_1_629' title='bbox 775 5483 937 5539; x_wconf 83' lang='lat' dir='ltr'>nobis</span> <span class='ocrx_word' id='word_1_630' title='bbox 966 5482 1243 5555; x_wconf 89' lang='lat' dir='ltr'>participi,</span> <span class='ocrx_word' id='word_1_631' title='bbox 1276 5491 1332 5538; x_wconf 91' lang='lat' dir='ltr'>et</span> <span class='ocrx_word' id='word_1_632' title='bbox 1357 5481 1549 5554; x_wconf 61' lang='lat' dir='ltr'>Appiae</span> <span class='ocrx_word' id='word_1_633' title='bbox 1578 5480 1752 5536; x_wconf 90' lang='lat' dir='ltr'>sorori</span> <span class='ocrx_word' id='word_1_634' title='bbox 1780 5478 2136 5544; x_wconf 62' lang='lat' dir='ltr'>charissima,</span> 
     </span>
    </p>
   </div>
   <div class='ocr_carea' id='block_1_92' title="bbox 546 5564 2139 5641">
    <p class='ocr_par' dir='ltr' id='par_1_92' title="bbox 546 5564 2139 5641">
     <span class='ocr_line' id='line_1_92' title="bbox 546 5564 2139 5641; baseline -0.002 -20"><span class='ocrx_word' id='word_1_635' title='bbox 546 5575 601 5621; x_wconf 91' lang='lat' dir='ltr'>et</span> <span class='ocrx_word' id='word_1_636' title='bbox 637 5568 921 5641; x_wconf 85' lang='lat' dir='ltr'>Archippo</span> <span class='ocrx_word' id='word_1_637' title='bbox 953 5570 1323 5625; x_wconf 89' lang='lat' dir='ltr'>commilitoni</span> <span class='ocrx_word' id='word_1_638' title='bbox 1353 5578 1564 5637; x_wconf 90' lang='lat' dir='ltr'>nostro,</span> <span class='ocrx_word' id='word_1_639' title='bbox 1596 5575 1650 5624; x_wconf 90' lang='lat' dir='ltr'>et</span> <span class='ocrx_word' id='word_1_640' title='bbox 1677 5566 1993 5624; x_wconf 66' lang='lat' dir='ltr'>domesticae</span> <span class='ocrx_word' id='word_1_641' title='bbox 2021 5564 2139 5636; x_wconf 89' lang='lat' dir='ltr'>ejus</span> 
     </span>
    </p>
   </div>
   <div class='ocr_carea' id='block_1_93' title="bbox 545 5652 2135 5726">
    <p class='ocr_par' dir='ltr' id='par_1_93' title="bbox 545 5652 2135 5726">
     <span class='ocr_line' id='line_1_93' title="bbox 545 5652 2135 5726; baseline 0.001 -19"><span class='ocrx_word' id='word_1_642' title='bbox 545 5652 827 5710; x_wconf 77' lang='lat' dir='ltr'>Ecclesiae.</span> <span class='ocrx_word' id='word_1_643' title='bbox 863 5655 1051 5711; x_wconf 90' lang='lat' dir='ltr'>Gratia</span> <span class='ocrx_word' id='word_1_644' title='bbox 1081 5655 1240 5710; x_wconf 88' lang='lat' dir='ltr'>vobis</span> <span class='ocrx_word' id='word_1_645' title='bbox 1281 5664 1335 5711; x_wconf 90' lang='lat' dir='ltr'>et</span> <span class='ocrx_word' id='word_1_646' title='bbox 1364 5672 1470 5726; x_wconf 78' lang='lat' dir='ltr'>pax</span> <span class='ocrx_word' id='word_1_647' title='bbox 1516 5671 1547 5709; x_wconf 87' lang='lat' dir='ltr'>a</span> <span class='ocrx_word' id='word_1_648' title='bbox 1587 5656 1701 5710; x_wconf 89' lang='lat' dir='ltr'>Deo</span> <span class='ocrx_word' id='word_1_649' title='bbox 1738 5654 1895 5708; x_wconf 88' lang='lat' dir='ltr'>Patre</span> <span class='ocrx_word' id='word_1_650' title='bbox 1927 5661 2135 5722; x_wconf 88' lang='lat' dir='ltr'>nostro,</span> 
     </span>
    </p>
   </div>
   <div class='ocr_carea' id='block_1_94' title="bbox 2171 4490 3810 4575">
    <p class='ocr_par' dir='ltr' id='par_1_94' title="bbox 2171 4490 3810 4575">
     <span class='ocr_line' id='line_1_94' title="bbox 2171 4490 3810 4575; baseline -0.006 -18"><span class='ocrx_word' id='word_1_651' title='bbox 2171 4490 2220 4550; x_wconf 84' lang='lat' dir='ltr'><strong>D</strong></span> <span class='ocrx_word' id='word_1_652' title='bbox 2251 4510 2303 4557; x_wconf 92' lang='lat' dir='ltr'>et</span> <span class='ocrx_word' id='word_1_653' title='bbox 2333 4499 2570 4556; x_wconf 91' lang='lat' dir='ltr'>Domino</span> <span class='ocrx_word' id='word_1_654' title='bbox 2622 4501 2750 4557; x_wconf 76' lang='lat' dir='ltr'>Iesu</span> <span class='ocrx_word' id='word_1_655' title='bbox 2798 4498 3039 4557; x_wconf 88' lang='lat' dir='ltr'>Christo.</span> <span class='ocrx_word' id='word_1_656' title='bbox 3072 4524 3092 4549; x_wconf 75' lang='grc' dir='ltr'>ι</span> <span class='ocrx_word' id='word_1_657' title='bbox 3143 4498 3215 4556; x_wconf 90' lang='lat' dir='ltr'>Ut</span> <span class='ocrx_word' id='word_1_658' title='bbox 3241 4497 3565 4575; x_wconf 84' lang='lat' dir='ltr'>dignitatem</span> <span class='ocrx_word' id='word_1_659' title='bbox 3601 4493 3810 4569; x_wconf 77' lang='lat' dir='ltr'>epistola</span> 
     </span>
    </p>
   </div>
   <div class='ocr_carea' id='block_1_95' title="bbox 2250 4584 3809 4664">
    <p class='ocr_par' dir='ltr' id='par_1_95' title="bbox 2250 4584 3809 4664">
     <span class='ocr_line' id='line_1_95' title="bbox 2250 4584 3809 4664; baseline -0.006 -16"><span class='ocrx_word' id='word_1_660' title='bbox 2250 4609 2279 4648; x_wconf 90' lang='lat' dir='ltr'>a</span> <span class='ocrx_word' id='word_1_661' title='bbox 2309 4608 2366 4648; x_wconf 89' lang='lat' dir='ltr'>se</span> <span class='ocrx_word' id='word_1_662' title='bbox 2396 4592 2573 4648; x_wconf 64' lang='lat' dir='ltr'>missas</span> <span class='ocrx_word' id='word_1_663' title='bbox 2603 4591 2827 4660; x_wconf 86' lang='lat' dir='ltr'>faceret,</span> <span class='ocrx_word' id='word_1_664' title='bbox 2858 4592 2927 4648; x_wconf 88' lang='lat' dir='ltr'>ab</span> <span class='ocrx_word' id='word_1_665' title='bbox 2956 4591 3163 4664; x_wconf 88' lang='lat' dir='ltr'>injuria</span> <span class='ocrx_word' id='word_1_666' title='bbox 3178 4607 3277 4647; x_wconf 89' lang='lat' dir='ltr'>sua</span> <span class='ocrx_word' id='word_1_667' title='bbox 3303 4591 3489 4662; x_wconf 66' lang='lat' dir='ltr'>erepit.</span> <span class='ocrx_word' id='word_1_668' title='bbox 3522 4588 3673 4645; x_wconf 87' lang='lat' dir='ltr'>Sicut</span> <span class='ocrx_word' id='word_1_669' title='bbox 3689 4584 3809 4643; x_wconf 86' lang='lat' dir='ltr'>enim</span> 
     </span>
    </p>
   </div>
   <div class='ocr_carea' id='block_1_96' title="bbox 2250 4680 3812 4754">
    <p class='ocr_par' dir='ltr' id='par_1_96' title="bbox 2250 4680 3812 4754">
     <span class='ocr_line' id='line_1_96' title="bbox 2250 4680 3812 4754; baseline -0.008 -16"><span class='ocrx_word' id='word_1_670' title='bbox 2250 4681 2459 4754; x_wconf 87' lang='lat' dir='ltr'>peccati</span> <span class='ocrx_word' id='word_1_671' title='bbox 2515 4695 2678 4737; x_wconf 84' lang='lat' dir='ltr'>causa</span> <span class='ocrx_word' id='word_1_672' title='bbox 2711 4680 2915 4738; x_wconf 88' lang='lat' dir='ltr'>vinciri</span> <span class='ocrx_word' id='word_1_673' title='bbox 2966 4680 3322 4753; x_wconf 91' lang='lat' dir='ltr'>opprobrium</span> <span class='ocrx_word' id='word_1_674' title='bbox 3351 4687 3456 4748; x_wconf 88' lang='lat' dir='ltr'>est,</span> <span class='ocrx_word' id='word_1_675' title='bbox 3487 4680 3566 4734; x_wconf 86' lang='lat' dir='ltr'>ita</span> <span class='ocrx_word' id='word_1_676' title='bbox 3596 4694 3625 4734; x_wconf 90' lang='lat' dir='ltr'>e</span> <span class='ocrx_word' id='word_1_677' title='bbox 3651 4680 3812 4732; x_wconf 79' lang='lat' dir='ltr'>contra</span> 
     </span>
    </p>
   </div>
   <div class='ocr_carea' id='block_1_97' title="bbox 2252 4763 3812 4845">
    <p class='ocr_par' dir='ltr' id='par_1_97' title="bbox 2252 4763 3812 4845">
     <span class='ocr_line' id='line_1_97' title="bbox 2252 4763 3812 4845; baseline -0.008 -17"><span class='ocrx_word' id='word_1_678' title='bbox 2252 4789 2350 4845; x_wconf 91' lang='lat' dir='ltr'>pro</span> <span class='ocrx_word' id='word_1_679' title='bbox 2405 4768 2627 4829; x_wconf 85' lang='lat' dir='ltr'>Christo</span> <span class='ocrx_word' id='word_1_680' title='bbox 2681 4771 2946 4828; x_wconf 67' lang='lat' dir='ltr'>custodite</span> <span class='ocrx_word' id='word_1_681' title='bbox 2999 4770 3225 4826; x_wconf 89' lang='lat' dir='ltr'>vincula</span> <span class='ocrx_word' id='word_1_682' title='bbox 3276 4768 3549 4825; x_wconf 84' lang='lat' dir='ltr'>sustinere</span> <span class='ocrx_word' id='word_1_683' title='bbox 3602 4763 3812 4821; x_wconf 76' lang='lat' dir='ltr'>maxims</span> 
     </span>
    </p>
   </div>
   <div class='ocr_carea' id='block_1_98' title="bbox 2252 4850 3810 4932">
    <p class='ocr_par' dir='ltr' id='par_1_98' title="bbox 2252 4850 3810 4932">
     <span class='ocr_line' id='line_1_98' title="bbox 2252 4850 3810 4932; baseline -0.004 -15"><span class='ocrx_word' id='word_1_684' title='bbox 2252 4861 2425 4931; x_wconf 82' lang='lat' dir='ltr'>gloria</span> <span class='ocrx_word' id='word_1_685' title='bbox 2449 4878 2460 4916; x_wconf 93' lang='lat'>:</span> <span class='ocrx_word' id='word_1_686' title='bbox 2493 4876 2558 4916; x_wconf 91' lang='lat' dir='ltr'>eo</span> <span class='ocrx_word' id='word_1_687' title='bbox 2588 4858 2735 4916; x_wconf 90' lang='lat' dir='ltr'>enim</span> <span class='ocrx_word' id='word_1_688' title='bbox 2772 4868 3016 4931; x_wconf 90' lang='lat' dir='ltr'>tempore</span> <span class='ocrx_word' id='word_1_689' title='bbox 3045 4874 3155 4932; x_wconf 89' lang='lat' dir='ltr'>quo</span> <span class='ocrx_word' id='word_1_690' title='bbox 3185 4858 3329 4915; x_wconf 90' lang='lat' dir='ltr'>hanc</span> <span class='ocrx_word' id='word_1_691' title='bbox 3354 4856 3645 4929; x_wconf 86' lang='lat' dir='ltr'>epistolam</span> <span class='ocrx_word' id='word_1_692' title='bbox 3666 4850 3810 4911; x_wconf 78' lang='lat' dir='ltr'>misit.</span> 
     </span>
    </p>
   </div>
   <div class='ocr_carea' id='block_1_99' title="bbox 2251 4942 3815 5018">
    <p class='ocr_par' dir='ltr' id='par_1_99' title="bbox 2251 4942 3815 5018">
     <span class='ocr_line' id='line_1_99' title="bbox 2251 4942 3815 5018; baseline -0.006 -11"><span class='ocrx_word' id='word_1_693' title='bbox 2251 4951 2309 5006; x_wconf 88' lang='lat' dir='ltr'>in</span> <span class='ocrx_word' id='word_1_694' title='bbox 2355 4950 2605 5007; x_wconf 84' lang='lat' dir='ltr'>custodia</span> <span class='ocrx_word' id='word_1_695' title='bbox 2651 4959 2785 5007; x_wconf 89' lang='lat' dir='ltr'>erat.</span> <span class='ocrx_word' id='word_1_696' title='bbox 2816 4947 3079 5018; x_wconf 86' lang='lat' dir='ltr'>Quamvis</span> <span class='ocrx_word' id='word_1_697' title='bbox 3107 4957 3287 5006; x_wconf 87' lang='lat' dir='ltr'>autem</span> <span class='ocrx_word' id='word_1_698' title='bbox 3317 4946 3552 5005; x_wconf 86' lang='lat' dir='ltr'>clericus</span> <span class='ocrx_word' id='word_1_699' title='bbox 3575 4960 3683 5001; x_wconf 87' lang='lat' dir='ltr'>non</span> <span class='ocrx_word' id='word_1_700' title='bbox 3710 4942 3815 4997; x_wconf 69' lang='lat' dir='ltr'>fue~</span> 
     </span>
    </p>
   </div>
   <div class='ocr_carea' id='block_1_100' title="bbox 2250 5028 3813 5110">
    <p class='ocr_par' dir='ltr' id='par_1_100' title="bbox 2250 5028 3813 5110">
     <span class='ocr_line' id='line_1_100' title="bbox 2250 5028 3813 5110; baseline -0.006 -13"><span class='ocrx_word' id='word_1_701' title='bbox 2250 5043 2324 5097; x_wconf 90' lang='lat' dir='ltr'>rit</span> <span class='ocrx_word' id='word_1_702' title='bbox 2351 5041 2849 5110; x_wconf 88' lang='lat' dir='ltr'>Philemon,tamen</span> <span class='ocrx_word' id='word_1_703' title='bbox 2887 5039 3150 5095; x_wconf 90' lang='lat' dir='ltr'>intererat</span> <span class='ocrx_word' id='word_1_704' title='bbox 3181 5034 3568 5094; x_wconf 86' lang='lat' dir='ltr'>ecclesiasticis</span> <span class='ocrx_word' id='word_1_705' title='bbox 3597 5028 3813 5089; x_wconf 80' lang='lat' dir='ltr'>necessi-</span> 
     </span>
    </p>
   </div>
   <div class='ocr_carea' id='block_1_101' title="bbox 2248 5115 3812 5198">
    <p class='ocr_par' dir='ltr' id='par_1_101' title="bbox 2248 5115 3812 5198">
     <span class='ocr_line' id='line_1_101' title="bbox 2248 5115 3812 5198; baseline -0.01 -11"><span class='ocrx_word' id='word_1_706' title='bbox 2248 5130 2455 5187; x_wconf 88' lang='lat' dir='ltr'>tatibus</span> <span class='ocrx_word' id='word_1_707' title='bbox 2483 5146 2644 5186; x_wconf 88' lang='lat' dir='ltr'>causa</span> <span class='ocrx_word' id='word_1_708' title='bbox 2669 5127 3002 5196; x_wconf 90' lang='lat' dir='ltr'>devotionis,</span> <span class='ocrx_word' id='word_1_709' title='bbox 3038 5125 3185 5182; x_wconf 91' lang='lat' dir='ltr'>unde</span> <span class='ocrx_word' id='word_1_710' title='bbox 3215 5124 3539 5198; x_wconf 89' lang='lat' dir='ltr'>participem</span> <span class='ocrx_word' id='word_1_711' title='bbox 3572 5122 3714 5178; x_wconf 87' lang='lat' dir='ltr'>hunc</span> <span class='ocrx_word' id='word_1_712' title='bbox 3733 5115 3812 5172; x_wconf 90' lang='lat' dir='ltr'>di—</span> 
     </span>
    </p>
   </div>
   <div class='ocr_carea' id='block_1_102' title="bbox 2250 5202 3811 5286">
    <p class='ocr_par' dir='ltr' id='par_1_102' title="bbox 2250 5202 3811 5286">
     <span class='ocr_line' id='line_1_102' title="bbox 2250 5202 3811 5286; baseline -0.006 -10"><span class='ocrx_word' id='word_1_713' title='bbox 2250 5219 2324 5277; x_wconf 93' lang='lat' dir='ltr'>cit</span> <span class='ocrx_word' id='word_1_714' title='bbox 2374 5218 2645 5275; x_wconf 90' lang='lat' dir='ltr'>lahorum.</span> <span class='ocrx_word' id='word_1_715' title='bbox 2681 5218 2820 5274; x_wconf 89' lang='lat' dir='ltr'>Sunt</span> <span class='ocrx_word' id='word_1_716' title='bbox 2857 5215 3005 5272; x_wconf 90' lang='lat' dir='ltr'>enim</span> <span class='ocrx_word' id='word_1_717' title='bbox 3048 5214 3209 5271; x_wconf 87' lang='lat' dir='ltr'>multi</span> <span class='ocrx_word' id='word_1_718' title='bbox 3241 5211 3491 5286; x_wconf 89' lang='lat' dir='ltr'>qui,cum</span> <span class='ocrx_word' id='word_1_719' title='bbox 3525 5210 3636 5269; x_wconf 89' lang='lat' dir='ltr'>sint</span> <span class='ocrx_word' id='word_1_720' title='bbox 3663 5202 3811 5277; x_wconf 64' lang='lat' dir='ltr'>digni.</span> 
     </span>
    </p>
   </div>
   <div class='ocr_carea' id='block_1_103' title="bbox 2248 5290 3811 5374">
    <p class='ocr_par' dir='ltr' id='par_1_103' title="bbox 2248 5290 3811 5374">
     <span class='ocr_line' id='line_1_103' title="bbox 2248 5290 3811 5374; baseline -0.011 -10"><span class='ocrx_word' id='word_1_721' title='bbox 2248 5314 2515 5364; x_wconf 82' lang='lat' dir='ltr'>excusant</span> <span class='ocrx_word' id='word_1_722' title='bbox 2541 5315 2747 5372; x_wconf 84' lang='lat' dir='ltr'>tamen,</span> <span class='ocrx_word' id='word_1_723' title='bbox 2778 5304 2999 5366; x_wconf 87' lang='lat' dir='ltr'>inﬁmos</span> <span class='ocrx_word' id='word_1_724' title='bbox 3020 5302 3340 5374; x_wconf 88' lang='lat' dir='ltr'>semetipsos</span> <span class='ocrx_word' id='word_1_725' title='bbox 3364 5297 3674 5374; x_wconf 83' lang='lat' dir='ltr'>judicantes</span> <span class='ocrx_word' id='word_1_726' title='bbox 3699 5290 3811 5351; x_wconf 83' lang='lat' dir='ltr'>tanti</span> 
     </span>
    </p>
   </div>
   <div class='ocr_carea' id='block_1_104' title="bbox 2250 5390 3426 5464">
    <p class='ocr_par' dir='ltr' id='par_1_104' title="bbox 2250 5390 3426 5464">
     <span class='ocr_line' id='line_1_104' title="bbox 2250 5390 3426 5464; baseline -0.004 -14"><span class='ocrx_word' id='word_1_727' title='bbox 2250 5394 2581 5452; x_wconf 87' lang='lat' dir='ltr'>ministerii:</span> <span class='ocrx_word' id='word_1_728' title='bbox 2619 5394 2765 5453; x_wconf 89' lang='lat' dir='ltr'>unde</span> <span class='ocrx_word' id='word_1_729' title='bbox 2803 5408 2931 5450; x_wconf 86' lang='lat' dir='ltr'>vere</span> <span class='ocrx_word' id='word_1_730' title='bbox 2959 5390 3115 5464; x_wconf 91' lang='lat' dir='ltr'>digni</span> <span class='ocrx_word' id='word_1_731' title='bbox 3143 5397 3426 5463; x_wconf 86' lang='lat' dir='ltr'>apparent.</span> 
     </span>
    </p>
   </div>
   <div class='ocr_carea' id='block_1_105' title="bbox 2324 5478 3814 5553">
    <p class='ocr_par' dir='ltr' id='par_1_105' title="bbox 2324 5478 3814 5553">
     <span class='ocr_line' id='line_1_105' title="bbox 2324 5478 3814 5553; baseline -0.007 -15"><span class='ocrx_word' id='word_1_732' title='bbox 2324 5483 2505 5553; x_wconf 91' lang='lat' dir='ltr'>(Vers.</span> <span class='ocrx_word' id='word_1_733' title='bbox 2540 5480 2592 5551; x_wconf 76' lang='grc'><strong>4,</strong></span> <span class='ocrx_word' id='word_1_734' title='bbox 2642 5484 2695 5551; x_wconf 81' lang='grc'><strong>5,</strong></span> <span class='ocrx_word' id='word_1_735' title='bbox 2744 5481 2824 5551; x_wconf 87' lang='grc'>6,)</span> <span class='ocrx_word' id='word_1_736' title='bbox 2879 5504 2898 5527; x_wconf 81' lang='grc' dir='ltr'>ι</span> <span class='ocrx_word' id='word_1_737' title='bbox 2928 5479 3144 5538; x_wconf 88' lang='lat' dir='ltr'>Gratias</span> <span class='ocrx_word' id='word_1_738' title='bbox 3179 5495 3279 5551; x_wconf 84' lang='lat' dir='ltr'>ago</span> <span class='ocrx_word' id='word_1_739' title='bbox 3307 5478 3422 5533; x_wconf 92' lang='lat' dir='ltr'>Deo</span> <span class='ocrx_word' id='word_1_740' title='bbox 3454 5492 3604 5545; x_wconf 90' lang='lat' dir='ltr'>meo,</span> <span class='ocrx_word' id='word_1_741' title='bbox 3630 5482 3814 5542; x_wconf 67' lang='lat' dir='ltr'>semper</span> 
     </span>
    </p>
   </div>
   <div class='ocr_carea' id='block_1_106' title="bbox 2248 5558 3813 5631">
    <p class='ocr_par' dir='ltr' id='par_1_106' title="bbox 2248 5558 3813 5631">
     <span class='ocr_line' id='line_1_106' title="bbox 2248 5558 3813 5631; baseline -0.009 -7"><span class='ocrx_word' id='word_1_742' title='bbox 2248 5570 2584 5625; x_wconf 89' lang='lat' dir='ltr'>mentionem</span> <span class='ocrx_word' id='word_1_743' title='bbox 2616 5569 2701 5626; x_wconf 89' lang='lat' dir='ltr'>tui</span> <span class='ocrx_word' id='word_1_744' title='bbox 2729 5568 2933 5624; x_wconf 89' lang='lat' dir='ltr'>faciens</span> <span class='ocrx_word' id='word_1_745' title='bbox 2960 5567 3020 5623; x_wconf 91' lang='lat' dir='ltr'>in</span> <span class='ocrx_word' id='word_1_746' title='bbox 3047 5565 3391 5623; x_wconf 89' lang='lat' dir='ltr'>orationibus</span> <span class='ocrx_word' id='word_1_747' title='bbox 3419 5564 3582 5631; x_wconf 87' lang='lat' dir='ltr'>meis,</span> <span class='ocrx_word' id='word_1_748' title='bbox 3615 5558 3813 5619; x_wconf 83' lang='lat' dir='ltr'>audiens</span> 
     </span>
    </p>
   </div>
   <div class='ocr_carea' id='block_1_107' title="bbox 2248 5644 3813 5724">
    <p class='ocr_par' dir='ltr' id='par_1_107' title="bbox 2248 5644 3813 5724">
     <span class='ocr_line' id='line_1_107' title="bbox 2248 5644 3813 5724; baseline -0.004 -15"><span class='ocrx_word' id='word_1_749' title='bbox 2248 5655 2410 5710; x_wconf 85' lang='lat' dir='ltr'>ﬁdem</span> <span class='ocrx_word' id='word_1_750' title='bbox 2466 5663 2619 5712; x_wconf 86' lang='lat' dir='ltr'>tuam</span> <span class='ocrx_word' id='word_1_751' title='bbox 2668 5665 2722 5713; x_wconf 88' lang='lat' dir='ltr'>et</span> <span class='ocrx_word' id='word_1_752' title='bbox 2764 5655 3109 5722; x_wconf 88' lang='lat' dir='ltr'>eharitatem,</span> <span class='ocrx_word' id='word_1_753' title='bbox 3154 5668 3318 5724; x_wconf 89' lang='lat' dir='ltr'>quam</span> <span class='ocrx_word' id='word_1_754' title='bbox 3349 5650 3520 5707; x_wconf 85' lang='lat' dir='ltr'>habes</span> <span class='ocrx_word' id='word_1_755' title='bbox 3550 5649 3609 5705; x_wconf 91' lang='lat' dir='ltr'>in</span> <span class='ocrx_word' id='word_1_756' title='bbox 3636 5644 3813 5705; x_wconf 81' lang='lat' dir='ltr'>Domi-</span> 
     </span>
    </p>
   </div>
  </div>
