3908 6192
143 336 241 397 533

1077 324 1439 386 COMMENT.
1479 323 1550 381 IN
1588 318 1805 379 EPIST.
1847 321 1942 378 AD
1981 319 2464 380 PHILEMONEM.

3313 319 3422 382 33’s

145 483 265 525 num
284 464 486 532 Iesum,
513 472 567 522 et
600 465 658 524 in
689 484 880 525 omnes
902 474 1148 533 sanctos;
1186 472 1249 522 ut
1286 458 1714 523 communicatio
1742 449 1795 514 Α
1830 449 1982 506 "BIN
2034 466 2276 521 lenium.
2335 453 2430 517 sed
2483 471 2580 529 pro
2630 471 2788 514 servo
2844 452 3114 516 dilectum
3170 450 3418 519 fratrem.

146 566 228 611 tua
254 566 470 630 accepta
496 557 592 613 ﬁat
625 559 681 614 in
706 559 985 631 agnitione
1006 557 1185 614 omnis
1211 557 1365 624 boni,
1389 573 1509 628 quas
1539 553 1597 610 in
1626 564 1721 608 no-

143 644 220 700 bis
245 654 322 701 est
365 646 424 702 in
454 646 696 704 Christo.
739 672 758 694 ιι
800 647 1045 705 Gaudere
1078 664 1133 703 se
1164 647 1320 713 dicit,
1354 653 1408 702 et
1449 645 1562 698 Deo
1608 654 1721 711 gra-

143 733 238 788 tias
269 734 468 793 referre
499 737 556 792 in
586 737 841 810 precibus
870 738 1002 807 suis,
1027 738 1155 810 quia
1177 736 1371 794 ﬁrmus
1391 741 1504 789 erat
1534 730 1592 786 in
1617 726 1724 784 ﬁde

140 831 188 878 et
216 823 378 881 bonis
406 826 667 898 operibus
699 827 1020 886 insistebat:
1056 827 1148 901 qui
1181 827 1328 882 enim
1359 823 1543 896 diligit
1569 819 1724 880 Chri-

140 923 306 982 stum,
338 915 566 987 probare
594 917 700 975 hoc
735 919 894 975 debet
922 918 977 973 in
1009 935 1193 974 servos
1221 918 1339 988 ejus
1375 915 1516 986 (9’s),
1548 913 1725 970 sciens

138 1003 436 1058 Dominum
486 1005 591 1061 sibi
648 1007 1042 1080 imputaturum
1095 1005 1366 1078 quidquid
1413 1001 1726 1061 constiterit

139 1101 415 1163 erogatum
465 1094 523 1149 in
571 1094 761 1150 servis.
811 1094 1109 1166 Apostolus
1135 1102 1320 1150 tamen
1355 1092 1462 1150 hoc
1503 1107 1559 1148 se
1588 1090 1725 1150 dicit

139 1181 329 1240 addere
370 1183 646 1252 precibus,
700 1195 761 1242 ut
807 1187 1053 1258 operatio
1088 1185 1204 1258 ejus
1242 1202 1368 1243 cum
1411 1182 1726 1255 cognitione

142 1273 227 1329 ﬁat
254 1271 555 1342 bonitatis;
597 1275 703 1332 hoc
731 1284 830 1343 est,
865 1284 926 1331 ut
965 1276 1063 1332 tali
1093 1275 1198 1332 hoc
1236 1281 1418 1330 mente
1448 1280 1723 1346 operetur,

143 1370 198 1416 ut
227 1362 283 1416 in
313 1362 561 1418 futurum
591 1364 758 1436 hujus
788 1364 866 1420 rei
897 1373 1173 1438 exspectet
1201 1363 1527 1421 mercedem.

210 1452 386 1524 (Vers.
424 1454 500 1524 7.)
570 1477 587 1500 ε
641 1456 916 1515 Gaudium
966 1455 1112 1512 enim
1171 1471 1431 1527 magnum
1477 1450 1645 1509 habui
1675 1457 1728 1506 et

143 1543 564 1600 consolationem
620 1560 782 1616 super
829 1545 1099 1603 charitate
1152 1554 1283 1612 tua;
1340 1545 1470 1618 quia
1518 1544 1728 1599 viscera

143 1641 444 1689 sanctorum
501 1634 892 1706 requieverunt
951 1652 1048 1707 per
1099 1643 1185 1702 te,
1241 1634 1427 1689 frater.
1470 1657 1487 1680 ›
1541 1631 1728 1686 Mani—

142 1724 329 1780 festum
375 1731 456 1780 est
507 1725 637 1797 quia
686 1725 896 1782 idcirco
944 1743 998 1780 se
1049 1725 1322 1797 signiﬁcat
1374 1727 1556 1780 laetum
1589 1738 1722 1790 esse,

141 1815 264 1887 quia
309 1822 625 1871 sanctorum
673 1815 1090 1872 necessitatibus
1128 1815 1392 1872 utensilia
1436 1813 1728 1869 ministra—
1759 1807 1805 1868 B

142 1905 264 1972 bat;
305 1905 453 1963 unde
485 1915 537 1962 et
569 1907 690 1979 plus
721 1907 955 1979 gaudet,
985 1914 1167 1963 certus
1203 1923 1272 1962 ex
1320 1905 1424 1961 hoc
1453 1904 1582 1978 quia
1615 1902 1725 1959 ob-

143 2006 450 2068 sequeretur
502 2005 556 2054 et
607 1997 882 2054 mandatis
934 1996 1073 2070 ejus,
1131 2013 1294 2070 quem
1353 2003 1566 2053 constat
1611 2010 1725 2051 esse

141 2086 424 2156 potiorem.

209 2175 392 2246 (Vers.
425 2177 480 2243 8,
514 2177 596 2247 9.)
643 2199 660 2222 ι
701 2176 1046 2248 Quapropter
1073 2177 1303 2232 multam
1329 2175 1586 2232 ﬁduciam
1619 2174 1728 2228 ha—

138 2262 271 2319 bens
301 2263 359 2318 in
390 2263 610 2321 Christo
640 2264 946 2335 imperandi
975 2265 1102 2332 tibi,
1133 2265 1278 2338 quod
1309 2265 1376 2320 ad
1406 2280 1517 2320 rem
1549 2261 1730 2334 perti-

139 2359 267 2419 net;
333 2361 554 2424 propter
603 2353 930 2410 charitatem
987 2362 1170 2411 tamen
1223 2353 1393 2426 magis
1449 2352 1726 2424 deprecor,

141 2455 261 2496 cum
307 2441 383 2496 sis
417 2442 563 2510 talis,
609 2449 672 2498 ut
726 2443 930 2499 Paulus
977 2459 1192 2500 senex:
1252 2460 1401 2500 nunc
1447 2449 1629 2498 autem
1677 2446 1730 2495 et

144 2530 356 2588 vinctus
407 2531 617 2588 Christi
664 2532 812 2588 Jesu.
861 2556 880 2580 ι
932 2533 1211 2601 Quantum
1269 2534 1410 2590 ratio
1457 2529 1730 2604 exigebat,

145 2619 359 2692 dignum
425 2629 541 2677 erat
610 2621 878 2694 imperare
937 2622 1212 2694 discipulo
1282 2622 1602 2693 magistrum
1661 2635 1730 2673 ex

145 2707 334 2788 ﬁducia
373 2710 689 2783 apostolicae
736 2711 1121 2774 auctoritatis;
1161 2712 1255 2767 sed
1281 2710 1412 2783 quia
1439 2709 1529 2765 vir
1553 2709 1731 2765 bonus

143 2805 250 2853 erat
275 2798 586 2868 Philemon,
630 2817 726 2873 per
752 2801 1007 2858 affectum
1061 2801 1220 2858 illum
1261 2807 1522 2872 provocat
1551 2797 1730 2854 obau-

145 2885 271 2955 dire,
329 2889 485 2962 quasi
541 2906 788 2946 coasvum
846 2891 1039 2958 aztatis,
1102 2899 1156 2946 et
1209 2890 1460 2946 vinctum
1521 2887 1726 2946 Christi

145 2976 278 3047 Jesu,
337 2979 392 3036 id
445 2990 554 3049 est,
606 2981 908 3053 obligatum
965 2981 1201 3054 negotiis
1254 2979 1582 3048 Dominicis,
1639 2979 1727 3034 vel

145 3077 350 3142 prepter
377 3087 586 3130 nomen
611 3072 730 3144 ejus
756 3071 1066 3145 subjectum
1096 3071 1336 3128 vinculis
1358 3113 1371 3138 ,
1401 3071 1546 3128 sicut
1575 3075 1729 3125 erant

1831 539 2071 599 maxime
2097 542 2236 601 mihi
2259 561 2272 610 ;
2314 554 2518 617 quanto
2543 555 2723 606 autem
2758 546 2930 618 magis
2953 543 3060 606 tibi
3087 551 3141 607 et
3171 541 3228 598 in
3255 557 3418 603 carne

1831 638 1886 686 et
1914 631 1971 688 in
1991 631 2229 687 Domino
2251 631 2278 688 ?
2309 659 2326 681 ι
2361 633 2668 701 Onesimus,
2691 635 2896 690 offenso
2917 633 3142 690 domino
3173 630 3417 704 proprio,

1833 722 2080 792 confugit
2130 723 2291 794 longa
2349 724 2781 795 peregrinatione
2831 722 2899 779 ad
2943 723 3303 796 Apostolum;
3356 729 3419 782 ut

1835 813 2143 870 ostenderet
2197 830 2251 870 se
2308 829 2420 871 non
2476 813 2543 870 ad
2598 813 2706 870 hoc
2760 813 3062 878 recessisse,
3113 820 3175 866 ut
3228 809 3417 873 delicti

1835 911 1973 959 esset
2005 900 2300 970 obnoxius,
2353 903 2447 960 sed
2479 909 2539 958 ut
2584 901 2920 961 oblitteratis
2961 900 3215 971 peccatis,
3264 899 3421 954 utilis

1835 1001 2202 1048 reverteretur
2233 993 2289 1048 in
2319 999 2533 1048 tantum
2557 1036 2570 1059 ,
2602 999 2663 1046 ut
2708 1007 2818 1046 non
2861 989 3040 1046 solum
3071 986 3296 1042 domino
3324 999 3422 1041 suo

1835 1082 2060 1156 aequalis
2089 1082 2241 1139 ﬁeret
2278 1081 2510 1150 meritis,
2553 1082 2645 1138 sed
2675 1090 2729 1137 et
2776 1080 2879 1152 ipsi
2929 1077 3190 1149 magistro
3235 1075 3422 1131 frater.

1835 1171 1907 1226 Et
1941 1187 2010 1226 ne
2036 1170 2326 1228 Philemon
2355 1169 2602 1244 aliquod,
2635 1180 2696 1227 ut
2724 1169 2943 1238 assolet,
2978 1165 3133 1241 quasi
3168 1162 3426 1222 dominus

1836 1259 2127 1315 adversum
2161 1277 2400 1328 servum,
2448 1258 2731 1315 fastidium
2779 1255 3082 1314 inﬂationis
3127 1260 3424 1327 pateretur,

1836 1346 2096 1403 humiliat
2126 1349 2307 1417 illum,
2337 1365 2462 1405 cum
2491 1348 2627 1404 dicit
2653 1347 2812 1402 illum
2843 1346 3070 1400 fratrem
3091 1351 3144 1400 et
3177 1343 3236 1398 in
3266 1357 3428 1398 carne

1837 1444 1890 1492 et
1941 1436 1999 1491 in
2045 1437 2316 1505 Domino;
2371 1445 2466 1507 ut,
2519 1436 2734 1492 sublata
2784 1434 3041 1491 humanae
3091 1428 3428 1488 conditionis

1835 1541 2017 1592 causa,
2039 1523 2165 1598 quia
2187 1543 2377 1582 omnes
2405 1543 2473 1584 ex
2512 1541 2623 1582 uno
2649 1540 2838 1582 sumus
2874 1517 3072 1589 Adam,
3106 1521 3300 1576 fratres
3330 1535 3429 1574 nos

1837 1630 2274 1685 cognoscamus:
2329 1616 2570 1670 maxime
2613 1632 2736 1672 cum
2787 1613 2920 1670 ﬁdes
2965 1612 3176 1671 accedit
3227 1610 3425 1677 media,

1837 1720 1956 1776 qum
1985 1720 2200 1760 omnem
2232 1705 2544 1778 superbiam
2579 1712 2842 1776 amputat.

1911 1793 2094 1865 (Vers.
2133 1794 2246 1864 17.)
2301 1818 2319 1841 ι
2361 1794 2417 1850 Si
2449 1811 2576 1867 ergo
2606 1793 2773 1850 habes
2804 1809 2889 1850 me
2919 1791 3126 1848 socium
3161 1791 3301 1864 (96),
3333 1806 3430 1847 as—

1833 1897 1988 1936 sume
2016 1881 2177 1937 illum
2208 1882 2352 1940 sicut
2390 1898 2496 1939 me.
2531 1908 2549 1931 »
2592 1881 2824 1938 Tantum
2859 1897 2914 1936 se
2940 1879 3196 1936 affectum
3230 1877 3430 1935 habere

1833 1968 1978 2026 circa
2036 1970 2356 2028 Onesimum
2415 1971 2676 2039 ostendit,
2727 1977 2789 2027 ut
2839 1978 2972 2026 tunc
3024 1967 3428 2034 Philemonem,

1835 2074 1998 2132 quem
2047 2061 2297 2134 superius
2328 2060 2534 2131 laudat,
2588 2059 2909 2133 participem
2959 2075 3118 2115 suum
3158 2056 3328 2126 dicat,
3382 2073 3430 2112 si

1836 2146 2002 2204 istum
2035 2149 2113 2206 sic
2141 2151 2460 2223 susceperit,
2492 2150 2636 2208 sicut
2667 2149 3013 2224 Apostolum.
3046 2148 3161 2204 Hoc
3180 2153 3260 2203 est
3283 2144 3430 2202 enim

1838 2239 1983 2311 quod
2010 2239 2155 2297 dixit
2183 2241 2442 2300 Salomon
2485 2261 2497 2298 :
2545 2266 2564 2289 ι
2604 2241 2772 2298 Servo
2819 2237 3052 2314 sapienti
3101 2236 3260 2294 liberi
3310 2251 3432 2292 ser-

1839 2327 1992 2384 vient
2043 2329 2061 2402 (
2086 2331 2252 2386 Eccli.
2285 2349 2364 2400 x,
2403 2331 2536 2403 28).
2588 2356 2606 2380 ι
2653 2329 2810 2398 Quod
2857 2330 3067 2386 dictum
3119 2326 3314 2386 terrori
3352 2330 3434 2383 est

1839 2414 2174 2488 Philemoni,
2209 2427 2271 2475 ut
2301 2421 2493 2477 saltem
2525 2420 2613 2475 vel
2645 2418 2747 2476 hac
2775 2436 2936 2476 causa
2959 2423 3259 2475 assumeret
3283 2431 3428 2482 eum,

1837 2503 1883 2557 si
1914 2503 2178 2562 charitate
2208 2507 2355 2564 ﬂecti
2385 2524 2499 2564 non
2530 2516 2728 2580 posset.

1913 2605 2096 2678 (Vers.
2124 2607 2209 2676 18,
2244 2607 2358 2676 19.)
2406 2630 2426 2654 ι
2474 2607 2530 2662 Si
2580 2616 2762 2663 autem
2810 2604 3023 2678 aliquid
3054 2603 3195 2660 laesit
3235 2611 3305 2672 te,
3342 2609 3436 2658 aut

1839 2693 2058 2751 debitor
2085 2703 2188 2763 est,
2222 2693 2329 2752 hoc
2355 2693 2493 2753 mihi
2525 2693 2754 2766 imputa.
2785 2719 2804 2743 ι
2837 2694 2995 2752 Nunc
3028 2690 3438 2748 excusationem

1839 2782 2143 2843 iracundiae
2175 2783 2477 2850 convellit;
2521 2800 2589 2840 ne
2619 2782 2760 2840 forte
2798 2782 2878 2842 sic
2916 2782 3106 2838 laesum
3139 2797 3195 2836 se
3223 2793 3340 2836 esse
3373 2775 3440 2834 ab

1839 2891 1904 2930 eo
1933 2883 2274 2947 quereretur,
2306 2882 2366 2932 ut
2403 2874 2487 2932 illi
2522 2873 2925 2948 ignoscendum
2958 2872 3186 2930 minime
3214 2870 3440 2928 videre-

1837 2972 1949 3021 tur.
1975 2963 2131 3032 Quod
2154 2963 2199 3020 si
2225 2973 2383 3032 esset,
2411 2961 2516 3020 sibi
2551 2961 2940 3035 imputandum
2963 2961 3122 3030 dicit,
3153 2975 3252 3033 per
3272 2974 3432 3032 quem

1839 3055 1990 3126 regni
2017 3057 2283 3112 caelorum
2317 3052 2559 3111 baeredes
2594 3052 2768 3112 futuri
2797 3060 2945 3121 sunt,
2988 3050 3118 3128 quia
3145 3057 3271 3108 ante
3301 3063 3437 3122 pec-

147 3165 193 3213 et
220 3158 317 3231 ipsi
347 3163 608 3234 apostoli.
654 3163 808 3220 Tales
838 3163 985 3220 enim
1017 3164 1243 3220 fuerunt
1270 3161 1435 3219 Iudas
1466 3170 1520 3218 et
1562 3161 1724 3228 Silas,
1762 3168 1805 3228 ο
1839 3152 2122 3200 caverunt-

147 3246 249 3318 qui,
298 3266 418 3306 cum
459 3267 536 3308 ex
584 3251 742 3324 plebe
781 3261 980 3321 essent,
1036 3251 1304 3324 primores
1349 3252 1492 3308 inter
1537 3251 1730 3306 fratres

149 3337 277 3403 (Act.
316 3356 410 3408 xv,
460 3341 584 3413 22),
635 3341 1013 3414 obligaverunt
1062 3341 1384 3412 semetipsos
1425 3339 1732 3398 Dominicis

147 3427 381 3499 actibus;
439 3441 510 3489 ut
576 3450 688 3490 una
748 3451 874 3491 cum
936 3433 1254 3506 apostolicis
1315 3433 1731 3505 coagonizarent

148 3526 352 3588 propter
382 3521 551 3580 ﬁdem
580 3524 682 3581 Dei
713 3524 852 3592 (95).
886 3523 1043 3580 Unde
1076 3521 1217 3580 Silas
1253 3523 1525 3596 particeps
1572 3522 1732 3580 labo—

149 3620 257 3663 rum
287 3610 574 3671 invenitur
601 3615 871 3688 Apostoli.

215 3697 383 3765 (Vers.
419 3704 638 3772 10-14.)
686 3730 704 3753 ι
737 3705 973 3762 Obsecro
1002 3712 1076 3773 te,
1112 3720 1209 3777 pro
1247 3719 1369 3761 meo
1398 3703 1535 3772 ﬁlio,
1568 3719 1730 3777 quem

153 3787 300 3852 genui
349 3791 406 3847 in
440 3793 706 3863 vinculis,
761 3795 1020 3851 Onesimo
1059 3794 1335 3867 quondam
1379 3793 1482 3851 tibi
1518 3792 1729 3860 inutili,

153 3888 288 3933 nunc
312 3896 441 3936 vero
465 3882 567 3939 tibi
604 3883 848 3957 mihique
874 3884 1119 3957 perutili,
1144 3899 1305 3958 quem
1337 3882 1524 3938 remisi
1556 3881 1624 3938 ad
1655 3890 1727 3938 te.

153 3962 226 4020 Tu
251 3978 428 4028 autem
470 3975 629 4031 illum
674 3976 818 4034 sicut
864 3993 984 4032 mea
1011 3976 1219 4033 viscera
1263 3975 1518 4047 suscipe:
1568 3991 1730 4048 quem

154 4066 242 4123 ego
270 4060 549 4120 volueram
587 4067 730 4136 apud
777 4082 864 4122 me
906 4067 1084 4138 ipsum
1133 4066 1387 4133 retinere,
1419 4073 1482 4121 ut
1530 4081 1630 4136 pro
1680 4071 1734 4120 te

154 4143 282 4201 mihi
318 4150 658 4210 ministraret
703 4155 760 4210 in
805 4155 1046 4213 vinculis
1092 4155 1423 4226 Evangelii:
1477 4154 1569 4210 sed
1597 4153 1737 4210 citra

153 4237 301 4289 tuum
329 4241 625 4296 consilium
656 4243 796 4299 nihil
826 4246 980 4300 volui
1016 4245 1224 4309 facere;
1258 4251 1319 4299 ut
1348 4259 1458 4298 non
1487 4244 1640 4299 velut
1666 4259 1736 4299 ex

154 4325 473 4384 necessitate
511 4328 714 4387 bonum
743 4342 901 4389 tuum
933 4342 1094 4400 esset,
1143 4333 1236 4388 sed
1272 4333 1669 4388 voluntarium.
1704 4356 1722 4380 ι

155 4407 264 4467 Non
309 4433 570 4485 magnum
615 4429 696 4477 est
738 4421 1004 4478 humilem
1050 4420 1316 4478 inclinem
1352 4437 1426 4489 se,
1466 4420 1739 4480 laudabile

1915 3239 2096 3312 (Vers.
2127 3241 2241 3312 19.)
2289 3266 2307 3290 ι
2341 3240 2458 3313 Ego
2487 3240 2691 3297 Paulus
2729 3237 2921 3312 scripti
2963 3253 3131 3294 manu
3160 3251 3304 3304 mea,
3340 3253 3438 3308 ego

1840 3329 2099 3397 reddam;
2155 3338 2217 3386 ut
2266 3345 2377 3386 non
2423 3328 2602 3385 dicam
2633 3327 2735 3384 tibi
2771 3325 2918 3401 quod
2949 3327 3112 3382 etiam
3153 3332 3206 3382 te
3255 3323 3436 3396 ipsum

1839 3418 1981 3477 mihi
2010 3417 2195 3476 debes.
2233 3444 2250 3467 ι
2295 3419 2353 3475 Si
2392 3434 2499 3492 qua
2542 3417 2749 3475 offensa
2795 3426 2875 3473 est
2904 3413 3172 3484 Onesimi,
3218 3413 3438 3470 cautio-

1839 3523 1964 3564 nem
2011 3525 2168 3566 suam
2217 3516 2450 3566 testatur
2492 3523 2550 3564 se
2595 3522 2711 3564 esse
2756 3505 3050 3572 idoneam;
3096 3511 3158 3560 ut
3205 3519 3304 3577 pro
3337 3501 3437 3560 ilio

1840 3599 2156 3658 satisfaciat.
2211 3600 2282 3656 Et
2327 3608 2388 3656 ut
2428 3614 2620 3655 verum
2667 3598 2944 3671 loquatur,
2976 3584 3244 3668 suberigit
3274 3609 3348 3661 se,
3383 3601 3436 3650 et

1841 3687 1978 3746 dicit
2006 3689 2136 3762 quia
2163 3689 2346 3748 minus
2373 3688 2441 3745 ab
2471 3687 2570 3746 illo
2593 3685 2788 3759 exigit,
2820 3701 2985 3760 quam
3017 3683 3213 3742 debere
3243 3681 3435 3756 proba-

1839 3787 1950 3837 tur.
1978 3779 2042 3834 In
2066 3795 2225 3836 servo
2251 3777 2400 3836 enim
2429 3777 2646 3850 cogitur
2674 3775 3008 3842 satisfacere,
3043 3772 3172 3847 quia
3191 3771 3433 3844 seipsum

1840 3867 2026 3926 debito
2055 3876 2268 3928 onerat.

1915 3968 2097 4040 (Vers.
2130 3967 2219 4035 20,
2250 3965 2367 4037 21.)
2415 3990 2433 4013 ι
2473 3967 2554 4023 Ita
2599 3965 2789 4032 frater,
2838 3963 2921 4019 sic
2949 3978 3048 4032 ego
3093 3968 3148 4016 te
3190 3959 3342 4014 fruar
3377 3956 3435 4012 in

1842 4058 2103 4126 Domino,
2136 4056 2321 4112 refove
2352 4056 2563 4112 viscera
2602 4070 2726 4111 mea
2766 4053 2824 4110 in
2859 4050 3100 4110 Christo.
3148 4045 3435 4104 Fiduciam

1844 4147 2053 4204 habens
2097 4145 2470 4203 obauditionis
2512 4152 2642 4213 tuae,
2687 4141 2882 4216 scripsi
2921 4141 3044 4210 tibi,
3092 4140 3268 4198 sciens
3307 4135 3438 4211 quia

1844 4254 2009 4311 supra
2058 4254 2220 4310 quam
2272 4236 2417 4305 dico,
2474 4235 2660 4292 facies.
2716 4259 2734 4282 ι
2795 4232 2957 4290 Modo
3012 4230 3316 4301 blanditur,
3373 4237 3437 4286 ut

1845 4328 2128 4386 obauditio
2177 4327 2295 4400 ejus
2339 4327 2654 4385 voluntaria
2699 4313 2809 4396 sit;
2861 4333 2924 4383 ut
2973 4325 3144 4399 possit
3192 4324 3436 4381 fructum

1845 4419 2066 4476 habere.
2101 4419 2190 4478 Sic
2218 4418 2364 4474 enim
2398 4427 2658 4491 provocat
2697 4434 2844 4484 eum,
2877 4424 2940 4473 ut
2969 4415 3208 4488 amplius
3247 4412 3434 4479 faciat,

157 4518 276 4561 vero
303 4508 598 4566 sublimem
626 4512 809 4567 virum
843 4511 1138 4568 humiliare
1164 4527 1251 4577 se;
1292 4508 1414 4566 ideo
1442 4511 1733 4583 Apostolus
1763 4541 1811 4599 D
1845 4527 2007 4584 quam
2033 4511 2344 4584 postulatur
2362 4508 2430 4565 ab
2455 4525 2545 4578 eo;
2578 4511 2717 4567 solet
2745 4507 2893 4566 enim
2915 4505 3057 4574 ﬁeri,
3083 4511 3144 4560 ut
3165 4504 3262 4577 qui
3285 4499 3439 4557 videt

159 4604 300 4667 rogat
323 4615 477 4667 eum,
525 4601 612 4658 cui
656 4601 965 4675 imperandi
1013 4601 1174 4658 habet
1211 4607 1553 4672 potestatem,
1585 4607 1647 4656 ut
1677 4599 1734 4655 in

163 4695 407 4751 omnibus
437 4695 581 4752 318
612 4699 788 4755 forma
817 4698 890 4754 sit
921 4697 988 4755 ad
1035 4697 1342 4770 profectum
1390 4697 1736 4753 meritorum.

163 4781 469 4844 Onesimum
507 4806 632 4864 ergo
658 4789 951 4862 profugum
985 4795 1355 4845 recurrentem
1387 4787 1455 4844 ad
1484 4787 1739 4845 divinum

165 4873 442 4946 auxilium,
459 4896 582 4936 cum
606 4888 747 4937 esset
768 4880 824 4934 in
846 4878 1093 4935 custodia
1113 4876 1486 4946 urbisiRomm,
1505 4876 1742 4948 baptiza-

165 4959 238 5014 vit
258 4962 550 5036 Apostolus
573 4969 712 5035 (Act.
736 4986 943 5034 xxvnt,
968 4969 1076 5038 16),
1101 4967 1297 5025 videns
1317 4967 1374 5022 in
1406 4967 1506 5022 illo
1533 4965 1744 5021 utilita-

166 5046 231 5102 ίί³
255 5067 420 5122 Spem.
453 5056 623 5122 Quem
655 5057 736 5114 sic
776 5055 1143 5122 commendat,
1189 5062 1251 5111 ut
1295 5070 1454 5110 suum
1495 5052 1742 5107 animum

170 5133 221 5188 in
270 5139 362 5198 illo
409 5145 680 5218 signiﬁcet
728 5147 989 5204 idoneum
1038 5163 1108 5201 ex
1160 5143 1348 5202 inutili
1397 5142 1601 5199 factum
1633 5147 1744 5195 tam

169 5228 523 5300 saecularibus,
559 5251 718 5307 quam
747 5233 955 5290 divinis
969 5231 1282 5304 obsequiis.

236 5314 409 5383 (νει-ε.
441 5322 540 5390 15,
575 5323 688 5393 16.)
742 5346 762 5370 ι
805 5323 1056 5380 Forsitan
1093 5320 1242 5376 enim
1283 5319 1491 5376 idcirco
1527 5314 1749 5374 secessit

171 5400 231 5456 ad
261 5401 468 5476 horam,
488 5417 552 5465 ut
582 5411 638 5470 in
670 5418 933 5468 aeternum
962 5409 1122 5485 illum
1155 5407 1423 5480 reciperes
1448 5425 1459 5464 :
1498 5422 1610 5462 non
1633 5403 1749 5476 jam

393 5613 578 5686 Codex
606 5616 778 5684 Vall.,
811 5616 1042 5686 probare
1076 5615 1168 5668 hoc
1181 5614 1341 5686 debet
1368 5613 1429 5686 in
1452 5611 1592 5686 filios
1620 5608 1752 5678 ejus.

242 5681 353 5753 (95)
392 5685 552 5742 Rom.
585 5686 721 5743 edit.
753 5681 889 5754 sola,
920 5691 1139 5757 propter
1171 5685 1368 5739 Filium
1389 5682 1504 5737 Dei.

1846 4602 1985 4659 bene
2013 4603 2080 4659 de
2109 4618 2165 4658 se
2195 4599 2409 4668 sentiri,
2442 4600 2726 4656 meliorem
2765 4614 2822 4654 se
2852 4596 3108 4669 prasbeat.

1923 4692 2102 4764 (Vers.
2123 4692 2239 4758 22.)
2276 4715 2294 4738 ι
2323 4689 2498 4746 Simul
2531 4697 2714 4744 autem
2736 4694 2790 4742 et
2817 4698 3060 4756 praspara
3088 4678 3227 4734 mihi
3255 4675 3438 4746 hospi-

1850 4781 2024 4847 tium;
2060 4797 2216 4851 spero
2244 4780 2394 4836 enim
2421 4778 2567 4848 quod
2603 4793 2695 4847 per
2721 4773 2997 4830 orationes
3024 4774 3232 4822 vestras
3259 4765 3443 4821 dona-

1849 4871 1950 4926 bor
1978 4869 2155 4924 vobis.
2193 4893 2209 4914 ι
2255 4869 2326 4922 Ut
2354 4865 2732 4920 sollicitiorem
2773 4860 2932 4915 illum
2962 4855 3144 4922 faciat,
3175 4861 3229 4911 et
3272 4853 3444 4923 magis

1853 4959 2101 5024 obediat,
2152 4963 2452 5010 venturum
2505 4967 2560 5006 se
2607 4966 2724 5006 esse
2769 4948 2854 5002 illi
2903 4944 3211 5018 signiﬁcat;
3264 4943 3444 4999 solent

1853 5047 2000 5102 enim
2034 5044 2283 5099 absentes
2310 5038 2613 5096 contemni.
2665 5038 2736 5092 Et
2766 5042 2826 5090 ut
2867 5033 3002 5106 quid
3030 5032 3325 5105 Apostolus
3353 5030 3448 5090 hic

1855 5134 2036 5190 adhuc
2064 5147 2180 5186 esse
2215 5145 2326 5186 non
2356 5125 2703 5196 dedignatur,
2743 5121 2838 5193 qui
2877 5138 3087 5194 semper
3114 5119 3279 5178 taedia
3314 5135 3448 5192 pas-

1857 5240 1947 5279 sus
1971 5229 2052 5278 est
2083 5227 2136 5275 et
2166 5216 2357 5281 exitia,
2407 5211 2603 5279 caedes,
2645 5211 3071 5285 persecutiones,
3116 5227 3178 5267 ac
3205 5208 3450 5276 vincula,

1858 5322 1912 5371 et
1941 5311 2100 5383 cujus
2145 5307 2362 5381 requies
2403 5320 2516 5360 non
2563 5312 2701 5370 erat,
2750 5298 2861 5356 nisi
2915 5303 2973 5357 in
3020 5303 3138 5358 solo
3183 5297 3456 5358 Christo?

1861 5403 1966 5460 Sed
2000 5407 2224 5474 propter
2257 5394 2562 5470 profectum
2597 5391 2713 5464 (97)
2749 5386 3116 5459 credentium,
3144 5395 3206 5446 ut
3246 5393 3303 5440 et
3343 5383 3463 5441 ini—

1943 5603 2058 5672 (96)
2102 5600 2306 5657 Eadem
2342 5598 2500 5652 Rom.
2534 5584 2889 5672 edit.,_habes
2919 5607 3003 5672 me
3037 5585 3372 5672 particiggttt:

1946 5656 2061 5745 ξ9ἧ)
2104 5656 2204 5729 Sed
2251 5673 2474 5740 propter
2509 5656 2848 5735 profectum,
2899 5669 2958 5718 et
3011 5656 3130 5737 quae
3186 5656 3494 5723 sequuntur
