3908 6192
470 328 582 389 535
1496 324 1593 385 AD
1634 322 1868 385 OPERA
1905 323 1962 383 S.
2002 324 2336 385 AMBROSII
2371 323 2753 384 APPENDIX.
3693 321 3796 382 536

470 464 649 525 micos
690 462 871 524 crucis
921 459 1130 517 Christi
1174 462 1536 520 confunderet
1580 460 1649 516 ad
1692 456 1791 514 Dei
1839 455 2067 529 gloriam
2097 464 2147 523 Α
2180 475 2395 537 Βθῐηᾶδ,
2442 471 2636 536 Lucas,
2681 468 2959 541 adjutores
3004 463 3132 521 mei,
3167 485 3185 508 ι
3225 459 3336 516 Hos
3378 472 3580 515 omnes
3619 458 3797 529 pani-

472 561 969 633 augmentandam,
1012 576 1231 615 carnem
1278 574 1431 614 suam
1481 549 1829 626 passionibus
1871 548 2077 603 offerc-
2184 564 2332 636 cipes
2372 563 2558 635 gloria
2595 579 2706 618 sua,
2743 568 2997 617 testatur,

471 649 604 717 bat;
652 658 713 707 ut
756 649 954 705 anima
983 638 1093 704 δαδὶ
1128 657 1181 704 et
1209 645 1432 718 corpm'i
1463 656 1693 701 coronas
1732 637 2074 693 immortali“
2258 653 2438 724 (Vers.
2474 652 2590 723 25.)
2643 675 2662 699 α
2700 651 2887 707 Gratia
2924 646 3149 706 Domini
3194 641 3371 699 nostri
3415 641 3550 697 Iesu
3581 639 3792 697 Christi

474 741 605 799 tatis
633 739 958 813 acquireret.

2247 762 2310 800 Lm
2339 744 2537 817 spiritu
2568 751 2771 803 vestro.
2813 759 2992 799 amen.
3025 766 3045 789 ιι
3089 741 3220 796 Haec
3260 734 3601 806 subscriptio
3629 731 3790 807 Apo—

550 846 733 917 (Vers.
772 848 861 915 23,
900 846 1017 915 24.)
1064 869 1081 891 α
1111 845 1323 901 Salutat
1372 851 1425 900 te
1473 841 1759 913 Epaphras
1795 834 2075 909 concap'i-
2182 837 2313 894 stoli
2340 843 2423 891 est
2452 834 2832 892 conﬁrmantis
2859 834 3147 908 epistolam
3179 832 3405 889 missam
3443 829 3591 903 (98).

477 950 582 992 vus
630 952 787 992 meus
816 935 873 991 in
924 935 1147 995 Christo
1195 936 1366 992 Jesu:
1425 935 1660 1001 Marcus,
1694 930 2068 997 Aristarchus,

475 1050 541 1107 ad
608 1050 774 1123 ﬁnem
838 1069 1012 1123 usque
1076 1055 1500 1119 commentarii,
1565 1056 1951 1113 desiderantur
2015 1054 2071 1109 in
2256 1053 2370 1111 (98l
2413 1049 2820 1123 Commentaria
2864 1049 2921 1123 in
2964 1048 3252 1123 epistolam
3294 1046 3363 1103 ad
3394 1046 3791 1123 Hebraeoscur

474 1122 729 1196 pluribus
755 1118 1085 1196 optim'aaque
1116 1135 1259 1183 notae
1286 1118 1606 1182 codicibus:
1648 1128 1703 1182 in
1737 1129 1862 1183 aliis
1885 1136 2070 1182 tamen
2182 1126 2240 1180 in
2286 1124 2429 1180 hanc
2483 1122 2781 1196 editionem
2830 1119 3174 1196 admittenda
3223 1135 3337 1174 non
3381 1118 3506 1196 visa
3536 1118 3782 1196 fuerint,

474 1189 806 1258 nonnullis;
834 1213 934 1253 nec
980 1189 1091 1253 non
1131 1197 1189 1253 in
1221 1198 1479 1254 omnibus
1508 1198 1850 1257 editionibus
1879 1198 2069 1255 eadem
2180 1212 2371 1253 causas
2416 1193 2706 1250 attulimus
2752 1192 2811 1247 in
2855 1190 3250 1247 Admonitione
3296 1189 3582 1245 universis
3635 1189 3784 1245 hisce

473 1265 573 1321 illa
602 1267 974 1351 reperiuntur.
2180 1265 2594 1324 commentariis
2620 1281 2652 1320 a
2679 1262 2841 1319 nobis
2873 1261 3171 1335 praemissa,
3202 1278 3376 1335 quam
3406 1261 3661 1318 consule.

949 1483 1066 1568 IN
1138 1484 1814 1584 SEQUENTEM
1882 1481 2565 1569 TRACTATUM
2632 1477 3304 1566 ADMONITIO.

541 1733 728 1800 Liber,
760 1748 919 1807 quem
953 1733 1302 1806 subjicimus,
1344 1750 1376 1790 a
1403 1734 1661 1791 Romanae
1692 1732 1955 1790 editionis
1997 1730 2344 1791 curatoribus
2372 1729 2521 1786 inter
2552 1729 2789 1800 genuina
2831 1728 3007 1787 sancti
3035 1727 3315 1785 Ambrosii
3348 1744 3510 1800 opera
3544 1729 3780 1800 primum

467 1823 726 1891 vulgatus
755 1831 837 1879 est
881 1822 984 1880 sub
1027 1823 1135 1880 hoc
1172 1825 1383 1881 titulo:
1435 1826 1503 1881 In
1551 1825 1853 1893 Symbolum
1890 1822 2267 1894 Apostolorum
2314 1822 2615 1876 Tractatus.
2661 1822 2735 1874 At
2781 1817 2909 1874 licet
2962 1833 3139 1889 neque
3188 1816 3587 1873 bibliothecam
3640 1817 3784 1872 unde

467 1910 755 1983 prodierit,
791 1927 965 1985 neque
993 1912 1392 1984 exemplarium
1431 1929 1500 1968 ex
1542 1912 1744 1983 quibus
1785 1911 1953 1981 prelo
1994 1910 2320 1967 commissus
2359 1908 2453 1975 sit,
2500 1906 2825 1980 qualitatem
2860 1907 2969 1962 viri
3015 1905 3308 1963 clarissimi
3351 1904 3512 1962 nobis
3557 1905 3786 1963 indica-

468 1999 672 2066 verint,
723 2016 836 2056 non
880 2000 1110 2071 proinde
1153 2000 1413 2057 haesimus
1460 2000 1516 2055 in
1555 1999 1879 2072 judicando,
1931 2000 2029 2056 sed
2076 2016 2147 2055 ex
2194 1998 2375 2069 prima
2418 1995 2539 2067 ejus
2585 1995 2821 2051 lectione
2866 1993 3059 2051 mirari
3106 1993 3276 2051 subiit
3301 1992 3489 2050 doctos
3516 1993 3696 2061 viros,
3733 2003 3784 2048 et

469 2086 725 2142 acumine
751 2088 948 2144 critico
979 2089 1248 2158 pollentes
1274 2089 1573 2158 exstitisse,
1604 2089 1697 2162 qui
1738 2089 1882 2145 hanc
1910 2089 2144 2159 Opellam
2176 2086 2397 2155 ingenio
2436 2086 2695 2157 styloque
2727 2084 3095 2141 Ambrosiano
3142 2083 3301 2155 plane
3326 2080 3649 2137 destitutam
3683 2096 3782 2152 pro

469 2175 719 2245 legitimo
748 2178 922 2234 sancti
964 2179 1218 2234 Doctoris
1255 2187 1414 2251 partu
1457 2179 1826 2235 admisissent.
1875 2177 2047 2235 Nobis
2084 2186 2268 2233 tamen
2314 2176 2491 2231 multo
2538 2174 2714 2247 major
2746 2182 2875 2231 nata
2903 2182 2985 2230 est
3017 2173 3331 2239 admiratio,
3373 2187 3500 2227 cum
3546 2187 3779 2243 apogra-

467 2263 596 2335 phis
624 2263 861 2332 duobus,
894 2282 1128 2338 quorum
1170 2268 1404 2323 alterum
1434 2284 1463 2323 e
1493 2267 1834 2325 bibliotheca
1862 2267 2049 2338 Regia,
2080 2266 2314 2323 alterum
2344 2282 2374 2321 e
2404 2264 2673 2321 Vaticana
2698 2264 3095 2336 transcriptum
3127 2263 3416 2330 habemus,
3459 2260 3529 2316 ad
3562 2277 3780 2317 memo-

468 2357 640 2406 ratam
672 2352 887 2408 collatis
917 2354 1239 2424 editionem,
1271 2367 1537 2430 quantum
1572 2358 1689 2415 haec
1729 2357 1797 2414 ab
1837 2358 1949 2413 illis
1986 2355 2269 2423 dissideat,
2321 2354 2717 2411 intelleximus.
2768 2354 2906 2410 Tum
2938 2370 3070 2410 vero
3116 2370 3229 2410 non
3274 2352 3407 2408 satis
3450 2350 3776 2418 sciebamus,

467 2456 537 2495 an
574 2443 745 2512 magis
776 2442 1096 2502 detestanda
1138 2457 1278 2503 esset
1325 2448 1644 2520 impostoris
1674 2447 2037 2521 impudentia,
2069 2448 2161 2520 qui
2194 2447 2345 2502 hunc
2374 2455 2667 2503 tractatum
2694 2454 2803 2502 tam
2837 2446 2980 2503 foede
3022 2446 3417 2518 interpolatum
3450 2459 3515 2500 ac
3541 2441 3778 2498 detrun-

468 2540 651 2589 catum
693 2532 1074 2592 illustrissimo
1110 2539 1368 2595 Romanae
1398 2541 1660 2597 editionis
1701 2540 1918 2612 prasidi
1951 2556 2049 2612 pro
2078 2553 2211 2592 sano
2234 2544 2288 2591 et
2329 2536 2543 2608 integro
2580 2535 2889 2607 supposuit,
2926 2551 2996 2590 an
3029 2533 3279 2591 dolenda:
3310 2533 3462 2589 vices
3490 2531 3775 2588 doctorum

470 2620 787 2690 hominum,
820 2624 1023 2696 quibus
1066 2629 1415 2697 postmodum
1460 2629 1724 2702 imposuit
1751 2628 1936 2685 eadem
1976 2626 2164 2683 editio.
2216 2626 2288 2680 Et
2334 2641 2463 2681 sane
2505 2626 2604 2679 vix
2647 2623 2870 2680 aliunde
2918 2624 3121 2680 clarius
3162 2620 3561 2696 deprehendas,
3614 2634 3773 2692 quam

467 2710 631 2767 facile
661 2713 734 2768 sit
761 2714 924 2769 etiam
957 2716 1350 2774 eruditissimis
1378 2718 1515 2775 viris
1561 2720 1745 2775 fucum
1778 2719 1990 2783 facere;
2024 2723 2086 2771 ut
2114 2714 2258 2771 enim
2291 2714 2427 2769 alias
2472 2714 2974 2785 praetermittamus,
3025 2719 3242 2769 constat
3280 2710 3335 2765 in
3382 2708 3633 2764 fraudem
3682 2707 3775 2762 in-

471 2799 702 2857 ductum
742 2818 857 2857 esse
895 2805 1183 2861 Petavium
1218 2808 1395 2879 ipsum
1429 2808 1553 2876 (lib.
1596 2824 1653 2863 ιν
1691 2809 1753 2863 de
1791 2809 1941 2864 Trin.
1983 2822 2103 2877 cap.
2144 2805 2197 2873 3,
2241 2821 2395 2860 num.
2434 2806 2489 2871 6,
2528 2813 2582 2860 et
2604 2822 2722 2877 cap.
2760 2806 2847 2873 i5,
2879 2821 3034 2861 num.
3066 2804 3148 2875 5),
3188 2819 3315 2859 cum
3348 2802 3505 2869 alibi,
3536 2808 3653 2856 tum
3684 2800 3776 2855 ubi

468 2890 538 2947 de
567 2912 701 2952 voce
746 2897 1009 2966 suppositi
1041 2914 1206 2969 agens
1237 2900 1311 2955 ita
1355 2899 1635 2972 disputat:
1692 2899 1960 2967 Sequitur,
1994 2896 2175 2969 inquit
2219 2894 2382 2955 (Ibid.
2428 2909 2545 2965 cap.
2593 2895 2650 2962 5,
2709 2911 2865 2949 num.
2912 2894 3027 2963 i3),
3078 2892 3337 2963 suppositi
3385 2907 3594 2955 nomen,
3641 2890 3777 2960 quod

466 2983 645 3037 minus
675 2985 992 3039 Latinorum
1020 2988 1244 3042 Patrum
1274 3007 1375 3044 usu
1396 2989 1674 3044 contritum
1707 2995 1783 3043 est
1808 2988 1866 3041 in
1893 3005 1955 3042 ea
1985 2984 2385 3056 signiﬁcatione,
2414 3001 2531 3055 qua:
2554 2984 2757 3055 passim
2785 2984 2837 3039 in
2867 2984 3057 3039 scholis
3083 2982 3327 3049 auditur,
3357 2988 3419 3036 ut
3443 2980 3517 3035 sit
3540 2982 3777 3051 hyposta-

467 3072 541 3126 sis
568 3079 669 3127 aut
701 3090 948 3143 persona.
991 3077 1153 3148 Apud
1180 3080 1523 3135 Ambrosium
1562 3086 1732 3134 tamen
1767 3077 1998 3132 occurrit
2029 3076 2119 3130 lib.
2153 3074 2209 3127 in
2248 3074 2421 3145 Symb.
2466 3074 2706 3145 Apostol.
2747 3090 2863 3144 cap.
2907 3072 2991 3128 i2.
3028 3072 3212 3136 Hanc,
3252 3069 3447 3140 inquit,
3489 3085 3594 3140 pro
3623 3071 3778 3123 totius

466 3161 687 3217 humani
713 3165 918 3232 generis
943 3168 1114 3222 salute
1140 3169 1196 3222 in
1225 3169 1427 3224 unitate
1455 3166 1716 3240 suppositi
1750 3165 2056 3236 assumpsit.
2084 3162 2205 3230 Quo
2242 3161 2347 3218 loci
2380 3160 2663 3218 advertere
2692 3171 2775 3218 est
2801 3161 3079 3233 duplicem
3118 3160 3177 3215 in
3219 3174 3461 3215 errorem
3495 3156 3776 3229 impegisse

465 3247 648 3305 virum
681 3250 1086 3325 doctissimum,
1127 3266 1181 3314 et
1221 3257 1368 3330 quod
1412 3257 1703 3314 Ambrosio
1744 3256 1888 3312 hanc
1922 3252 2442 3309 commentationem
2480 3251 2840 3324 adjudicarit,
2871 3259 2928 3306 et
2955 3250 3104 3323 quod
3136 3248 3303 3306 verba
3330 3248 3429 3304 illa
3458 3256 3715 3320 tanquam
3746 3254 3774 3301 a

465 3350 598 3392 vero
628 3338 871 3410 ejusdem
903 3352 1129 3401 auctore
1160 3345 1403 3415 profecta
1434 3346 1706 3412 citaverit,
1737 3362 1857 3418 quae
1885 3353 2071 3401 tamen
2106 3358 2222 3399 non
2252 3353 2384 3400 sunt
2414 3345 2523 3402 nisi
2554 3346 2725 3403 solius
2755 3344 3183 3416 interpolatoris.

539 3425 881 3501 QuaprOpter
908 3447 978 3486 ne
1008 3434 1133 3502 quis
1172 3435 1229 3489 in
1268 3444 1545 3506 posterum
1578 3434 1647 3492 ad
1681 3436 1825 3492 idem
1856 3452 2051 3492 saxum
2093 3435 2486 3510 hallucinetur,
2528 3439 2792 3513 subjectis
2836 3440 2894 3495 in
2924 3441 3169 3511 margine
3198 3437 3612 3502 assutamentis,
3641 3434 3772 3489 inte-

465 3532 622 3587 grum
653 3520 835 3588 operis
878 3528 1092 3574 textum
1132 3526 1647 3593 repraesentabimus
1675 3543 1744 3582 ex
1786 3527 1893 3583 ﬁde
1935 3525 2326 3597 praedictorum
2355 3530 2792 3602 exemplarium;
2844 3530 2902 3585 in
2941 3529 3143 3602 quibus
3171 3537 3354 3584 tamen
3392 3523 3605 3597 aliquid
3638 3538 3773 3594 prae-

466 3602 716 3671 cessisse,
748 3607 895 3676 quod
922 3608 1167 3678 perierit,
1193 3627 1261 3665 ex
1300 3613 1689 3683 conjonctione
1716 3616 1901 3683 igitur,
1930 3630 2049 3686 qua;
2079 3616 2266 3672 statim
2294 3618 2505 3690 excipit
2533 3618 2768 3689 primam
2794 3635 3010 3688 vocem,
3056 3617 3404 3689 intelligitur.
3444 3614 3669 3671 Certum
3697 3619 3773 3666 est

470 3699 735 3790 praeterea
767 3695 1184 3769 inscriptionem
1213 3700 1409 3772 ipsam,
1446 3719 1567 3775 quae
1595 3721 1626 3760 a
1654 3703 1813 3759 nobis
1843 3706 2147 3777 praeﬁgitur
2165 3724 2234 3763 ex
2260 3709 2673 3781 manuscriptis,
2707 3718 2769 3766 ut
2798 3725 2860 3765 ea
2889 3725 3051 3782 quam
3084 3708 3306 3781 proprio
3337 3712 3512 3762 marte
3547 3702 3772 3758 inditam

468 3776 606 3836 huic
634 3781 777 3839 libro
807 3785 1109 3845 voluerunt
1138 3788 1376 3849 editores
1417 3793 1671 3862 Romani,
1705 3793 1854 3849 haud
1885 3776 2045 3865 paulo
2092 3796 2287 3853 melior
2316 3776 2612 3866 videatur;
2663 3815 2776 3855 non
2817 3776 2999 3856 tanien
3034 3776 3430 3870 vitio-prorsus
3474 3794 3772 3849 immunem

463 3882 599 3936 esse,
633 3886 760 3928 cum
789 3874 1035 3931 universi
1067 3880 1397 3951 argumenti,
1433 3879 1581 3953 quod
1626 3889 2012 3955 pertractatur.
2058 3887 2293 3958 speciem
2340 3898 2504 3963 atque
2555 3890 2734 3946 ideam
2763 3907 2877 3947 non
2919 3906 3030 3963 pra;
3069 3905 3124 3946 se
3172 3889 3331 3944 ferat.
3385 3886 3686 3941 Enimvero
3718 3881 3772 3935 in

462 3966 573 4015 tres
602 3970 782 4033 partes
810 3965 1167 4023 distribuitur
1193 3968 1294 4024 iste
1325 3971 1548 4027 libellus
1580 3972 1722 4045 (cap.
1750 3975 1838 4040 15,
1866 3974 1925 4029 in
1956 3972 2089 4043 ﬁne)
2126 3992 2137 4030 :
2169 3991 2402 4047 quarum
2431 3977 2655 4051 quidem
2686 3978 2866 4051 prima
2889 3986 2972 4034 est
2995 3977 3063 4034 de
3092 3977 3396 4042 Trinitate;
3440 3982 3500 4029 at
3544 3966 3775 4028 secunda

465 4052 525 4146 in
555 4053 905 4115 discutienda
952 4061 1350 4120 incarnationis
1382 4066 1688 4122 Dominicae
1733 4065 2002 4138 mysterio
2045 4076 2312 4125 versatur.
2362 4071 2545 4126 Tertia
2571 4071 2639 4127 de
2684 4072 3086 4127 resurrectione
3115 4079 3460 4127 mortuorum
3510 4065 3771 4136 disputat,

462 4154 516 4200 et
573 4163 693 4218 quae
746 4159 941 4207 contra
997 4154 1141 4211 hanc
1196 4156 1484 4213 veritatem
1542 4156 1947 4228 objiciebantur
2001 4155 2069 4211 ab
2128 4154 2438 4226 haereticis,
2492 4157 2680 4213 diluit.
2737 4157 2911 4213 Addit
2967 4159 3131 4214 etiam
3185 4156 3289 4213 sub
3345 4154 3515 4210 ﬁnem
3574 4156 3776 4208 Auctor

463 4229 660 4301 Operis
689 4232 795 4290 hoc
824 4237 1001 4307 ipsum
1031 4257 1062 4295 a
1105 4258 1162 4297 se
1192 4259 1261 4297 ex
1289 4244 1512 4300 Patrum
1541 4244 1762 4317 scriptis
1790 4262 1908 4302 esse
1938 4246 2252 4303 collectum.
2298 4246 2369 4302 Et
2415 4264 2606 4304 revera
2632 4263 2746 4304 non
2776 4263 2978 4319 paucos
3010 4248 3158 4303 locos
3186 4245 3282 4302 hic
3322 4244 3659 4317 agnovimus
3685 4247 3773 4295 aut

461 4338 564 4394 pro
596 4323 823 4395 ingenio
851 4329 1111 4386 Auctoris
1139 4333 1401 4390 nonnihil
1436 4336 1781 4405 immutatos,
1816 4346 1912 4393 aut
1949 4349 2093 4408 saepe
2120 4334 2285 4389 etiam
2326 4333 2520 4390 iisdem
2551 4334 2735 4391 verbis
2763 4342 2956 4389 mutuo
2986 4341 3254 4405 sumptos,
3289 4331 3385 4404 qui
3426 4346 3499 4385 ex
3544 4329 3772 4395 Hilario,

462 4411 551 4465 vel
583 4412 900 4481 Ambrosio,
945 4419 1035 4472 vel
1075 4420 1387 4490 Augustino
1429 4422 1589 4493 petiti
1645 4432 1844 4480 essent.
1892 4423 2104 4491 Quibus
2151 4421 2421 4477 accedunt
2470 4438 2665 4495 magna
2708 4423 3016 4494 fragmenta
3059 4437 3089 4476 e
3138 4419 3298 4476 libris
3341 4417 3695 4481 Tertulliani,
3723 4422 3771 4470 et

461 4500 793 4573 Hieronymi
838 4504 896 4559 in
943 4505 1140 4561 Isaiam
1172 4507 1619 4579 Commentariis,
1670 4513 1815 4585 quod
1857 4513 2120 4568 ultimum
2166 4527 2324 4583 opus,
2374 4528 2501 4568 cum
2550 4528 2662 4568 non
2692 4513 2800 4569 nisi
2844 4519 3237 4585 post-mortem
3271 4508 3558 4566 Ambrosii
3612 4510 3772 4564 lucu-

458 4590 682 4647 bratum
721 4591 817 4661 sit,
864 4594 951 4649 vel
981 4596 1161 4651 solum
1192 4595 1442 4668 detegere
1476 4609 1658 4669 posset
1701 4602 2085 4673 imposturam,
2115 4608 2177 4656 ut
2216 4614 2563 4671 nequaquam
2593 4600 2812 4656 necesse
2841 4602 2915 4657 sit
2942 4599 3008 4656 ad
3053 4600 3188 4671 styli
3219 4615 3285 4656 ac
3308 4599 3588 4654 versionis
3613 4597 3770 4653 testi-

458 4679 775 4736 moniorum
804 4697 833 4737 e
871 4682 1172 4755 Scripturis
1201 4684 1373 4741 sacris
1424 4686 1781 4759 allegatorum
1813 4689 2111 4746 discrimen
2145 4703 2444 4744 recurrere.
2481 4687 2601 4755 Quo
2633 4704 2795 4759 porro
2817 4696 2872 4745 et
2919 4704 3006 4745 res
3034 4687 3129 4743 ﬁat
3155 4688 3396 4760 planior,
3431 4696 3488 4744 et
3517 4687 3769 4743 brevitati

459 4767 648 4912 eadgm
677 4786 841 4841 opera
867 4772 1209 4841 consulatur,
1255 4788 1376 4846 quas
1422 4773 1556 4833 huic
1588 4776 1776 4835 libello
1805 4778 2028 4835 aliunde
2074 4777 2280 4834 inserta
2318 4778 2808 4851 deprehendimus,
2855 4782 2926 4840 ad
2955 4782 3232 4855 margines
3268 4798 3298 4838 e
3336 4781 3563 4854 regione
3593 4795 3773 4837 anno-

459 4863 550 4911 tan
591 4874 624 4912 a
659 4860 994 4912 curavimus.

456 4860 624 4914 tanda
659 4860 994 4918 curavimus.

531 4944 800 5039 Caeterum
823 4948 871 5003 si
892 4949 1016 5021 quis
1036 4966 1137 5007 nos
1164 4960 1339 5023 roget,
1360 4955 1584 5012 cuinam
1604 4958 1820 5013 auctori
1851 4957 2059 5015 hancce
2080 4962 2316 5032 opellam
2346 4963 2754 5036 adjudicemus;
2789 4965 3025 5039 ingenue
3055 4965 3517 5039 respondebimus
3547 4967 3606 5023 in
3626 4971 3771 5021 tanta

459 5038 859 5108 exemplarium
891 5042 1166 5113 paucitate
1196 5044 1263 5099 de
1292 5044 1400 5102 hoc
1436 5063 1469 5102 a
1498 5046 1660 5103 nobis
1691 5047 1835 5102 nihil
1868 5047 2141 5118 explorati
2171 5050 2354 5125 aﬂ‘erri
2391 5069 2568 5124 posse.
2609 5053 2671 5110 Id
2700 5038 2885 5110 tamen
2922 5061 3074 5110 certo
3102 5038 3288 5112 dicere
3319 5054 3454 5110 licet
3482 5056 3767 5127 antiquum

456 5128 942 5227 es§e_3°'ipt°'9m
996 5131 1178 5200 illum,
1228 5150 1343 5189 non
1395 5137 1573 5191 solum
1619 5135 1767 5208 quod
1815 5135 1991 5192 codex
2037 5138 2259 5207 Regius,
2312 5144 2371 5200 in
2413 5160 2524 5218 quo
2554 5146 2874 5203 continetur
2903 5146 3007 5202 ista
3049 5147 3463 5216 commentatio,
3511 5164 3686 5204 annos
3713 5153 3770 5200 ut

457 5225 751 5273 minimum
781 5230 1073 5278 sexcentos
1113 5239 1223 5294 pra:
1270 5240 1328 5280 se
1374 5225 1535 5294 ferat,
1568 5242 1763 5282 verum
1794 5226 1958 5283 etiam
2004 5228 2148 5299 quod
2195 5230 2251 5286 in
2283 5233 2471 5290 eadem
2514 5234 2725 5290 nullius
2764 5234 3008 5291 haeretici
3040 5236 3149 5292 nisi
3179 5236 3385 5292 veteris
3413 5236 3513 5292 ﬁat
3543 5236 3765 5292 mentio.

455 5303 562 5361 Sed
591 5322 767 5379 neque
798 5309 1036 5366 nimium
1062 5311 1395 5383 conjecturae
1424 5329 1526 5369 nos
1554 5315 1865 5384 paenitebit,
1888 5316 1978 5370 sic
2010 5315 2160 5374 hunc
2191 5322 2442 5380 libellum
2473 5332 2529 5381 et
2572 5324 2835 5381 adversus
2863 5322 3415 5380 Priscillianistarum
3450 5325 3546 5395 (de
3574 5323 3770 5398 quibus

452 5398 687 5467 August.
719 5399 818 5456 lib.
849 5401 912 5455 de
938 5403 1137 5458 Haeres.
1168 5420 1289 5475 cap.
1325 5403 1416 5475 70)
1448 5412 1652 5461 sectam
1679 5407 1915 5474 editum,
1945 5414 2001 5462 et
2030 5409 2271 5466 concilio
2299 5411 2389 5466 sin
2431 5411 2616 5468 minus
2647 5413 2909 5468 Toletano
2946 5412 3149 5482 primo,
3192 5412 3385 5469 saltem
3418 5410 3766 5468 Braccareusi

455 5486 718 5555 secundo,
763 5489 911 5560 quod
940 5507 1086 5547 anno
1126 5494 1232 5550 563
1269 5496 1437 5566 vulgo
1483 5497 1729 5566 ponitur,
1775 5497 2180 5554 crediderimus
2228 5516 2522 5572 supparem
2566 5520 2699 5559 esse.
2748 5503 2971 5559 Etenim
3002 5503 3192 5559 eadem
3229 5503 3411 5574 capita
3449 5503 3542 5558 hic.
3570 5503 3772 5573 dispu-

454 5577 677 5669 tantur,
712 5591 831 5645 quas
860 5587 1059 5669 contra
1087 5581 1304 5669 eosdem
1337 5582 1626 5637 haereticos
1656 5583 1713 5639 in
1760 5586 1960 5655 synodi
1991 5585 2267 5641 Toletauae
2297 5590 2498 5659 Regula
2534 5590 2707 5657 Fidei,
2755 5589 2809 5645 in
2854 5589 3087 5660 epistola
3132 5591 3199 5645 15
3244 5588 3419 5645 sancti
3466 5590 3671 5644 Leonis
3700 5586 3764 5641 ad

456 5656 799 5728 Turribium,
847 5670 901 5717 et
951 5666 1007 5719 in
1042 5668 1256 5737 synodo
1304 5670 1651 5726 Braccarensi
1704 5674 1940 5728 secunda
1993 5656 2428 5731 constituunttu'.
2485 5656 2794 5734 Admodum
2825 5656 2953 5749 et'go
2991 5677 3272 5747 probabile
3300 5687 3381 5733 est
3434 5678 3584 5735 [tunc
3614 5693 3763 5732 eum-
