3908 6192
169 369 268 427 537
1308 366 1404 425 DE
1441 366 1818 426 TRINITATE
1856 366 2290 427 TRACTATUS.
3354 379 3460 438 538

166 497 283 554 dem
336 501 631 552 tractatum
681 510 794 550 non
823 494 890 552 ad
929 494 1317 568 exponendum
1346 494 1731 567 Apostolorum
1768 494 2103 566 symbolum,
2131 493 2224 550 sed
2252 495 2320 550 ad
2353 496 2742 557 vindicandam
2773 502 3088 560 Toletanam
3124 503 3252 561 ﬁdei
3288 521 3461 578 regu-

166 587 267 641 lam
300 584 569 656 scriptum
609 582 800 639 fuisse.
852 584 1010 651 Quod
1057 584 1205 640 enim
1239 585 1298 640 in
1328 600 1391 641 ea
1427 592 1803 639 memorantur
1848 583 2071 656 quidam
2120 598 2349 651 errores,
2394 601 2625 656 quorum
2665 587 2723 644 in
2768 589 2864 646 illo
2896 592 3105 648 mentio
3134 610 3245 649 non
3282 594 3367 662 ﬁt,
3402 595 3458 650 id

162 670 287 727 inde
314 679 496 727 ortum
542 671 953 741 existimamus,
984 674 1071 728 vel
1103 674 1249 745 quod
1280 682 1470 730 auctor
1512 673 1817 745 pracipuos
1845 679 2061 729 tantum
2104 671 2387 742 delegerit,
2421 690 2557 745 quos
2584 676 2877 745 refelleret,
2926 680 3012 734 vel
3046 682 3192 753 quod
3234 682 3320 738 illi
3348 683 3457 754 ipsi

160 760 407 818 hatretici
433 778 533 833 pro
562 761 750 817 innata
779 761 885 817 sibi
919 763 1140 819 levitate
1174 779 1237 820 ac
1284 763 1653 820 inconstantia
1698 761 1915 818 eosdem
1963 776 2173 815 errores
2195 757 2309 829 jam
2344 760 2707 818 abdicassent.
2741 764 2871 819 Veri
2901 766 3065 822 etiam
3105 769 3455 827 simillimum

159 858 237 905 est
280 866 393 905 non
438 850 546 904 alia
592 850 660 906 de
701 867 864 907 causa
909 852 1160 908 eumdem
1217 853 1420 908 librum
1457 852 1735 908 Ambrosii
1784 849 2008 905 nomine
2053 848 2379 920 insignitum
2430 866 2565 917 esse,
2598 850 2706 906 nisi
2738 852 2867 923 quia
2894 862 3169 911 constaret
3206 867 3455 914 sanctum

155 938 451 995 Praesulem
510 948 700 995 contra
752 948 1082 995 memoratos
1148 940 1435 997 haereticos
1482 938 1872 1012 conscripsisse
1927 954 2091 1011 opera
2154 938 2291 993 bene
2347 940 2541 1007 multa,
2603 957 2840 1013 quorum
2907 942 3146 998 lectione
3197 946 3461 1000 Paternus

158 1030 540 1088 Braccarensis
569 1033 856 1104 episcopus
884 1032 951 1087 ad
995 1032 1158 1089 ﬁdem
1204 1032 1274 1086 ab
1318 1032 1505 1087 eadem
1540 1032 1734 1088 haeresi
1772 1044 2099 1087 conversum
2131 1043 2187 1084 se
2216 1044 2331 1085 esse
2368 1029 2697 1088 testiﬁcatur
2730 1048 2741 1085 :
2780 1038 2833 1086 et
2870 1047 2940 1087 ex
2971 1031 3172 1105 quibus
3202 1033 3460 1104 operibus

160 1120 315 1191 plura
347 1121 486 1177 forte
515 1138 582 1176 an
614 1120 706 1176 hic
736 1129 922 1177 noster
949 1123 1156 1178 Auctor
1181 1129 1264 1177 est
1292 1130 1596 1179 mutuatus.

3402 1267 3459 1277 .—

941 1417 1248 1586 DE
1401 1415 2673 1588 TRINITATE

1691 1676 1931 1744 ALIAS

510 1859 689 2007 IN
807 1857 1742 2007 SYMBOLUM
1856 1857 3099 2007 APOSTOLORUM

1377 2149 2211 2237 TRACTATUS.

233 2434 375 2493 321
412 2429 645 2486 CAPUT
684 2430 978 2486 PRIMUM.
1012 2460 1083 2471 -—
1107 2432 1307 2487 Nullus
1334 2431 1504 2502 igitur
1527 2430 1621 2503 qui
1663 2446 1759 2485 sa-
1790 2436 1841 2493 Α
1870 2432 2014 2487 citur
2045 2453 2060 2501 ;
2109 2437 2236 2507 quia
2278 2436 2850 2511 incomprehensibilis
2905 2453 3120 2510 semper
3151 2446 3253 2493 est.
3317 2439 3460 2497 Deus

150 2536 277 2576 num
296 2517 440 2590 sapit
473 2517 915 2590 omnipotentem
948 2520 1145 2584 Deum,
1178 2519 1271 2592 qui
1304 2518 1547 2574 Trinitas
1566 2527 1618 2573 et
1640 2517 1746 2589 spi-

150 2607 284 2663 ritus
311 2617 414 2675 est,
448 2623 655 2679 corpus
684 2607 909 2678 aliquod
939 2607 1160 2663 visibile
1203 2616 1298 2663 aut
1344 2606 1617 2679 palpabile
1650 2622 1749 2660 ar-

151 2696 409 2756 bitretur;
433 2696 536 2752 sed
552 2695 858 2767 simplicem
874 2695 1280 2763 rationabilem,
1301 2694 1749 2767 invisibilen‘ique

151 2792 391 2841 naturam
438 2783 742 2856 intelligat,
789 2794 989 2858 etquae
1034 2784 1188 2840 nulla
1226 2770 1455 2838 omnino
1492 2798 1750 2854 compage

150 2875 371 2933 solidata
401 2878 520 2949 (1),
552 2886 646 2934 aut
688 2877 899 2952 aliquid
927 2878 977 2933 ei
1008 2877 1373 2945 extrinsecus,
1402 2883 1497 2931 aut
1526 2874 1748 2931 aliunde

149 2965 389 3023 videatur
425 2966 764 3037 adjunctum
799 2986 811 3025 :
854 2984 1016 3041 quem
1048 2968 1202 3023 nulla
1226 2965 1553 3032 substantia,
1596 2966 1749 3020 nulla

147 3064 404 3127 creatura,
431 3058 607 3113 nulla
642 3074 884 3130 unquam
929 3056 1235 3113 dominatio
1279 3054 1571 3112 antecedit.
1604 3055 1749 3109 Fons

153 3159 271 3217 ergo
308 3155 361 3202 et
396 3147 749 3220 principium
797 3147 1068 3202 virtutum
1118 3144 1388 3213 omnium,
1440 3144 1746 3199 visibilium

159 3241 207 3289 et
236 3236 543 3294 invisilium
577 3245 973 3304 creaturarum,
1002 3236 1060 3293 id
1084 3243 1185 3304 est,
1226 3235 1530 3291 caelestium
1562 3243 1616 3289 et
1646 3243 1747 3290 ter-

159 3326 400 3381 restrium
448 3325 762 3396 conditrix,
809 3335 995 3384 sancta
1020 3334 1074 3382 et
1102 3324 1483 3397 inseparabilis
1511 3324 1749 3380 Trinitas

160 3421 372 3487 est,quae
390 3416 449 3472 in
467 3434 529 3473 se
551 3415 747 3487 recipit
767 3416 911 3472 nihil
930 3424 1316 3482 externum;ne
1336 3413 1752 3484 circumscripta

160 3501 417 3569 videatur,
468 3513 569 3561 aut
607 3504 844 3576 alicujus
878 3507 955 3561 rei
1005 3505 1194 3577 indiga
1239 3520 1356 3561 esse
1410 3502 1747 3570 inveniatur,

158 3605 274 3647 cum
302 3608 436 3665 pura
462 3602 518 3650 et
545 3594 810 3650 unimoda
833 3611 895 3651 ac
937 3595 1191 3666 mystica,
1227 3601 1298 3661 et,
1330 3603 1391 3649 ut
1435 3593 1512 3648 ita
1546 3591 1745 3660 dicam,

159 3679 351 3736 unione
376 3682 615 3739 fecunda
642 3701 859 3756 semper
888 3691 986 3740 est.
1017 3684 1190 3739 Tanta
1218 3691 1298 3739 est
1318 3682 1465 3738 enim
1492 3682 1550 3737 in
1572 3681 1751 3736 tribus

1859 2537 1991 2593 ergo
2017 2524 2367 2596 omnipotens
2396 2526 2492 2597 qui
2523 2542 2623 2581 nec
2648 2542 2841 2581 sexum
2870 2525 3055 2593 habet,
3087 2541 3187 2581 nec
3219 2533 3454 2593 aetatem,

1860 2626 1959 2666 nec
1989 2611 2216 2668 deﬁnita
2242 2614 2491 2686 corporis
2535 2615 2798 2682 membra,
2838 2616 2918 2671 sic
2949 2632 3004 2670 se
3050 2615 3231 2670 voluit
3276 2616 3452 2668 excel-

1861 2699 2186 2769 lentissime,
2227 2702 2664 2771 evidentissime,
2712 2712 2875 2776 atque
2920 2701 3461 2773 magniﬁcentissime

1859 2788 2145 2859 praedicari
2194 2790 2297 2863 (3).
2326 2792 2628 2849 xEternitas
2670 2809 2797 2864 ergo
2844 2792 2901 2848 in
2933 2793 3110 2859 Patre,
3164 2790 3373 2861 species
3402 2790 3459 2844 in

1859 2874 2119 2947 imagine,
2151 2895 2280 2933 usus
2309 2879 2366 2934 in
2388 2896 2613 2935 munere
2633 2890 2713 2937 est
2742 2881 2997 2952 (August.
3032 2880 3069 2935 l.
3103 2897 3160 2935 γι
3189 2879 3266 2934 De
3301 2878 3453 2933 Trin.

1858 2982 1901 3020 c.
1936 2966 2021 3035 10,
2045 2983 2115 3022 ex
2142 2966 2312 3023 Hilar.
2336 2969 2373 3024 l.
2398 2985 2438 3023 Ir
2462 2969 2539 3024 De
2566 2969 2789 3042 Trinit.)
2827 2988 2837 3025 :
2862 2978 2915 3025 et
2944 2968 3060 3025 haec
3083 2967 3189 3023 tria
3208 2983 3354 3022 unus
3374 2973 3455 3021 est

1856 3057 2003 3112 Deus
2036 3075 2050 3124 ;
2093 3073 2203 3112 non
2242 3066 2425 3114 tamen
2458 3058 2515 3114 in
2564 3060 2730 3116 unius
2776 3059 3156 3131 singularitate
3185 3072 3454 3130 personae,

1857 3144 1950 3199 sed
1986 3146 2153 3202 unius
2182 3147 2471 3205 Trinitatis
2515 3149 2751 3204 essentia
2802 3156 3079 3206 constans.
3130 3146 3283 3202 Unus
3330 3160 3457 3217 ergo

1859 3233 2094 3305 diligens
2114 3251 2261 3303 eum,
2295 3237 2389 3309 qui
2420 3237 2487 3292 de
2519 3238 2618 3291 illo
2644 3245 2725 3292 est
2755 3254 2766 3291 :
2802 3244 2853 3291 et
2875 3253 3018 3291 unus
3038 3234 3275 3305 diligens
3303 3250 3451 3300 eum,

1858 3320 1925 3377 de
1945 3339 2054 3394 quo
2080 3331 2161 3379 est
2191 3324 2271 3395 (4)
2309 3343 2320 3380 :
2356 3335 2411 3380 et
2435 3326 2553 3397 ipsa
2580 3324 2805 3381 dilectio
2838 3324 2983 3380 idem
3014 3338 3160 3379 unus
3181 3329 3456 3376 utrorum-

1859 3426 1985 3483 que,
2018 3413 2077 3469 id
2104 3422 2205 3481 est,
2250 3415 2489 3488 Spiritus
2533 3426 2774 3473 sanctus.
2816 3417 2887 3473 Et
2931 3424 3115 3471 tamen
3164 3412 3271 3469 tria
3318 3412 3455 3490 haec,

1860 3508 1922 3555 ut
1960 3502 2171 3559 dictum
2206 3514 2307 3574 est,
2355 3521 2501 3561 unus
2544 3505 2743 3573 bonus,
2777 3521 2960 3573 verus,
3003 3504 3206 3577 justus,
3250 3503 3453 3569 lumen,

1860 3590 1994 3659 vita,
2027 3593 2252 3662 veritas,
2282 3594 2510 3667 spiritus
2537 3603 2702 3668 atque
2740 3594 2979 3651 charitas
3006 3601 3087 3649 est
3113 3594 3278 3648 Deus.
3312 3592 3457 3646 Deus

1858 3693 2007 3750 ergo,
2043 3682 2173 3753 quia
2200 3691 2439 3739 aeternus
2468 3692 2515 3739 et
2569 3693 2764 3740 auctor
2808 3691 2891 3740 est
2936 3683 3207 3749 omnium,
3238 3696 3455 3751 compo-

160 3767 535 3841 inseparabilis
568 3780 622 3827 et
649 3771 940 3829 inconfusa
962 3772 1193 3829 unitatis
1228 3771 1484 3838 essentia,
1518 3777 1577 3825 ut
1606 3768 1749 3824 nihil
1778 3784 1823 3844 Β
1859 3767 1998 3823 situs
2037 3768 2273 3843 intelligi
2323 3788 2437 3828 non
2480 3779 2659 3844 potest
2688 3790 2701 3839 ;
2745 3788 2814 3828 ne
2854 3772 3131 3827 anteriora
3164 3772 3277 3825 Deo
3323 3768 3452 3835 sint,

158 3866 305 3915 extra
353 3877 408 3916 se
455 3868 645 3917 sancta
693 3862 934 3918 Trinitas
973 3878 1130 3934 agere
1181 3861 1439 3917 videatur
1491 3876 1502 3914 ε
1546 3858 1605 3914 in
1644 3874 1751 3931 qua

158 3954 334 4003 sancta
377 3956 432 4004 et
474 3950 824 4022 inseparabili
868 3951 1135 4007 Trinitate
1166 3966 1295 4005 vera
1341 3956 1423 4005 est
1451 3940 1747 4016 mter'nitas,

158 4034 514 4094 immutabilis
547 4040 750 4095 veritas
783 4039 889 4111 (2),
938 4048 991 4095 et
1035 4047 1236 4095 aeterna
1279 4055 1341 4095 ac
1389 4038 1627 4111 perfecta
1669 4046 1751 4094 est

156 4123 407 4183 charitas.
442 4128 516 4181 Et
545 4127 667 4183 ideo
704 4130 893 4184 verius
938 4130 1207 4201 cogitatur
1236 4130 1403 4197 Deus,
1452 4144 1614 4200 quam
1658 4127 1746 4182 di-

224 4258 306 4331 (1)
370 4259 533 4331 Rom.
590 4259 746 4331 edit.,
803 4262 973 4327 Quam
1026 4262 1180 4316 nulla
1228 4261 1441 4315 omnino
1500 4278 1749 4331 compago

154 4330 369 4411 solidat,
426 4329 513 4411 cui
565 4330 916 4411 extrinsecus
948 4332 1092 4411 nihil
1153 4330 1365 4411 advenit
1406 4349 1427 4411 ξ
1494 4329 1751 4411 quamque

154 4402 301 4455 nulla
327 4406 600 4467 creatura,
631 4402 781 4455 nulla
835 4400 1148 4468 substantia,
1200 4402 1351 4455 nulla
1388 4400 1607 4471 denique
1646 4400 1750 4457 do-

155 4471 372 4526 minatio
400 4472 675 4527 antecedit.
709 4471 866 4527 Fides
904 4489 1028 4526 vero
1065 4472 1229 4527 altius
1261 4473 1619 4538 conscendens,
1649 4474 1744 4527 in-

159 4541 363 4615 timiora
418 4559 637 4615 quisque
676 4550 979 4615 penetrum,
1029 4543 1253 4598 ostendit
1304 4544 1469 4598 Deum
1516 4545 1747 4600 omnium

156 4613 405 4685 uirtutum
428 4612 693 4684 frontem,—
716 4614 1045 4685 principium
1082 4631 1262 4669 rerum
1304 4616 1536 4670 omnium
1566 4618 1745 4672 visibi-

160 4684 280 4757 lium
298 4691 346 4739 et
364 4686 416 4739 in
426 4684 736 4750 visibilium,
754 4684 1225 4757 universarumque
1238 4693 1629 4755 creaturarum,
1653 4706 1746 4742 ca:-

161 4754 351 4833 testium
376 4763 425 4812 et
465 4758 793 4833 terrestrium
818 4754 1158 4833 conditorem
1201 4776 1219 4813 :
1264 4758 1407 4833 quod
1446 4764 1520 4812 est
1568 4754 1747 4814 unitas

159 4826 448 4900 incon/“usa,
478 4835 527 4883 et
551 4829 765 4883 trinitas
807 4828 1202 4899 inseparabilis,
1234 4826 1352 4900 quia
1386 4829 1443 4883 in
1472 4846 1524 4884 se
1550 4837 1748 4885 (eterna

160 4896 283 4953 nihil
325 4899 512 4981 recipit
556 4896 947 4981 aliunde,_non
988 4906 1061 4953 est
1104 4896 1331 4981 tempore
1368 4902 1601 4981 autiaco
1646 4902 1746 4981 cir:

159 4971 484 5041 cumscripta,
512 4988 602 5044 nec
627 4972 707 5025 rei
727 4972 1050 5044 cujusquam
1094 4971 1276 5044 indiga
1295 4971 1578 5044 reperitur
1614 4989 1631 5025 :
1658 4972 1746 5025 sed

160 5053 265 5092 cum
305 5057 511 5095 summa
557 5042 889 5113 simplicitate
932 5059 996 5097 ac
1020 5041 1236 5113 nunitate
1274 5041 1499 5112 fecunda
1548 5059 1747 5112 semper

161 5114 227 5185 εει
254 5128 271 5174 ;
314 5106 810 5185 tantaqueun'itatis
838 5106 1064 5168 essentia
1094 5106 1466 5185 inseparabilis
1489 5118 1538 5185 et
1568 5106 1742 5166 incon-

161 5178 275 5245 fusa
301 5178 537 5237 cernitur
558 5184 615 5238 in
644 5185 831 5252 tribus,
859 5191 917 5239 ut
947 5185 1062 5239 licet
1090 5178 1267 5239 omnia
1310 5184 1538 5238 cmlestia
1566 5190 1613 5236 et
1642 5189 1741 5236 ter-

164 5253 342 5327 restria
369 5271 431 5327 ac
460 5255 682 5327 minima
709 5272 924 5327 quisque
950 5256 1258 5327 perspiciat.
1288 5255 1425 5310 nihil
1452 5261 1633 5327 tamen
1659 5269 1747 5305 ea:-

165 5324 265 5396 t_raA
284 5339 335 5377 se
373 5325 679 5395 intelligere,
718 5324 813 5381 sed
834 5324 1085 5396 'singuld
1111 5326 1169 5379 in
1212 5343 1264 5379 se
1292 5325 1491 5379 intueri
1526 5324 1743 5396 dicitur.

165 5392 223 5445 1η
247 5393 339 5451 hac
375 5392 637 5451 Trinitate
665 5392 799 5451 cera
827 5404 903 5451 est
931 5392 1217 5464 daternitas,
1244 5396 1591 5451 immutabilis
1615 5394 1747 5447 uni-

165 5467 255 5539 tas,
285 5473 479 5539 (eterna
506 5484 569 5522 ac
600 5467 833 5539 perfecta
878 5468 1131 5522 charitas.
1165 5467 1400 5539 Denique
1442 5466 1642 5539 verius__
1667 5481 1746 5539 _c_o_-

164 5533 351 5600 gitatur
377 5538 540 5605 Deus,
571 5533 728 5607 quam
758 5539 994 5602 dicitur;
1038 5538 1164 5607 quia
1212 5533 1746 5607 incomprehensibilis

168 5611 248 5659 rit.
283 5609 382 5674 Qui
408 5626 499 5662 nec
529 5605 776 5665 serum...
808 5611 895 5663 sed
930 5605 1272 5677 onuiipotens,
1305 5605 1555 5677 (eternus,
1586 5605 1744 5677 incir-

167 5682 496 5749 cumscriptus
546 5683 705 5735 ruluit
742 5694 793 5734 se
835 5675 1341 5749 magni/icentissime
1385 5675 1740 5746 pi'ied-icari...

1858 3858 2060 3930 quibus
2082 3868 2305 3933 putatur
2324 3879 2440 3917 esse
2468 3862 2822 3934 compositus.
2850 3861 3113 3917 Cunctam
3145 3874 3273 3928 ergo
3295 3873 3457 3913 crea-

1858 3953 2061 4015 turam,
2083 3966 2204 4021 quae
2220 3965 2332 4003 non
2352 3958 2433 4004 est
2454 3950 2601 4021 quod
2620 3950 2871 4019 ipse,non
2894 3947 3023 4003 fecit
3042 3946 3149 4001 nisi
3172 3945 3456 4016 ipse.Ergo

1860 4043 2096 4091 aiternus
2124 4036 2389 4107 appellari
2420 4052 2534 4091 non
2557 4044 2753 4107 potest,
2777 4034 2883 4090 nisi
2914 4038 2961 4090 is
2976 4034 3068 4108 qui
3095 4034 3257 4089 initio
3277 4044 3331 4088 et
3347 4032 3454 4087 ﬁne

1858 4132 2025 4192 caret,
2076 4124 2133 4179 id
2182 4131 2265 4181 est
2307 4126 2454 4180 Deus
2500 4124 2675 4192 Pater,
2726 4124 2822 4196 qui
2870 4131 3202 4180 coaeternum
3251 4122 3356 4179 sibi
3402 4131 3453 4178 et

1857 4260 2029 4315 virtus
2052 4261 2110 4315 in
2138 4278 2371 4319 munere.

1956 4332 2012 4402 2)
2048 4333 2172 4388 Val.
2201 4334 2349 4401 cod.,
2374 4335 2717 4390 immutabilis
2744 4334 2942 4391 unitas.

1956 4403 2012 4479 ξι)
2043 4405 2173 4479 Βθε.
2206 4405 2352 4479 cod.,
2385 4406 2891 4479 magniﬁcentissime
2919 4407 3210 4478 deprecari.

1954 4473 2011 4547 4)
2041 4473 2198 4550 Rom.
2228 4477 2386 4546 edit.,
2418 4473 2684 4550 eu'm,'qui
2708 4479 2775 4534 ab
2804 4478 2918 4549 ipso
2949 4473 3024 4533 est
3056 4498 3067 4534 :
3096 4495 3235 4550 unus
3263 4483 3338 4550 est
3356 4476 3452 4529 di-

1858 4545 2015 4621 lfctus
2058 4548 2124 4602 ab
2178 4566 2234 4603 eo
2274 4567 2308 4604 a
2352 4545 2456 4621 quo
2500 4545 2626 4617 est}
2673 4568 2781 4605 una
2823 4545 2900 4604 est
2931 4549 3452 4621 dilectioqutriusqut-

1858 4616 2090 4687 Spiritus
2117 4628 2344 4689 sanctus,
2360 4616 2511 4677 hdem
2542 4623 2701 4677 Deus.
2732 4623 2804 4676 Et
2850 4628 3102 4689 tanquam
3149 4619 3331 4681 bonus,
3372 4633 3449 4666 ve-

1854 4704 2017 4764 nus...
2065 4691 2299 4764 charitas
2344 4700 2393 4746 et
2436 4693 2659 4764 spiritus
2703 4692 2961 4753 dicatur;
2999 4705 3135 4743 unus
3172 4693 3344 4764 tamen
3379 4692 3450 4738 est

1854 4758 2016 4814 Deus.
2064 4762 2167 4835 Qui
2209 4755 2670 4835 compositusAesse
2709 4764 3043 4835 non_pote_st,
3104 4773 3221 4835 cum
3264 4755 3446 4835 aliqua

1855 4845 1911 4881 eo
1944 4826 2219 4900 anteriora
2253 4826 2624 4900 prieexstitisse
2650 4830 2839 4899 putari
2852 4826 3040 4900 ine/"as
3067 4826 3135 4879 sit
3167 4843 3186 4889 ;
3216 4826 3450 4900 nihilqur

1855 4899 1996 4967 quod
2042 4901 2108 4953 ab
2158 4917 2214 4954 eo
2253 4896 2455 4967 Tactum
2500 4916 2607 4953 non
2650 4896 2764 4966 ἐκ,
2830 4898 3027 4967 dicente
3072 4896 3384 4966 evangelista
3433 4914 3449 4949 :

1859 4970 2050 5025 Omnia
2091 4986 2187 5038 per
2227 4966 2401 5037 ipsum
2440 4968 2583 5039 facta
2611 4975 2754 5032 sunt,
2784 4973 2832 5021 et
2872 4968 2982 5039 sine
3007 4966 3122 5039 ipso
3151 4968 3352 5035 factum
3379 4978 3450 5020 est

1856 5039 2010 5092 nihil.
2044 5037 2160 5109 Ipse
2203 5041 2345 5092 solus
2375 5037 2449 5092 est
2489 5045 2735 5104 (eternus,
2767 5038 2896 5107 quia
2939 5037 3092 5109 initio
3137 5045 3184 5092 et
3220 5039 3324 5108 ﬁne
3351 5054 3447 5092 ca-

1859 5116 1957 5175 ret,
1990 5108 2151 5163 idest
2193 5109 2355 5175 Deus,
2399 5111 2626 5165 Pater...
2671 5109 2848 5179 genuit
2896 5108 3135 5176 Verbum,
3183 5125 3301 5162 cum
3348 5125 3450 5178 qua

1860 5180 2119 5249 Spiritum
2161 5184 2399 5234 sanctum
2424 5179 2704 5249 produxit.
2754 5180 2895 5235 Unde
2924 5179 3187 5234 credimus
3234 5179 3367 5249 Filii
3406 5188 3449 5232 et

1860 5248 2094 5319 Spiritus
2135 5249 2303 5303 sancti
2353 5248 2705 5305 substantiam
2754 5257 2875 5305 ante
2940 5266 3142 5304 omnem
3203 5248 3450 5303 exsistere

1855 5327 2175 5394 creaturam,
2200 5326 2355 5375 extra
2384 5322 2564 5376 omnia
2594 5326 2828 5394 tempora
2859 5338 2877 5383 ;
2905 5320 3047 5390 quod
3075 5322 3238 5377 Pater
3256 5326 3329 5394 est
3355 5338 3447 5394 ge-

1854 5391 2020 5463 nitor,
2066 5391 2238 5463 Filius
2268 5397 2348 5463 est
2394 5394 2615 5463 genitus,
2669 5390 2903 5463 Spiritus
2939 5397 3151 5445 sanctus
3196 5390 3448 5463 genitoris

1855 5462 2105 5534 sanctitas
2139 5460 2479 5534 spiritusque.
2522 5463 2661 5520 Nam
2703 5460 2818 5517 licet
2866 5463 3030 5534 Pater
3051 5464 3129 5534 sit
3156 5460 3444 5532 spiritus...

1854 5532 1969 5586 sola
2016 5538 2188 5585 tamen
2236 5532 2388 5606 tertia
2437 5550 2663 5606 persona
2701 5532 2920 5604 proprie
2966 5532 3200 5603 Spiritus
3243 5539 3449 5585 sanctu-t

1854 5609 2209 5672 nuncupatur.
2242 5603 2376 5669 Quia
2408 5603 2528 5673 ergo
2568 5603 2844 5667 coreterna,
2876 5610 2980 5655 etc.
