3908 6192
449 391 555 453 539

1464 383 1561 442 ΑΙ)
1600 380 1836 441 OPERA
1870 377 1927 438 S.
1968 376 2304 438 AMBROSII
2354 374 2736 437 APPENDIX.

3669 360 3790 429 διο

450 515 869 591 coomnipotens
897 515 1142 574 Verbum
1172 500 1227 574 et
1251 512 1518 587 Spiritum
1548 510 1729 566 habet.
1763 506 1921 577 Quod
1957 506 2039 563 inv
2067 506 2119 573 Α
2157 508 2281 565 ideo
2307 507 2511 581 pariter
2539 501 2847 578 abjicieuda
2892 507 2977 591 est
3003 504 3059 559 et
3087 494 3243 554 stulti
3272 490 3789 591 sabellii-commi-

454 610 732 666 tellectum
782 607 1069 681 perspicue
1127 606 1322 679 probat
1386 601 1748 661 substantiam
1807 598 1938 655 Filii
1988 614 2050 655 ac

451 697 690 770 Spiritus
742 697 915 753 sancti
974 704 1101 753 ante
1149 710 1369 751 omnem
1411 700 1714 750 creaturam
1763 687 2047 754 exsistere,

452 796 504 843 et
533 797 689 844 extra
716 786 904 842 omnia
948 793 1218 858 tempora,
1262 791 1425 856 atque
1466 779 1803 855 principium
1834 778 1893 834 in
1937 780 2050 834 Deo

452 877 608 931 Patre
634 891 850 946 semper
880 890 1219 947 permanere.
1267 872 1506 945 Spiritus
1534 885 1663 943 ergo
1692 876 1913 927 sanctus
1939 882 2050 922 non

451 972 532 1019 est
559 962 797 1035 genitus,
829 963 923 1020 sed
955 963 1224 1035 genitoris
1253 962 1534 1035 genitique
1562 958 1827 1023 suavitas,
1850 955 2050 1013 sancti-

453 1060 533 1108 tas
561 1059 723 1124 atque
746 1052 1028 1108 aeternitas
1050 1059 1151 1108 est.
1184 1053 1321 1109 Nam
1345 1066 1472 1107 cum
1506 1051 1664 1105 Pater
1688 1047 1759 1103 sit
1787 1045 2048 1119 Spiritus,

451 1148 504 1195 et
533 1140 708 1197 Filius
736 1139 973 1213 Spiritus
1007 1160 1021 1209 ;
1055 1149 1108 1198 et
1137 1142 1296 1197 Pater
1347 1148 1589 1207 sanctus,
1625 1145 1679 1193 et
1708 1136 1885 1193 Filius
1931 1150 2049 1190 san-

450 1241 604 1299 ctus;
636 1232 857 1304 proprie
885 1241 1069 1289 tamen
1097 1233 1165 1290 de
1195 1233 1408 1305 Spiritu
1429 1229 1638 1289 dicitur
1666 1227 1907 1300 Spiritus
1930 1241 2048 1282 san-

450 1328 589 1376 ctus.
623 1320 765 1388 Quia
809 1338 938 1393 ergo
981 1331 1287 1379 coaeternus
1321 1328 1403 1378 est
1430 1329 1483 1377 et
1525 1316 1837 1376 communis
1867 1314 2049 1370 ambo-

449 1411 569 1480 bus,
602 1411 660 1467 id
690 1412 806 1485 ipse
837 1421 1087 1481 vocatur,
1116 1413 1262 1486 quod
1290 1413 1453 1470 ambo
1479 1417 1627 1468 sunt.

521 1509 747 1567 CAPUT
774 1513 843 1567 ll.
879 1541 939 1552 —
974 1512 1188 1580 Quanta
1221 1511 1336 1585 jam
1379 1511 1689 1568 temeritate
1719 1515 1774 1565 et
1817 1502 2049 1562 infelici-

449 1607 559 1655 tate
596 1608 892 1656 censentur
931 1601 1146 1668 Ariani,
1177 1600 1272 1673 qui
1302 1600 1495 1657 dicunt
1523 1598 1603 1670 (5)
1639 1596 1807 1653 :Erat
1836 1604 2051 1666 tempus

448 1688 667 1762 quando
708 1706 819 1745 non
855 1699 971 1746 erat
1010 1691 1206 1759 Filius,
1250 1693 1423 1747 lector
1459 1688 1740 1760 intelligit.
1771 1684 2051 1758 Numquid

448 1778 598 1833 enim
643 1780 826 1850 potuit
872 1797 988 1837 esse
1030 1789 1248 1853 tempus
1295 1780 1514 1852 quando
1561 1779 1720 1834 Pater
1763 1775 1882 1831 sine
1912 1774 2047 1842 vita,

2158 601 2286 666 stio,
2319 607 2373 655 et
2402 595 2559 668 impii
2587 593 2709 653 Arii
2739 589 3008 665 separatio
3037 606 3049 644 :
3080 583 3359 645 contraria
3383 582 3593 641 etenim
3628 581 3774 652 sibi,

2160 689 2253 745 sed
2297 703 2450 761 aeque
2492 684 2662 757 impia
2705 680 3074 754 protulerunt.
3120 673 3393 731 Sabellius
3430 671 3582 733 enim
3632 671 3783 761 dum

2158 759 2663 835 omniainominari
2698 777 2855 845 putat
2894 766 3033 839 (ll),
3084 762 3227 820 nihil
3258 777 3371 819 esse
3411 759 3783 832 unumquod-

2160 885 2265 942 que
2313 867 2603 939 designat;
2646 861 2907 937 quoniam
2959 855 3183 931 quidem
3225 850 3434 942 desinit
3471 865 3589 905 esse
3620 848 3783 942 quod

2161 938 2262 1027 est,
2290 973 2417 1014 cum
2446 938 2504 1011 in
2528 956 2877 1017 alterutrum,
2908 947 2966 1006 id
2994 944 3141 1019 quod
3181 957 3297 999 esse
3325 938 3539 997 dicitur
3575 938 3779 997 unius-

2162 1049 2445 1122 cujusque,
2480 1042 2885 1103 transfunditur
2918 1057 2929 1095 :
2964 1037 3133 1095 Arius
3166 1039 3350 1090 autem
3379 1030 3778 1122 dum_creatn-

2160 1118 2276 1195 ram
2302 1118 2479 1195 Patris
2507 1135 2733 1202 Filium,
2764 1129 3033 1204 Spiritum
3064 1141 3195 1183 vero
3223 1129 3480 1181 sanctum
3498 1119 3638 1181 Filii
3668 1118 3779 1175 im-

2159 1229 2248 1303 pie
2276 1227 2469 1285 asserit
2490 1243 2605 1282 esse
2642 1231 2969 1280 creaturam.

2232 1317 2459 1376 CAPUT
2487 1317 2582 1372 III.
2614 1344 2685 1355 —
2712 1311 2814 1368 Sed
2845 1306 3073 1381 ahjectis
3115 1303 3234 1361 istis
3282 1296 3667 1372 impietatibus
3718 1305 3775 1353 et

2160 1408 2380 1481 spretis,
2431 1405 2612 1473 nobis,
2659 1404 2802 1462 sicut
2840 1400 3033 1457 beatus
3072 1393 3275 1452 Paulus
3319 1388 3601 1463 apostolus
3635 1387 3717 1481 ait
3750 1405 3765 1442 :

2176 1477 2350 1553 diuus
2378 1503 2457 1552 est
2485 1496 2630 1551 Deus
2656 1494 2836 1559 Pater,
2863 1505 2933 1545 ex
2963 1503 3073 1560 quo
3105 1481 3291 1539 omnia
3324 1498 3338 1547 ;
3379 1486 3437 1534 et
3465 1492 3606 1533 unus
3638 1477 3764 1532 Do-

2159 1585 2348 1642 minus
2391 1586 2547 1641 Jesus
2588 1582 2860 1648 Christus,
2897 1594 2993 1650 per
3034 1589 3196 1648 quem
3238 1567 3465 1634 omnia;
3518 1575 3572 1621 et
3612 1580 3767 1620 unus

2161 1677 2401 1750 Spiritus
2429 1682 2672 1742 sanctus,
2702 1671 2760 1727 in
2807 1686 2916 1743 quo
2951 1664 3141 1723 omnia
3183 1662 3241 1733 (Ι
3269 1660 3395 1716 Cor.
3432 1673 3556 1721 vni,
3604 1655 3690 1725 6).
3731 1677 3751 1700 ι

2160 1767 2276 1822 Hoc
2323 1764 2505 1838 ipsum
2553 1770 2739 1820 autem
2786 1759 2935 1835 quod
2982 1755 3243 1821 dicimus,
3294 1768 3360 1805 ea:
3399 1764 3524 1819 quo,
3565 1752 3621 1800 et
3667 1759 3772 1838 per

449 1867 567 1923 sine
596 1869 884 1940 sapientia,
916 1870 1035 1926 sine
1065 1834 1445 1936 virrtutejsine
1474 1867 1676 1934 Verbo,
1710 1863 1858 1940 quod
1889 1862 2046 1921 Chri-
2079 1872 2126 1931 B
2160 1874 2331 1930 quem,
2360 1864 2414 1913 et
2455 1856 2511 1911 in
2553 1871 2655 1926 quo
2684 1851 2895 1911 omnia:
2926 1865 3042 1940 non
3073 1852 3326 1940 naturam
3365 1853 3639 1940 secamus,

449 1964 569 2012 stus
595 1963 697 2024 est,
726 1957 946 2015 fuerit?
972 1959 1169 2027 Absit;
1209 1976 1334 2016 cum
1358 1956 1648 2014 manifeste
1669 1954 1783 2027 ipse
1811 1952 2050 2010 declaret

448 2048 609 2104 Pater
630 2048 820 2105 dicens
850 2068 864 2106 :
926 2073 946 2098 ι
987 2052 1278 2108 Eructavit
1321 2066 1418 2106 cor
1463 2064 1646 2104 meum
1678 2045 1925 2103 Verbum
1954 2043 2048 2099 bo-

448 2151 583 2191 num
635 2138 808 2209 (Psal.
850 2154 1005 2208 xmv,
1056 2139 1135 2212 2).
1186 2164 1205 2189 ι
1259 2138 1417 2207 Quod
1463 2134 1827 2208 comprobans
1857 2131 2049 2189 beatus

448 2229 683 2285 Joannes
710 2230 848 2288 dicit
885 2250 896 2288 :
940 2256 959 2279 ‹
984 2233 1047 2288 In
1075 2232 1352 2305 principio
1381 2237 1495 2287 erat
1522 2227 1792 2295 Verbum,
1828 2231 1883 2281 et
1917 2223 2048 2280 Ver-

447 2317 583 2374 bum
615 2320 720 2377 erit
748 2322 893 2394 apud
939 2324 1137 2392 Deum,
1184 2332 1239 2381 et
1285 2324 1433 2380 Deus
1460 2330 1575 2378 erat
1620 2319 1887 2377 Verbum.
1934 2315 2048 2370 Hoc

448 2416 562 2464 erat
605 2409 663 2465 in
721 2411 996 2485 principio
1044 2413 1190 2489 apud
1232 2415 1427 2470 Deum.
1479 2410 1681 2468 Omnia
1725 2425 1822 2482 per
1864 2406 2047 2481 ipsum

449 2496 591 2552 facta
637 2507 785 2569 sunt,
829 2509 883 2559 et
930 2501 1049 2560 sine
1087 2502 1206 2576 ipso
1241 2501 1445 2561 factum
1484 2507 1566 2558 est
1614 2497 1757 2556 nihil
1792 2497 1974 2571 (Joan.
2005 2511 2044 2565 r,

450 2589 600 2663 1-3).
634 2616 653 2640 ι
690 2591 973 2667 Quidquid
999 2611 1129 2667 ergo
1166 2595 1511 2670 incorporale
1560 2596 1705 2658 322
1734 2597 1815 2648 est
1860 2595 1913 2645 et
1960 2586 2042 2642 in-

447 2687 689 2760 visibile,
730 2689 1051 2751 diversitate
1096 2694 1345 2753 locorum
1396 2710 1509 2751 non
1557 2698 1735 2766 potest
1782 2682 2042 2760 separari.

446 2777 505 2834 Si
553 2778 701 2835 enim
750 2789 937 2838 noster
980 2798 1179 2851 sermo,
1238 2790 1333 2840 aut
1378 2783 1577 2848 virtus,
1620 2787 1715 2837 aut
1756 2770 2042 2850 sapientia,

448 2881 478 2920 a
523 2865 684 2923 nobis
726 2869 964 2938 separari
1019 2885 1129 2925 non
1178 2877 1376 2942 potest,
1414 2869 1523 2925 nisi
1570 2884 1694 2926 cum
1745 2883 1775 2922 e
1820 2879 2047 2939 corpore

446 2954 811 3021 abscedimus,
843 2956 1123 3027 quomodo
1153 2956 1272 3013 haec
1316 2958 1384 3014 ab
1432 2955 1735 3012 immortali
1776 2963 1831 3011 et
1870 2952 2046 3011 omni-

447 3048 668 3113 potente
696 3043 829 3112 Deo,
862 3043 959 3117 qui
981 3044 1167 3102 omnia
1196 3062 1294 3119 per
1317 3046 1560 3102 Verbum
1583 3060 1745 3100 suum
1772 3060 1841 3100 ex
1866 3043 2047 3101 nihilo

446 3129 599 3198 fecit,
637 3138 896 3204 poterunt
944 3135 1182 3206 separari
1227 3135 1256 3193 ?
1291 3134 1427 3192 Nam
1460 3132 1618 3206 cujus
1646 3133 1750 3190 erit
1780 3134 1938 3189 Pater
1966 3148 2044 3188 se-

2160 1923 2427 2002 unitatem
2470 1952 2523 2002 et
2560 1923 2798 2012 natura),
2850 1947 2905 1996 et
2950 1934 3276 2000 voluntatis,
3323 1937 3377 1987 et
3421 1923 3771 1999 operationis

2159 2036 2504 2093 conﬁtemur.
2556 2035 2711 2091 Unus
2749 2048 2876 2104 ergo
2924 2032 3072 2086 Deus
3104 2026 3163 2082 in
3196 2022 3277 2080 his
3305 2018 3500 2084 tribus,
3528 2020 3605 2069 'et

2160 2126 2265 2183 tria
2310 2142 2455 2183 unus
2493 2133 2576 2182 est
2620 2126 2785 2181 Deus.
2816 2101 2980 2188 Quod
3010 2120 3089 2175 ita
3117 2130 3233 2173 esse
3262 2110 3401 2168 idem
3431 2101 3771 2202 comprobat

2158 2216 2456 2289 Apostolus
2482 2214 2672 2271 dicens
2693 2232 2705 2270 :
2746 2237 2765 2261 ι
2788 2214 2877 2269 Ex
2903 2210 3042 2282 ipso,
3076 2214 3131 2263 et
3152 2220 3246 2278 per
3263 2204 3462 2275 ipsum,
3482 2204 3537 2252 et
3557 2194 3767 2289 iri—ipso

2159 2287 2347 2364 omnia
2374 2306 2507 2380 :ipsi
2535 2306 2709 2379 gloria
2729 2305 2787 2360 in
2808 2304 3007 2361 saecula
3026 2300 3375 2363 saeculorum,
3392 2304 3553 2383 amen

2158 2414 2240 2465 χι,
2272 2397 2385 2468 36).
2419 2374 2443 2444 ξ
2477 2374 2647 2468 cujus
2679 2396 3081 2467 reicongruens
3108 2386 3283 2446 David
3307 2379 3575 2459 propheta
3593 2374 3755 2431 dicit:

2174 2512 2191 2535 ε
2216 2486 2513 2544 Benedicat
2560 2502 2659 2543 nos
2698 2487 2864 2553 Deus,
2911 2486 3059 2540 Deus
3084 2487 3293 2546 noster,
3341 2469 3634 2530 benedicat
3662 2479 3766 2519 nos

2157 2577 2335 2644 Deus;
2379 2582 2434 2632 et
2480 2580 2727 2632 metuant
2767 2590 2893 2632 eum
2936 2587 3128 2628 omnes
3184 2569 3322 2624 ﬁnes
3360 2572 3521 2621 terrai
3578 2553 3756 2630 (Psal.

2158 2682 2311 2734 var,
2344 2666 2397 2732 7,
2427 2663 2507 2737 8).
2537 2688 2556 2713 ι
2600 2665 2760 2721 Pater
2798 2679 2925 2735 ergo
2950 2662 3110 2718 Pater
3150 2667 3232 2717 est
3252 2657 3373 2716 sine
3404 2653 3571 2711 initio
3596 2671 3610 2719 ;
3656 2665 3761 2706 ne-

2158 2771 2263 2828 que
2292 2754 2441 2810 enim
2471 2764 2553 2811 est
2578 2752 2731 2810 aliud
2759 2750 2973 2826 aliquid
3002 2749 3148 2806 unde
3176 2749 3337 2805 Pater
3364 2747 3471 2803 sit:
3507 2752 3562 2801 et
3581 2742 3755 2799 Filius

2158 2844 2333 2901 Filius
2379 2852 2461 2902 est
2487 2844 2690 2919 absque
2742 2843 2907 2901 initio
2943 2843 3250 2907 duntaxat;
3295 2837 3363 2895 de
3410 2838 3571 2895 Patre
3607 2834 3754 2892 enim

2158 2939 2263 3002 est,
2303 2941 2357 2990 et
2386 2943 2598 2991 creator
2626 2934 2876 2991 omnium
2910 2942 3220 3005 temporum
3260 2935 3375 2985 est:
3409 2936 3465 2985 et
3492 2925 3618 2985 ideo
3646 2941 3755 2983 non

2157 3022 2328 3080 sumit
2354 3023 2579 3081 initium
2602 3039 2671 3081 ex
2688 3031 2954 3095 tempore,
2984 3021 3115 3094 quia
3134 3017 3379 3076 Verbum
3395 3017 3580 3087 (Joan.
3610 3033 3650 3083 ι,
3678 3016 3754 3084 1),

2160 3112 2291 3186 quia
2320 3111 2521 3182 virtus,
2557 3114 2686 3187 quia
2718 3109 2984 3185 sapientia
3014 3116 3096 3165 est
3128 3108 3185 3180 (Ι
3227 3106 3351 3164 Car.
3385 3123 3424 3175 ι,
3473 3104 3593 3175 IL),
3634 3119 3753 3177 quas

447 3220 690 3279 cundum
718 3222 919 3296 impios
950 3224 1260 3295 haereticos,
1299 3226 1345 3282 si
1384 3223 1453 3281 ab
1483 3240 1546 3280 eo
1572 3222 1701 3280 Filii
1729 3230 1925 3279 natura
1952 3237 2047 3278 se-

2161 3218 2319 3259 omne
2352 3211 2565 3276 tempus
2609 3209 2665 3258 et
2716 3201 2848 3258 fecit
2888 3208 2943 3257 et
2979 3196 3273 3255 antecedit.
3305 3195 3546 3268 Spiritus
3573 3201 3753 3251 autem

449 3318 671 3381 paratur
708 3311 736 3370 ?
764 3313 836 3371 Et
864 3331 1056 3374 rursus
1084 3315 1263 3374 Filius
1291 3314 1450 3389 cujus
1474 3312 1580 3371 erit
1621 3310 1816 3380 Filius,
1849 3310 1896 3369 si
1934 3326 2045 3367 non

448 3400 600 3474 origo
627 3418 726 3460 sua
752 3404 1021 3461 referatur
1062 3405 1130 3462 ad
1172 3405 1388 3464 Patrem
1420 3421 1434 3472 ;
1480 3410 1543 3459 ut
1574 3401 1646 3459 sit
1690 3400 1784 3458 ille
1834 3398 1928 3474 qui
1961 3415 2047 3472 ge-

446 3489 590 3558 nuit,
622 3500 675 3549 et
708 3492 800 3549 ille
830 3494 924 3566 qui
954 3509 1025 3551 ex
1054 3510 1119 3551 eo
1159 3494 1374 3566 genitus
1408 3501 1490 3551 est
1535 3493 1565 3549 ‘I
1606 3491 1767 3549 Pater
1794 3505 1922 3562 ergo
1950 3487 2047 3563 qui

447 3580 602 3651 origo
630 3590 712 3638 est
738 3581 961 3641 deitatis
987 3591 1042 3639 et
1068 3582 1356 3651 bonitatis,
1388 3593 1534 3641 recte
1559 3588 1613 3640 et
1646 3581 1702 3639 in
1733 3581 1878 3639 Filio
1904 3587 1958 3636 et
1988 3580 2047 3636 in

453 3668 666 3741 Spiritu
714 3678 904 3727 sancto
950 3671 1286 3744 intelligitur
1332 3680 1387 3727 et
1422 3670 1658 3728 sentitur
1690 3688 1701 3726 :
1735 3670 1794 3727 in
1832 3669 1952 3736 illo,
1992 3667 2049 3725 id

446 3765 552 3829 est,
584 3758 642 3816 in
684 3760 850 3832 Filio,
884 3761 1039 3820 velut
1066 3761 1271 3831 Verbo,
1321 3761 1530 3818 virtute
1557 3767 1613 3816 et
1638 3758 1910 3832 sapientia
1943 3775 1954 3815 :
1987 3756 2049 3813 in

447 3850 552 3907 hoc
592 3858 798 3920 autem,
844 3851 997 3910 velut
1043 3850 1256 3924 Spiritu
1302 3850 1370 3911 ab
1412 3849 1531 3922 ipso
1580 3845 1905 3922 procedente
1939 3845 2044 3919 (6).

447 3939 528 3996 Ita
569 3956 697 4013 ergo
739 3948 952 3999 rectum
1011 3948 1066 4001 et
1111 3938 1450 3998 catholicum
1503 3945 1602 4007 est,
1652 3943 1715 3993 ut
1761 3943 1816 3993 et
1874 3951 2048 3991 unum

443 4028 619 4086 Deum
649 4029 951 4087 secundum
975 4030 1263 4088 veritatem
1293 4030 1376 4103 (7)
1402 4025 1724 4086 substantiae
1754 4024 2046 4093 fateamur,

445 4125 499 4173 et
525 4118 764 4188 Patrem,
813 4127 867 4174 et
909 4120 1138 4189 Filium,
1169 4128 1223 4177 et
1255 4119 1530 4193 Spiritum
1569 4123 1818 4175 sanctum
1858 4113 1919 4171 in
1951 4130 2051 4170 sua

444 4221 716 4278 quemque
757 4208 1112 4265 subsistentia
1151 4208 1471 4265 sentiamus.
1520 4206 1742 4279 Absque
1813 4203 1927 4259 ulla
1968 4210 2050 4258 est

444 4309 573 4364 ergo
603 4293 710 4349 ﬁne
738 4294 819 4365 (8)
842 4296 1113 4353 credenda
1139 4306 1340 4355 sancte
1360 4295 1649 4353 Trinitatis
1678 4292 1968 4360 divinitas,
1994 4299 2049 4348 et

445 4382 514 4438 ad
544 4384 893 4443 sentiendum
920 4386 1084 4445 etiam
1112 4386 1216 4460 ipsi
1237 4387 1409 4444 menti
1427 4385 1673 4443 difﬁcilis
1705 4384 1809 4457 (9).
1843 4384 1915 4441 Et
1944 4382 2050 4440 hoc

443 4471 622 4529 solum
652 4480 756 4541 est,
789 4474 936 4546 quod
975 4491 1045 4531 ex
1076 4492 1138 4533 ea
1165 4474 1707 4549 comprehendimus,
1740 4472 1870 4546 quia
1897 4489 2044 4530 com-

442 4562 706 4637 prehendi
737 4579 849 4620 non
894 4572 1091 4638 potest.
1124 4566 1244 4621 Una
1275 4573 1357 4620 est
1402 4581 1530 4637 ergo
1558 4564 1617 4620 in
1647 4562 1825 4621 tribus
1851 4562 2045 4632 deitas,

441 4659 495 4709 et
524 4651 631 4709 tria
660 4660 790 4710 sunt
828 4653 885 4709 in
928 4652 1131 4728 quibus
1171 4653 1365 4711 deitas.
1406 4653 1569 4710 Nulla
1597 4667 1724 4725 ergo
1754 4652 1812 4708 in
1839 4652 2050 4710 unitate

441 4741 714 4814 confusio,
748 4761 925 4822 neque
958 4745 1017 4802 in
1046 4742 1343 4803 divinitate
1369 4743 1485 4818 (10)
1517 4742 1814 4802 discidium
1844 4750 1945 4800 est.
1971 4743 2042 4801 Et

489 4889 619 4973 ,(5).
656 4892 1036 4973 Βοωηῂθῄᾶὶῐ.)
1082 4893 1319 4973 Quanta
1381 4891 1583 4973 igitur_
1609 4891 1912 4973 tenteritgte,
1980 4909 2045 4948 ne

440 4935 692 5046 directam.
715 4965 941 5046 caecitate
1245 4935 1431 5025 dicunt!
1473 4982 1488 5032 ;
1545 4964 1674 5039 Reg.
1724 4935 2044 5030 cod.,,cw-

440 5038 626 5088 cantur
654 5035 872 5091 Ariani.

495 5103 837 5233 ggnliadem
868 5107 1027 5165 Rom.
1058 5105 1195 5166 edit.
1235 5107 1377 5164 velut
1402 5107 1600 5180 spiritu
1628 5125 1663 5164 a
1690 5105 1886 5179 spiritu
1918 5123 2046 5181 pro-

439 5192 663 5233 cedente.

542 5249 596 5319 7)
630 5247 754 5306 Val.
789 5246 940 5315 cod.,
974 5250 1232 5309 unitatem
1252 5249 1579 5307 substantia.

540 5319 598 5393 8)
624 5319 786 5393 Rom.
817 5320 977 5393 edit.,
1011 5322 1127 5393 ulla
1151 5338 1275 5393 ergo
1296 5321 1564 5393 principio
1595 5325 1641 5376 et
1667 5319 1788 5393 ﬁne.

539 5388 597 5459 9)
622 5388 827 5472 Eadem
856 5388 1619 5472 Rom._ed_i_t.,'l_i.c_et‘humana;
1646 5388 1716 5448 sit
1742 5389 1901 5447 menti
1930 5390 2046 5472 ipsa

441 5460 896 5598 :zmzm’hjnsione
937 5463 1187 5536 difﬁcilis.
1246 5461 1388 5521 Unde
1436 5479 1541 5519 non
1595 5463 1880 5534 incongrue
1918 5460 2044 5518 dici-

670 5600 874 5725 Bllaadem
909 5605 1066 5662 Rom.
1112 5605 1273 5686 edit.,
1303 5622 1465 5675 neque
1492 5606 1550 5661 in
1574 5603 1865 5685 _Trinitate.

732 5671 890 5727 adem
940 5676 1099 5730 Rom.
1165 5674 1322 5739 ed1t.,
1385 5676 1647 5731 Sabellms
1691 5690 1829 5727 enim

546 5667 635 5739 11)
683 5671 890 5742 Eadem
940 5676 1099 5730 Rom.
1165 5667 1322 5742 edit.,
1373 5667 1647 5731 Sabellius
1691 5675 1829 5727 enim
1872 5673 2051 5727 docuit

441 5752 603 5793 unam
644 5740 995 5797 substantiam
1041 5761 1148 5799 esse
1194 5740 1410 5802 Patrem
1452 5753 1499 5802 et
1537 5745 1738 5800 Filium
1782 5750 1829 5798 et
1864 5742 2049 5813 Spiri-

2158 3299 2383 3349 sanctus
2410 3308 2538 3348 vere
2568 3290 2807 3364 Spiritus
2834 3297 2935 3358 est,
2966 3286 3267 3362 procedens
3296 3283 3520 3360 quidem
3549 3300 3619 3340 ex
3644 3282 3755 3340 Paé

2154 3389 2237 3438 tre
2256 3382 2275 3453 (
2285 3380 2373 3452 i2)
2399 3400 2410 3438 :
2445 3378 2538 3437 sed
2557 3396 2667 3436 non
2697 3385 2777 3436 est
2797 3386 2850 3436 et
2874 3379 2989 3452 ipse
3010 3378 3204 3445 Filius,
3237 3374 3367 3450 quia
3386 3391 3503 3431 non
3525 3388 3755 3447 genera—

2154 3479 2265 3543 tur,
2294 3471 2389 3530 sed
2419 3470 2664 3545 procedit
2694 3487 2726 3528 a
2753 3470 2910 3528 Patre
2942 3469 3081 3543 (13).
3115 3469 3289 3527 Omne
3315 3466 3467 3525 enim
3489 3464 3634 3539 quod
3652 3473 3751 3530 est,

2156 3570 2250 3619 aut
2298 3562 2607 3636 ingenitum
2654 3571 2757 3632 est,
2797 3568 2891 3619 aut
2934 3562 3202 3635 genitum,
3249 3566 3342 3617 aut
3378 3558 3609 3615 factum.
3656 3556 3753 3612 Est

2157 3671 2285 3728 ergo
2312 3654 2459 3728 quod
2490 3670 2666 3728 neque
2692 3640 2901 3724 natum,
2925 3668 3103 3728 neque
3126 3653 3332 3709 factum
3354 3659 3438 3708 est
3467 3658 3588 3708 ται
3611 3648 3752 3723 quod

2156 3752 2346 3803 natum
2379 3753 2481 3817 est,
2512 3755 2567 3803 et
2612 3746 2821 3803 factum
2870 3760 2981 3801 non
3028 3750 3147 3801 est:
3184 3749 3241 3800 et
3281 3749 3363 3799 est
3402 3739 3551 3815 quod
3581 3754 3753 3813 neque

2159 3840 2369 3903 natum,
2404 3851 2581 3910 neque
2627 3834 2834 3893 factum
2865 3841 2946 3891 est
2974 3851 2985 3891 :
3020 3841 3074 3891 et
3116 3839 3198 3891 est
3226 3830 3373 3906 quod
3416 3831 3624 3889 factum
3651 3836 3749 3899 est,

2158 3931 2212 3980 et
2244 3930 2435 3980 natum
2467 3939 2578 3980 non
2627 3931 2744 3982 est:
2793 3931 2956 3981 etest
3002 3922 3149 3997 quod
3188 3922 3395 3980 factum
3436 3927 3542 3989 est,
3572 3929 3626 3978 et
3660 3935 3751 3976 na-

2156 4024 2275 4073 tum
2308 4025 2408 4087 est,
2458 4024 2511 4074 et
2562 4024 2810 4075 renatum
2851 4024 2972 4074 est:
3008 4023 3062 4073 et
3107 4022 3190 4072 est
3226 4013 3375 4090 quod
3416 4012 3621 4069 factum
3651 4016 3750 4078 est,

2102 4142 2109 4149 -
2158 4110 2303 4172 323
2333 4117 2386 4165 et
2412 4117 2598 4166 natum
2632 4117 2731 4179 est,
2756 4114 2810 4166 et
2835 4116 3085 4165 renatum
3116 4122 3224 4163 non
3256 4111 3355 4162 est.
3387 4104 3546 4161 Nunc
3571 4106 3753 4158 autem

2156 4206 2563 4279 propositorum
2589 4225 2883 4276 memores,
2913 4204 3144 4279 singulis
3170 4204 3284 4277 jam
3314 4200 3479 4259 rebus
3507 4199 3753 4257 substan-

2157 4296 2263 4351 tias
2303 4295 2674 4369 designemus,
2723 4296 2882 4366 Quod
2927 4313 3055 4369 ergo
3102 4309 3280 4367 neque
3329 4299 3545 4359 natum,
3582 4304 3754 4361 neque

2158 4382 2365 4440 factum
2425 4395 2524 4454 est,
2576 4386 2736 4442 Pater
2781 4391 2907 4443 est:
2966 4400 3078 4441 non
3124 4383 3270 4439 enim
3316 4380 3386 4437 ab
3414 4380 3604 4453 aliquo
3650 4383 3751 4433 est.

2156 4471 2314 4541 Quod
2356 4481 2540 4531 autem
2584 4478 2775 4532 natum
2818 4480 2920 4543 est,
2956 4480 3010 4530 et
3040 4472 3245 4530 factum
3292 4485 3407 4528 non
3444 4476 3550 4539 est,
3581 4465 3754 4523 Filius

2156 4570 2257 4630 est,
2289 4563 2384 4636 qui
2417 4579 2448 4619 a
2473 4564 2632 4619 Patre
2653 4564 2872 4635 genitus
2900 4572 3001 4624 est.
3033 4562 3191 4631 Quod
3212 4577 3343 4618 vero
3364 4575 3547 4633 neque
3564 4564 3751 4615 natum

2158 4667 2334 4723 neque
2367 4650 2575 4707 factum
2604 4661 2704 4720 est,
2738 4652 2978 4725 Spiritus
3013 4659 3233 4709 sanctus
3260 4658 3361 4718 est,
3395 4649 3492 4723 qui
3530 4665 3564 4704 a
3598 4647 3753 4703 Patre

2150 4741 2397 4815 procedit
2429 4740 2567 4813 (14).
2590 4740 2748 4811 Quod
2775 4741 2941 4798 etiam
2971 4741 3177 4799 factum
3207 4746 3309 4809 est,
3343 4745 3399 4795 et
3422 4746 3612 4796 natum
3642 4751 3753 4792 non

2153 4898 2265 4948 tum
2316 4896 2574 4960 sanctum,
2624 4906 2887 4963 unamque
2926 4887 3206 4944 trinomi‘ne
3256 4900 3618 4963 personam_;_
3668 4882 3756 4938 sed

2160 4963 2283 5020 dum
2315 4980 2488 5020 omnes
2530 4956 2710 5047 unam.
2738 4956 2842 5021 esse
2868 4976 3151 5035 personam
3196 4956 3434 5035 reputat,
3480 4956 3618 5015 nihil
3653 4970 3763 5010 esse

2150 5052 2580 5177 unamquamque
2601 5035 2878 5116 designat:
3111 5103 3122 5115 .
3156 5103 3167 5117 .

2227 5106 2344 5245 te.
2372 5106 2580 5235 5:33.":
2612 5108 2774 5236 ﬁsa:
2793 5105 2964 5244 ista
2980 5103 3217 5245 eae-

2255 5171 2344 5248 13)
2372 5177 2574 5235 Eadem
2615 5178 2774 5236 Rom.
2806 5171 2964 5244 editI,
3011 5190 3176 5246 neque
3205 5174 3408 5248 Pater,
3440 5171 3568 5244 quia
3611 5185 3751 5248 prg-

2076 5228 2079 5233 ί
2154 5228 2342 5307 ἀὶίῖιί
2372 5228 2603 5322 HicHic
2615 5228 3166 5322 7:31?
3194 5228 3481 5322 ingenitus,
3523 5228 3629 5297 non
3670 5238 3753 5309 fa-

2153 5327 2284 5376 ctus.
2319 5321 2457 5378 Nam
2495 5321 2646 5377 amne
2681 5321 2822 5391 quod
2867 5324 2941 5374 est
2975 5323 3087 5391 aut
3126 5332 3288 5387 neque
3334 5321 3559 5391 natum,
3598 5328 3756 5382 neque

2152 5390 2355 5461 factum
2393 5397 2485 5461 est,
2514 5398 2609 5447 aut
2636 5387 2840 5458 natum,
2877 5397 2926 5447 et
2959 5387 3160 5461 factum
3193 5404 3299 5442 non.
3339 5390 3435 5455 est,
3467 5388 3561 5441 aut
3594 5398 3757 5454 neque

2153 5457 2359 5527 natum,
2388 5457 2551 5534 neque
2583 5462 2782 5534 factum
2825 5457 2918 5530 est,
2960 5457 3059 5515 Vaut
3086 5457 3309 5531 factum,
3355 5463 3407 5513 et
3446 5463 3627 5534 natum
3650 5469 3757 5534 npn

2152 5540 2249 5601 est,
2297 5523 2392 5589 aut
2430 5523 2631 5603 factum
2675 5540 2723 5589 et
2755 5523 2939 5588 natum
2983 5537 3031 5585 et
3082 5523 3327 5585 renatum
3389 5534 3487 5597 est,
3521 5533 3615 5583 aut
3668 5523 3754 5596 fa-

2155 5609 2294 5659 ctum
2323 5609 2371 5659 et
2396 5612 2600 5673 natum,
2632 5612 2679 5659 et
2708 5609 2951 5659 renatum
2982 5617 3085 5656 non
3106 5606 3196 5673 est.

2229 5674 2346 5747 (14)
2375 5671 2593 5732 Eadem
2614 5676 2772 5733 Rom.
2807 5673 2964 5742 edit.,
2995 5678 3043 5728 et
3070 5672 3212 5728 Filio
3233 5671 3497 5742 procedit.
