3908 6192
190 356 282 419 5M

1335 360 1430 420 DE
1469 355 1847 426 TRINITATE
1885 356 2317 424 TRACTATUS.

3381 368 3488 430 842

188 491 282 554 est,
308 485 532 557 cmlum,
555 494 608 546 et
644 495 807 560 terra,
852 496 905 549 et
942 497 1138 550 cetera
1169 505 1289 564 Quae
1309 495 1456 552 sunt.
1486 488 1644 558 Quod
1673 507 1780 547 au-.
1809 486 1860 546 Α
1892 496 2060 553 tatem
2093 507 2302 556 naturae
2339 495 2530 555 novit:
2592 495 2683 555 hic
2723 504 2805 556 est
2834 498 2901 557 de
2933 514 3042 573 quo
3098 498 3274 560 Filius
3302 498 3484 559 dixit:

190 584 292 633 tem
325 576 533 634 factum
567 588 670 648 est,
703 589 758 638 et
801 588 993 647 natum
1023 591 1123 650 est,
1167 591 1220 639 et
1255 589 1506 638 renatum
1537 589 1636 649 est,
1669 581 1782 636 ho..-

185 683 272 722 mo
301 675 404 738 est,
445 669 540 742 qui
573 670 755 742 primo
788 673 1034 728 nascitur
1071 674 1325 742 carnalis,
1351 682 1404 730 et
1430 674 1488 728 in
1506 672 1782 745 baptismo

183 756 493 813 renascitur
523 758 848 830 spiritualis.
881 761 1040 828 Quod
1070 779 1202 818 vero
1237 762 1439 820 factum
1472 771 1571 832 est,
1605 770 1658 818 et
1690 778 1783 818 na-

180 853 296 902 tum
342 853 444 913 est,
477 855 531 902 et
551 857 802 906 renatum
835 867 946 907 non
976 859 1077 919 est,
1110 852 1370 907 animalia
1399 861 1547 909 sunt.

252 952 488 1009 CAPUT
518 955 614 1012 1V.
637 985 706 998 —
736 957 805 1012 Ut
855 974 983 1030 ergo
1012 958 1230 1030 singula
1262 959 1556 1015 doceamus
1585 975 1784 1015 exem-

185 1039 330 1111 plis;
361 1039 429 1095 de
462 1041 619 1098 Patre
648 1045 795 1100 enim
827 1046 904 1101 ita
931 1047 1195 1120 scriptum
1228 1056 1344 1104 est:
1394 1074 1411 1094 ι
1440 1048 1594 1103 Unus
1634 1048 1782 1103 enim

187 1130 332 1184 Deus
368 1130 544 1199 Pater,
578 1149 647 1187 ex
676 1150 785 1205 quo
813 1136 1005 1192 omnia
1037 1138 1095 1208 (Ῑ
1123 1139 1249 1194 Cor.
1284 1155 1409 1207 vm,
1443 1137 1522 1206 6);
1551 1164 1568 1186 ι
1610 1137 1677 1193 de
1697 1137 1784 1193 Fi-

188 1216 264 1272 lio
311 1225 534 1275 autem:
593 1245 611 1267 ι
655 1222 809 1278 Unus
848 1225 1121 1282 Dominus
1170 1227 1325 1283 Jesus
1364 1226 1639 1294 Christus,
1690 1242 1786 1298 per

188 1321 347 1378 quem
378 1309 566 1364 omnia
592 1311 806 1384 (Ibid);
841 1322 896 1370 et
921 1315 1158 1372 iterum:
1201 1339 1220 1363 ι
1253 1317 1404 1372 Unus
1435 1316 1582 1372 enim
1614 1317 1780 1384 Deus,

188 1414 330 1454 unus
358 1408 413 1454 et
440 1400 712 1458 mediator
757 1405 855 1461 Dei
896 1415 950 1462 et
996 1407 1307 1476 hominum,
1339 1407 1506 1462 homo
1533 1404 1786 1462 Christus

188 1487 341 1544 Iesus
357 1489 415 1559 (Ι
450 1491 589 1547 Tim.
609 1510 672 1561 ιι,
695 1494 778 1564 5);
803 1520 821 1542 ι
859 1495 926 1552 de
942 1496 1152 1568 Spiritu
1170 1513 1302 1553 vero
1327 1503 1534 1554 sancto:
1577 1521 1594 1543 ι
1614 1495 1785 1551 Nemo

189 1576 334 1632 enim
372 1581 533 1636 novit
560 1599 681 1654 qua:
712 1593 842 1640 sunt
889 1586 1156 1652 hominis,
1206 1603 1325 1659 quas
1378 1586 1434 1642 in
1480 1585 1598 1657 ipso
1635 1589 1783 1649 sunt,

190 1666 293 1722 nisi
324 1668 557 1740 spiritus
587 1671 853 1742 hominis,
891 1675 986 1747 qui
1042 1676 1099 1732 in
1141 1676 1261 1748 ipso
1298 1685 1416 1734 est:
1474 1676 1552 1731 ita
1576 1683 1630 1730 et
1665 1689 1785 1744 qum

190 1757 286 1812 Dei
319 1767 472 1830 sunt,
506 1761 794 1820 hominum
827 1777 990 1823 nemo
1042 1768 1221 1836 novit,
1269 1766 1378 1823 nisi
1421 1765 1657 1838 Spiritus
1686 1762 1785 1819 Dei

193 1846 245 1916 (1
276 1848 401 1904 Cor.
441 1867 503 1915 ιι,
537 1852 650 1923 11);
685 1881 704 1902 ι

192 1943 338 1992 tatur
357 1939 524 1996 etiam
556 1943 665 1998 alta
693 1945 792 2000 Dei
828 1946 991 2016 (Ibid.
1029 1946 1141 2017 10).
1170 1972 1188 1994 ι
1232 1946 1389 2013 Quod
1419 1953 1601 2001 autem
1633 1944 1790 1998 Pater

191 2034 245 2082 et
271 2028 448 2085 Filius
468 2041 520 2087 et
541 2033 782 2104 Spiritus
820 2044 1043 2092 sanctus
1063 2037 1228 2093 initio
1250 2045 1451 2102 careat,
1476 2033 1677 2091 exinde
1698 2035 1789 2090 de-

191 2126 557 2188 monstratur,
587 2125 714 2194 quia
746 2125 894 2194 quod
923 2126 1083 2182 Pater
1127 2133 1227 2194 est,
1273 2143 1388 2182 esse
1435 2141 1547 2180 non
1577 2123 1743 2195 caepit
1773 2140 1787 2190 ;

188 2213 240 2260 et
276 2205 323 2260 si
353 2224 467 2262 non
497 2212 682 2281 carpit,
717 2229 818 2269 nec
866 2214 1044 2270 Filius
1097 2215 1298 2285 cmpit:
1330 2215 1577 2286 Spiritus
1608 2221 1791 2268 autem

195 2304 446 2365 sanctus,
480 2299 575 2370 qui
605 2316 636 2354 a
663 2301 822 2357 Patre
852 2303 1098 2374 procedit
1144 2304 1286 2375 (ίῦ),
1334 2320 1434 2359 nec
1467 2305 1579 2375 ipse
1605 2302 1790 2374 erepit,

196 2382 329 2453 quia
358 2388 638 2455 processio
661 2389 789 2461 ,ejus
818 2391 1082 2448 continua
1124 2401 1226 2460 est,
1269 2400 1324 2448 et
1362 2392 1429 2448 ab
1477 2409 1539 2447 eo
1569 2400 1669 2458 est,
1701 2390 1796 2462 qui

193 2487 308 2526 non
339 2475 509 2545 cmpit
534 2495 545 2531 :
581 2493 691 2533 non
721 2480 868 2535 enim
898 2481 1058 2537 Pater
1082 2481 1250 2554 erepit
1276 2497 1410 2549 esse,
1443 2490 1496 2537 et
1525 2482 1654 2553 quia
1682 2494 1793 2534 non

193 2561 380 2632 coepit,
410 2579 514 2619 nec
542 2565 783 2638 Spiritus
812 2571 977 2642 ccepit
1023 2587 1140 2627 esse
1165 2588 1177 2626 :
1242 2587 1302 2626 ea
1354 2570 1565 2627 ratione
1594 2570 1722 2643 quia
1743 2577 1796 2625 et

199 2649 257 2703 iu
287 2650 408 2722 ipso
441 2662 546 2722 est,
578 2663 632 2710 et
667 2655 785 2727 ejus
833 2668 932 2715 est.
984 2661 1061 2716 De
1101 2660 1218 2716 ﬁlio
1269 2661 1470 2716 iterum
1507 2659 1654 2733 quod
1685 2676 1794 2714 non

202 2739 387 2811 coepit,
413 2745 755 2814 evangelista
802 2753 1034 2804 testatur
1072 2750 1303 2807 dicens:
1369 2773 1387 2797 ι
1427 2751 1489 2806 Ιη
1521 2749 1796 2822 principio

199 2835 312 2884 erat
339 2829 612 2902 Verbum,
643 2842 695 2890 et
727 2835 969 2893 Verbum
1019 2848 1135 2896 erat
1162 2840 1307 2912 apud
1336 2842 1535 2907 Deum,
1566 2848 1620 2895 et
1648 2841 1796 2895 Deus

196 2926 306 2974 erat
336 2919 608 2978 Verbum.
673 2925 789 2983 Hoc
832 2937 948 2984 erat
995 2930 1053 2985 in
1109 2931 1384 3003 principio
1433 2930 1578 3002 apud
1619 2931 1796 2986 Deum

205 3006 379 3077 (Joan.
414 3028 462 3079 ι,
498 3013 550 3081 1,
584 3014 665 3087 2).
699 3040 716 3062 ι
760 3017 904 3089 Ergo
933 3020 1064 3092 quia
1087 3028 1222 3089 erat,
1241 3038 1354 3078 non
1384 3022 1572 3093 coepit,
1595 3028 1647 3076 et
1669 3019 1799 3093 quia

198 3099 338 3168 apud
360 3100 541 3156 Deum
561 3109 694 3172 erat,
727 3121 841 3161 non
867 3110 1068 3180 cmpit;
1111 3117 1164 3166 et
1193 3110 1322 3183 quia
1350 3112 1492 3166 Daus
1519 3116 1655 3177 erat,
1685 3125 1796 3164 non

1903 616 1922 639 ι
1950 593 2022 649 Et
2050 593 2208 649 Pater
2256 609 2410 649 meus
2437 593 2589 650 dabit
2629 594 2775 650 bona
2820 595 3133 667 petentibus
3177 612 3234 651 se
3266 595 3483 666 (Matth.

1891 701 1990 746 vn,
2027 683 2140 750 11),
2174 707 2192 729 ι
2234 681 2342 738 hoc
2377 691 2478 749 est,
2527 691 2621 738 aut
2668 684 2872 755 ipsum,
2922 693 3017 740 aut
3066 700 3256 741 omnes
3288 684 3490 755 gratias

1891 773 2029 843 ejus.
2064 772 2219 829 Sicut
2247 789 2374 844 ergo
2423 772 2690 828 Dominus
2737 771 2989 829 Christus
3034 782 3089 830 et
3133 773 3402 840 Verbum,
3436 780 3489 833 et

1891 863 2091 931 virtus,
2123 872 2177 919 et
2205 862 2494 935 sapientia,
2523 869 2576 918 et
2600 861 2840 934 justitia,
2865 870 2915 917 et
2936 863 3255 933 margarita,
3282 873 3337 920 et
3367 865 3488 932 lux,

1891 960 1945 1008 et
1976 952 2086 1020 via,
2119 959 2170 1008 et
2201 951 2548 1019 resurrectio,
2599 959 2651 1008 et
2686 958 2880 1009 caetera
2927 967 3046 1024 quae
3085 950 3151 1005 de
3199 967 3262 1005 eo
3292 952 3492 1024 scripta

1893 1049 2041 1110 sunt,
2089 1042 2431 1113 appellatur;
2485 1041 2560 1098 ita
2613 1048 2668 1098 et
2727 1040 2966 1112 Spiritus
3007 1047 3230 1096 sanctus
3282 1041 3492 1116 sapien.

1891 1129 2002 1198 tiae,
2035 1130 2368 1199 intellectus,
2403 1127 2643 1198 consilii,
2676 1127 3049 1197 fortitudinis,
3083 1127 3350 1197 scientiae,
3385 1129 3494 1202 pie-

1893 1220 2021 1275 tatis
2049 1236 2112 1277 ac
2134 1220 2374 1288 timoris,
2426 1229 2489 1278 ut
2541 1220 2656 1292 jam
2719 1220 2929 1276 dictum
2965 1228 3065 1287 est,
3121 1226 3492 1292 nuncupatur.

1892 1309 2012 1364 Non
2043 1319 2227 1366 tamen
2255 1310 2399 1383 quod
2455 1311 2710 1366 diversus
2739 1310 2811 1366 sit
2835 1310 2996 1381 juxta
3029 1308 3370 1366 differentias
3400 1324 3495 1364 no-

1893 1399 2129 1467 minum,
2162 1400 2256 1454 sed
2288 1399 2434 1471 quod
2467 1416 2612 1455 unus
2644 1408 2808 1471 atque
2839 1399 2986 1455 idem
3016 1407 3343 1454 cunctarum
3373 1396 3498 1452 vir-

1893 1494 2075 1543 tutum
2105 1487 2228 1544 fons
2272 1489 2347 1544 sit
2395 1496 2559 1562 atque
2602 1489 2964 1560 principium,
3015 1487 3110 1568 qui
3159 1487 3215 1542 in
3259 1485 3498 1542 Domino

1895 1576 2139 1642 Christo,
2164 1585 2355 1651 utpote
2385 1595 2495 1634 suae
2523 1585 2733 1635 naturae
2763 1585 3041 1646 consorte,
3073 1592 3290 1648 semper
3329 1575 3500 1631 inha-

1892 1667 2114 1725 bitavit.
2144 1669 2237 1725 Isti
2269 1678 2398 1726 sunt
2430 1679 2640 1743 septem
2675 1669 2844 1739 oculi,
2870 1669 2964 1742 qui
2993 1668 3050 1724 in
3080 1667 3349 1724 Zacharia
3377 1683 3498 1740 pro-

1893 1757 2057 1828 pheta
2088 1759 2144 1814 in
2176 1775 2286 1815 uno
2318 1760 2498 1834 lapide
2531 1761 2718 1832 (Zach.
2761 1777 2843 1827 in,
2893 1760 2973 1828 9),
3016 1757 3072 1814 id
3126 1768 3225 1826 est,
3261 1758 3500 1813 Domino

748 1863 801 1912 et
831 1855 1033 1912 iterum
1061 1875 1072 1912 :
1119 1880 1136 1904 ι
1158 1857 1397 1929 Spiritus
1426 1862 1606 1911 autem
1642 1870 1788 1911 scru-
1818 1850 1864 1911 B
1897 1847 2120 1906 Christo
2149 1849 2414 1906 dicuntur
2443 1852 2642 1908 inesse.
2676 1851 2987 1923 Proprietas
3017 1867 3164 1922 ergo,
3197 1847 3499 1920 unicuique

1899 1937 2240 1994 immobilis:
2300 1939 2395 1996 sed
2442 1957 2587 1997 unus
2642 1942 2828 1998 cultus
2878 1939 3018 2010 (17),
3051 1955 3162 1995 una
3193 1938 3496 2007 veneratio,

1898 2044 2008 2086 una
2039 2027 2402 2086 sanctiﬁcatio
2433 2047 2648 2103 semper
2677 2030 2854 2086 Patris
2883 2039 2937 2086 et
2985 2028 3113 2085 Filii
3163 2035 3215 2083 et
3260 2026 3500 2099 Spiritus

1899 2117 2074 2173 sancti
2105 2126 2205 2174 est.
2237 2119 2422 2192 Neque
2452 2121 2597 2176 enim
2631 2120 2860 2193 dignum
2919 2129 2998 2177 est
3028 2127 3124 2176 aut
3155 2119 3360 2175 Filium
3391 2116 3501 2173 de—

1902 2207 2069 2263 fuisse
2104 2207 2273 2276 Patri,
2305 2216 2399 2264 aut
2440 2209 2707 2286 Spiritum
2757 2219 3008 2268 sanctum
3058 2209 3299 2266 defuisse
3329 2205 3498 2273 Filio,

1903 2295 2044 2354 sicut
2075 2295 2229 2371 impii
2262 2299 2506 2356 haeretici
2536 2300 2901 2358 mentiuntur.
2932 2299 3040 2358 Nos
3071 2315 3199 2372 ergo
3219 2296 3337 2353 haec
3366 2311 3502 2368 prte-

1904 2393 2180 2453 caventes,
2251 2404 2533 2445 servemus
2591 2387 2800 2446 bonum
2856 2388 3222 2463 propositum,
3279 2384 3424 2460 quod
3473 2399 3503 2438 a

1907 2475 2111 2530 sanctis
2139 2475 2395 2532 Patribus
2448 2477 2806 2549 suscepimus.
2867 2477 3176 2536 Adoremus
3206 2477 3420 2534 Patrem
3450 2481 3504 2529 et

1907 2563 2112 2620 Filium
2142 2571 2195 2620 et
2233 2564 2498 2635 Spiritum
2546 2575 2817 2634 sanctum,
2868 2571 2927 2622 in
2979 2567 3123 2622 Filio
3169 2567 3407 2630 Patrem,
3445 2562 3504 2618 in

1907 2651 2116 2726 Spiritu
2149 2659 2328 2708 autem
2379 2661 2566 2710 sancto
2595 2655 2806 2711 Patrem
2839 2663 2892 2712 et
2940 2654 3146 2711 Filium
3181 2654 3504 2726 intelligen-

1907 2749 2024 2797 tes:
2061 2740 2375 2798 dividentes
2401 2749 2694 2816 antequam
2747 2743 3163 2817 conjungamus,
3196 2751 3249 2799 et
3271 2742 3503 2815 jungen-

1907 2838 1988 2886 tes
2016 2838 2312 2904 antequam
2364 2831 2714 2892 dividamus:
2750 2838 2897 2897 324
2934 2833 3201 2894 unitatem
3235 2831 3292 2888 in
3323 2829 3500 2886 Trini-

1907 2938 2016 2987 tate
2047 2942 2392 3000 venerantes,
2425 2941 2477 2990 et
2504 2931 2830 2991 Trinitatem
2891 2932 2945 2988 in
2979 2929 3192 2988 unitate
3219 2927 3502 2986 conﬁten-

1908 3028 2006 3077 tes.
2043 3021 2178 3078 Tota
2227 3038 2355 3092 ergo
2413 3037 2444 3078 a
2504 3020 2665 3078 nobis
2721 3029 2906 3080 sancta
2954 3017 3196 3076 Trinitas
3227 3015 3502 3075 adoranda

1906 3119 2009 3179 est,
2043 3111 2174 3183 quia
2205 3119 2322 3167 tota
2374 3112 2570 3184 regalis
2598 3119 2699 3181 est,
2733 3112 2862 3186 quia
2888 3111 3055 3169 unius
3084 3109 3370 3184 potestatis
3400 3115 3502 3178 est,

195 3189 384 3260 coepit:
419 3198 486 3247 et
541 3193 671 3265 quia
719 3196 812 3251 hoc
856 3204 971 3253 erat
1017 3199 1073 3254 in
1119 3200 1388 3272 principio
1420 3199 1567 3271 apud
1611 3199 1796 3267 Deum,
1834 3211 1876 3270 ο
1907 3207 1961 3256 et
1989 3199 2155 3257 unius
2211 3201 2398 3272 gloriae
2451 3210 2532 3258 est
2591 3219 2756 3273 supra
2813 3200 3105 3267 mundum,
3156 3214 3320 3270 supra
3352 3206 3503 3253 tem-

202 3290 307 3334 non
354 3280 570 3352 cmpit:
615 3283 745 3355 quia
784 3284 863 3340 ita
909 3287 1054 3343 Deus
1101 3304 1170 3344 ex
1213 3289 1328 3344 Deo
1382 3295 1543 3344 natus
1584 3293 1685 3355 est,
1742 3295 1804 3343 ut

199 3371 420 3443 erupisse
459 3373 690 3431 nesciat.
749 3376 938 3448 Neque
992 3394 1120 3450 ergo
1174 3379 1462 3436 fraudatus
1489 3386 1571 3435 est
1622 3379 1802 3447 Pater,

198 3476 260 3515 eo
288 3465 433 3535 quod
479 3464 758 3538 ingenitus
790 3477 890 3536 est,
921 3477 1017 3526 aut
1048 3471 1179 3544 quia
1206 3468 1398 3544 genuit
1425 3471 1662 3528 Filium:
1696 3485 1805 3526 ne-

198 3565 298 3622 que
325 3554 519 3610 Filius
545 3555 922 3627 defraudatus,
955 3576 1020 3615 eo
1051 3560 1198 3633 quod
1231 3568 1517 3632 generatus
1551 3569 1659 3627 est,
1710 3567 1805 3616 aut

199 3641 323 3712 quia
352 3659 418 3697 ex
457 3642 714 3715 ingenito
744 3657 1059 3719 generatur:
1112 3665 1288 3722 neque
1321 3649 1557 3722 Spiritus
1587 3656 1806 3704 sanctus

200 3727 562 3790 defraudatus
592 3744 694 3803 est,
728 3737 858 3810 quia
904 3745 1290 3813 utrorumque,
1316 3739 1368 3796 id
1402 3749 1504 3808 est,
1536 3739 1714 3796 Patris
1752 3744 1806 3792 et

205 3819 330 3877 Filii
359 3833 461 3881 est.
494 3823 586 3881 Sic
611 3833 793 3884 tamen
825 3845 1015 3886 eorum
1056 3839 1158 3899 est,
1212 3838 1274 3887 ut
1319 3846 1495 3903 neque
1536 3829 1592 3886 in
1623 3829 1802 3896 Patre,

207 3925 378 3982 neque
422 3914 481 3970 in
533 3915 676 3973 Filio
724 3919 1084 3991 refundatur;
1137 3923 1266 3997 quia
1293 3924 1439 3978 Deus
1478 3929 1580 3989 est,
1631 3935 1806 3993 neque

206 4000 453 4074 initium,
489 4023 668 4082 neque
697 4013 876 4069 ullum
911 4013 1077 4072 ﬁnem
1107 4013 1334 4084 habens,
1364 4021 1556 4088 utpote
1587 4014 1681 4086 qui
1711 4013 1806 4068 Pa-

205 4091 275 4148 tri
311 4101 365 4148 et
397 4096 545 4152 Filio
574 4107 626 4154 et
656 4112 960 4160 coaeternus
989 4113 1071 4160 est
1103 4105 1240 4178 (16):
1284 4105 1415 4178 quia
1459 4105 1555 4161 ubi
1585 4105 1725 4172 vult,
1755 4111 1809 4159 et

206 4197 344 4253 quos
375 4186 526 4252 vult,
554 4195 607 4243 et
633 4199 868 4259 quantos
912 4195 1054 4261 vult,
1105 4204 1158 4251 et
1205 4203 1467 4267 quantum
1517 4195 1659 4261 vult,
1711 4194 1809 4249 in—

205 4269 387 4340 spirat
407 4289 508 4328 sua
525 4277 746 4346 propria
762 4281 1046 4339 voluntate
1070 4283 1250 4354 (Joan.
1274 4301 1354 4350 III,
1376 4284 1456 4354 8).
1477 4284 1666 4355 Beplet
1682 4299 1809 4354 ergo

207 4359 388 4428 gratia
412 4376 514 4416 sua
539 4379 674 4436 quos
713 4369 857 4436 vult,
907 4381 960 4426 et
997 4380 1233 4444 quantos
1264 4373 1406 4438 vult,
1457 4380 1511 4428 et
1540 4381 1808 4444 quantum

207 4449 355 4517 vult,
387 4465 506 4507 non
536 4452 651 4524 ipse
682 4458 925 4530 repletur
953 4477 964 4515 :
1000 4461 1390 4532 perfectionem
1429 4471 1665 4534 praestat,
1697 4480 1807 4521 non

1911 3305 2064 3361 pora,
2127 3287 2409 3357 increata,
2471 3288 2772 3346 invisibilis
2805 3333 2819 3357 ,
2871 3284 3449 3358 incomprehensibilis
3487 3329 3502 3356 ,

1914 3377 2362 3452 investigabilis:
2407 3397 2526 3453 quae
2558 3396 2666 3453 quo
2717 3375 2911 3434 ordine
2957 3375 3101 3448 apud
3159 3373 3503 3449 semetipsam
3555 3408 3558 3412 λ

1915 3471 2006 3538 sit,
2056 3470 2174 3544 ipsa
2229 3470 2343 3527 sola
2401 3470 2700 3544 cognoscit,
2776 3487 2805 3526 a
2887 3467 3048 3527 nobis
3094 3473 3274 3522 autem
3332 3480 3506 3538 aequa-

1916 3559 2043 3616 liter
2099 3559 2378 3618 adoratur.
2455 3561 2518 3618 In
2575 3578 2679 3634 qua
2770 3557 3042 3616 invisibili
3131 3563 3185 3612 et
3239 3551 3506 3610 ineffabili

1916 3657 2102 3706 sancta
2131 3651 2400 3709 Trinitate
2456 3649 2600 3708 nihil
2656 3659 2766 3708 tam
2825 3649 3133 3725 proprium,
3165 3657 3275 3704 tam
3331 3644 3504 3702 ﬁxum

1917 3739 2222 3812 intelligere
2275 3739 2569 3810 debemus,
2652 3757 2816 3814 quam
2882 3756 3069 3816 pacem
3132 3745 3186 3794 et
3241 3737 3504 3810 quietem.

1916 3828 2099 3903 Neque
2129 3830 2276 3887 enim
2308 3829 2578 3888 dissensio
2623 3831 2738 3889 ulla
2783 3831 2842 3888 in
2879 3837 3077 3886 natura
3118 3825 3218 3882 Dei
3249 3834 3349 3893 est,
3383 3826 3511 3897 quia

1917 3949 2018 3989 nec
2056 3930 2286 3989 dissolvi
2340 3946 2498 4001 posse
2553 3927 2840 3987 sentienda
2893 3935 2994 3995 est,
3031 3932 3222 3996 utpote
3253 3941 3372 3998 quae
3403 3939 3509 3994 pax

1918 4035 2131 4090 semper
2160 4025 2213 4074 et
2241 4016 2478 4074 charitas
2508 4025 2607 4074 est.
2641 4015 2698 4072 Si
2728 4013 2874 4073 enim
2903 4020 3139 4086 quatuor
3167 4010 3505 4082 substantiae,

1922 4109 1978 4165 id
2007 4115 2109 4176 est,
2143 4108 2312 4175 calor,
2345 4106 2588 4178 sanguis,
2630 4101 2824 4175 ﬂegma
2872 4111 2925 4160 et
2971 4103 3191 4170 humor,
3229 4099 3511 4160 hominem

1922 4196 2138 4255 faciunt
2171 4196 2307 4268 (18),
2343 4203 2396 4254 et
2425 4211 2572 4252 unus
2625 4192 2794 4250 homo
2824 4203 2941 4262 est;
2980 4203 3039 4251 tu
3071 4192 3130 4252 in
3160 4193 3369 4250 unitate
3399 4191 3514 4250 Tri-

1920 4287 2172 4354 nitatem,
2220 4293 2314 4342 aut
2363 4285 2419 4341 in
2465 4283 2736 4341 Trinitate
2779 4283 3046 4342 unitatem
3096 4283 3372 4357 quomodo
3402 4298 3514 4339 non

1921 4378 2237 4452 intelligis?
2265 4381 2410 4436 Deus
2456 4394 2583 4447 ergo
2637 4378 2797 4438 Pater
2851 4376 3221 4449 omnipotens,
3251 4373 3516 4446 omnipo-

1920 4482 2040 4530 tens
2068 4473 2310 4530 Verbum
2343 4480 2396 4529 et
2422 4471 2689 4543 Spiritum
2732 4470 2960 4540 habens,
3020 4485 3184 4544 supra
3214 4467 3512 4525 humanam

207 4538 447 4612 accipit:
481 4544 812 4614 sanctiﬁcat,
870 4564 980 4604 non
1034 4557 1216 4606 autem
1265 4550 1379 4622 ipse
1409 4551 1800 4611 sanctiﬁcatur.
1838 4575 1886 4634 D
1921 4562 2341 4633 intelligentiam
2373 4538 2479 4630 est,
2507 4570 2560 4617 et
2577 4563 2723 4619 ultra
2750 4577 2912 4635 quam
2935 4538 3164 4633 cogitari
3184 4563 3384 4628 potest,
3419 4554 3508 4608 in-

276 4635 515 4694 CAPUT
545 4641 616 4698 V.
644 4673 714 4686 --
745 4643 848 4702 Hic
876 4662 1004 4719 ergo
1061 4646 1204 4704 sicut
1254 4647 1412 4706 Pater
1459 4666 1520 4706 ac
1553 4650 1725 4708 Filius
1752 4659 1806 4706 et

210 4727 324 4781 vita
354 4735 438 4784 est
464 4736 521 4785 et
554 4731 868 4803 viviﬁcans,
931 4744 984 4792 et
1032 4736 1130 4792 lux
1157 4745 1238 4796 est
1283 4744 1337 4793 et
1383 4738 1729 4806 illuminans,
1760 4747 1813 4795 et

211 4814 386 4874 bonus
416 4829 472 4877 et
502 4821 740 4892 bonitas,
803 4832 857 4881 et
914 4834 1136 4884 sanctus
1183 4836 1236 4885 et
1284 4831 1580 4887 sanctitas:
1613 4830 1705 4887 hic
1733 4838 1815 4888 est

213 4903 448 4977 Spiritus
477 4909 794 4984 adoptionis
824 4915 1000 4985 (Rom.
1035 4933 1157 4984 vm,
1195 4918 1310 4987 15),
1341 4917 1434 4976 hic
1453 4927 1534 4974 est
1556 4919 1649 4991 qui
1671 4918 1816 4974 dona

213 5009 307 5051 sua
337 4996 548 5055 dividit
577 5001 832 5076 singulis,
865 5014 1030 5077 prout
1059 5007 1182 5063 vult
1205 5007 1263 5079 (Ι
1294 5007 1418 5063 Cor.
1447 5024 1548 5074 xu,
1585 5006 1694 5076 11):
1722 5006 1814 5060 hic

215 5093 291 5140 est
335 5110 352 5132 ι
381 5086 624 5159 Spiritus
653 5093 935 5164 sapientiae
989 5104 1043 5152 et
1101 5095 1438 5163 intellectus,
1489 5093 1731 5150 scientiae
1764 5100 1816 5150 et

217 5173 460 5244 pietatis,
493 5180 713 5237 consilii
743 5190 796 5237 et
823 5183 1053 5240 virtutis
1092 5201 1155 5243 ac
1185 5185 1406 5241 timoris
1434 5182 1532 5240 Dei
1567 5183 1701 5253 (Isa.
1735 5197 1813 5248 x1,

219 5264 287 5332 2):
321 5291 338 5311 ι
383 5266 478 5324 hic
508 5276 590 5324 est
620 5269 860 5340 Spiritus
909 5265 1153 5339 sanctus,
1197 5289 1292 5344 per
1325 5287 1485 5344 quem
1537 5269 1695 5326 Pater
1732 5285 1818 5339 ag-

223 5353 484 5423 noscitur,
539 5365 591 5411 et
645 5358 821 5414 Filius
877 5360 1240 5430 gloriﬁcatur,
1295 5367 1346 5416 et
1387 5376 1418 5415 a
1457 5359 1659 5432 quibus
1689 5356 1820 5412 solis

223 5441 331 5512 ipse
358 5446 730 5516 cognoscitur,
762 5455 816 5503 et
845 5449 938 5521 qui
965 5450 1120 5506 solus
1149 5449 1339 5505 omnia
1368 5464 1558 5503 eorum
1587 5461 1682 5519 per
1699 5444 1820 5500 uni-

292 5529 411 5671 (ὣς
442 5531 649 5589 Eadem
688 5535 842 5590 Rom.
878 5534 1035 5602 edit.,
1067 5536 1160 5605 qui
1199 5535 1264 5588 ab
1294 5541 1533 5614 utroque.

323 5602 385 5657 16
471 5604 697 5660 Eadem.
750 5606 907 5662 Rom.
940 5606 1098 5671 edit.,
1131 5605 1533 5659 con-substantia.

227 5677 242 5722 t
293 5602 408 5671 (16)
471 5604 697 5727 Ifadem.
750 5606 907 5662 Rom.
940 5602 1098 5674 edit.,
1131 5605 1595 5661 con-substantialis
1625 5611 1671 5659 et
1699 5619 1824 5658 coac-

245 5689 400 5726 ernus
431 5690 482 5725 es
516 5716 527 5727 .

245 5689 400 5726 ernus
431 5689 527 5727 εει.

298 5743 416 5812 (17)
456 5743 662 5799 Eadem
688 5747 845 5802 Rom.
880 5747 1040 5813 edit.,
1090 5745 1376 5815 unicuique
1406 5751 1497 5813 est,
1532 5750 1592 5799 ut
1637 5744 1685 5798 si
1733 5741 1826 5795 im-

1917 4653 2429 4726 comprehensihilis
2458 4660 2511 4709 et
2539 4659 2814 4708 aeternus:
2851 4666 3012 4722 quem
3044 4657 3198 4710 tunc,
3235 4647 3505 4716 quantum

1922 4743 2002 4800 fas
2061 4743 2464 4801 imbecillitatis
2515 4750 2715 4798 nostrae
2770 4737 3063 4810 permittit,
3109 4746 3400 4804 possumus
3428 4745 3516 4800 ag-

1921 4847 2166 4897 noscere,
2202 4830 2425 4902 quando
2456 4829 2753 4885 Dominum
2782 4825 3087 4888 Christum,
3123 4819 3216 4892 qui
3247 4818 3366 4889 ejus
3394 4817 3518 4874 for-

1925 4937 2013 4975 ma
2043 4919 2184 4990 (19),
2217 4928 2272 4975 et
2301 4919 2499 4975 unicus
2527 4919 2677 4974 ﬁlius
2697 4923 2798 4982 est,
2825 4913 3148 4972 noverimus
3172 4931 3184 4970 :
3218 4911 3347 4985 quia
3377 4910 3518 4968 sicut

1925 5009 2040 5080 ipse
2071 5007 2178 5062 ait:
2226 5028 2244 5052 σ
2273 5005 2378 5074 Qui
2409 5004 2554 5060 vidit
2586 5005 2815 5073 Filium,
2848 5002 2992 5059 vidit
3046 5009 3100 5058 et
3153 5002 3389 5068 Patrem,
3422 4999 3517 5072 qui

1924 5097 2078 5153 misit
2107 5111 2253 5161 eum,
2282 5101 2337 5149 et
2365 5092 2457 5165 qui
2502 5091 2562 5148 in
2611 5109 2676 5148 eo
2713 5100 2813 5160 est,
2865 5100 2919 5147 et
2970 5090 3063 5163 qui
3108 5090 3165 5147 in
3214 5106 3279 5146 eo
3336 5095 3520 5146 manet

1929 5189 2115 5259 (Joan.
2148 5203 2266 5252 xrv,
2299 5185 2379 5254 9),
2411 5207 2430 5232 ι
2473 5191 2528 5239 et
2557 5183 2758 5240 iterum
2785 5201 2796 5239 :
2859 5207 2878 5231 ι
2925 5184 3053 5240 Haec
3082 5191 3162 5240 est
3194 5189 3373 5238 autem
3404 5180 3520 5240 vita

1927 5284 2149 5336 aeterna,
2173 5281 2236 5328 ut
2263 5281 2594 5340 cognoscant
2621 5280 2675 5329 te
2712 5274 2887 5330 Deum
2916 5287 3132 5336 verum,
3165 5278 3218 5327 et
3241 5284 3401 5341 quem
3419 5267 3520 5325 mi-

1928 5363 2069 5430 sisti,
2100 5362 2283 5417 Jesum
2316 5360 2597 5418 Christum
2630 5361 2810 5430 (Joan.
2840 5377 2981 5427 xvn,
3005 5359 3084 5431 3).
3119 5384 3136 5407 ι
3169 5359 3315 5429 Ergo
3344 5356 3520 5412 omni-

1929 5463 2122 5525 potens
2151 5451 2312 5505 Pater
2337 5467 2540 5507 nomen
2569 5451 2746 5507 Patris
2774 5462 2871 5523 per
2899 5450 3105 5508 Filium
3140 5447 3369 5508 sortitus
3398 5459 3480 5508 est
3506 5468 3519 5514 ;

1875 5549 1879 5552 λ
1930 5533 2178 5594 mobilis;
2207 5530 2335 5599 quia
2367 5548 2502 5586 unus
2531 5535 2722 5599 cultus,
2756 5541 2860 5590 etc.

2007 5604 2126 5676 (18)
2159 5599 2364 5676 Eadem
2402 5603 2580 5676 _Rom.
2612 5603 2769 5671 edit.,
2803 5603 2922 5676 bilis
2952 5611 3076 5661 atra
3123 5611 3171 5660 et
3199 5606 3364 5675 ﬂava,
3397 5618 3526 5658 san-

1933 5673 2049 5746 guis
2078 5673 2126 5746 ct
2156 5673 2371 5746 flamma
2393 5673 2661 5746 hominem
2682 5674 3022 5732 constituunt.

2008 5744 2127 5815 (19)
2158 5740 2365 5796 Eadem
2393 5743 2548 5799 Rom.
2579 5743 2736 5812 edit.,
2767 5746 3042 5800 character
3071 5753 3118 5803 et
3151 5745 3349 5815 ﬁgura.
