3908 6192
392 372 500 431 543

1402 362 1498 420 AD
1538 358 1773 417 OPERA
1810 355 1865 414 S.
1907 350 2241 413 AMBROSII
2278 345 2660 407 APPENDIX.

3592 337 3699 397 544

395 509 525 582 quia
554 525 716 566 nemo
747 507 864 565 sine
895 505 1013 563 ﬁlio
1034 515 1187 579 pater
1205 520 1320 562 esse
1342 503 1428 558 vel
1458 498 1568 556 dici
1592 501 1790 568 potest,
1812 508 1989 565 neque
2029 492 2080 550 A
2108 503 2274 559 super
2301 486 2580 557 apostolos
2609 478 2965 547 descendens,
2999 476 3244 535 diversas
3277 476 3357 534 eis
3392 475 3708 549 impertitus

397 599 546 655 ﬁlius
580 597 699 654 sine
722 606 894 671 patre.
917 597 1273 667 Unigenitum
1306 610 1437 648 vero
1466 590 1565 647 Dei
1592 586 1820 648 Filium,
1851 583 2001 638 Ver-

394 690 553 759 bum,
607 699 661 746 et
715 689 1063 763 sapientiam,
1134 677 1196 742 ac
1254 683 1522 757 Spiritum
1575 676 1693 747 ejus
1748 679 1998 727 sanctum

398 761 835 839 substantialiter
891 780 1129 852 aequales
1171 794 1267 848 per
1320 774 1511 832 omnia
1546 774 1696 829 Patri
1742 761 1996 828 conﬁteri

397 872 771 931 honoriﬁcum
801 881 901 928 est.
936 870 1067 925 Nam
1101 869 1225 942 quis
1254 884 1443 923 revera
1470 871 1565 920 aut
1603 863 1864 927 colorem,
1906 869 1999 916 aut

397 980 673 1041 habitum,
733 981 828 1029 aut
882 967 1329 1041 magnitudinem
1362 962 1530 1021 Verbi
1583 972 1637 1020 et
1694 961 1998 1035 sapientiai,

394 1074 557 1147 juxta
600 1065 747 1139 quod
792 1060 1063 1134 sapientia
1107 1066 1209 1127 est,
1258 1075 1320 1114 ac
1364 1057 1603 1129 Spiritus
1649 1055 1823 1112 sancti
1865 1072 2001 1110 coa—

399 1143 579 1237 ptavit
604 1177 614 1214 :
643 1155 927 1227 utgradus
949 1153 1066 1208 illic
1090 1151 1335 1221 requirat
1354 1157 1407 1204 et
1436 1147 1658 1203 ordines
1687 1145 1872 1212 faciat,
1903 1143 1998 1199 ubi

404 1236 591 1308 omnia
622 1244 929 1303 invisibilia
969 1250 1022 1298 et
1049 1241 1210 1296 unita
1251 1256 1316 1295 ac
1360 1236 1588 1311 paciﬁca
1616 1248 1830 1305 semper
1869 1247 2001 1303 per-

402 1348 628 1399 manent
651 1338 680 1394 ?

476 1456 704 1516 CAPUT
735 1455 830 1511 VI.
862 1484 933 1493 —
956 1453 1203 1510 Primum
1227 1468 1358 1521 ergo
1385 1448 1634 1503 omnium
1666 1441 2002 1500 credendum

403 1557 485 1607 est
505 1564 678 1605 unum
706 1563 823 1603 esse
850 1547 1050 1611 Deum,
1075 1543 1168 1615 qui
1192 1547 1389 1599 cuncta
1408 1556 1478 1594 ex
1532 1536 1710 1592 nihilo
1747 1551 1842 1606 per
1869 1533 2004 1589 Ver-

401 1639 533 1695 bum
564 1652 725 1693 suum
756 1634 907 1700 fecit,
940 1640 991 1687 et
1024 1648 1120 1703 per
1168 1629 1432 1701 Spiritum
1476 1633 1725 1681 sanctum
1781 1622 2006 1678 anima-

403 1728 523 1794 vit;
559 1726 799 1798 quicum
831 1723 1093 1778 universa
1126 1719 1324 1791 capiat,
1375 1718 1488 1788 ipse
1527 1732 1557 1770 a
1584 1713 1807 1770 nemine
1845 1710 2006 1781 capi-

402 1826 514 1873 tur.
547 1813 705 1882 Quod
752 1812 830 1869 ita
876 1827 993 1866 esse
1037 1825 1148 1865 uno
1195 1807 1468 1862 versiculo
1516 1802 1693 1860 David
1742 1800 2007 1873 propheta

405 1900 826 1976 comprehendit
855 1900 1046 1956 dicens
1074 1916 1084 1954 :
1141 1921 1160 1944 ι
1196 1896 1381 1952 Verbo
1406 1892 1627 1950 Domini
1663 1890 1785 1949 C(Bli
1818 1887 1999 1944 ﬁrma-

405 1994 450 2048 ti
504 1999 653 2059 sunt,
686 1998 738 2046 et
801 1989 1011 2060 Spiritu
1046 1987 1159 2043 oris
1196 1985 1314 2057 ejus
1367 1982 1548 2040 omnis
1602 1980 1782 2034 virtus
1811 1993 1999 2033 eorum

410 2082 584 2153 (Psat.
618 2096 803 2143 χχχιι,
836 2078 916 2146 6).
959 2102 976 2123 ι
1018 2077 1126 2131 Iste
1155 2082 1235 2130 est
1268 2072 1507 2144 Spiritus
1544 2075 1785 2134 sanctus,
1818 2064 1911 2138 qui
1946 2064 1998 2118 in

406 2168 680 2242 principio
708 2174 763 2222 et
790 2165 997 2222 fabrica
1047 2163 1239 2219 mundi
1292 2162 1567 2218 ferebatur
1615 2172 1779 2227 super
1833 2170 2000 2226 aquas

411 2258 567 2329 (Gen.
602 2273 642 2323 ι,
664 2254 744 2325 2).
769 2255 875 2309 Iste
905 2262 987 2309 est
1021 2252 1079 2307 in
1109 2267 1218 2323 quo
1244 2250 1463 2321 Moyses
1507 2253 1560 2301 et
1600 2244 1783 2299 Aaron
1818 2254 2001 2296 coram

406 2326 690 2401 Pharaone
712 2359 834 2415 rege
857 2342 1087 2413 IEgypti
1110 2340 1264 2411 signa
1279 2338 1548 2401 fecerunt,
1573 2340 1627 2389 et
1647 2332 1714 2387 de
1736 2346 1844 2402 quo
1862 2326 2003 2398 Magi

408 2433 673 2490 dixerunt
697 2450 708 2487 :
757 2457 774 2478 -
790 2431 893 2487 Hic
912 2430 1120 2501 digitus
1140 2428 1238 2484 Dei
1263 2436 1344 2483 est
1370 2423 1572 2495 (Exod.
1594 2438 1717 2488 vm,
1744 2420 1880 2488 19).-
1899 2418 2004 2472 Iste

409 2529 493 2577 est
522 2522 615 2593 qui
654 2522 710 2576 in
743 2521 951 2592 Moyse,
986 2526 1038 2575 et
1070 2519 1128 2574 in
1158 2516 1419 2573 omnibus
1449 2511 1651 2569 sanctis
1679 2506 2005 2580 patriarchis

411 2621 469 2667 et
492 2610 778 2684 prophetis
823 2617 987 2682 atque
1050 2606 1311 2679 apostolis
1368 2606 1584 2660 locutus
1629 2607 1711 2656 est
1744 2599 1831 2667 (II
1859 2599 2002 2652 Petr.

412 2719 453 2769 1,
485 2700 601 2771 2i),
636 2726 654 2747 ι
697 2700 764 2756 de
797 2716 906 2771 quo
956 2699 1253 2769 Apostolus
1303 2696 1468 2751 dicit:
1522 2718 1538 2739 ι
1567 2692 1639 2746 Et
1688 2705 1790 2744 nos
1819 2700 2007 2741 omnes

417 2807 531 2847 uno
560 2791 771 2862 Spiritu
793 2790 965 2860 potati
993 2805 1183 2843 sumus
1216 2788 1273 2855 (Ι
1301 2786 1425 2841 Cor.
1449 2800 1549 2848 xu,
1586 2781 1698 2849 13).
1735 2805 1753 2827 ι
1787 2779 2004 2840 Isteest,

410 2881 505 2951 qui
536 2896 757 2935 carnem
789 2878 961 2932 Verbi
1007 2876 1107 2930 Dei
1158 2876 1215 2930 in
1263 2889 1477 2929 sacrum
1513 2869 1758 2940 Virginis
1788 2876 2005 2922 uterum

412 2966 708 3024 fabricavit
741 2965 891 3034 (Lac.
928 2981 965 3029 ι,
998 2962 1091 3021 35)
1119 2980 1130 3016 :
1178 2961 1279 3015 iste
1321 2967 1423 3025 est,
1457 2974 1619 3029 quem
1653 2965 1773 3027 post
1799 2955 2005 3027 baptis-

413 3070 568 3111 mum
600 3054 761 3108 Pater
785 3068 948 3123 super
976 3047 1363 3115 Filiummisit
1404 3047 1613 3117 (Matth.
1649 3064 1731 3113 ιιι,
1762 3047 1871 3113 16);
1895 3045 2009 3098 .iste

411 3151 514 3211 est,
547 3143 709 3215 cujus
736 3145 945 3198 virtute
995 3142 1150 3197 Jesus
1202 3139 1396 3212 plenus
1440 3152 1691 3192 reversus
1719 3144 1802 3191 est
1830 3152 1861 3190 a
1892 3136 2007 3190 Jor-

417 3232 579 3300 dane,
611 3241 666 3289 et
705 3248 984 3306 regressus
1013 3238 1096 3287 est
1126 3230 1184 3285 in
1243 3229 1530 3285 Galilaeam
1574 3228 1725 3287 (Lac.
1760 3242 1837 3291 ιν,
1872 3223 1961 3291 14)
1994 3240 2007 3289 ;

411 3323 514 3379 iste
533 3332 636 3393 est,
666 3340 830 3397 quem
862 3323 1020 3379 Pater
1048 3320 1367 3395 petentibus
1387 3337 1442 3376 se
1473 3318 1564 3373 dat
1599 3316 1753 3389 (Lac.
1778 3331 1858 3381 x1,
1889 3312 2004 3384 I3);

410 3412 511 3469 iste
532 3420 634 3481 est,
675 3414 769 3487 qui
803 3430 833 3468 a
859 3414 1005 3469 Filio
1036 3412 1336 3469 advocatus
1368 3416 1555 3465 noster
1593 3406 1735 3478 apud
1769 3405 2006 3468 Patrem,

409 3507 463 3555 et
488 3501 633 3557 alius
677 3502 977 3570 paraclitus
1023 3501 1349 3570 appellatur,
1381 3514 1546 3571 quem
1596 3496 1771 3551 Filius
1813 3493 1881 3547 ad
1909 3507 2010 3546 nos

409 3589 709 3644 missurum
737 3606 794 3643 se
825 3605 941 3644 esse
970 3589 1227 3661 promisit
1258 3588 1439 3657 (Joan.
1482 3604 1605 3651 xxv,
1653 3585 1766 3650 16).
1796 3582 1852 3638 Si
1882 3596 2009 3650 ergo

410 3676 580 3732 unius
608 3683 820 3733 natura:
850 3693 963 3731 non
1011 3684 1152 3733 esset
1181 3692 1308 3731 cum
1356 3677 1517 3730 Patre
1564 3681 1618 3729 et
1662 3673 1825 3737 Filio,
1870 3685 2008 3724 nun-

411 3782 575 3838 quam
605 3766 749 3823 alius
797 3783 829 3822 a
881 3766 1028 3822 Filio
1075 3766 1372 3839 paraclitus
1424 3763 1741 3820 diceretur:
1800 3759 2009 3814 idcirco

410 3872 540 3928 ergo
574 3857 715 3915 alius
743 3860 1044 3932 paraclitus
1098 3857 1324 3925 dicitur,
1359 3865 1421 3912 ut
1452 3854 1821 3928 aequalitatem
1854 3858 2010 3905 natu-

412 3963 484 4002 ra:
517 3964 580 4004 ac
607 3950 891 4020 potestatis
920 3965 1302 4022 agnoscamus.
1336 3949 1496 4005 Alius
1524 3962 1652 4017 ergo
1673 3961 1706 4000 a
1753 3940 1919 3997 nobis
1940 3940 2009 3995 ad

409 4038 626 4093 Patrem
659 4039 982 4109 ascendens,
1015 4042 1158 4097 alius
1209 4039 1277 4096 ad
1330 4056 1431 4096 nos
1484 4057 1515 4095 a
1568 4036 1729 4092 Patre
1757 4031 2008 4097 veniens,

409 4132 700 4196 paternum
726 4143 853 4199 erga
872 4145 974 4184 nos
998 4146 1211 4202 semper
1228 4148 1292 4187 ac
1312 4130 1622 4201 piissimum
1645 4127 1901 4182 affectum
1920 4122 2008 4177 tle-

412 4215 603 4270 clarat.
637 4214 744 4280 Qui
792 4232 1071 4289 nunquam
1133 4236 1234 4275 nos
1290 4220 1347 4274 in
1403 4216 1804 4275 tentationibus
1850 4213 2009 4268 istius

410 4300 607 4356 mundi
638 4309 692 4356 et
744 4304 987 4358 miseriis
1016 4323 1117 4361 nec
1145 4307 1263 4362 sine
1294 4306 1560 4361 advocato
1587 4321 1689 4361 nec
1719 4303 1838 4358 sine
1866 4318 2009 4357 con-

412 4390 653 4446 solatore
692 4406 807 4445 esse
837 4392 1065 4462 patitur.
1099 4395 1207 4448 Iste
1261 4403 1361 4457 est,
1416 4393 1510 4464 qui
1558 4409 1668 4447 una
1695 4409 1820 4447 cum
1852 4392 2010 4446 Patre

413 4479 620 4534 Filium
652 4495 750 4551 pro
777 4480 953 4534 salute
985 4479 1199 4552 generis
1218 4480 1445 4536 humani
1474 4479 1645 4545 misit,
1669 4479 1811 4534 sicut
1845 4477 2010 4532 Isaias

2109 586 2191 633 est
2219 578 2435 647 linguas
2461 581 2514 628 et
2537 572 2738 644 gratias
2769 570 2910 641 (Act.
2948 587 3009 637 II,
3040 569 3096 633 2,
3128 568 3209 639 3),
3240 567 3415 623 sancti
3445 567 3564 621 Joel
3592 583 3708 637 pro-

2110 666 2290 737 phetze
2315 664 2644 721 vaticinium
2675 662 2960 732 complens
3013 659 3166 728 (Joel.
3212 674 3274 723 II,
3306 656 3581 724 28).'Iste
3609 663 3707 723 est,

2111 757 2206 827 qui
2238 757 2292 811 in
2326 754 2529 811 sanctis
2560 750 2899 823 martyribus
2930 750 3178 820 loquens,
3204 744 3488 801 diabolum
3526 751 3579 799 et
3607 743 3708 797 ad-

2112 846 2383 901 versarios
2404 841 2610 899 Christi
2639 841 2804 896 vicit:
2833 839 2935 893 iste
2965 844 3068 903 est,
3105 835 3201 907 qui
3244 834 3479 888 Paulum
3506 833 3707 904 impie-

2111 936 2215 1000 vit,
2248 943 2301 990 et
2332 934 2389 989 in
2409 932 2775 1005 apostolatqu
2808 925 3110 999 segregavit
3143 924 3260 996 (20)
3296 924 3440 991 (Act.
3474 940 3598 989 xm,
3631 922 3705 992 2).

2112 1023 2218 1077 Iste
2247 1031 2350 1089 est,
2381 1021 2476 1093 qui
2506 1020 2725 1075 diversa
2752 1017 2898 1073 dona
2944 1032 3043 1072 sua
3097 1015 3154 1070 in
3208 1012 3428 1083 singula
3469 1009 3706 1065 membra

2111 1114 2335 1170 Domini
2391 1112 2599 1171 Christi
2656 1127 2829 1182 usque
2876 1110 2935 1165 in
2992 1108 3159 1162 ﬁnem
3206 1102 3402 1159 mundi
3460 1108 3709 1173 operatur

2115 1204 2173 1277 (Ι
2220 1205 2345 1260 Cor.
2392 1220 2496 1270 xu,
2528 1202 2608 1271 6).
2668 1201 2775 1255 Iste
2830 1207 2935 1266 est,
2993 1196 3089 1269 qui
3142 1211 3253 1249 non
3282 1193 3464 1247 solum
3498 1190 3707 1245 anobis

2111 1292 2368 1350 tristitias
2400 1299 2455 1346 et
2486 1305 2746 1345 maerores
2800 1295 2853 1343 et
2902 1287 3071 1343 malas
3122 1280 3541 1354 turpitudinum
3571 1279 3705 1349 cogi-

2112 1383 2347 1437 tationes
2377 1380 2645 1451 expellit;
2672 1394 2864 1433 verum
2891 1376 3058 1432 etiam
3088 1372 3187 1430 Dei
3228 1372 3286 1426 in
3317 1369 3482 1424 nobis
3512 1383 3703 1423 memo-

2114 1473 2253 1528 riam
2281 1470 2499 1537 tribuit,
2532 1474 2675 1531 325
2710 1475 2771 1522 ut
2810 1466 3008 1521 merito
3056 1479 3183 1520 cum
3232 1458 3413 1518 David
3452 1456 3705 1529 propheta

2112 1567 2296 1624 dicere
2344 1566 2650 1638 possimus:
2715 1588 2733 1610 ι
2787 1564 2998 1618 Memor
3034 1558 3116 1613 fui
3172 1556 3293 1623 Dei,
3326 1564 3381 1609 et
3409 1553 3702 1610 delectatus

2114 1673 2233 1712 sum
2271 1657 2445 1727 (Psat.
2500 1670 2691 1721 Lxxvr,
2736 1652 2832 1723 lt);
2872 1676 2889 1697 ιι
2944 1657 3000 1705 et
3037 1647 3275 1702 iterum:
3330 1667 3349 1689 ‹
3388 1643 3597 1698 Memor
3621 1656 3705 1694 ero

2117 1744 2456 1799 mirabilium
2484 1752 2707 1799 tuorum
2753 1740 2916 1813 (Ibid.
2971 1738 3084 1807 12).
3125 1761 3145 1783 ι
3197 1735 3304 1789 Iste
3356 1739 3461 1795 est,
3490 1730 3586 1802 qui
3620 1744 3704 1782 no-

2115 1832 2201 1888 bis
2258 1840 2403 1888 recte
2458 1830 2812 1887 credentibus
2867 1835 2920 1883 et
2974 1825 3114 1881 bene
3167 1819 3527 1893 operantibus
3552 1817 3706 1873 adve-

2117 1922 2296 1987 niens,
2330 1920 2583 1975 tenebras
2631 1926 2685 1973 et
2741 1914 3023 1987 angustias
3075 1928 3139 1967 ac
3192 1907 3704 1980 pusillanimitatem

2121 2009 2304 2068 cordis
2331 2016 2384 2064 et
2423 2024 2523 2063 sua
2575 2024 2676 2063 nos
2727 2008 2850 2062 luce
2908 2003 3250 2065 illuminans,
3303 1996 3493 2056 miscet
3519 1993 3703 2048 sensui

2119 2106 2307 2154 nostro
2330 2112 2549 2151 sensum
2581 2093 2788 2152 Christi
2814 2110 2827 2159 ;
2881 2100 2943 2147 ut
3002 2090 3172 2144 vitam
3204 2093 3459 2151 nostram,
3486 2098 3609 2154 quae
3642 2081 3701 2135 iu

2120 2186 2341 2244 Christo
2371 2192 2451 2239 est
2480 2183 2824 2245 abscondita,
2856 2181 3197 2251 cogitemus;
3227 2184 3281 2230 et
3318 2173 3375 2227 in
3406 2169 3703 2225 aeternis-et

2117 2277 2534 2350 superventuris
2564 2274 2803 2340 saeculis,
2833 2272 2928 2344 qui
2958 2279 3145 2326 noster
3185 2274 3363 2323 status
3390 2263 3484 2328 sit,
3514 2259 3705 2317 consi—

2118 2371 2395 2437 deremus,
2427 2376 2716 2441 sequentes
2743 2367 2930 2421 Iesum
2992 2362 3195 2417 Filium
3244 2358 3365 2423 Dei,
3418 2356 3512 2428 qui
3544 2370 3709 2426 pene-

2119 2462 2288 2516 travit
2316 2462 2501 2525 caelos,
2534 2458 2670 2514 etin
2700 2457 2927 2512 dextera
2982 2452 3078 2507 Dei
3125 2448 3337 2515 sedens,
3382 2456 3435 2502 et
3474 2446 3532 2500 in
3562 2443 3705 2499 omni

2116 2553 2420 2608 consistens
2452 2553 2592 2616 loco,
2625 2548 2767 2603 nihil
2798 2562 2909 2602 sua:
2931 2541 3231 2615 praesentia:
3272 2553 3507 2593 vacuum
3541 2537 3701 2591 dere-

2119 2643 2302 2715 liquit.
2336 2643 2391 2697 Si
2421 2650 2603 2697 tamen
2650 2654 2762 2693 non
2795 2651 2921 2690 eum
2976 2631 3143 2687 unius
3198 2627 3305 2683 loci
3336 2625 3517 2698 spatio
3544 2621 3706 2679 conti-

2124 2732 2244 2786 neri
2293 2747 2391 2800 pro
2446 2726 2855 2799 dispensatione
2884 2720 3132 2792 corporis
3179 2734 3276 2789 pro
3332 2722 3520 2770 nostra
3548 2712 3708 2767 salute

2121 2822 2359 2894 suscepti
2405 2829 2682 2893 putemus,
2741 2824 2835 2872 aut
2885 2810 3365 2881 circumscriptum
3416 2805 3706 2863 secundum

2120 2914 2433 2970 divinitatis
2460 2912 2576 2981 (2i)
2609 2918 2663 2964 et
2686 2903 3153 2977 incorporalitatis
3184 2918 3296 2955 suae
3318 2908 3595 2954 naturam.
3618 2896 3701 2951 Di-

2121 3006 2381 3062 versitate
2437 3006 2682 3059 locorum
2733 2995 2999 3054 divinitas
3045 3009 3157 3048 non
3216 2998 3392 3064 potest
3440 2985 3699 3059 separari;

2122 3096 2269 3168 quod
2304 3095 2381 3149 ita
2436 3094 2551 3149 esse
2602 3092 2718 3162 ipse
2756 3087 3007 3142 Salvator
3056 3080 3441 3153 comprobavit
3485 3077 3699 3133 dicens:

2040 3211 2084 3271 ο
2135 3211 2153 3233 ε
2181 3186 2354 3241 Nemo
2377 3182 2623 3240 ascendit
2660 3181 2719 3235 in
2749 3178 2973 3243 coelum,
2996 3174 3103 3229 nisi
3125 3173 3220 3245 qui
3241 3173 3308 3227 de
3324 3172 3465 3227 caelo
3481 3169 3705 3224 descen-

2118 3276 2220 3343 dit,
2245 3275 2420 3330 Filius
2441 3273 2705 3340 hominis,
2735 3270 2829 3343 qui
2846 3267 3005 3345 estin
3035 3266 3174 3321 ccelo
3209 3265 3394 3335 (Joan.
3430 3278 3514 3327 ιιι,
3538 3259 3647 3327 13).
3678 3283 3693 3305 ι

2118 3370 2239 3425 Non
2261 3385 2389 3439 ergo
2418 3368 2485 3423 ad
2516 3366 2787 3439 explenda
2839 3378 3003 3434 opera
3032 3376 3131 3415 sua
3173 3361 3294 3415 loco
3340 3357 3554 3428 indiget
3585 3352 3705 3424 Spi-

2119 3462 2281 3528 ritus,
2324 3459 2590 3527 Verbum,
2639 3459 2839 3522 virtus,
2880 3452 3166 3526 sapientia,
3202 3448 3496 3521 splendor,-
3518 3447 3701 3515 imago,

2119 3571 2309 3626 vapor,
2342 3562 2394 3610 et
2424 3552 2684 3625 splendor
2730 3550 2829 3606 Dei
2882 3550 3003 3604 sine
3058 3545 3307 3601 macula:
3349 3559 3471 3615 quae
3532 3539 3703 3596 omnia

2119 3646 2237 3702 sine
2267 3646 2439 3702 dubio
2470 3660 2753 3717 personam
2774 3641 2902 3698 Filii
2920 3640 3320 3695 demonstrant.
3342 3636 3567 3691 Nullum
3590 3650 3704 3703 ergo

2118 3734 2333 3790 exstitit
2367 3743 2601 3805 tempus,
2636 3731 2856 3804 quando
2882 3730 3039 3784 Pater
3063 3727 3183 3781 sine
3224 3718 3389 3791 Filio,
3419 3733 3515 3779 aut
3537 3722 3701 3777 Filius

2119 3822 2239 3877 sine
2266 3823 2445 3890 Patre,
2480 3830 2575 3877 aut
2609 3820 2848 3893 Spiritus
2874 3826 3096 3874 sanctus
3126 3815 3246 3871 sine
3283 3813 3444 3867 Patre
3476 3828 3541 3867 ac
3569 3810 3701 3865 Filio

2119 3911 2306 3967 fuerit.
3043 3937 3051 3949 -

2191 4001 2418 4057 CAPUT
2449 4001 2570 4059 VII.
2598 4030 2669 4042 —
2694 3997 2985 4070 Proprium
3028 4011 3155 4065 ergo
3202 3992 3302 4048 Dei
3354 3998 3437 4047 est
3475 4005 3585 4044 non
3613 4004 3704 4042 cce-

2120 4090 2287 4162 pisse,
2320 4092 2413 4147 sed
2439 4107 2652 4162 semper
2684 4089 2829 4144 idem
2852 4104 2987 4152 esse,
3013 4083 3160 4157 quod
3186 4098 3403 4152 semper
3429 4090 3531 4137 est.
3562 4079 3701 4148 Quod

2119 4182 2195 4238 ita
2233 4200 2349 4239 esse
2376 4185 2443 4240 de
2501 4183 2795 4255 semetipso
2849 4178 3172 4251 comprobat
3214 4179 3360 4233 Deus
3392 4178 3620 4249 loquens
3645 4174 3702 4229 ad

2118 4280 2376 4351 Moysen:
2428 4307 2445 4328 ε
2488 4281 2659 4349 Vade,
2691 4290 2745 4336 et
2787 4280 2878 4336 dic
2910 4279 3041 4334 filiis
3074 4276 3266 4333 Israel:
3302 4275 3408 4342 Qui
3437 4284 3541 4342 est,
3569 4274 3703 4329 misit

2119 4385 2205 4425 me
2226 4370 2293 4425 ad
2322 4387 2421 4426 vos
2449 4371 2654 4441 (Exod.
2689 4388 2773 4437 III,
2824 4368 2935 4440 14).
2972 4394 2990 4416 ι
3031 4370 3141 4423 Iste
3189 4373 3269 4427 est
3312 4365 3555 4436 Spiritus
3581 4381 3705 4420 san—

2117 4466 2258 4527 ctus,
2283 4461 2376 4532 qui
2400 4476 2577 4531 neque
2613 4469 2796 4526 natus,
2824 4474 3001 4530 neque
3030 4457 3211 4513 factus
3248 4465 3349 4519 est;
3381 4454 3476 4510 sed
3521 4464 3602 4510 est
3637 4454 3703 4508 in-

414 4543 681 4643 propbeta
708 4587 777 4627 ex
808 4543 1042 4645 persona
1073 4572 1203 4626 Filii
1235 4571 1512 4643 loquentis
1546 4543 1772 4625 testatur
1799 4567 2006 4623 dicens:
2044 4567 2093 4625 D
2123 4548 2318 4615 femus:
2351 4548 2495 4603 δίθυι
2524 4548 2681 4601 Pater
2723 4564 2787 4603 ³ο
2817 4546 2993 4602 Filius
3045 4546 3184 4618 (22)-
3216 4544 3322 4598 Ῑδίθ
3350 4552 3435 4599 θεῖ
3473 4543 3701 4615 Spiritus

427 4684 446 4707 α
475 4661 749 4718 Dominus
777 4660 933 4716 misit
964 4678 1069 4729 me,
1120 4668 1174 4716 et
1202 4660 1442 4732 Spiritus
1474 4659 1592 4729 ejus
1649 4658 1783 4729 (Isa.
1814 4673 2012 4723 xuvm,

416 4751 530 4823 16).
577 4777 596 4800 ι
660 4753 767 4808 Iste
815 4759 918 4819 est,
969 4750 1028 4806 in
1084 4766 1194 4824 quo
1240 4750 1397 4805 Jesus
1454 4746 1730 4803 daemonia
1759 4745 2014 4816 ejiciebat

417 4840 629 4911 (Matth.
663 4858 764 4910 xu,
826 4840 958 4911 28):
1013 4840 1116 4896 iste
1169 4846 1271 4907 est,
1322 4853 1483 4911 quem
1532 4834 1801 4892 Dominus
1859 4835 2015 4892 Iesus

414 4926 668 4984 Christus
714 4936 840 5000 post
887 4928 1108 4986 tertiam
1158 4927 1302 4984 diem
1356 4942 1642 4997 resurgens
1695 4942 1726 4979 a
1756 4925 2008 4993 mortuis,

413 5017 568 5072 dedit
595 5017 883 5090 discipulis
937 5019 1052 5074 suis
1101 5017 1328 5073 dicens:
1400 5040 1419 5062 ‹
1455 5013 1704 5086 Accipite
1747 5012 2009 5085 Spiritum

413 5112 703 5161 sanctum:
762 5122 996 5178 quorum
1074 5105 1396 5162 remiseritis
1462 5112 1681 5177 peccata
1714 5146 1728 5170 ,
1786 5101 2013 5156 remissa

414 5202 586 5250 sunt:
650 5212 887 5268 quorum
936 5205 1119 5252 autem
1180 5195 1522 5251 retinueritis
1556 5238 1570 5262 ,
1620 5200 1828 5247 retenta
1882 5198 2011 5245 sunt

417 5282 600 5355 (Joan.
661 5302 760 5352 xx,
802 5284 891 5354 22,
926 5286 1041 5357 23).
1074 5311 1094 5333 ι
1136 5285 1242 5341 Iste
1267 5291 1367 5351 est,
1399 5283 1492 5355 qui
1538 5283 1626 5338 die
1665 5281 2010 5335 Pentecostes

489 5429 609 5569 (20)
643 5432 799 5488 Rom.
824 5430 982 5499 edit.,
1011 5432 1071 5487 in
1102 5430 1430 5501 apostolatus
1459 5428 1833 5485 ministerium.

515 5500 578 5569 21
636 5501 770 5556 Ead.
798 5502 957 5557 Rom.
987 5502 1147 5569 edit.,
1204 5502 1320 5556 licet
1350 5516 1466 5552 eum
1512 5498 1671 5551 unius
1704 5501 1803 5554 loci

515 5498 609 5581 2.1)
636 5501 770 5581 Ead.
798 5502 957 5581 Rom.
987 5498 1152 5569 edit.,
1184 5502 1320 5581 _licet
1350 5516 1466 5552 eum
1512 5498 1671 5581 unius
1704 5500 2007 5581 (ociospatio

417 5571 673 5647 contineri
717 5572 1332 5647 _ra_tioae_corporis.....
1391 5586 1494 5647 non
1526 5575 1719 5647 tamen
1775 5571 2009 5624 circum—

417 5639 666 5761 scriptam
697 5641 994 5695 divinitatis
1030 5639 1083 5695 et
1106 5639 1561 5711 incomoralitatis
1590 5655 1699 5692 sua:
1732 5647 2004 5695 naturam.

492 5708 511 5761 (
553 5706 610 5761 2)
644 5709 847 5761 Eadem
880 5711 1035 5761 Rom.
1069 5711 1226 5761 edit.-
1257 5712 1353 5761 iste
1404 5727 1620 5761 rursum
1670 5716 1744 5761 est
1776 5710 2004 5761 Spiritus

492 5706 610 5776 (22)
644 5709 847 5765 Eadem
880 5711 1035 5766 Rom.
1069 5711 1226 5777 edit.,
1251 5706 1353 5766 iste
1404 5727 1620 5763 rursum
1670 5716 1744 5763 est
1776 5710 2008 5779 Spiritus

2124 4648 2365 4705 sanctus,
2399 4639 2493 4711 qui
2535 4640 2713 4709 lapsos
2756 4639 2954 4709 erigit;
3010 4646 3065 4693 et
3113 4637 3428 4709 jacentibus
3466 4636 3706 4693 occasio-

2124 4748 2247 4787 nem
2278 4730 2478 4786 tribuit
2532 4728 2871 4800 resurgendi,
2916 4730 3239 4800 singulaque
3279 4727 3445 4800 juxta
3488 4729 3704 4783 varieta-

2120 4831 2231 4877 tem
2260 4822 2606 4886 meritorum,
2648 4828 2702 4875 et
2732 4819 3077 4874 voluntatem
3114 4818 3292 4873 Patris
3340 4834 3404 4873 ac
3452 4817 3581 4872 Filii
3609 4815 3705 4870 dis-

2122 4920 2332 4983 pensat,
2375 4926 2609 4983 quoruln
2667 4908 2855 4964 omnia
2912 4924 3021 4963 non
3064 4923 3162 4978 per
3208 4906 3703 4977 investigationem,

2121 5000 2215 5057 sed
2270 5017 2367 5074 per
2413 5000 2683 5057 unitatem
2736 5007 2946 5054 naturae
2995 4997 3175 5053 novit.
3208 4998 3328 5068 Ipse
3375 5005 3477 5063 est,
3512 4998 3580 5052 de
3611 5012 3707 5067 quo

2120 5098 2385 5171 propheta
2436 5097 2550 5153 ait:
2630 5097 2869 5167 Spiritus
2932 5094 3150 5150 Domini
3222 5093 3523 5165 multiplex
3573 5092 3704 5162 (23),

2123 5189 2389 5257 mundus,
2423 5187 2922 5260 incoinquinatus,.
2954 5193 3008 5241 et
3050 5194 3274 5242 sanctus
3302 5193 3385 5241 est
3425 5186 3579 5257 (Sap.
3615 5199 3705 5244 vn,

2123 5281 2262 5355 (22).
2298 5279 2452 5336 Sicut
2477 5295 2605 5350 ergo
2636 5278 2821 5335 lumen
2869 5276 3122 5332 tenebras
3152 5293 3263 5331 non
3294 5275 3515 5348 recipit,
3548 5275 3625 5331 sic
3659 5279 3701 5326 et

2117 5434 2346 5494 sanctus,
2409 5426 2503 5496 qui
2538 5441 2645 5479 non
2684 5430 2757 5478 est
2812 5423 3009 5493 factus,
3071 5420 3206 5475 sicut
3250 5436 3345 5474 nec
3389 5420 3571 5485 Pater,
3625 5432 3705 5471 nec

2118 5499 2309 5553 Filius.
2334 5500 2456 5558 Iste,
2492 5505 2597 5551 etc.

2191 5568 2306 5638 (23)
2343 5568 2547 5623 Eadem
2588 5567 2756 5638 Rom.
2787 5562 2943 5638 edit.,
2990 5563 3214 5638 spiritus
3253 5562 3474 5617 Domini
3521 5558 3703 5638 {utrili-

2115 5631 2256 5707 geiis,
2287 5631 2586 5707 multiplex,
2619 5636 2848 5699 mobilis,
2898 5631 3353 5707 incoiinquinatus,
3388 5648 3589 5687 omnem
3614 5631 3695 5683 Iut-

2115 5705 2233 5765 bens
2258 5705 2522 5775 virtutem,
2543 5708 2719 5762 omnia
2742 5705 3084 5777 prospiciens.
