3908 6192
244 232 355 295 345

1412 224 1506 293 ne
1545 220 1925 294 TRINITATE
1967 220 2398 293 ’l‘RACTATLTS.

3470 230 3574 295 3&6

242 363 496 434 Spiritus
545 367 770 420 sanctus
815 377 909 434 per
956 365 1209 418 naturam
1251 359 1435 428 habet,
1494 368 1555 416 ut
1603 360 1851 414 omnium
1882 359 1931 416 A
1968 357 2191 415 Christi.
2252 357 2408 426 Quod
2462 358 2540 415 ita
2591 374 2708 415 esse
2767 356 3089 431 comprobat
3136 357 3328 416 beatus
3362 360 3571 418 Paulus

242 451 509 507 sordium
541 453 776 524 incapax
807 451 897 507 sit.
931 452 1039 506 Iste
1068 458 1172 516 est,
1202 448 1299 522 qui
1323 466 1379 505 se
1408 449 1667 505 transfert
1696 466 1727 503 a
1754 466 1859 506 co-

240 538 645 609 gitationibus,
695 555 814 611 quas
853 537 973 593 sine
1021 539 1138 593 Deo
1181 545 1330 593 sunt.
1376 538 1483 592 Iste
1522 542 1623 603 est,
1675 535 1770 607 qui
1805 553 1861 591 se

240 627 301 681 in
346 628 572 683 animas
621 634 834 682 sanctas
881 624 1131 680 infundit
1182 631 1235 679 et
1280 623 1485 680 amicos
1544 623 1643 679 Dei
1701 631 1862 695 atque

241 716 559 789 prophetas
602 716 912 772 constituit.
962 714 1081 770 Nisi
1125 730 1253 785 ergo
1282 713 1406 785 quis
1443 720 1693 769 sanctum
1726 712 1865 783 Spi-

239 805 427 860 ritum
500 805 776 872 habuerit,
830 820 932 860 nec
1006 806 1165 859 Pater
1218 819 1318 860 nec
1373 802 1572 868 Filius,
1626 818 1861 874 quorum

238 901 350 960 est,
406 902 465 950 et
517 911 643 950 cum
692 893 892 965 quibus
947 908 1091 947 unus
1143 899 1224 948 est
1251 894 1417 959 Deus,
1468 891 1535 946 ad
1581 907 1706 945 eum
1757 906 1864 945 ve-

240 984 439 1049 niunt,
491 991 551 1037 ut
591 981 737 1053 apud
776 997 902 1035 eum
961 981 1303 1035 mansionem
1348 980 1573 1036 faciant.
1626 980 1734 1035 Iste
1780 987 1863 1035 est

236 1070 487 1141 spiritus
508 1070 807 1141 sapientia,
842 1069 936 1141 qui
967 1068 1090 1124 ideo
1114 1069 1406 1139 multiplex
1435 1068 1764 1140 appellatur,
1797 1085 1861 1123 eo

238 1160 396 1231 quod
450 1160 628 1216 multa
666 1160 724 1214 in
756 1176 811 1216 se
853 1159 1071 1227 habeat,
1106 1168 1160 1215 et
1191 1175 1312 1231 qum
1341 1159 1528 1225 habet,
1563 1158 1669 1214 hoc
1698 1167 1751 1214 et
1780 1166 1861 1213 est

244 1247 396 1317 (24),
433 1256 493 1302 et
517 1264 612 1319 per
641 1247 828 1303 omnia
862 1264 1007 1303 unus
1038 1256 1140 1314 est,
1186 1263 1286 1303 nec
1316 1247 1374 1302 in
1402 1247 1615 1320 aliquid
1643 1264 1858 1317 eorum,

240 1353 368 1409 quae
403 1346 688 1409 operatur,
722 1336 836 1407 ipse
866 1344 1150 1404 mutatur;
1183 1336 1326 1392 sicut
1357 1337 1536 1409 imago
1575 1353 1644 1392 ex
1674 1352 1860 1391 annu—

243 1427 319 1495 lo,
352 1444 484 1500 quaa
515 1428 570 1482 in
604 1444 783 1484 ceram
812 1428 1029 1496 transit,
1052 1437 1107 1483 et
1127 1428 1396 1483 annulum
1424 1444 1535 1483 non
1566 1425 1855 1498 relinquit.

239 1521 407 1588 Quod
460 1522 541 1576 ita
571 1537 687 1576 esse
716 1521 987 1575 Dominus
1016 1520 1357 1591 comprobat,
1404 1519 1472 1574 ad
1501 1519 1732 1591 Moysen
1763 1517 1859 1573 di-

239 1626 405 1665 cens:
456 1632 476 1654 -
509 1609 771 1664 Auferam
804 1608 973 1679 igitur
1001 1608 1069 1663 de
1099 1608 1332 1680 Spiritu,
1373 1608 1464 1681 qui
1498 1614 1577 1662 est
1608 1608 1667 1661 in
1698 1616 1772 1673 te,
1805 1615 1859 1662 et

1969 447 2247 519 apostolus
2277 446 2463 503 dicens
2496 464 2507 501 :
2580 472 2598 494 ι
2643 448 2699 503 Si
2748 448 2871 521 quis
2902 446 3169 520 Spiritum
3218 447 3426 506 Christi
3460 468 3571 506 non

1970 536 2154 604 habet,
2196 536 2289 592 hic
2308 552 2418 592 non
2458 544 2539 592 est
2568 536 2685 608 ejus
2718 537 2893 609 (Rom.
2927 555 3050 606 VIII,
3080 538 3161 605 9).
3182 563 3201 584 ι
3234 538 3306 593 Et
3335 538 3561 594 iterum:

1984 651 2002 674 ι
2040 629 2211 683 Nemo
2294 634 2470 698 potest
2523 626 2725 692 dicere,
2786 628 3051 684 Dominus
3125 628 3300 696 Jesus,
3358 628 3466 685 nisi
3513 629 3569 684 in

1971 716 2181 787 Spiritu
2210 722 2397 771 sancto
2434 716 2488 786 (1
2529 715 2653 772 Cor.
2686 731 2791 784 x11,
2822 716 2902 787 3).
2944 741 2963 764 ι
3033 715 3191 781 Quod
3237 718 3573 774 conﬁrmans

1970 803 2162 859 beatus
2232 803 2471 859 Joannes
2524 803 2806 875 apostolus
2875 812 2929 857 et
2982 804 3338 875 evangelista,
3394 806 3566 863 dicit:

1986 918 2004 940 ι
2034 895 2097 949 In
2125 893 2230 949 hoc
2275 892 2627 964 cognoscitur
2674 891 2917 962 Spiritus
2947 892 3047 947 Dei
3076 910 3087 946 :
3114 892 3297 948 omnis
3346 895 3574 967 Spiritus

1971 982 2065 1055 qui
2114 980 2411 1037 conﬁtetur
2456 980 2643 1036 Jesum
2686 979 2970 1036 Christum
3028 979 3087 1034 in
3129 996 3292 1035 carne
3337 981 3571 1050 venisse,

1970 1087 2039 1126 ex
2074 1072 2187 1126 Deo
2217 1080 2333 1136 est;
2384 1078 2439 1125 et
2467 1070 2649 1125 omnis
2679 1070 2910 1143 spiritus
2941 1069 3036 1142 qui
3065 1069 3239 1124 solvit
3266 1069 3476 1137 Jesum,
3506 1086 3574 1124 ex

1968 1162 2082 1215 Deo
2120 1176 2230 1215 non
2257 1168 2374 1215 est:
2407 1167 2462 1215 et
2482 1159 2573 1215 hic
2589 1166 2671 1215 est
2701 1158 3102 1225 Antichristus,
3136 1174 3300 1230 quem
3331 1159 3567 1215 audistis

1970 1248 2231 1321 quoniam
2257 1248 2449 1316 venit;
2482 1256 2540 1303 et
2567 1264 2716 1304 nunc
2732 1246 2849 1318 jam
2878 1247 2937 1302 in
2968 1245 3179 1302 mundo
3217 1255 3299 1318 est
3332 1248 3390 1318 (Ι
3414 1248 3573 1303 Joan.

1970 1354 2047 1405 1v,
2079 1337 2134 1405 2,
2165 1338 2258 1407 3);
2294 1363 2312 1385 -
2370 1345 2425 1392 et
2454 1337 2691 1393 iterum:
2740 1363 2758 1384 ι
2788 1336 2923 1403 Quis
2953 1344 3035 1392 est
3069 1335 3165 1407 qui
3198 1336 3377 1393 vincit
3405 1354 3575 1392 mun-

1969 1425 2124 1494 dum,
2148 1426 2256 1481 nisi
2286 1426 2381 1498 qui
2412 1426 2590 1482 credit
2618 1425 2881 1499 quoniam
2912 1426 3066 1481 Jesus
3113 1434 3195 1480 est
3223 1425 3398 1480 Filius
3426 1425 3526 1480 Dei
3547 1426 3576 1481 ‘I

1970 1516 2072 1572 Hic
2115 1525 2196 1572 est
2239 1516 2333 1588 qui
2379 1516 2535 1571 venit
2582 1530 2678 1587 per
2727 1531 2926 1588 aquam
2982 1523 3035 1571 et
3065 1514 3391 1587 sanguinem
3422 1514 3577 1570 Jesus

1968 1605 2244 1672 Christus,
2287 1621 2399 1660 non
2450 1604 2510 1659 in
2551 1621 2693 1677 aqua
2720 1605 2921 1669 solum,
2958 1604 3053 1660 sed
3084 1604 3141 1658 in
3193 1620 3336 1676 aqua
3364 1612 3418 1659 et
3446 1618 3577 1658 san-

243 1697 390 1753 dabo
434 1698 552 1753 illis
600 1698 945 1769 septuaginta
986 1697 1104 1769 (25)
1157 1699 1341 1767 (Num.
1375 1714 1454 1762 χι,
1487 1696 1599 1767 17),
1627 1720 1644 1742 ι
1700 1688 1853 1767 quasi
1889 1737 1935 1796 B
1971 1696 2155 1767 guine.
2189 1696 2260 1749 Et
2284 1694 2524 1766 Spiritus
2555 1702 2637 1749 est
2662 1693 2755 1766 qui
2779 1693 3105 1749 testiﬁcatur
3124 1693 3391 1767 quoniam
3421 1693 3576 1749 Jesus

242 1785 468 1841 scilicet
501 1785 643 1858 ignis
673 1787 740 1842 de
770 1786 1013 1858 igniculo
1046 1786 1432 1850 transferatur,
1462 1785 1667 1857 absque
1687 1784 1852 1839 detri-

240 1883 437 1931 mento
498 1873 634 1945 ejus,
689 1875 837 1930 unde
866 1875 1126 1929 sumitur.
1160 1874 1243 1930 Ob
1274 1873 1417 1929 hanc
1472 1890 1599 1945 ergo
1629 1873 1857 1928 incom-

242 1964 684 2021 mutabilitatem
754 1973 810 2019 et
863 1964 1136 2020 diversam
1208 1963 1584 2035 operationem
1641 1961 1853 2017 dictum

238 2061 323 2109 est
390 2071 423 2109 a
490 2052 730 2108 Domino
785 2053 852 2107 de
902 2062 1089 2109 sancto
1151 2053 1358 2108 Joanne
1410 2051 1676 2123 Baptista,
1707 2050 1855 2124 quod

240 2142 301 2196 in
361 2142 570 2212 spiritu
623 2158 686 2196 ac
739 2142 945 2196 virtute
1004 2141 1143 2196 Elim
1200 2142 1415 2197 venerit
1465 2142 1617 2212 (Luc.
1655 2159 1694 2208 1,
1740 2140 1854 2210 17).

242 2231 353 2285 Iste
446 2237 554 2296 est,
610 2245 773 2301 quem
856 2231 1003 2284 Deus
1074 2229 1227 2283 misit
1297 2228 1355 2283 in
1450 2228 1619 2283 corda
1670 2234 1857 2282 nostra

239 2317 585 2372 clamantem
623 2334 635 2370 :
703 2340 721 2362 ε
761 2315 938 2383 Abba,
999 2325 1151 2387 pater
1188 2316 1402 2387 (Galat.
1468 2332 1547 2382 1v,
1596 2316 1707 2383 6);
1738 2341 1753 2361 ›
1803 2325 1856 2372 et

240 2405 298 2460 in
330 2422 445 2478 quo
466 2405 807 2460 clamamus:
854 2431 873 2452 ι
901 2405 1078 2472 Abba,
1112 2412 1297 2476 pater;
1330 2429 1347 2451 ι
1383 2412 1679 2477 utrumque
1709 2405 1859 2461 enim

241 2494 460 2551 dictum
495 2503 598 2562 est,
649 2503 702 2549 et
737 2493 1009 2565 accepisse
1050 2509 1152 2547 nos
1194 2493 1461 2563 Spiritum
1490 2494 1854 2549 clamantem:

257 2608 276 2630 ι
312 2585 496 2651 Abba,
533 2591 715 2655 pater;
736 2609 753 2631 ι
771 2591 824 2639 et
846 2582 1119 2654 accepisse
1138 2598 1237 2637 nos
1263 2582 1527 2653 Spiritum
1550 2583 1609 2637 in
1631 2599 1738 2655 quo
1753 2584 1858 2637 cla-

248 2691 466 2730 mamus
493 2692 504 2728 ;
538 2672 747 2739 «Αὶὼδ,
766 2670 1048 2742 pater(26)
1072 2671 1246 2741 (Rom.
1263 2687 1385 2738 vm,
1408 2671 1518 2742 15).
1536 2696 1554 2717 ι
1584 2671 1859 2742 Exposuit

247 2780 374 2835 ergo
419 2760 573 2835 quod
613 2760 781 2829 dixit,
822 2762 1152 2827 clamantem,
1199 2758 1304 2815 hoc
1334 2766 1436 2827 est,
1487 2759 1723 2815 clamare
1760 2776 1858 2814 nos

250 2853 572 2909 facientem.
627 2852 735 2907 Iste
765 2859 846 2906 est
881 2850 1139 2921 Spiritus,
1175 2850 1268 2921 qui
1301 2849 1595 2921 gemitibus
1626 2848 1857 2903 inenar-

252 2941 523 2998 rabilibus
544 2941 788 3012 postulat
804 2957 901 3011 pro
922 2939 1101 3007 nobis,
1125 2938 1346 3011 quando
1367 2937 1499 3009 quid
1520 2954 1674 2993 orare
1700 2954 1856 3009 opor-

251 3036 374 3099 teat,
419 3031 674 3086 humana
714 3029 981 3100 fragilitas
1008 3028 1223 3100 ignorat
1266 3027 1426 3098 (Ibid.
1462 3025 1577 3097 26).
1611 3025 1767 3093 Quod
1798 3025 1854 3080 in

1968 1792 2049 1839 est
2080 1782 2283 1838 veritas
2315 1800 2328 1849 ;
2367 1782 2496 1854 quia
2542 1789 2654 1837 tres
2683 1789 2833 1850 sunt,
2865 1781 2959 1854 qui
3003 1781 3389 1836 testimonium
3440 1781 3576 1837 dant

1964 1876 2023 1931 in
2060 1879 2227 1939 terra,
2275 1871 2524 1943 spiritus,
2564 1887 2705 1943 aqua
2747 1879 2802 1926 et
2832 1869 3078 1942 sanguis,
3126 1877 3181 1925 et
3237 1879 3348 1926 tres
3397 1886 3571 1925 unum

1964 1968 2092 2018 sunt
2125 1962 2181 2031 (Ι
2207 1962 2365 2016 Joan.
2398 1978 2453 2029 κ’,
2485 1960 2622 2032 5ο8).
2657 1985 2676 2009 ι

2035 2058 2266 2116 CAPUT
2298 2058 2443 2115 VIII.
2473 2058 2711 2114 —Juste
2741 2074 2869 2131 ergo
2901 2057 2981 2115 eis
3009 2057 3105 2131 qui
3135 2073 3261 2113 eum
3291 2057 3410 2114 sine
3437 2058 3573 2130 Spi—

1966 2150 2079 2204 ritu
2117 2156 2307 2204 sancto
2354 2148 2654 2203 Dominum
2710 2148 3067 2216 conﬁtentur,
3109 2146 3364 2204 dicturus
3393 2154 3475 2203 est
3511 2147 3571 2203 in

1961 2236 2203 2308 judicio:
2253 2263 2271 2285 ι
2291 2236 2435 2303 Quid
2454 2246 2637 2293 autem
2654 2236 2864 2293 vocatis
2887 2252 2996 2305 me,
3019 2236 3278 2303 Domine,
3307 2236 3567 2303 Domine,

1966 2334 2020 2381 et
2048 2343 2159 2382 non
2175 2326 2381 2382 fecistis
2410 2343 2530 2398 quae
2557 2325 2677 2380 dixi
2710 2326 2862 2396 (Luc.
2900 2343 2980 2393 Vl,
3037 2325 3171 2396 46)?
3193 2351 3212 2372 ι
3257 2332 3311 2380 et
3349 2341 3567 2382 mecum

1970 2432 2080 2470 non
2096 2416 2415 2486 colligentes
2427 2416 2703 2487 sparsistis
2718 2415 2950 2485 populos
2965 2422 3018 2469 et
3040 2414 3286 2470 membra
3306 2431 3444 2483 mea,
3469 2430 3569 2487 pro

1971 2503 2173 2576 quibus
2201 2519 2299 2573 ego
2329 2504 2651 2575 sanguinem
2680 2504 2803 2558 fudi
2834 2520 3017 2559 meum
3038 2504 3065 2559 εἲ
3097 2505 3169 2559 Et
3198 2504 3324 2559 ideo
3364 2504 3570 2561 oblatio

1970 2592 2379 2660 haereticorum,
2402 2592 2774 2665 quiSpiritum
2793 2600 3043 2650 sanctum
3066 2609 3181 2648 non
3210 2593 3436 2661 habent,
3458 2609 3570 2649 non

1968 2680 2026 2735 in
2057 2679 2158 2735 Dei
2187 2680 2519 2748 cultum,sed
2545 2680 2601 2735 in
2624 2682 2833 2736 cultum
2852 2680 3164 2736 daemonum
3186 2681 3304 2751 (29)
3322 2681 3565 2753 proﬁcit.

1967 2767 2250 2840 Quidquid
2297 2768 2445 2824 enim
2492 2768 2551 2823 in
2581 2768 2873 2841 synagogis
2915 2768 3032 2824 suis
3059 2768 3327 2836 haeretici,
3380 2768 3437 2824 id
3466 2775 3567 2836 est,

1967 2856 2027 2911 in
2056 2856 2456 2913 conventiculis
2486 2858 2698 2913 Satanae
2719 2858 3047 2929 loquuntur,
3071 2873 3183 2912 non
3199 2865 3280 2913 est
3308 2857 3564 2914 doctrina

1966 2947 2212 3012 Domini,
2258 2932 2352 3002 sed
2384 2947 2628 3003 ululatus
2656 2954 2711 3002 et
2748 2948 3022 3019 praestigia
3074 2946 3385 3003 daemonum
3434 2954 3561 3004 sunt

1969 3035 2109 3107 (30).
2170 3037 2268 3091 Isti
2324 3036 2477 3091 enim
2506 3044 2659 3105 sunt,
2716 3036 2918 3109 quibus
2946 3022 3182 3109 Spiritus
3209 3047 3431 3094 sanctus
3469 3054 3565 3111 per

246 3120 425 3191 seipso
480 3126 715 3175 sanctus
769 3119 1068 3189 Apostolus
1128 3134 1239 3172 non
1270 3124 1486 3172 tantum
1535 3095 1715 3171 verbo
1752 3132 1853 3170 nos
1886 3095 1929 3156 Ο
1966 3095 2159 3181 Ῐδαίξιιη
2182 3126 2507 3198 prophetam
2537 3095 2674 3182 dicit
2703 3095 3318 3197 p‘opulum‘Judaeorum
3350 3095 3563 3198 parasse

250 3208 487 3277 edocuit,
523 3223 725 3263 verum
744 3206 911 3262 etiam
942 3223 1042 3262 suo
1071 3205 1231 3261 nobis
1248 3205 1647 3261 demonstravit
1671 3220 1851 3260 exem-

247 3300 334 3370 plo
366 3317 378 3354 :
417 3298 563 3355 hinc
604 3296 826 3370 quando
856 3303 1048 3352 contra
1102 3295 1403 3351 utilitatem
1446 3311 1603 3349 suam
1644 3310 1707 3350 ac
1736 3311 1850 3365 per-

245 3388 543 3444 fectionem
597 3403 848 3443 nesciens
876 3385 1088 3453 orabat,
1119 3391 1180 3439 ut
1228 3383 1532 3439 discederet
1560 3383 1627 3438 ab
1657 3398 1720 3437 eo
1744 3382 1854 3438 sti-

245 3479 422 3534 mulus
468 3477 680 3545 carnis,
724 3476 817 3549 qui
851 3492 979 3531 eum
1031 3473 1443 3546 colaphizabat:
1505 3489 1665 3545 quem
1696 3481 1855 3544 post—

246 3581 304 3621 ea
346 3567 413 3622 ab
465 3566 592 3638 ipso
631 3565 848 3637 Spiritu
898 3571 1088 3620 sancto
1135 3563 1409 3630 eruditus,
1462 3561 1671 3617 idcirco
1726 3578 1850 3616 eum

248 3654 389 3710 dixit
418 3655 615 3711 datum
649 3654 776 3723 sibi,
801 3670 868 3709 ne
890 3652 1271 3726 magnitudine
1300 3652 1701 3708 revelationum
1733 3667 1850 3706 sua-

250 3760 367 3801 rum
397 3745 760 3801 extolleretur
808 3743 947 3816 (27).
1010 3744 1099 3813 (ΙΙ
1126 3743 1252 3799 Cor.
1298 3759 1401 3810 χιι,
1450 3741 1501 3808 7,
1546 3740 1626 3810 8),
1659 3747 1713 3795 et
1743 3741 1853 3795 ali-

250 3835 392 3906 quod
422 3834 559 3891 boni
588 3835 852 3890 damnum
881 3843 1175 3906 pateretur.
1210 3832 1318 3889 Sed
1349 3830 1478 3905 quia
1506 3846 1632 3886 eum
1660 3829 1852 3886 Domi-

253 3940 355 3980 nus
385 3925 669 3997 diligebat,
693 3924 786 3997 qui
818 3940 1031 3996 semper
1060 3921 1376 3979 divinitatis
1407 3938 1516 3977 suae
1544 3921 1848 3993 potentiam

252 4027 345 4082 per
391 4013 615 4068 infirma
644 4030 872 4087 quaeque
903 4012 1192 4069 consuevit
1239 4009 1541 4078 ostendere,
1580 4026 1692 4065 non
1723 4008 1855 4065 fecit

252 4101 398 4172 quod
446 4102 762 4173 ignoranter
816 4102 1051 4173 petebat.
1116 4102 1234 4172 Ipse
1287 4108 1368 4155 est
1425 4098 1664 4172 Spiritus
1708 4103 1852 4161 326

255 4204 495 4263 sanctus,
527 4198 624 4268 qui
676 4197 735 4251 in
764 4196 1010 4251 Ecclesia
1057 4196 1330 4252 catholica
1358 4203 1474 4251 toto
1504 4196 1634 4251 orbe
1672 4205 1854 4252 terra-

255 4300 378 4338 rum
469 4284 668 4340 diffusa
760 4285 912 4339 omni
984 4302 1040 4340 se
1134 4285 1431 4356 gratiarum
1506 4285 1659 4340 fonte
1730 4287 1851 4343 dif—

256 4376 416 4433 fudit.
464 4377 571 4432 Iste
617 4385 700 4433 est
755 4377 993 4449 Spiritus
1040 4377 1266 4433 Domini
1340 4378 1466 4432 Jesu
1521 4377 1615 4451 qui
1640 4378 1756 4451 (28)
1792 4382 1850 4435 in

254 4464 361 4520 ﬁne
408 4466 600 4521 mundi
647 4465 1052 4523 Antichristum
1100 4466 1346 4538 potentia
1410 4483 1506 4524 sua
1560 4468 1853 4527 interﬁciat

258 4554 335 4622 (II
378 4556 555 4611 Thess.
606 4574 664 4626 ιι,
698 4556 779 4627 8).
814 4557 919 4611 Isle
975 4563 1056 4611 est
1106 4554 1343 4626 Spiritus
1396 4563 1643 4627 sanctus,
1687 4575 1849 4631 quem

257 4644 438 4701 nullus
483 4645 867 4703 haereticorum
898 4644 1102 4713 habet;
1136 4643 1231 4718 qui
1262 4645 1391 4702 licet
1429 4663 1620 4703 omnes
1651 4648 1850 4706 habere

259 4749 311 4786 se
357 4735 560 4792 Christi
602 4736 872 4810 baptisma
910 4744 1122 4808 putent,
1169 4743 1350 4793 tamen
1384 4738 1494 4794 nisi
1526 4740 1753 4796 veniant
1782 4740 1850 4796 ad

257 4820 549 4881 Ecclesiam
596 4827 828 4896 Christi,
878 4826 1144 4899 Spiritum
1189 4842 1300 4882 non
1355 4836 1619 4899 poterunt
1647 4829 1848 4886 habere

261 4947 487 5075 h0g1?”
492 4953 559 5076 tIn
590 4952 776 5009 eadem
827 4954 987 5011 Rom.
1020 4953 1157 5010 edit.
1186 4952 1410 5024 desunt,
1457 4962 1506 5009 et
1531 4974 1648 5026 qua:
1676 4957 1846 5025 habet,

293 5034 348 5072 oc
367 5034 412 5072 et
439 5034 528 5077 est.

330 5089 441 5159 (25)
486 5093 687 5171 Eadem
726 5098 883 5155 Rom.
913 5097 1071 5167 edit.,
1105 5106 1154 5154 et
1177 5116 1376 5170 ponam
1406 5116 1565 5171 super
1615 5099 1735 5153 illos
1770 5104 1844 5167 ut,

266 5161 735 5242 tecugntstistineant
759 5171 1005 5240 impetum
1028 5161 1236 5242 populi.

331 5231 443 5302 (26)
478 5236 673 5294 Eadem
707 5231 863 5297 Boni.
899 5231 1056 5307 editf,
1090 5231 1138 5295 ἐι
1174 5244 1342 5297 Deum
1367 5241 1570 5295 misisse
1596 5241 1656 5294 in
1686 5240 1849 5294 corda

267 5309 437 5380 nostra
478 5308 734 5377 Spiritum
782 5314 1116 5380 clamantem,
1160 5314 1310 5368 Abba
1352 5315 1538 5377 Pater,
1569 5318 1617 5366 et
1660 5312 1718 5365 in
1746 5327 1847 5379 quo

267 5370 567 5443 Clamamus,
592 5383 741 5437 Abba
770 5384 953 5438 Pater.
1101 5370 1115 5380 ’
1520 5370 1536 5377 ’
1752 5370 1770 5379 ’
1828 5402 1833 5407 ν

334 5443 445 5525 (27)
494 5448 697 5507 Eadem
745 5454 902 5509 Rom.
937 5453 1095 5522 edit.,
1143 5454 1382 5509 eruditus
1412 5452 1552 5509 dixit
1580 5454 1651 5525 ad
1683 5452 1848 5525 virtu-

270 5514 368 5597 tum
403 5516 713 5597 incrementa
759 5527 946 5579 datum
991 5514 1115 5592 sibi,
1160 5527 1288 5581 dum
1315 5525 1557 5582 audivit:
1589 5524 1763 5578 virtus
1796 5522 1849 5576 in

270 5584 563 5652 infirmitate
589 5602 1000 5652 consummatur.

1961 3231 2203 3270 mensam
2265 3215 2499 3270 dicens:
2547 3238 2565 3260 ι
2595 3216 2666 3269 Et
2692 3213 2968 3286 parabatis
3015 3231 3259 3270 mensam
3307 3216 3563 3271 Fortunae

1966 3304 2081 3375 (31)
2114 3305 2249 3374 (Isa.
2284 3321 2418 3372 va,
2453 3303 2572 3374 11);
2610 3327 2628 3349 ι
2670 3311 2725 3357 et
2760 3302 2882 3357 ideo
2919 3309 3031 3357 tam
3061 3303 3208 3374 ipsos
3236 3319 3398 3375 quam
3428 3320 3564 3375 pec—

1962 3399 2193 3461 catores,
2225 3393 2318 3465 qui
2351 3393 2673 3463 semetipsos
2702 3407 2813 3446 non
2835 3390 3171 3462 judicantes,
3199 3392 3458 3448 audacter
3488 3392 3559 3448 ad

1963 3490 2370 3548 sacrosanctum
2390 3498 2589 3554 corpus
2612 3490 2667 3537 et
2695 3479 3015 3552 sanguinem
3039 3480 3245 3537 Christi
3271 3480 3558 3550 accedunt,

1961 3572 2206 3644 increpat
2246 3573 2541 3644 Apostolus
2577 3570 2767 3627 dicens
2800 3588 2811 3627 :
2873 3593 2891 3617 ι
2932 3570 3053 3625 Non
3086 3571 3315 3643 potestis
3364 3586 3563 3626 mensae

1959 3661 2183 3717 Domini
2236 3659 2529 3732 participes
2582 3676 2718 3727 esse,
2750 3665 2806 3713 et
2857 3674 3059 3714 mensa).
3107 3659 3558 3715 daemoniorum:

1960 3768 2072 3806 non
2102 3751 2327 3823 potestis
2356 3749 2581 3804 calicem
2611 3748 2833 3804 Domini
2865 3747 3053 3803 bibere
3101 3755 3156 3803 et
3184 3749 3411 3803 calicem
3442 3747 3565 3803 daa-

1962 3840 2276 3894 moniorum
2331 3838 2388 3909 (Ι
2419 3838 2544 3894 Cor.
2576 3855 2635 3905 χ,
2667 3838 2758 3905 20,
2794 3837 2909 3907 21).
2956 3862 2975 3884 ι
3023 3836 3148 3891 Haec
3190 3836 3257 3890 de
3287 3834 3563 3891 oblatione

1962 3929 2346 3984 haereticorum
2394 3927 2542 3982 dicta
2577 3926 2855 3981 sufﬁciant
2890 3925 3006 3996 (32)
3064 3940 3215 3979 nunc
3258 3932 3439 3979 autem
3495 3923 3562 3979 ad

1964 4017 2218 4073 ordinem
2260 4024 2619 4071 revertamur.

2033 4105 2261 4163 CAPUT
2293 4105 2386 4159 1X.
2413 4135 2484 4145 —
2512 4100 2794 4176 Quidquid
2840 4119 2967 4174 ergo
3009 4102 3077 4159 de
3123 4100 3334 4174 Spiritu
3373 4108 3560 4159 sancto

1961 4195 2229 4261 diximus,
2284 4193 2390 4249 hoc
2432 4192 2689 4249 similiter
2727 4200 2781 4248 et
2823 4209 2855 4248 a
2894 4194 3048 4248 Patre
3097 4199 3151 4247 et
3181 4207 3213 4246 a
3254 4191 3397 4248 Filio
3440 4191 3560 4248 ﬁeri

1960 4284 2167 4341 intacta
2209 4290 2263 4339 et
2315 4282 2624 4339 indiscussa
2675 4282 3030 4349 dimisimus;
3087 4282 3216 4338 licet
3270 4298 3370 4354 pro
3412 4289 3561 4337 certo

1940 4373 2275 4431 noverimus
2295 4375 2424 4447 quia
2450 4381 2637 4431 sancta
2661 4381 2716 4429 et
2738 4368 3122 4446 inseparabitis
3148 4372 3388 4428 Trinitas
3419 4386 3559 4427 nun-

1881 4450 1929 4508 D
1961 4480 2123 4536 quam
2153 4463 2365 4537 aliquid
2392 4471 2547 4520 extra
2566 4480 2623 4520 se
2650 4463 2869 4520 noverit
2898 4462 3136 4535 operari.
3161 4463 3232 4517 Et
3260 4469 3320 4516 ut
3346 4462 3422 4515 ita
3446 4475 3560 4515 esse

1958 4556 2199 4610 clareant
2228 4570 2349 4627 quae
2396 4554 2535 4620 dixi,
2567 4553 2810 4609 breviter
2850 4552 3163 4608 insinuabo.
3214 4548 3561 4606 Incarnatio—

1959 4660 2081 4700 nem
2116 4644 2284 4701 Verbi
2316 4643 2556 4698 Trinitas
2590 4641 2745 4707 fecit,
2779 4648 2834 4695 et
2862 4650 3047 4696 tamen
3075 4654 3189 4692 non
3214 4634 3450 4706 pertinet
3480 4636 3558 4690 in-

1957 4732 2204 4788 carnatio
2230 4731 2336 4787 nisi
2368 4730 2435 4785 ad
2464 4730 2706 4786 Verbum
2732 4728 3051 4799 (Augustin.
3081 4724 3179 4779 lib.
3215 4726 3367 4793 Cant.
3400 4740 3556 4780 serm.

1957 4824 2154 4879 Arian.
2188 4837 2237 4876 ο.
2300 4820 2412 4890 15).
2447 4821 2654 4876 Vocem
2706 4818 2773 4873 de
2824 4819 2964 4876 coelo
2991 4830 3155 4886 super
3204 4814 3409 4869 Filium
3440 4817 3561 4886 post

2035 4947 2151 5028 (28)
2186 4942 2391 5000 Eadem
2421 4944 2580 4999 Rom.
2650 4942 2807 5011 edit.,
2869 4940 3102 5014 Spiritus
3154 4938 3264 4995 oris
3319 4939 3557 5004 Domini,

1958 5027 2077 5089 qui,
2104 5027 2211 5089 etc.

2032 5082 2150 5160 (29)
2190 5083 2398 5141 Eadem
2426 5085 2587 5140 Rom.
2620 5082 2776 5152 edit.,
2810 5084 2866 5139 in
2893 5086 3189 5141 dwmonum
3214 5083 3559 5141 abominatio-

1957 5178 2046 5214 ’1163
2054 5204 2065 5214 .

2033 5229 2150 5301 (30)
2220 5223 2424 5282 Eadem
2464 5228 2648 5301 (Rom.
2708 5227 2866 5295 edit.,

1958 5299 2267 5371 dminoan
2288 5299 2563 5371 prwstiyia
2598 5306 2741 5354 sunt.

2034 5373 2150 5443 (31)
2228 5368 2432 5443 Eadem
2477 5368 2665 5443 'llom.
2728 5369 2885 5438 edit.,
2944 5377 2993 5425 et
3061 5376 3308 5441 parantes
3336 5371 3562 5427 dwmoni

1957 5438 2187 5499 mensam
2216 5446 2263 5494 et
2290 5441 2559 5511 implentes
2588 5438 2819 5507 fortuna:
2842 5438 3127 5511 potionem.

2033 5513 2149 5585 (32)
2175 5513 2383 5585 Desunt
2422 5513 2479 5568 in
2510 5513 2673 5585 Rom.
2704 5512 2865 5581 edit.,
2895 5514 3000 5569 haec
3028 5514 3089 5570 de
3117 5512 3377 5570 oblatione
3404 5514 3562 5569 licere-

1960 5582 2184 5642 ticorum
2212 5582 2350 5637 dicta
2379 5584 2663 5657 sufﬁciant.

2948 5227 3038 5281 sed
3105 5226 3456 5299 blasphemia,
3514 5235 3561 5284 et
