3908 6192
321 222 426 300 849

1336 215 1434 291 AD
1474 213 1706 290 orm
1750 224 1806 287 s.
1850 211 2187 288 AMBROSII
2234 208 2615 284 APPENDIX.

3532 213 3639 284 3&8

321 361 654 439 baptismum
712 354 953 439 Trinitas
1006 358 1156 431 fecit,
1212 366 1267 418 et
1316 366 1504 415 tamen
1536 372 1646 414 non
1679 353 1917 430 pertinet
1944 357 1996 417 A
2040 379 2059 404 α
2094 352 2196 412 Hic
2233 351 2366 411 deus
2417 355 2626 423 noster,
2661 369 2775 409 non
2806 342 3175 410 aastimabitur
3216 346 3283 407 ad
3316 365 3447 408 eum
3478 367 3636 421 anus,

324 454 433 513 nisi
462 453 531 511 ad
561 452 797 511 Patrem.
840 451 1158 508 Adventum
1194 450 1310 521 (33)
1349 448 1587 522 Spiritus
1616 447 1791 503 sancti
1822 462 1925 503 su-

322 556 420 619 pra
447 544 657 604 Filium
686 542 744 600 in
774 541 953 614 specie
984 542 1256 598 columbae
1288 540 1440 613 (Luc.
1469 554 1552 606 IlI,
1585 535 1925 610 22)Trinitas

324 633 479 705 fecit,
508 643 563 692 et
609 641 793 690 tamen
824 644 935 687 non
971 630 1211 703 pertinet
1258 626 1366 686 nisi
1397 627 1465 684 ad
1491 625 1758 700 Spiritum
1790 642 1927 682 san-

324 729 498 780 ctum.
551 720 724 790 Quam
770 718 887 791 (34)
925 717 1130 774 trinam
1170 716 1543 789 operationem
1600 715 1658 770 in
1714 713 1925 771 unitate

325 820 637 869 manentem
722 805 1046 881 comprobat
1086 804 1281 863 beatus
1333 803 1631 877 Apostolus
1687 804 1918 860 dicens:

337 925 354 949 ι
393 900 706 958 Divisiones
722 899 870 955 enim
889 896 1189 970 gratiarum
1210 902 1363 964 sunt,
1380 910 1525 952 unus
1552 902 1733 951 autem
1757 892 1925 966 Spiri-

324 998 415 1047 tus
444 1006 456 1059 ;
489 995 544 1046 et
570 986 875 1046 divisiones
906 986 1343 1044 ministeriorum
1392 990 1542 1054 Sunt,
1563 998 1707 1041 unus
1742 992 1925 1041 autem

324 1078 635 1137 Dominus:
691 1085 745 1134 et
789 1074 1092 1134 divisiones
1154 1074 1536 1149 operationum
1583 1080 1734 1144 sunt,
1786 1088 1928 1129 unus

326 1179 508 1226 autem
536 1169 683 1224 Deus
708 1166 809 1240 qui
838 1172 1094 1239 operatur
1120 1165 1308 1223 omnia
1336 1165 1394 1221 in
1423 1163 1681 1221 omnibus
1713 1163 1769 1235 (Ι
1799 1164 1927 1219 Coro

335 1277 440 1328 xu,
467 1257 617 1331 4-6):
632 1283 650 1305 ι
687 1255 814 1312 Tria
833 1268 960 1327 ergo
981 1254 1099 1312 haec
1118 1268 1284 1311 unam
1306 1248 1657 1311 credentibus
1676 1252 1932 1310 tribuunt

329 1349 582 1423 gratiam,
637 1345 766 1421 quia
817 1359 930 1402 non
980 1343 1088 1401 alia
1129 1354 1292 1418 atque
1337 1342 1446 1400 alia
1495 1353 1577 1402 est
1625 1342 1933 1401 substantia

327 1445 530 1495 sanctae
574 1444 628 1492 et
679 1432 1067 1508 inseparabilis
1116 1431 1405 1490 Trinitatis
1445 1433 1585 1506 (35).
1631 1431 1768 1491 Cum
1806 1444 1931 1504 ergo

328 1526 545 1601 singula
581 1531 637 1582 et
664 1522 825 1581 Pater
852 1526 906 1580 et
936 1520 1115 1580 Filius
1144 1529 1197 1579 et
1226 1521 1465 1595 Spiritus
1497 1526 1718 1578 sanctus
1746 1519 1932 1577 dican-

330 1623 420 1672 tur
470 1612 706 1689 operari,
759 1611 947 1669 omnia
982 1616 1166 1668 tamen
1223 1610 1428 1684 pariter
1470 1617 1786 1684 operantur.
1827 1609 1934 1667 Sa-

2036 447 2131 519 qui
2166 446 2223 501 in
2254 443 2413 501 terris
2444 445 2597 500 visus
2628 450 2729 512 est,
2761 448 2815 499 et
2840 456 2966 501 cum
2997 440 3321 500 hominibus
3348 457 3637 500 conversa-

2036 543 2126 592 tus
2159 542 2239 592 est
2273 532 2515 607 (Baruch
2546 548 2627 603 ιιι,
2661 531 2729 591 36
2759 537 2810 588 et
2835 530 2927 604 38)
2956 550 2969 601 ;
3002 556 3020 581 ι
3054 538 3107 588 et
3142 531 3378 590 iterum:
3424 530 3638 588 «Homo

2038 624 2098 682 in
2136 622 2345 692 dolore,
2377 631 2430 680 et
2448 623 2625 680 sciens
2656 622 2796 680 ferre
2818 622 3169 679 infirmitates
3200 621 3333 695 (Isa.
3368 635 3491 692 Lm,
3522 623 3621 696 5);.

2037 728 2231 770 verum
2285 711 2499 769 scilicet
2546 724 2746 785 corpus
2788 710 3033 767 hominis
3086 726 3183 784 per
3209 710 3327 769 haec
3356 707 3549 780 verba,
3587 723 3637 770 et

2039 816 2225 859 veram
2278 801 2665 859 demonstrans
2717 802 2979 870 animam,
3053 824 3072 847 ‹
3129 798 3221 875 qui
3264 801 3445 858 sciens
3501 801 3638 860 ferre

2039 891 2392 950 inﬁrmitates
2430 891 2725 949 divinitate
2754 889 3053 965 superavit,
3072 889 3371 964 paciﬁcans
3391 905 3489 964 per
3520 911 3633 950 san-

2041 984 2262 1057 guinem
2318 982 2500 1041 crucis
2557 999 2667 1040 sua:
2725 982 2841 1039 sive
2895 997 3017 1056 quas
3042 980 3101 1039 in
3151 980 3307 1039 ccelis
3344 990 3495 1051 sunt,
3526 986 3637 1040 sive

2040 1088 2162 1147 quae
2216 1072 2275 1129 in
2338 1080 2481 1129 terra
2514 1071 2750 1145 (Calass.
2791 1085 2829 1141 ι,
2888 1071 3003 1143 20).
3033 1096 3053 1120 ›
3122 1066 3340 1130 Ciarnit
3370 1072 3519 1128 enim
3550 1088 3638 1145 per

2041 1163 2160 1222 haec
2215 1163 2402 1234 verba,
2449 1183 2468 1210 ι
2500 1163 2557 1219 in
2578 1162 2877 1221 Dominum
2898 1160 3080 1219 .lesum
3128 1159 3438 1231 Christum,
3470 1184 3487 1210 ι
3533 1179 3637 1219 non

2042 1268 2111 1310 ex
2172 1258 2323 1327 parte
2379 1253 2687 1322 veritatem,
2762 1259 2817 1309 et
2872 1264 2941 1308 ex
2991 1258 3143 1324 parte
3211 1251 3567 1309 mendacium
3622 1272 3632 1310 :

2043 1341 2138 1400 sed
2190 1356 2411 1400 omnem
2460 1341 2518 1398 in
2545 1356 2610 1398 eo
2639 1356 2755 1398 esse
2782 1340 3091 1410 veritatem,
3148 1337 3205 1397 id
3236 1347 3338 1411 est,
3372 1348 3429 1397 et
3461 1338 3557 1397 Dei
3590 1350 3638 1397 et

2044 1432 2309 1490 hominis.

2115 1522 2345 1581 CAPUT
2378 1516 2451 1578 X.
2499 1549 2570 1563 -—
2620 1516 2726 1579 Sed
2775 1515 2882 1580 hoc
2928 1534 3040 1578 non
3085 1516 3355 1595 intelligit
3406 1520 3640 1579 humana

2044 1611 2333 1686 sapientia,
2353 1626 2516 1686 quam
2544 1610 2874 1669 condemnat
2893 1611 3087 1668 beatus
3106 1612 3407 1686 Apostolus
3428 1610 3634 1669 dicens:

328 1704 539 1780 pientia
588 1700 860 1771 condidit,
907 1698 1118 1774 Spiritu
1162 1696 1453 1770 animavit,
1508 1707 1562 1758 et
1600 1699 1753 1772 justo
1814 1698 1929 1772 (36)
1963 1718 2009 1781 Β
2061 1728 2079 1752 ε
2108 1703 2271 1760 Fides
2300 1709 2483 1758 vestra
2508 1718 2621 1758 non
2653 1701 2725 1759 sit
2768 1699 2830 1758 in
2856 1699 3124 1775 sapientia
3156 1700 3471 1771 hominum,
3500 1716 3643 1776 quo-

331 1792 616 1853 ordinavit
652 1791 884 1868 judicio.
934 1792 1055 1867 Ipse
1096 1806 1223 1865 ergo
1264 1789 1483 1864 justitia
1533 1806 1632 1848 sua
1661 1791 1931 1847 mundum

331 1884 391 1942 in
420 1884 600 1941 varias
628 1883 834 1940 formas
865 1878 1170 1950 distribuit,
1203 1887 1257 1937 et
1288 1879 1461 1955 gratia
1488 1894 1588 1936 sua
1616 1876 1930 1947 ordinante,

331 1982 487 2030 tanta
515 1972 671 2029 illius
702 1970 946 2027 membra
973 1968 1614 2043 incomprehensibiliter
1632 1968 1932 2043 dispensat,

331 2061 580 2121 continet
627 2065 682 2116 et
720 2056 986 2131 gubernat
1021 2076 1033 2115 :
1066 2058 1232 2131 cujus
1261 2056 1624 2131 providentiae
1654 2056 1935 2131 guberna-

332 2152 413 2209 tio
461 2156 573 2208 tam
600 2148 770 2223 justa,
816 2157 928 2206 tam
977 2160 1182 2205 arcana
1233 2146 1374 2221 (37),
1416 2154 1530 2204 tam
1560 2147 1775 2204 occulta
1812 2151 1931 2215 est;

333 2249 396 2300 ut
427 2258 548 2316 qua:
578 2247 804 2316 putatur
848 2252 1029 2313 paena,
1058 2236 1335 2296 medicina
1372 2236 1445 2296 sit
1488 2237 1740 2312 patienti.
1783 2238 1938 2295 Unus

334 2348 463 2405 ergo
503 2332 650 2389 Deus
679 2330 737 2387 in
783 2336 975 2388 sancta
1016 2327 1288 2387 Trinitate
1318 2327 1623 2387 consistens
1652 2329 1769 2387 hac
1798 2344 1940 2402 ope-

336 2430 534 2482 ratur:
593 2420 742 2497 quod
798 2421 919 2496 ipse
976 2419 1043 2478 de
1092 2436 1149 2478 se
1204 2420 1588 2494 comprobans,
1618 2436 1716 2495 per
1742 2420 1938 2479 Isaiam

337 2512 660 2589 prephetam
713 2511 895 2569 dicit:
970 2532 989 2560 ι
1049 2508 1166 2585 Ego
1222 2506 1539 2581 Dominus,
1575 2516 1630 2568 et
1681 2527 1795 2569 non
1861 2520 1941 2569 est

336 2603 575 2677 amplius
612 2607 771 2659 extra
819 2615 905 2657 me
948 2600 1064 2675 (38)
1101 2600 1239 2674 (Isa.
1271 2617 1403 2673 xcv,
1434 2598 1489 2673 5,
1530 2601 1613 2674 6),
1642 2622 1660 2650 ν
1709 2600 1814 2659 hoc
1838 2606 1938 2667 est,

338 2700 534 2768 praeter
575 2686 821 2749 Verbum
873 2698 929 2748 et
976 2686 1249 2763 Spiritum
1302 2704 1509 2760 meum,
1564 2690 1827 2747 virtutem
1880 2702 1943 2748 ac

339 2781 662 2855 sapientiam
719 2782 863 2841 327
919 2790 1119 2846 meam,
1150 2792 1274 2850 quae
1330 2779 1390 2833 in
1444 2792 1531 2835 me
1588 2786 1669 2835 est
1691 2790 1939 2851 semper;

339 2879 529 2933 nullus
574 2882 657 2931 est
702 2872 843 2929 alter
889 2870 1037 2928 Deus
1066 2879 1228 2946 atque
1258 2873 1509 2930 Salvator
1564 2872 1704 2947 (39),
1735 2873 1803 2931 de
1835 2890 1944 2948 quo

341 2963 487 3020 idem
518 2958 783 3035 propheta
819 2959 994 3016 dicit:
1042 2984 1061 3008 ς
1097 2958 1170 3016 Et
1198 2959 1383 3018 mittet
1419 2961 1499 3018 eis
1525 2962 1798 3020 Dominus
1826 2964 1945 3020 sal-

340 3062 608 3120 vatorem,
641 3050 842 3126 quieos
868 3048 1050 3107 salvos
1076 3049 1243 3108 faciat
1266 3064 1297 3107 a
1319 3052 1557 3124 peccatis
1585 3066 1776 3109 eorum
1807 3054 1941 3127 (Isa.
1975 3089 2020 3154 α

347 3154 466 3213 xm,
494 3140 610 3215 20).
630 3166 649 3191 ι
675 3140 748 3197 Et
769 3140 970 3198 iterum
992 3156 1062 3198 ex
1078 3152 1311 3216 persona
1329 3140 1505 3198 Patris
1524 3154 1689 3216 supra
1707 3141 1944 3216 scriptus

342 3233 608 3311 propheta
628 3230 767 3294 dicit
789 3252 800 3291 :
822 3260 841 3283 ι
856 3236 920 3293 In
938 3231 1473 3311 memetipsojuravi,
1496 3236 1625 3311 quia
1637 3232 1945 3310 egredietur

343 3342 413 3383 ex
440 3342 534 3382 ore
553 3340 676 3383 meo
695 3325 949 3396 verbum,
973 3332 1025 3384 et
1049 3325 1118 3382 ad
1134 3342 1222 3382 me
1241 3340 1481 3385 vacuum
1502 3343 1616 3384 non
1640 3333 1945 3386 revertetur

344 3415 481 3488 (Isa.
531 3432 663 3484 ην,
704 3415 920 3484 23;ι.ν,
965 3414 1078 3487 11).
1122 3440 1142 3464 ι
1179 3412 1301 3473 Non
1352 3423 1435 3473 est
1479 3433 1668 3474 revera
1698 3417 1943 3476 Verbum

343 3503 521 3564 Patris
570 3504 641 3560 ad
695 3520 821 3559 eum
878 3518 1114 3559 vacuum
1176 3520 1478 3576 reversum,
1538 3507 1668 3581 quia
1725 3506 1947 3565 obsides

346 3592 543 3652 salutis
585 3598 807 3661 nostrae,
881 3593 940 3649 id
978 3600 1080 3662 est,
1132 3610 1319 3650 veram
1368 3597 1608 3653 animam
1651 3604 1706 3655 et
1751 3616 1943 3656 verum

294 3707 300 3712 ι
344 3700 545 3757 corpus
585 3689 899 3755 susceptum
948 3681 1007 3738 in
1055 3680 1338 3740 dexteram
1388 3679 1685 3744 collocavit
1744 3684 1939 3745 Patris.

345 3770 505 3842 Quod
544 3772 623 3829 ita
648 3788 763 3830 esse
808 3772 1061 3829 futurum
1086 3768 1146 3829 in
1175 3768 1387 3846 Spiritu
1430 3771 1695 3847 propheta
1726 3775 1944 3835 intuens

349 3861 532 3921 dicit:
580 3887 600 3912 ι
656 3858 797 3921 Vere
837 3869 900 3920 tu
941 3879 998 3921 es
1043 3862 1192 3921 Deus
1238 3860 1595 3938 absconditus
1645 3862 1779 3938 (Isa.
1809 3883 1942 3935 XLV,

352 3950 466 4026 15),
500 3979 519 4002 ι
563 3950 620 4010 id
641 3960 744 4023 est,
774 3952 833 4010 in
863 3969 1048 4025 carne,
1100 3978 1118 4002 ε
1148 3953 1295 4012 Deus
1319 3936 1483 4013 Israel
1515 3936 1797 4026 Salvator;
1830 3982 1849 4007 ι
1891 3962 1945 4013 et

348 4046 553 4102 iterum
600 4061 613 4102 :
680 4068 699 4092 ι
745 4044 1118 4103 Absconditus
1161 4047 1350 4104 vultus
1387 4043 1505 4121 ejus
1551 4054 1605 4103 et
1657 4044 1945 4121 despectus

351 4132 488 4207 (Isa.
538 4150 660 4202 LIII,
690 4132 785 4203 2);
818 4158 837 4181 ι
881 4143 943 4191 ut
973 4135 1185 4193 scilicet
1212 4135 1456 4194 humano
1499 4154 1727 4211 corpore
1754 4137 1946 4195 divina

351 4222 598 4299 potentia
653 4224 969 4294 celaretur;
1028 4235 1082 4283 et
1136 4226 1381 4285 iterum:
1429 4254 1448 4277 ι
1492 4226 1566 4285 Et
1618 4230 1787 4287 homo
1840 4240 1943 4300 est,

350 4320 407 4371 et
436 4311 562 4387 quis
588 4313 870 4384 cognoscit
898 4330 1023 4370 eum
1056 4312 1273 4387 (Ierem.
1308 4333 1450 4387 xvn,
1472 4319 1530 4391 9)
1554 4316 1582 4377 ?
1603 4319 1676 4376 Et
1701 4320 1903 4378 iterum
1929 4337 1947 4377 :

2042 1806 2165 1851 rum
2209 1789 2481 1848 Dominus
2531 1789 2893 1862 cogitationes
2936 1789 3115 1861 novit,
3168 1792 3426 1865 quoniam
3487 1806 3642 1849 vana:

2042 1886 2207 1940 sunt:
2240 1878 2333 1939 sed
2358 1881 2416 1937 in
2446 1881 2654 1937 virtute
2689 1881 2787 1938 Dei
2814 1880 2873 1953 (Ι
2902 1882 3029 1939 Cor.
3062 1896 3125 1952 II,
3158 1882 3214 1953 5)
3240 1898 3281 1950 ς»
3322 1886 3377 1940 et
3406 1884 3637 1940 iterum:

2058 1972 2216 2029 «Non
2264 1968 2442 2027 edocti
2471 1970 2726 2027 humanae
2774 1970 3057 2045 sapientiae
3085 1970 3281 2040 verbis,
3325 1972 3420 2029 sed
3450 1970 3641 2028 edocti

2044 2060 2254 2135 Spiritu
2308 2064 2501 2116 sancto
2555 2055 2668 2132 (40)
2721 2058 2885 2132 (Ibid.
2920 2058 3083 2134 13).»
3158 2058 3299 2132 Ergo
3345 2056 3481 2118 ﬁdes
3532 2076 3645 2117 non

2046 2150 2118 2207 sit
2160 2149 2219 2205 in
2259 2148 2549 2205 hominum
2593 2146 2885 2222 sapientia,
2935 2154 2989 2205 et
3031 2147 3254 2206 haeresis
3288 2162 3403 2204 non
3434 2150 3536 2205 est.
3579 2148 3639 2206 In

2048 2238 2206 2296 Patre
2258 2252 2387 2311 ergo
2429 2252 2645 2311 semper
2696 2235 2875 2294 Filius
2903 2244 2958 2294 et
2987 2235 3227 2311 Spiritus
3271 2244 3495 2295 sanctus
3520 2245 3601 2296 est
3634 2258 3645 2294 :

2049 2331 2199 2406 Quod
2241 2330 2317 2387 ita
2345 2346 2462 2387 esse
2509 2326 2625 2402 ipse
2672 2326 2847 2387 Filius
2876 2328 3165 2387 conﬁrmat
3215 2329 3440 2388 dicens:
3484 2355 3503 2377 ι
3532 2331 3647 2405 Ego

2050 2429 2105 2479 et
2157 2421 2315 2479 Pater
2343 2436 2515 2478 unum
2546 2432 2738 2479 sumus
2768 2421 2950 2495 (Joan.
2990 2437 3050 2490 x,
3077 2419 3171 2493 30)
3200 2437 3212 2478 :
3248 2448 3266 2470 ι
3312 2439 3475 2478 unum
3518 2436 3651 2496 pro-

2051 2518 2172 2586 pter
2216 2517 2469 2567 naturam
2517 2507 2851 2580 divinitatis,
2899 2526 3080 2567 sumus
3126 2518 3352 2585 propter
3381 2528 3650 2584 persona—

2051 2619 2175 2659 rum
2262 2599 2677 2674 proprietates;
2762 2604 2817 2657 et
2879 2599 3125 2659 iterum:
3197 2624 3218 2650 ι
3297 2602 3443 2660 Ecce
3500 2604 3652 2661 venit

2052 2690 2255 2750 hora...
2308 2697 2372 2748 ut
2440 2706 2529 2748 me
2585 2690 2767 2748 solum
2822 2688 3192 2767 relinquatis:
3257 2701 3312 2750 et
3368 2709 3481 2749 non
3531 2710 3650 2750 sum

2052 2784 2222 2852 solus,
2278 2780 2407 2855 quia
2458 2780 2616 2838 Pater
2669 2796 2887 2840 mecum
2947 2784 3029 2840 est
3071 2782 3253 2855 (Ioan.
3285 2799 3405 2852 XVI,
3441 2782 3534 2856 32)
3569 2780 3586 2851 ξ
3621 2810 3639 2833 ι

2053 2876 2107 2932 et
2150 2872 2399 2930 iterum:
2452 2894 2471 2919 ι
2517 2871 2695 2944 Opera
2742 2884 2865 2945 quas
2912 2886 3013 2946 ego
3066 2871 3230 2943 facio,
3282 2874 3443 2930 Pater
3481 2873 3540 2930 in
3568 2891 3653 2929 me

2054 2978 2301 3031 manens,
2355 2960 2471 3035 ipse
2522 2956 2686 3018 faciet
2734 2977 2798 3017 ea
2828 2957 3010 3035 (Joan.
3060 2978 3179 3032 xrv,
3215 2959 3329 3037 10).
3362 2988 3381 3012 ι
3426 2962 3547 3037 Ipse
3575 2971 3655 3020 est

2053 3070 2181 3127 ergo
2209 3066 2425 3124 semper
2472 3048 2531 3107 in
2560 3051 2719 3108 Patre
2749 3049 2947 3121 Filius,
2979 3048 3075 3125 qui
3100 3048 3169 3108 ad
3196 3047 3425 3126 Moysen
3468 3050 3605 3110 dicit
3637 3069 3649 3106 :

2071 3170 2089 3193 ι
2118 3140 2225 3212 Qui
2276 3149 2377 3212 est,
2412 3140 2566 3198 misit
2624 3158 2712 3198 me
2741 3142 2809 3198 ad
2837 3159 2935 3198 vos
2958 3140 3161 3213 (Exod.
3194 3159 3276 3211 Ill,
3310 3136 3427 3215 14).
3460 3168 3479 3191 ι
3532 3141 3650 3215 Ipse

2056 3242 2156 3303 est,
2188 3230 2279 3289 cui
2309 3230 2549 3305 perfecto
2576 3226 2707 3287 orbe
2740 3230 3115 3303 congaudebat
3142 3231 3337 3300 Pater;
3368 3230 3501 3305 quia
3531 3238 3650 3288 tan-

2055 3332 2168 3382 tam
2216 3322 2416 3379 molem
2447 3328 2603 3379 terrae
2652 3318 2933 3377 fundasset
2984 3337 3145 3394 super
3177 3320 3371 3391 maria,
3407 3322 3464 3378 et
3490 3339 3652 3396 super

2058 3408 2287 3469 ﬂumina
2317 3412 2638 3468 collocasset
2662 3426 2801 3478 eam;
2828 3414 2890 3466 ut
2907 3408 3237 3467 elementum
3263 3411 3647 3483 gravissimum

2056 3516 2219 3575 super
2248 3509 2439 3558 tenues
2467 3516 2635 3574 aquas
2666 3496 2785 3572 ejus
2813 3499 3072 3574 penderet
3094 3498 3344 3557 arbitrio.
3375 3500 3440 3557 In
3469 3500 3647 3559 stabi-

2056 3590 2210 3648 litate
2237 3607 2365 3664 ergo
2389 3586 2537 3646 orbis
2558 3594 2852 3658 terrarum,
2876 3584 3095 3663 quando
3115 3584 3270 3646 illius
3290 3586 3648 3646 fundamenta

2056 3689 2214 3746 Pater
2243 3686 2518 3758 ﬁrmabat,
2565 3682 2755 3745 nullus
2785 3697 2901 3744 erat
2928 3704 3054 3744 cum
3085 3704 3149 3745 eo
3204 3696 3402 3762 praeter
3429 3705 3522 3746 eos
3554 3687 3649 3763 qui

2056 3787 2212 3839 erant
2270 3778 2329 3836 in
2386 3796 2470 3848 eo,
2529 3774 2589 3835 id
2642 3785 2745 3848 est,
2807 3774 2981 3835 Filius
3032 3785 3087 3835 et
3137 3777 3379 3852 Spiritus
3408 3788 3645 3836 sanctus.

2057 3870 2397 3927 Erubescant
2424 3885 2552 3942 ergo
2582 3866 2741 3943 impii
2770 3862 3036 3936 haeretici,
3068 3868 3164 3943 qui
3193 3869 3402 3927 Filium
3431 3870 3529 3928 Dei
3558 3876 3649 3926 aut

2056 3962 2322 4035 Spiritum
2346 3969 2598 4019 sanctum
2622 3968 2925 4018 creaturam
2955 3960 3171 4030 dicunt,
3203 3969 3299 4017 aut
3327 3961 3500 4019 fuisse
3521 3971 3647 4019 tem-

2056 4067 2179 4124 pus,
2229 4050 2449 4124 quando
2474 4065 2585 4106 non
2623 4047 2830 4105 fuerint
2862 4066 2877 4117 ;
2909 4064 3086 4122 neque
3137 4046 3288 4107 enim
3338 4059 3645 4125 temporum

2056 4140 2308 4199 conditor
2374 4138 2539 4196 habet
2591 4132 2889 4211 aliquando
2954 4137 3314 4211 principium.
3367 4136 3646 4213 Quidquid

2056 4247 2183 4304 ergo
2219 4228 2394 4286 Filius
2432 4222 2695 4302 loquitur,
2744 4226 2912 4283 verba
2967 4236 3099 4284 sunt
3143 4224 3344 4296 Patris,
3388 4234 3443 4286 et
3488 4228 3651 4287 verba

2056 4326 2187 4376 sunt
2240 4316 2477 4391 Spiritus
2532 4315 2706 4374 sancti
2763 4334 2775 4373 :
2836 4309 3110 4391 quidquid
3158 4316 3318 4374 Pater
3383 4315 3647 4392 loquitur,

426 4446 547 4527 (33)
588 4448 747 4527 Rom.
794 4448 953 4527 edit.,
1006 4448 1183 4520 inquit
1208 4450 1345 4506 enim
1377 4466 1390 4507 ε
1440 4453 1519 4510 the
1544 4466 1597 4509 es
1625 4454 1774 4527 ﬁlius
1801 4470 1945 4512 meus
1972 4455 2023 4523 Π
2051 4454 2126 4515 Et
2168 4456 2300 4513 alibi
2330 4475 2347 4512 :
2412 4456 2635 4515 Verbum
2679 4457 3023 4527 quodcunque
3074 4456 3267 4512 exierit
3300 4452 3365 4512 de
3398 4470 3489 4513 ore
3518 4473 3640 4519 meo.

350 4522 589 4578 dilectus.
618 4521 939 4588 Ademtum,
969 4530 1075 4579 etc.
1112 4570 1123 4580 .

425 4591 541 4674 (34)
609 4592 817 4674 Eadem
875 4595 1033 4651 Rom.
1091 4593 1252 4674 edit.,
1317 4601 1367 4674 et
1414 4594 1696 4674 descendit,
1754 4598 1946 4674 inquit,

355 4662 617 4741 Spiritus_
647 4668 860 4720 sanctus
897 4662 1171 4740 corporali
1223 4662 1388 4741 specie
1429 4668 1567 4728 sicut
1614 4662 1853 4726 columba
1896 4662 1953 4726 in

349 4734 544 4808 ipsum.
580 4736 770 4807 Quam,
801 4745 905 4796 etc.

420 4807 545 4888 (35)
580 4808 809 4888 LEsdem
856 4811 1015 4868 Rom.
1066 4808 1226 4881 edit.,
1261 4813 1390 4888 quia
1416 4829 1526 4888 non
1553 4826 1618 4888 ea;
1653 4814 1766 4871 alia
1795 4819 1952 4886 atqtte

351 4879 466 4934 alia
511 4879 979 4960 substantiahsunt
1037 4879 1236 4960 sanctae
1259 4879 1632 4960 inseparabilis
1668 4879 1951 4946 Trinitatis

345 4965 733 5029 personw,_nec
765 4950 908 5029 alius
940 4956 1282 5029 operationis.

429 5022 576 5110 (36).
613 5024 823 5110 Eisdem
879 5022 1039 5109 Rom.
1096 5029 1264 5110 edit.,
1322 5029 1700 5110 singillatim...
1764 5030 1949 5103 aliqua

356 5095 839 5171 opergri§piritus
867 5099 1145 5164 animavit,
1173 5105 1221 5154 et
1233 5095 1382 5169 justo
1407 5095 1589 5171 Pater,
1621 5111 1724 5160 etc.

427 5165 545 5309 (37)
587 5165 791 5223 Eadem
822 5169 979 5226 Rom.
1011 5170 1146 5226 edit.
1157 5213 1173 5239 ,
1205 5165 1310 5227 tam
1337 5165 1589 5244 provido:

454 5236 548 5308 38)
588 5236 794 5294 Eadem
826 5238 982 5297 Rom.
1029 5240 1187 5308 edit.,
1219 5243 1469 5309 amplius.
1504 5242 1587 5309 Eg

454 5236 548 5315 38:)
588 5236 794 5294 Eadem
826 5238 982 5315 Rom.
1029 5236 1187 5315 edit.,
1219 5236 1485 5315 amp-liusL
1504 5242 1617 5315 Ego
1648 5243 1742 5315 qui
1766 5240 1951 5314 fabri—

354 5310 700 5386 cantiucem,
734 5317 846 5386 etc;
897 5313 1156 5386 Quoniam
1186 5310 1393 5386 nonest
1443 5310 1585 5386 Deus
1607 5310 1808 5386 printer
1846 5332 1944 5371 me.

428 5376 782 5457 (39)‘Eadem
811 5376 970 5457 Rom.
997 5379 1159 5451 edit.,
1191 5384 1265 5457 Et
1290 5383 1482 5437 iterum
1509 5376 1642 5439 idem
1664 5387 1945 5457 prapheta:

353 5448 820 5526 ζζιμιιι-’Βρξιιιι-ειδι,Δ
844 5456 1018 5508 etnon
1047 5459 1122 5526 est
1144 5448 1292 5526 alius
1317 5459 1519 5526 prater
1556 5460 1621 5526 te.
1663 5448 1738 5510 Et
1760 5448 1895 5512 alibi
1930 5474 1942 5512 :

354 5514 526 5606 Militat
552 5519 625 5573 eis
958 5525 1058 5606 qui
1086 5514 1425 5606 salvabit'eos
1453 5540 1478 5606 τι
1489 5520 1741 5606 judicans
1767 5529 1947 5606 salva-

353 5588 428 5643 bit
466 5604 616 5646 eos...
651 5592 772 5672 Per.
783 5588 1145 5672 mmtipsam
1182 5594 1389 5664 iuravi,
1419 5588 1531 5672 nisi
1555 5596 1849 5669 egredietur
1882 5611 1948 5654 ea:

353 5676 444 5717 ore
497 5675 609 5716 meo
653 5666 892 5734 justitia,
937 5666 1003 5723 et
1036 5682 1297 5724 sermones
1336 5669 1439 5727 mei
1470 5666 1948 5728 non'avertantur.

2054 4545 2162 4584 non
2206 4534 2496 4584 revertetur
2546 4528 2618 4600 ad
2670 4544 2751 4583 me
2802 4545 3045 4595 vacuum,
3098 4528 3259 4583 donec
3288 4531 3651 4600 compleantur

2092 4616 2374 4670 uwcunque
2422 4598 2587 4656 volui.
2645 4601 2747 4655 Est
2776 4599 2941 4670 igitur
2996 4600 3175 4670 Filius
3203 4598 3649 4658 revera—Verbum

2105 4670 2260 4738 atris,
2280 4668 2407 4743 fcum
2433 4687 2653 4743 vacuum
2680 4668 2947 4743 reversum
2977 4688 3084 4743 non
3113 4668 3281 4741 fuerit
3309 4690 3331 4738 ;
3360 4672 3491 4743 quia
3522 4670 3647 4728 obsi-

2058 4742 2236 4799 des....
2266 4740 2473 4797 intuens
2502 4740 2630 4797 dicit
2667 4757 2679 4798 :
2715 4743 2794 4799 Tu
2813 4738 2949 4797 enim
2975 4757 3028 4797 es
3055 4738 3219 4809 Deus,
3250 4749 3299 4797 et
3321 4738 3646 4810 néscivimus,

2054 4816 2197 4872 Deus
2247 4815 2420 4871 Israel
2449 4815 2705 4870 salvator.
2766 4814 3110 4883 Nescwimus,
3151 4814 3282 4885 quia
3329 4828 3493 4871 carne
3518 4816 3649 4871 vela-

2057 4893 2165 4959 tus.
2194 4887 2269 4942 Et
2307 4885 2501 4959 iterum
2539 4902 2551 4941 :
2609 4886 2731 4945 Non
2779 4892 2854 4942 est
2884 4886 3093 4958 species,
3152 4903 3315 4958 neque
3348 4888 3527 4959 gloria
3560 4904 3577 4941 :
3606 4892 3651 4940 et

2055 4956 2218 5029 facies
2271 4955 2383 5027 ejus
2427 4957 2662 5030 despecta
2716 4960 2810 5026 est,
2866 4955 2924 5030 et
2952 4972 3070 5030 non
3126 4964 3201 5013 est
3223 4955 3541 5030 "reputate;
3598 4963 3652 5011 ut

2056 5027 2247 5102 scilicet
2293 5027 2528 5085 humano
2569 5046 2787 5102 corpore
2843 5027 3034 5102 divina
3087 5027 3336 5102 potentia
3371 5030 3648 5086 velaretur.

2054 5102 2129 5158 Et
2170 5101 2313 5157 alius
2354 5102 2611 5173 propheta
2638 5098 2675 5156 τ’
2712 5098 2790 5173 Et
2837 5100 2987 5154 homo
3033 5098 3127 5170 est,
3157 5107 3207 5156 et
3244 5100 3366 5172 quis
3392 5106 3653 5173 cognoscet

2054 5189 2171 5228 eum
2207 5174 2235 5230 9
2262 5174 2338 5229 Et
2355 5171 2572 5230 iterum:
2614 5173 2713 5230 Hic
2743 5172 2882 5229 Deus
2908 5176 3124 5244 noster,
3164 5171 3272 5228 non
3318 5171 3655 5244 reputabitur

2053 5245 2196 5299 altus
2223 5245 2480 5300 adversus
2508 5262 2644 5303 eum.
2677 5246 2789 5301 Et:
2822 5244 2950 5298 Post
2985 5245 3079 5300 hoc
3106 5243 3163 5298 in
3194 5242 3353 5298 terris
3371 5242 3531 5298 “visus
3557 5249 3650 5309 est,

2054 5321 2102 5371 et
2153 5315 2293 5370 inter
2359 5317 2591 5373 homines
2648 5318 2983 5372 conmeatus
3037 5322 3129 5371 est.
3191 5314 3267 5371 Et
3306 5314 3497 5369 iterum
3526 5314 3655 5368 scri-

2052 5392 2203 5458 ptum
2252 5392 2369 5445 est:
2426 5390 2596 5445 Homo
2626 5391 2684 5445 in
2725 5393 2891 5460 plaga
2947 5387 3217 5454 exsistens,
3273 5392 3323 5440 et
3357 5383 3524 5441 sciens
3543 5380 3651 5454 fer-

2052 5472 2131 5521 re,
2173 5465 2277 5515 etc.

2127 5527 2243 5602 (40)
2274 5527 2482 5602 Eadem
2510 5528 2668 5588 Rom.
2702 5528 2863 5596 edit.,
2898 5526 3019 5602 Non
3056 5527 3113 5585 in
3145 5525 3513 5602 persuasorils
3539 5522 3650 5583 hu—

2052 5598 2528 5726 sapicntice
2578 5602 2769 5672 verbis,
2806 5602 2896 5659 sed
2927 5600 2983 5658 in
3011 5598 3299 5659 ostensione
3344 5598 3571 5672 spiritus
3599 5604 3653 5654 ct

2052 5688 2138 5726 vir
2160 5686 2196 5726 ιι
2221 5687 2287 5726 ιδ.

2051 5686 2287 5729 mrtuus.
