3908 6192
161 252 264 325 549

1326 241 1421 315 DE
1477 238 1854 317 Tlthl‘l‘A‘t‘E
1890 238 2316 317 TRACTA‘I’US.

3360 240 3467 317 850

160 390 316 449 verba
346 400 473 450 3m“
505 386 657 460 Ρίίίίν
688 380 858 448 verba
889 391 1019 450 sunt
1045 384 1289 478 Spiritus
1323 385 1497 447 sane“
1532 402 1544 458 ς
1573 383 1748 463 quid-
1778 389 1827 449 Α
1856 399 2046 462 tabilia
2073 418 2189 462 esse
2238 410 2466 462 testatur
2497 400 2677 478 (Rom.
2712 420 2791 473 xi,
2824 397 2943 475 33),
2987 399 3103 476 jam
3162 402 3276 477 ipse
3304 404 3463 477 cujus

159 479 285 556 quid
326 480 564 556 Spiritus
592 487 818 539 sanctus
866 478 1133 555 loquitur,
1174 477 1344 535 verba
1393 487 1521 536 sunt
1551 478 1745 547 Patris,

157 569 318 628 verba
346 579 475 630 sunt
504 570 637 627 Filii
669 569 788 628 Dei.
820 571 965 644 Ergo
980 569 1147 627 unius
1168 567 1263 643 qui
1281 568 1519 641 complet
1539 567 1747 637 omnia,

154 668 205 717 et
250 662 309 717 in
367 676 478 736 quo
525 667 657 718 sunt
708 661 918 729 omnia,
974 656 1063 716 bis
1110 659 1297 717 verbis
1352 657 1455 716 sub
1485 657 1749 732 mysterio

154 758 349 808 sanctae
404 749 694 807 Trinitatis
748 749 951 807 notitia
1004 747 1336 822 praedicatur
1377 764 1392 817 ;
1451 748 1529 805 ait
1601 749 1749 805 enim

151 835 367 894 Filius:
418 863 436 886 ι
462 838 701 912 Spiritus
746 845 968 894 sanctus
1005 852 1037 892 a
1081 837 1240 893 Patre
1286 834 1535 909 procedit
1564 834 1747 908 (Joan.

149 942 247 997 xv,
292 925 422 1000 26);
472 953 491 977 ι
544 936 728 986 tamen
791 931 1014 1000 propter
1062 923 1379 983 societatem
1440 923 1752 981 unitatem-

148 1032 254 1090 que
284 1024 494 1073 naturas
547 1033 577 1074 a
627 1010 772 1073 Filio
813 1014 1094 1072 mittitur:
1156 1012 1251 1087 qui
1309 1012 1485 1070 Filius
1526 1010 1638 1086 (41)
1681 1011 1749 1068 ab

148 1104 286 1161 Isaia
351 1103 619 1177 propheta
683 1098 742 1160 in
806 1103 1086 1177 regnantis
1147 1101 1341 1161 habitu
1408 1103 1564 1161 visus
1643 1108 1747 1171 est,

150 1192 241 1250 sed
310 1203 533 1266 propter
593 1193 937 1251 consortium
994 1191 1298 1265 majestatis
1369 1192 1749 1266 unitatemque

150 1280 467 1339 substantiae
515 1281 755 1355 Spiritus
804 1289 1029 1339 sanctus
1087 1281 1144 1338 in
1203 1281 1468 1355 propheta
1520 1288 1601 1338 est
1656 1280 1750 1337 lo-

149 1378 340 1429 cutus:
429 1371 487 1427 in
560 1370 861 1429 Cherubim
934 1388 1064 1429 sane
1135 1378 1190 1428 et
1261 1367 1578 1443 Seraphim,
1650 1367 1747 1426 ubi

151 1460 264 1535 ipsa
319 1457 464 1516 visio
508 1460 653 1517 facta
701 1459 1057 1531 describitur,
1114 1477 1184 1518 ex
1238 1464 1392 1534 parte
1438 1457 1749 1516 ostenditur

147 1550 433 1619 Dominus,
475 1559 529 1608 et
591 1566 661 1608 ex
704 1561 856 1625 parte
912 1552 1169 1624 celatur;
1211 1553 1426 1611 duabus
1472 1550 1746 1626 siquidem

149 1640 248 1696 alis
308 1638 572 1697 velabant
630 1640 828 1699 faciem
900 1641 1039 1715 ejus,
1093 1650 1148 1700 et
1211 1640 1428 1701 duabus
1490 1640 1747 1700 velabant

1857 491 2238 550 insorutabilia
2287 499 2339 549 et
2366 494 2587 551 occulta
2616 499 2768 560 sunt,
2797 506 2963 566 quam
2997 490 3378 549 inscrutabilis
3408 483 3463 549 et

1857 581 2108 640 occultus
2164 580 2256 650 sit,
2308 580 2523 654 sapiens
2579 582 2750 638 lector
2795 581 3078 653 intelligit.
3121 580 3228 649 Qui
3277 590 3462 638 tamen

1859 678 2079 727 sanctus
2109 669 2406 743 Apostolus
2444 685 2555 726 non
2586 668 2771 725 dixit:
2807 669 3043 726 Difﬁcile
3095 670 3462 727 inveniuntur

1852 759 2065 832 judicia
2091 761 2215 828 Dei,
2246 764 2339 815 aut
2369 774 2651 832 nunquam
2685 775 2699 825 ;
2733 772 2801 814 ne
2822 773 2980 830 spem
3010 760 3238 830 penitus
3276 759 3457 833 inqui-

1860 849 2099 905 rentium
2128 854 2411 921 amputare
2433 845 2716 903 videretur
2743 862 2754 901 :
2792 846 2886 901 sed
2908 846 3018 901 ait:
3061 868 3080 894 ι
3108 848 3459 904 Inscrutabi-

1860 934 1934 996 lia
1957 945 2089 994 sunt
2102 937 2313 1011 judicia
2333 935 2432 993 Dei
2464 935 2657 1007 (Ibid.)
2690 958 2708 981 ι
2753 933 3020 1003 Quamvis
3047 948 3177 1005 ergo
3205 936 3461 1007 proﬁciat

1859 1027 1983 1101 quis
2013 1028 2070 1084 in
2099 1027 2348 1096 scientia,
2383 1030 2439 1082 et
2472 1025 2755 1098 sapientiae
2789 1024 3029 1091 deditus,
3059 1035 3256 1079 arcana
3294 1024 3456 1081 rime-

1858 1122 1986 1188 tur;
2009 1129 2194 1177 tamen
2222 1125 2401 1175 creata
2421 1115 2867 1173 naturaincreati
2890 1113 3274 1171 substantiam
3305 1130 3462 1171 nun-

1858 1224 2019 1282 quam
2051 1214 2229 1281 potest
2257 1204 2719 1280 comprehendere
2748 1203 2890 1276 (50).
2925 1202 3065 1261 Cum
3100 1204 3247 1259 enim
3277 1203 3461 1278 aliqua

1857 1299 2151 1368 invenerit,
2198 1314 2415 1355 rursum
2448 1297 2556 1354 alia
2589 1312 2647 1353 se
2674 1295 2916 1352 offerunt
2950 1293 3249 1368 quastioni
3277 1309 3291 1361 ;
3323 1308 3449 1350 cum

1857 1386 1954 1443 illa
1979 1385 2261 1461 repererit,
2287 1387 2396 1442 alia
2441 1386 2735 1442 innumera
2768 1382 2886 1456 (5i)
2920 1396 3139 1458 quoque
3183 1381 3456 1440 inveniet.

1857 1474 2032 1532 Tanta
2058 1476 2244 1549 itaque
2274 1474 2638 1547 investiganti
2686 1486 2902 1546 semper
2947 1470 3176 1528 materia
3220 1472 3459 1545 suggeri-

1855 1570 1969 1634 tur,
1999 1572 2061 1621 ut
2080 1565 2420 1640 reliquorum
2469 1563 2744 1637 ignoratio
2786 1562 3039 1619 involvat
3070 1561 3189 1634 (52)
3212 1562 3461 1634 priorum

1856 1653 2166 1713 scientiam.
2203 1654 2356 1712 Unde
2385 1661 2439 1711 et
2467 1652 2906 1727 sapientissimus
2944 1654 3206 1709 Salomon
3234 1661 3462 1711 naturas

148 1728 307 1803 pedes
351 1724 495 1803 ejus,
540 1736 595 1787 et
642 1728 856 1789 duabus
901 1732 1165 1789 volabant
1216 1733 1349 1805 (Isa.
1384 1750 1464 1799 v1,
1500 1730 1580 1805 2).
1626 1731 1746 1791 Ve-

1866 1759 2041 1801 rerum
2068 1724 2887 1817 diﬂicultatesquevcognoscens
2920 1742 3061 1814 (53),
3083 1750 3137 1797 et
3166 1741 3458 1813 imponens

149 1820 326 1876 lantur
380 1834 510 1893 ergo
561 1836 639 1888 ea,
701 1837 820 1895 quae
878 1829 1005 1878 ante
1063 1818 1332 1877 mundum
1382 1822 1626 1890 fuerunt,
1689 1826 1743 1877 et

147 1924 205 1966 ea
249 1922 369 1984 qua:
415 1918 540 1984 post
598 1910 868 1967 mundum
917 1919 1100 1980 erunt,
1165 1932 1183 1958 ι
1228 1926 1349 1984 qua:
1405 1924 1507 1967 nec
1546 1906 1743 1967 oculus

147 1997 305 2067 vidit,
343 2014 448 2057 nec
475 1999 622 2056 auris
653 1996 869 2056 audivit
900 1998 1057 2073 (Cor.
1084 2014 1147 2069 ιι,
1178 1996 1271 2073 9):
1306 2024 1325 2048 ›
1370 2014 1433 2055 ea
1456 2014 1588 2056 vero
1619 2010 1740 2072 quas

144 2086 200 2143 in
244 2103 342 2145 sex
389 2084 584 2144 diebus
636 2088 777 2145 facta
823 2095 973 2157 sunt,
1019 2086 1182 2145 nobis
1237 2086 1297 2144 in
1337 2086 1598 2145 notitiam
1639 2103 1735 2159 per

142 2191 347 2233 sacram
373 2174 665 2231 lectionem
680 2184 971 2231 venerunt.
991 2174 1099 2232 Nos
1120 2188 1247 2248 ergo
1270 2174 1327 2231 in
1344 2174 1501 2232 Patre
1523 2185 1581 2233 et
1597 2173 1744 2231 Filio

140 2273 195 2322 et
222 2264 438 2338 Spiritu
462 2271 651 2322 sancto
680 2280 791 2321 non
820 2264 1000 2321 solum
1028 2276 1198 2322 unam
1227 2264 1623 2338 operationem,
1648 2262 1744 2320 sed

143 2362 195 2412 et
223 2357 596 2429 aequalitatem
628 2356 993 2423 conﬁtemur;
1027 2356 1156 2429 quia
1176 2355 1271 2411 ubi
1289 2354 1572 2428 aequalitas
1598 2352 1743 2427 (42),

147 2449 288 2508 328
318 2440 400 2502 ibi
429 2442 621 2502 eadem
679 2453 898 2515 natura,
946 2444 1245 2519 eademque
1291 2444 1597 2501 substantia
1640 2449 1743 2500 est.

145 2542 452 2618 Propterea,
482 2542 667 2617 inquit
718 2541 1073 2615 evangelista,
1130 2558 1257 2600 eum
1322 2540 1498 2599 Judaei
1555 2554 1748 2616 perse-

156 2633 479 2709 quebantur,
540 2632 670 2706 quia
716 2646 829 2688 non
884 2632 1063 2689 solum
1113 2631 1362 2689 solvebat
1422 2630 1742 2700 Sabbatum,

156 2722 245 2779 sed
297 2721 461 2779 etiam
521 2720 729 2778 Filium
780 2720 881 2778 Dei
937 2735 994 2777 se
1061 2718 1316 2790 dicendo,
1366 2721 1633 2794 aequalem
1687 2736 1744 2777 se

153 2810 377 2869 faciebat
428 2806 547 2869 Deo
597 2809 779 2884 (Joan.
837 2825 893 2877 v,
947 2809 1060 2883 18).
1112 2808 1270 2878 Quod
1324 2808 1440 2882 ipse
1475 2807 1747 2866 Dominus

153 2899 461 2975 comprobat
498 2899 691 2957 dicens
733 2920 744 2957 :
811 2925 829 2949 ι
874 2899 990 2971 Ego
1047 2905 1102 2955 et
1146 2898 1305 2956 Pater
1350 2912 1522 2956 unum
1556 2912 1748 2955 sumus

157 2992 327 3061 (Ioan.
360 3006 419 3061 χ,
450 2990 574 3063 30),
597 2996 651 3047 et
681 3005 779 3063 ego
805 2987 864 3044 in
900 2985 1060 3046 Patre
1109 2988 1249 3061 (43),
1282 2995 1337 3045 et
1378 2987 1538 3045 Pater
1567 2984 1626 3044 in
1659 3000 1746 3042 me

1854 1850 2169 1891 mensuram
2206 1832 2490 1907 sapientiae
2519 1848 2651 1902 suae,
2683 1832 2791 1889 ait:
2846 1856 2864 1879 ι
2909 1830 3065 1897 Dixi,
3102 1831 3320 1903 sapiens
3347 1833 3458 1889 etii-

1851 1924 1986 1994 ciar,
2015 1931 2069 1981 et
2104 1924 2216 1997 ipsa
2241 1921 2458 1997 longius
2489 1922 2711 1979 recessit
2742 1932 2773 1977 a
2805 1936 2889 1977 me
2912 1935 3075 1995 quam
3106 1928 3241 1988 erat,
3273 1928 3329 1977 et
3359 1938 3457 1979 ex-

1853 2013 1999 2071 celsa
2024 2012 2391 2086 profunditas,
2424 2012 2548 2085 quis
2580 2010 2827 2067 inveniet
2850 2026 2969 2067 eam
2994 2011 3194 2081 (Eccle.
3227 2024 3328 2079 vn,
3364 2011 3454 2080 24,

1852 2103 1947 2176 25)
1970 2103 2030 2159 7»
2067 2107 2120 2159 et
2148 2101 2381 2160 iterum:
2413 2102 2609 2158 «Plura
2637 2100 2789 2158 enim
2819 2110 2984 2173 opera
3003 2097 3227 2155 Domini
3256 2099 3315 2154 in
3336 2098 3457 2155 abs-

1853 2190 2094 2248 conditis
2118 2199 2248 2248 sunt
2279 2189 2473 2263 (Eccti.
2502 2206 2623 2255 xvi,
2655 2189 2747 2260 22)
2776 2204 2829 2257 ;-
2857 2194 2913 2244 et
2942 2188 3177 2243 iterum:
3211 2209 3231 2235 ι
3255 2187 3456 2255 Quem-

1854 2279 2153 2336 admodum
2210 2277 2389 2336 nescis
2444 2293 2568 2350 quae
2637 2276 2711 2333 sit
2760 2276 2854 2332 via
2908 2275 3159 2348 spiritus,
3221 2284 3276 2332 ot
3349 2291 3459 2349 qua

1855 2368 2070 2425 ratione
2099 2370 2525 2442 compingantur
2551 2384 2675 2423 ossa
2693 2367 2752 2423 in
2773 2374 2966 2423 ventre
2986 2366 3320 2440 praegnantis
3342 2382 3355 2434 ;
3374 2366 3456 2423 sic

1857 2458 2035 2514 nescis
2065 2474 2228 2530 opera
2256 2456 2377 2525 Dei,
2409 2456 2504 2529 qui
2532 2454 2830 2512 fabricator
2858 2463 2941 2511 est
2969 2455 3220 2512 omnium
3252 2457 3453 2526 (Eccle.

1856 2562 1938 2617 χι,
1972 2547 2031 2619 5)
2066 2563 2079 2603 :
2113 2570 2132 2595 ι
2176 2552 2230 2602 et
2258 2545 2459 2601 iterum
2496 2561 2508 2601 :
2571 2566 2589 2592 ε
2618 2544 2834 2600 Altiora
2870 2548 2924 2600 te
2963 2559 3032 2599 ne
3059 2543 3364 2616 quaesieris,
3395 2548 3450 2600 et

1856 2636 2091 2693 fortiora
2120 2643 2172 2692 te
2203 2651 2272 2691 ne
2302 2639 2578 2691 scrutatus
2602 2632 2773 2689 fueris
2804 2632 2995 2702 (Eccli.
3032 2648 3116 2700 ιιι,
3162 2631 3254 2702 22)
3281 2649 3294 2699 ;
3334 2656 3352 2679 ι
3398 2639 3453 2688 et

1857 2725 2059 2782 iterum
2086 2740 2099 2781 :
2140 2746 2158 2773 ι
2188 2720 2665 2792 Quemadmodum
2686 2719 2781 2794 qui
2798 2719 2906 2775 mel
2929 2720 3165 2775 multum
3192 2718 3456 2787 comedit,

1856 2828 1970 2871 non
1998 2818 2081 2870 est
2116 2812 2167 2869 ei
2196 2811 2404 2871 bonum
2429 2828 2444 2879 ;
2495 2811 2574 2867 sic
2602 2809 2697 2884 qui
2726 2814 2997 2866 scrutator
3024 2816 3106 2865 est
3136 2805 3455 2879 majestatis,

1856 2903 2191 2979 opprimitur
2208 2900 2382 2975 gloria
2404 2900 2590 2974 (Prov.
2619 2914 2751 2968 xxv,
2785 2900 2899 2972 27).
2932 2923 2952 2948 ι
2986 2899 3058 2954 Et
3087 2913 3279 2956 revera
3310 2897 3454 2954 nihil

1857 2996 1970 3049 tam
1987 2988 2348 3061 verum,nihil
2363 2996 2475 3048 tam
2500 2988 2872 3056 manifestum;
2891 2987 3163 3060 scriptum
3178 2996 3259 3044 est
3279 2986 3450 3044 enim:

153 3086 251 3149 est;
278 3104 310 3172 τ’
336 3086 389 3137 et
440 3077 684 3136 iterum:
733 3101 752 3126 ι
778 3078 937 3135 Pater
982 3073 1130 3151 quod
1182 3074 1343 3172 dedit
1364 3074 1525 3145 mihi,
1561 3074 1743 3148 majus
1777 3108 1822 3172 Ο
1872 3103 1891 3132 ‹
1919 3082 2129 3140 Delicta
2157 3082 2282 3157 quis
2313 3078 2575 3153 intelligit
2615 3079 2977 3172 (Paullum,
3005 3077 3095 3151 13)
3130 3077 3158 3135 τ
3184 3102 3204 3126 ι
3242 3077 3298 3134 Si
3327 3090 3455 3151 ergo

154 3169 397 3227 omnibus
424 3178 531 3239 est,
565 3175 619 3226 et
669 3184 833 3225 nemo
861 3172 1039 3241 potest
1091 3182 1282 3240 rapere
1313 3164 1380 3223 de
1422 3180 1591 3223 manu
1624 3182 1747 3222 mea

158 3256 325 3330 (Joan.
358 3276 414 3328 ιι,
438 3258 573 3331 29);
609 3284 628 3306 ι
666 3256 961 3330 statimque
990 3257 1186 3313 infert:
1233 3280 1251 3302 ι
1281 3255 1353 3311 Et
1381 3270 1544 3312 nemo
1568 3261 1750 3329 potest

156 3363 329 3419 rapere
348 3346 414 3405 de
444 3362 620 3403 manu
648 3345 847 3403 Patris.
871 3371 891 3396 ι
931 3344 988 3403 Si
1019 3362 1148 3418 ergo
1177 3345 1243 3402 de
1270 3360 1438 3401 manu
1467 3343 1597 3402 Filii
1629 3361 1748 3419 quae

154 3435 303 3493 Pater
322 3436 491 3509 dedit,
530 3452 695 3493 nemo
734 3443 914 3510 potest
960 3446 1167 3508 rapere,
1218 3442 1273 3493 ot
1321 3435 1439 3492 hac
1468 3434 1657 3492 eadem
1692 3435 1750 3491 in

96 3548 105 3556 ο
157 3541 313 3583 manu
340 3526 519 3584 Patris
549 3534 697 3596 sunt,
730 3540 852 3599 quae
882 3541 995 3583 non
1026 3524 1319 3598 rapiuntur
1348 3522 1416 3580 ab
1445 3538 1509 3581 eo
1534 3540 1548 3592 ;
1584 3522 1748 3597 liqui-

159 3612 225 3671 do
269 3616 662 3691 comprobatur
691 3613 880 3672 omnia
930 3614 1107 3671 Patris
1148 3620 1202 3670 et
1241 3612 1372 3670 Filii
1420 3628 1485 3670 ac
1512 3611 1751 3685 Spiritus

160 3700 343 3776 sancti,
377 3705 472 3781 qui
496 3714 557 3763 et
584 3703 761 3762 Patris
788 3712 844 3762 et
872 3700 1001 3760 Filii
1018 3711 1121 3774 est,
1154 3718 1271 3761 esse
1302 3702 1655 3761 communia:
1689 3709 1745 3758 et

162 3792 282 3850 Filii
308 3812 473 3853 manu
501 3792 704 3864 teneri,
735 3810 857 3868 qua:
882 3794 1058 3852 Patris
1085 3800 1215 3851 sunt
1240 3810 1254 3862 ;
1283 3799 1337 3848 et
1375 3791 1552 3848 Patris
1584 3804 1751 3847 manu

162 3882 345 3955 teneri,
392 3901 512 3960 quae
546 3884 675 3941 Filii
703 3892 855 3941 sunt.
902 3883 1173 3942 Dominus
1202 3899 1330 3956 ergo
1364 3881 1620 3941 Christus
1652 3881 1753 3939 Dei

165 3978 212 4029 et
238 3974 478 4033 hominis
524 3974 697 4044 filius,
741 3973 837 4048 qui
882 3988 1096 4048 semper
1124 3981 1239 4030 erat
1266 3986 1392 4031 cum
1423 3970 1582 4029 Patre
1611 3978 1666 4028 et
1695 3969 1753 4026 in

164 4060 333 4133 Patre,
363 4062 583 4121 duobus
623 4064 843 4120 locutus
884 4070 965 4119 est
995 4062 1195 4131 modis,
1240 4061 1298 4118 id
1345 4069 1448 4131 est,
1480 4075 1632 4118 nunc
1660 4077 1755 4117 se-

164 4151 402 4208 cundum
459 4149 773 4208 divinitatis
819 4169 930 4209 suae
973 4150 1225 4224 gloriam,
1272 4162 1423 4208 nunc
1449 4148 1753 4209 secundum

163 4249 359 4295 nostrae
406 4247 618 4295 naturae
656 4238 939 4296 hominem
975 4245 1312 4313 susceptum.
1356 4240 1515 4295 Pater
1542 4254 1671 4312 ergo
1697 4238 1756 4295 in

162 4327 325 4395 Filio,
360 4334 416 4383 et
470 4324 649 4384 Filius
681 4326 740 4383 in
795 4327 955 4383 Patre
1008 4337 1109 4396 est,
1155 4329 1214 4383 in
1254 4334 1489 4401 utroque
1518 4327 1759 4400 Spiritus

1856 3174 2061 3232 declita
2088 3189 2185 3230 sua
2214 3172 2470 3229 homines
2499 3186 2611 3226 non
2639 3168 2960 3240 intelligunt
2984 3186 2998 3236 ;
3048 3174 3256 3241 quanto
3284 3168 3456 3239 magis

1857 3273 2109 3323 naturam
2139 3261 2238 3319 Dei
2264 3268 2319 3319 et
2345 3258 2579 3317 consilia
2608 3258 2726 3331 ejus
2752 3258 2982 3313 minime
3012 3264 3273 3329 poterunt
3299 3256 3453 3312 inve-

1858 3357 1980 3413 nire
2013 3354 2025 3411 l
2064 3352 2223 3422 Quod
2252 3346 2613 3424 comprobans
2641 3346 2907 3421 propheta
2942 3345 3080 3403 dicit
3114 3363 3125 3402 :
3172 3367 3192 3393 ι
3221 3345 3453 3402 Genera-

1859 3444 2069 3505 tionem
2100 3442 2218 3517 ejus
2245 3440 2370 3516 quis
2397 3438 2674 3498 enarravit
2697 3438 2831 3511 (Isa.
2865 3448 2985 3507 LIII,
3017 3435 3075 3509 8)
3098 3435 3126 3493 τ
3145 3457 3164 3485 ν

1931 3607 2160 3668 CAPUT
2188 3607 2289 3664 XI.
2319 3634 2391 3648 --
2419 3607 2483 3662 In
2506 3603 2656 3661 hunc
2684 3616 2812 3675 ergo
2826 3614 3002 3658 unum
3033 3601 3208 3656 Deum
3239 3598 3452 3655 Patrem

1860 3701 2292 3774 omnipotentem
2323 3697 2620 3765 credimus,
2660 3692 2969 3752 visibilium
2998 3698 3053 3749 et
3082 3690 3452 3748 invisibilium

1859 3790 2226 3857 conditorem,
2272 3788 2431 3862 cujus
2479 3785 2693 3859 judicia
2739 3792 2903 3857 atque
2954 3781 3188 3839 consilia
3238 3780 3456 3837 occulta

1861 3887 2010 3950 sunt,
2040 3879 2233 3953 iniqua
2258 3885 2441 3934 autem
2493 3886 2799 3947 nunquam.
2830 3870 2937 3939 Qui
2964 3878 3151 3926 tamen
3186 3869 3346 3925 Pater
3370 3868 3458 3923 si-

1862 3986 1931 4026 ne
1959 3968 2078 4025 ullo
2106 3967 2212 4024 sibi
2245 3972 2398 4039 patre
2422 3966 2581 4021 Pater
2607 3971 2689 4018 est
2713 3978 2725 4017 :
2759 3968 2814 4017 et
2842 3956 3050 4015 idcirco
3072 3956 3248 4013 Filius
3269 3954 3337 4012 de
3352 3955 3456 4013 hoc

1865 4058 2102 4132 genitus,
2143 4055 2303 4128 cujus
2341 4052 2747 4127 generationem
2778 4048 3054 4105 humanus
3073 4060 3253 4103 sermo
3280 4044 3454 4102 εᾶίοθ·

1864 4162 1923 4205 re
1952 4163 2064 4204 non
2085 4146 2255 4215 valet,
2288 4142 2520 4201 inferior
2569 4142 2637 4198 ab
2664 4156 2730 4197 eo
2767 4154 2882 4196 esse
2910 4152 3024 4194 non
3062 4143 3273 4211 potest;
3305 4135 3452 4210 quia,

1864 4245 1928 4295 nt
1954 4237 2166 4294 dictum
2198 4238 2302 4305 est,
2341 4230 2594 4301 verbum,
2625 4231 2805 4287 virtus
2832 4234 2885 4285 et
2916 4228 3185 4300 sapientia
3201 4226 3321 4299 ejus
3353 4233 3452 4283 est.

1866 4327 2043 4386 Deum
2074 4342 2201 4400 ergo
2229 4324 2530 4383 Dominum
2571 4322 2809 4379 fatemur
2848 4318 2992 4392 (54),
3030 4319 3206 4375 Deum
3250 4317 3454 4374 Filium

166 4421 379 4472 sanctus
393 4419 507 4472 est:
542 4419 594 4471 et
622 4414 747 4473 ideo
778 4421 923 4473 recta
945 4416 1216 4473 confessio
1248 4414 1473 4490 (44-49)
1506 4417 1755 4490 mysterii
1786 4472 1832 4490 ﬁ
1866 4418 1966 4476 Dei
1994 4416 2173 4474 Patris
2212 4412 2662 4484 altissimi,unici
2690 4410 2941 4479 unicum,
2973 4417 3028 4466 et
3055 4424 3183 4467 cum
3207 4407 3365 4463 Patre
3394 4423 3460 4463 ac

168 4511 359 4563 sanctae
404 4512 460 4561 et
510 4503 893 4579 inseparabilis
923 4503 1213 4562 Trinitatis
1251 4472 1539 4577 \ignora’tio
1565 4472 1755 4563 nostra
1786 4472 1836 4535 Β
1866 4508 2078 4582 Spiritu
2105 4515 2294 4566 sancto
2324 4472 2499 4563 unum
2530 4504 2706 4561 Deum
2745 4516 2863 4559 esse
2900 4472 3265 4564 conﬁtemur;
3298 4496 3457 4568 cujus

170 4601 244 4651 est
265 4612 278 4663 ;
308 4610 433 4652 cum
450 4593 600 4652 enim
620 4604 843 4653 sanctus
871 4594 1171 4668 Apostolus
1190 4593 1404 4668 judicia
1424 4594 1523 4652 Dei
1545 4596 1751 4654 inscru-

237 4694 349 4769 (41)
381 4694 588 4754 Eadem
627 4698 785 4756 Rom.
818 4697 976 4769 edit.,
1000 4695 1232 4769 Spiritus
1269 4696 1528 4765 veritatis,
1559 4697 1742 4769 qui...

173 4762 364 4839 Inquil,
408 4784 443 4825 a
478 4770 643 4826 Patre
686 4768 927 4842 procedit
951 4762 1166 4842 propter
1208 4768 1481 4842 originem.
1509 4762 1747 4840 inquit,

172 4841 551 4975 «ὃιῖιεγηέῗαίαιη
567 4841 786 4915 propter
813 4841 1105 4898 societatem
1144 4841 1496 4913 unitatemque
1519 4848 1749 4899 naturae.

253 4928 272 4965 ι
338 4931 357 4967 ι
384 4929 483 4969 ius.

220 4926 272 4965 ιιι
294 4926 483 4969 Μιηιε.

186 5050 212 5062 η
232 4981 353 5062 ,(42)
383 4983 586 5062 Eadem
613 4986 771 5043 Rom.
803 4984 960 5054 edit.,
1007 4984 1105 5043 Ubi
1124 4985 1260 5041 enim
1280 4982 1460 5042 eadem
1489 4980 1747 5055 operatio,

177 5050 559 5112 ibiadualitas.

267 5072 559 5181 ignauiam
882 5128 893 5139 .
1438 5124 1449 5135 .
1590 5125 1599 5135 .
1721 5120 1731 5133 ο

243 5126 261 5195 (
334 5125 589 5209 ),Εξὶάβω
619 5130 778 5209 BOD]:
808 5127 1273 5209 edibPropterea
1289 5128 1551 5209 Dominus
1580 5129 1755 5194 inquit

181 5192 579 5332 Vnm'ludwi...
623 5198 846 5270 faciebat
892 5192 1024 5271 Deo)
1073 5192 1181 5255 non
1222 5203 1393 5271 potest
1432 5194 1607 5253 Filius
1633 5192 1664 5250 ἀ
1705 5210 1757 5249 se

205 5283 341 5323 acere
378 5287 397 5332 ;
451 5270 581 5332 quia
615 5272 719 5326 nisi
756 5270 897 5332 quod
941 5271 1132 5326 viderit
1194 5272 1411 5327 Patrem
1458 5265 1753 5332 facientem.

205 5265 341 5342 ζιεειῖε
377 5287 397 5335 ;
426 5270 581 5342 quia
615 5265 719 5326 nisi
756 5270 897 5342 quod
941 5265 1132 5342 viderit
1194 5265 1411 5327 Patrem
1450 5265 1753 5342 facientem.

186 5337 324 5411 0⁸⁸οᾴ
356 5337 487 5397 alibi
512 5343 714 5397 clarius
742 5337 966 5397 ostendit
996 5340 1197 5397 dicens:
1226 5342 1337 5411 Ego
1367 5346 1415 5396 et
1434 5341 1617 5403 Pater,
1647 5343 1754 5411 etc.

251 5408 460 5493 (ξι-49)
509 5413 919 5493 Εξάθιηᾟοω-
969 5408 1387 5493 εξίὲἓΡ-›-ραξξι·εέι
1444 5411 1564 5493 licet
1610 5408 1759 5493 "Ubi?

184 5478 406 5548 mysterii
434 5478 626 5541 sanctae
653 5491 701 5541 et
724 5478 1410 5559 inseparabilis'Trinitatis
1434 5478 1659 5550 confusa
1690 5478 1759 5531 sit

186 5552 383 5625 notitia,
439 5561 625 5611 nostra
673 5562 844 5612 tamen
898 5561 972 5611 est
1026 5552 1301 5625 confessio.
1344 5551 1759 5625 iUndeusanetus

187 5596 459 5693 Apostolus
496 5626 701 5698 judicia
758 5627 859 5685 Dei
907 5628 1023 5683 licet
1066 5596 1611 5696 incomprehensibilia
1657 5635 1762 5673 esse

1861 4598 1991 4655 licet
2019 4596 2385 4671 aequalitatem
2406 4594 2525 4666 (55)
2558 4593 2835 4649 humanus
2855 4602 3034 4644 sermo
3061 4585 3337 4656 explicare
3365 4594 3456 4637 ne-

1862 4692 2092 4755 testetur,
2122 4703 2228 4743 non
2258 4694 2429 4742 tamen
2465 4700 2526 4739 ea
2548 4696 2775 4755 prorsus
2805 4674 3175 4755 inseratabitia
3218 4676 3265 4724 et
3282 4672 3454 4755 occ-nl-

1862 4765 1917 4815 ta
1944 4744 2191 4815 decorum.
2224 4759 2345 4815 Ideo
2374 4770 2483 4810 non
2524 4744 2692 4808 dixit:
2727 4747 3089 4821 Impossibilia
3114 4744 3458 4821 inveniuntur

1852 4810 2356 4899 Deiﬁed;
2392 4839 2666 4899 nunquam
2715 4837 2767 4899 se
2795 4810 3458 4899 offeruntappreh'ensibi-

1863 4879 2212 4981 spem
2232 4879 2440 4967 penitus
2464 4879 3141 4981 ἱῃξιρξῇνεηιὶξιπίάτηραίαθέ
3167 4879 3453 4939 viderem"

1863 4962 1964 5028 Sed
1991 4969 2070 5025 ait
2091 4962 2665 5037 incomprehensibilia,
2722 4966 2884 5037 etc.“
3008 5032 3018 5037 -
3406 4978 3410 4982 Α

1938 5041 2055 5112 (50)
2085 5028 2291 5112 Eadem
2323 5036 2479 5093 Rom.
2513 5028 2671 5112 edit.,
2700 5036 2759 5084 ut
2786 5028 2909 5082 talis
2945 5032 3039 5095 est,
3072 5038 3347 5095 nunquam
3364 5042 3457 5096 po-

1866 5102 1958 5169 test
1985 5102 2058 5168 ad
2080 5110 2293 5182 plenum
2325 5102 2784 5182 ορηιρνξζιεηάενεο
2820 5174 2831 5182 ,
3080 5170 3120 5182 κ
3345 5166 3383 5182 ..

1939 5166 2240 5256 (arma,
2273 5166 2452 5256 porr;
2475 5174 2589 5229 alia
2646 5167 3000 5256 immutabitia
3029 5188 3051 5237 ,-
3080 5170 3243 5227 nom.
3298 5166 3457 5237 edit.,

1863 5245 1977 5313 alia
2005 5245 2163 5310 etiam
2184 5249 2384 5306 altiora
2412 5245 2627 5319 quaeque
2654 5245 2960 5319 aestimat.

1965 5327 2057 5390 52)
2084 5326 2237 5380 ηοω.
2272 5311 2437 5390 edit.
2456 5311 3101 5390 perscrutatiooblivione
3134 5311 3389 5390 involvat.

1965 5328 2033 5382 52
2084 5328 2237 5380 ltom.
2272 5328 2432 5390 edit.,
2456 5328 2813 5390 perscrutatio
2840 5328 3101 5370 oomnone
3134 5328 3389 5367 υιυοιυαι.

1939 5328 2057 5469 (53)
2088 5393 2473 5469 Eademllom.
2498 5384 2654 5469 edit.,
2685 5382 2957 5469 hominum
2975 5382 3334 5469 cogitationes,
3350 5384 3467 5437 stel-

1870 5454 2051 5526 taruni
2072 5465 2435 5538 dispositiones
2463 5468 2509 5517 et
2548 5454 2856 5538 abscondita
2889 5454 3107 5538 quaque
3139 5466 3461 5538 cogposcens.

1965 5486 2045 5523 um
2072 5474 2435 5538 dispositiones
2463 5474 2509 5517 et
2548 5474 2856 5514 aosconaua
2889 5474 3107 5586 quasue
3139 5474 3461 5524 cognoscens.

1965 5538 2057 5607 54)
2089 5536 2295 5611 Eadem
2328 5536 2503 5611 ﬁam.
2534 5529 2693 5611 edit.,
2742 5526 2961 5611 Patren}
3045 5542 3165 5585 eum
3214 5522 3465 5596 fatemur.

1965 5542 2057 5607 54)
2089 5542 2295 5595 Eadem
2345 5542 2503 5592 Rom.
2534 5542 2693 5597 edit.,
2742 5542 2961 5605 rati-em
2990 5542 3056 5586 υε

1940 5542 2060 5683 (55)
2090 5607 2296 5666 Eadem
2328 5606 2485 5663 Rom.
2518 5600 2676 5668 edit.,
2708 5598 3056 5665 manuum,
