3864 6188
465 213 527 273 δι
1438 204 1535 266 AD
1573 206 1807 266 orem
1844 205 1897 262 s.
1942 189 2273 263 AMBROSII
2311 187 2690 260 APPENDIX.

430 355 613 421 queat,
646 337 1039 402 incarnationis
1076 346 1255 397 tamen
1298 338 1414 411 ejus
1443 344 1784 393 sacrosancta
1820 350 1883 390 ac
1912 350 2017 389 ve—
2046 336 2093 396 Α
2127 341 2229 400 est,
2260 328 2355 403 qui
2384 328 2528 386 sicut
2554 329 2711 385 Pater
2740 344 2803 384 ac
2843 324 3018 383 Filius
3069 321 3245 421 replet
3292 322 3486 382 orbem
3542 331 3708 382 terra:
3741 343 3753 379 ;

433 436 674 493 nerauda
701 431 965 508 mysteria
994 448 1024 486 a
1052 439 1240 488 sancto
1262 427 1512 484 Gabrielc
1550 424 1875 495 archangelo
1904 440 2023 478 srm-

431 536 572 587 ctaui
603 527 875 600 virginem
905 522 1156 588 Mariam,
1183 536 1302 593 quae
1334 516 1501 572 verbo
1532 516 1640 570 feta
1668 514 1783 570 sola
1809 513 2028 570 conscia

432 637 562 677 aure
591 620 844 675 maritata
872 622 973 680 est,
1004 614 1316 683 alloquente
1367 608 1484 676 (56)
1519 604 1899 677 cognovimus.
1933 604 2027 658 Ait

432 709 581 765 enim
615 727 626 763 :
673 732 690 754 ε
722 704 959 777 Spiritus
997 707 1219 756 sanctus
1243 696 1592 767 superveniet
1620 694 1678 749 in
1714 703 1783 761 te,
1813 701 1866 748 et
1904 693 2031 748 vir-

435 808 522 856 tus
559 794 831 853 Altissimi
858 787 1211 846 obumbrahit
1241 784 1342 841 tibi
1368 804 1381 852 ;
1407 785 1637 857 ideoque
1667 790 1721 840 et
1745 782 1891 855 quod
1923 800 2031 838 na-

433 893 617 941 scetur
649 899 719 937 ex
756 888 811 934 te
841 886 1112 944 sanctum,
1144 872 1433 929 vocabitur
1461 871 1637 927 Filius
1662 870 1760 925 Dei
1802 870 1953 941 (Luc.
1986 887 2026 938 ι,

434 974 548 1041 35).
580 997 597 1019 -
639 970 761 1025 Non
790 983 917 1039 ergo
948 965 1065 1020 haec
1093 962 1393 1036 generatio,
1425 977 1533 1033 qua
1577 959 1644 1015 de
1688 958 1903 1030 virgine
1934 975 2031 1031 pro

434 1062 608 1117 salute
638 1065 827 1115 nostra
854 1062 1015 1112 natus
1044 1063 1146 1122 est,
1179 1051 1538 1125 posteriorem
1560 1066 1695 1105 eum
1722 1049 1855 1105 facit
1877 1048 2032 1105 Patri

434 1154 579 1212 329
609 1148 725 1203 sive
764 1154 1030 1217 tempore,
1087 1142 1205 1198 sive
1252 1147 1563 1213 potestate;
1621 1138 1751 1211 quia
1786 1155 1899 1193 non
1952 1146 2034 1193 est

437 1248 753 1322 temporalis
783 1247 1017 1319 genitor,
1058 1252 1120 1299 ut
1137 1243 1281 1299 Filio
1312 1239 1699 1313 praejudicetur
1728 1254 1797 1293 ex
1828 1245 2035 1309 tempo-

437 1356 515 1408 re,
555 1339 685 1411 quia
728 1345 967 1393 aeternus
1012 1333 1173 1388 Pater
1206 1329 1411 1386 Filium
1443 1328 1631 1401 genuit
1658 1334 1992 1383 coaeternum
2020 1344 2032 1382 :

437 1446 536 1485 nec
564 1426 909 1484 extrinsecus
940 1430 1131 1477 natum
1161 1428 1255 1476 aut
1284 1420 1513 1483 factum,
1532 1424 1594 1473 ut
1612 1416 1857 1472 haeretici
1888 1431 2037 1470 men-

438 1520 676 1585 tiuntur,
708 1516 802 1573 sed
833 1531 901 1569 ex
931 1512 1153 1585 propria
1180 1509 1487 1566 substantia
1516 1506 1692 1565 Patris
1719 1513 2033 1579 generatum

438 1625 567 1664 vera
587 1607 725 1663 ﬁdes
753 1604 937 1661 habet.
971 1604 1059 1658 Ex
1085 1603 1199 1658 Deo
1239 1617 1366 1673 ergo
1394 1614 1546 1667 vero,
1575 1597 1635 1653 in
1664 1614 1774 1670 quo
1803 1595 2038 1652 aeterni-

2134 423 2247 495 ipse
2271 429 2370 490 est,
2403 420 2499 494 qui
2529 436 2560 474 a
2585 418 2726 474 Filio
2754 425 2994 475 sanctus
3040 426 3093 473 et
3127 415 3307 473 bonus
3352 417 3759 489 pronuntiatus

2138 521 2252 567 est:
2286 510 2401 582 ipse
2430 516 2530 576 est,
2563 508 2655 581 qui
2687 524 2719 563 a
2754 508 2868 597 Dav
2882 506 2939 562 id
2988 504 3273 578 propheta,
3303 504 3453 561 sicut
3481 505 3756 564 Dominus

2138 599 2413 666 Christus,
2444 598 2625 653 bonus
2644 607 2698 654 et
2714 594 2868 653 rectu
2890 613 2916 651 s
2944 594 3334 668 pronuntiatur
3352 594 3472 665 (62)
3495 596 3655 668 (Luc.
3680 612 3753 665 χι,

2139 688 2228 759 13)
2265 707 2277 755 ;
2303 688 2381 743 ait
2405 688 2552 743 enim
2578 705 2589 742 :
2636 710 2655 732 ι
2684 687 2914 743 Rectum
2936 693 3016 740 est
3045 683 3293 739 Verbum
3314 683 3547 738 Domini
3573 685 3751 756 (Psal.

2137 794 2323 844 χχχιι,
2347 776 2426 847 li),
2452 803 2469 825 ι
2500 775 2606 832 hoc
2635 774 2701 831 de
2727 773 2893 841 Filio,
2921 781 2979 829 et
3014 791 3025 828 :
3074 797 3090 819 ι
3119 772 3410 828 Eructavit
3439 789 3542 829 cor
3570 791 3754 832 meum

2143 866 2387 922 Verbum
2416 865 2623 921 bonum
2659 865 2833 936 (Psal.
2866 879 3020 929 xuv,
3048 862 3122 933 1).
3156 886 3175 909 ι
3215 862 3293 918 De
3322 860 3543 933 Spiritu
3571 871 3749 919 autem

2139 963 2361 1012 sancto:
2409 980 2427 1002 ε
2458 956 2723 1028 Spiritum
2742 954 3176 1012 rectuminnova
3200 955 3258 1010 in
3289 954 3602 1011 visceribus
3622 957 3751 1014 meis

2144 1044 2316 1116 (Psal.
2356 1063 2407 1114 L,
2441 1045 2564 1117 12);
2602 1071 2619 1093 ι
2666 1052 2722 1100 et
2760 1064 2770 1100 :
2813 1043 3088 1116 «Spiritus
3142 1053 3273 1100 tuus
3314 1042 3497 1100 bonus
3526 1044 3751 1101 deducet

2146 1152 2233 1191 me
2264 1136 2321 1191 in
2347 1136 2495 1190 viam
2525 1143 2728 1191 rectam
2750 1135 2928 1205 (Psal.
2960 1150 3130 1200 CXLII,
3170 1132 3285 1203 10).
3322 1158 3339 1180 ι
3386 1134 3508 1205 Ipse
3536 1142 3639 1202 est,
3659 1135 3745 1208 qui

2142 1223 2332 1279 futura
2360 1232 2625 1297 tanquam
2664 1223 2957 1295 prmsentia
2992 1222 3302 1295 praevidet;
3344 1222 3463 1295 ipse
3506 1232 3610 1292 est,
3659 1224 3744 1297 qui

2144 1312 2305 1367 nobis
2336 1312 2542 1369 Christi
2572 1312 2798 1369 Domini
2830 1311 3201 1379 nativitatem,
3234 1311 3545 1377 mirabilia,
3578 1330 3741 1385 perse-

2145 1401 2452 1468 cutionem,
2483 1400 2815 1473 passionem,
2847 1416 3089 1468 crucem,
3109 1409 3364 1469 mortem,
3385 1402 3739 1472 sepulturam,

2146 1490 2630 1559 resurrectionem,
2662 1491 2720 1545 in
2760 1489 2913 1546 caelis
2957 1490 3354 1558 ascensionem,
3386 1499 3443 1547 et
3491 1490 3563 1547 ad
3606 1491 3740 1563 judi-

2146 1585 2297 1638 cium
2331 1589 2627 1637 venturuin
2659 1582 2775 1654 (63)
2797 1589 2922 1638 ante
2948 1580 3219 1653 plurimos
3236 1582 3737 1654 praenuntiavitau-

441 1706 524 1753 tas
554 1704 610 1751 et
666 1691 1072 1766 omnipotentia
1126 1670 1377 1762 perfectae
1424 1696 1478 1743 et
1520 1694 1719 1743 sancta:
1749 1684 2034 1741 Trinitatis

2154 1687 2267 1727 nos.
2300 1672 2454 1728 Sicut
2484 1688 2610 1743 ergo
2638 1672 2795 1727 Pater
2816 1671 2935 1727 sine
2966 1670 3266 1744 principio,
3291 1671 3370 1727 ita
3393 1679 3451 1727 et
3479 1672 3736 1745 Spiritum

440 1785 717 1850 consistit,
746 1799 942 1838 verum
982 1779 1188 1836 Filium
1230 1778 1483 1835 conﬁteri
1517 1778 1883 1834 honoriﬁcum
1914 1786 2030 1833 est:

438 1883 493 1931 et
539 1873 663 1928 ideo
691 1870 835 1927 sicut
889 1870 946 1924 in
980 1869 1139 1923 Patre
1193 1882 1294 1921 nos
1319 1865 1580 1922 convenit
1607 1864 1847 1931 credere,
1878 1864 1955 1919 ita
1984 1871 2038 1919 et

439 1962 498 2017 in
552 1961 733 2027 Filio;
784 1958 914 2031 quia
969 1956 1076 2012 hoc
1117 1956 1346 2011 omnino
1401 1961 1480 2009 est
1526 1953 1618 2008 ille
1672 1953 1766 2025 qui
1824 1952 2039 2025 genitus

439 2060 540 2119 est,
585 2049 732 2123 quod
787 2048 881 2104 ille
937 2045 1032 2119 qui
1076 2044 1265 2118 genuit
1324 2044 1465 2115 (57).
1526 2041 1815 2099 Credimus
1872 2052 1924 2099 et
1980 2043 2038 2098 in

440 2140 706 2213 Spiritum
763 2145 1036 2204 sanctum,
1099 2133 1256 2205 cujus
1313 2132 1673 2204 majestatem,
1734 2131 2036 2203 potentiam

439 2238 491 2285 et
532 2227 921 2300 aequalitatem,
978 2240 1142 2297 quam
1196 2240 1322 2278 cum
1383 2222 1540 2276 Patre
1596 2228 1648 2275 et
1704 2220 1847 2276 Filio
1902 2237 2037 2292 pos—

442 2318 605 2386 sidet,
664 2316 784 2389 ipso
851 2315 1110 2382 donante,
1173 2312 1289 2385 jam
1354 2311 1605 2383 superius
1670 2310 2033 2378 ostendimus,

442 2406 824 2480 procedentem
878 2422 949 2461 ex
1010 2405 1189 2470 Patre,
1250 2409 1305 2457 et
1349 2417 1700 2457 communem
1757 2417 1883 2457 cum
1940 2400 2036 2454 Pa-

442 2505 524 2553 tre
553 2506 606 2553 et
645 2494 790 2551 Filio
840 2493 1121 2560 deitatem,
1152 2491 1547 2564 operationem,
1574 2507 1637 2546 ac
1666 2487 2030 2544 substantiam

443 2584 813 2658 possidentem
848 2600 860 2637 :
896 2592 949 2639 et
977 2583 1379 2653 distinguentes
1410 2596 1666 2653 personas
1696 2579 1752 2633 in
1783 2577 2027 2650 proprie-

441 2675 650 2732 tatibus
687 2674 837 2740 suis;
870 2672 1132 2729 deitatem
1162 2678 1345 2727 tamen
1377 2678 1577 2726 sancte
1624 2667 1909 2723 Trinitatis
1939 2667 2037 2721 in-

442 2762 802 2835 separabilem
841 2760 1207 2827 conﬁtemur;
1260 2758 1390 2829 quia
1418 2758 1563 2829 quod
1621 2755 1942 2811 nominibus
1983 2763 2038 2810 et

442 2850 688 2923 personis
714 2849 957 2905 dirimim
970 2865 1052 2914 us,
1087 2848 1195 2902 hoc
1215 2853 1479 2917 potestate
1498 2854 1553 2899 et
1580 2844 1782 2900 deitate
1813 2852 1865 2899 et
1898 2844 2038 2899 uni—

442 2950 553 2996 tate
596 2939 903 3010 jungimus.
945 2937 1091 3005 Ergo
1121 2934 1452 2990 vocabulum
1502 2942 1703 2990 sancta:
1749 2934 2035 2991 Trinitatis

443 3026 646 3098 grande
677 3023 1002 3096 mysterium
1031 3030 1085 3079 et
1113 3037 1372 3077 arcanum
1405 3028 1486 3076 est
1520 3039 1539 3109 ;
1574 3029 1627 3076 et
1658 3022 1782 3077 ideo
1812 3023 2033 3095 quando
2065 3044 2115 3109 Ο

443 3114 511 3171 de
540 3113 922 3188 spiritualibus
947 3111 1108 3169 nobis
1132 3127 1312 3167 sermo
1340 3119 1442 3178 est,
1469 3108 1696 3166 nihilde
1721 3112 2037 3168 carnalibus

443 3212 524 3262 est
554 3205 784 3262 omnino
812 3211 940 3260 ante
988 3202 1177 3259 oculos
1204 3200 1389 3257 cordis
1418 3200 1856 3272 proponendum.
1911 3202 2040 3256 San-

442 3305 542 3353 cta:
558 3312 686 3369 ergo
710 3303 764 3351 et
794 3291 1146 3365 inseparabili
1172 3290 1431 3346 Trinitati
1455 3292 1553 3346 lux
1574 3290 1895 3357 invisibilis,
1930 3291 2041 3346 vir-

442 3393 532 3441 tus
562 3383 943 3456 inseparabilis
984 3382 1126 3453 (58),
1160 3379 1468 3436 substantia
1516 3377 2040 3452 incomprehensibi-

443 3477 533 3543 lis,
560 3476 675 3530 vita
699 3472 1129 3529 interminabilis
1144 3480 1246 3538 est,
1265 3472 1353 3526 cui
1374 3487 1480 3542 pax
1502 3470 1834 3541 sempiterna
1856 3468 2041 3525 omnis

440 3562 665 3627 assistit,
719 3575 882 3631 quam
956 3558 1110 3613 nulla
1165 3573 1406 3629 unquam
1477 3566 1725 3613 creatura
1772 3563 2040 3628 penetrat,

441 3650 596 3705 nulla
625 3646 939 3705 conturbat.
972 3646 1027 3701 Si
1059 3645 1184 3718 quis
1213 3662 1340 3717 ergo
1384 3654 1540 3700 extra
1586 3647 1763 3701 Patris
1794 3645 2040 3718 majesta-

440 3749 549 3797 tem
573 3746 668 3795 aut
698 3735 900 3793 Filium
926 3740 1108 3803 vocat,
1140 3742 1234 3790 aut
1248 3732 1513 3804 Spiritum
1532 3742 1801 3803 sanctum,
1821 3735 2041 3793 videtur

440 3828 545 3885 sibi
575 3844 725 3901 spem
783 3825 851 3881 de
895 3823 1193 3895 semetipso
1252 3830 1453 3895 petere,
1492 3820 1548 3877 id
1578 3829 1678 3891 est,
1731 3822 1797 3877 de
1845 3824 2036 3891 simili,

439 3936 551 3975 non
575 3918 645 3975 de
669 3914 946 3989 superiori
981 3921 1177 3969 natura
1209 3930 1221 3968 :
1255 3928 1419 3967 omne
1439 3910 1585 3966 enim
1617 3912 1762 3984 quod
1791 3922 2034 3968 creatum

439 4016 539 4075 est,
576 4014 841 4079 quantum
873 4003 942 4061 ad
971 4002 1077 4058 hoc
1107 4001 1368 4074 pertinet,
1390 4015 1461 4055 ex
1490 4016 1554 4056 eo
1580 3999 1727 4073 quod
1757 4016 1868 4056 non
1899 4008 2041 4070 erat,

438 4098 644 4151 factum
677 4102 786 4161 est,
812 4101 866 4147 et
895 4092 1079 4147 simile
1107 4092 1215 4147 sibi
1242 4098 1341 4147 est.
1373 4092 1521 4162 Ergo
1549 4089 1783 4145 Domino
1808 4090 2034 4147 Christo

440 4186 585 4239 Deus
613 4183 772 4237 Pater
793 4180 1015 4251 propria
1046 4180 1324 4252 generatio
1353 4188 1472 4246 est;
1503 4179 1665 4235 nobis
1684 4188 1864 4235 autem
1896 4179 2040 4236 ado-

438 4272 629 4345 ptione
656 4270 977 4325 voluntaria
1011 4287 1022 4325 :
1058 4270 1140 4323 illi
1169 4278 1323 4341 pater
1351 4280 1433 4326 est
1462 4271 1579 4341 (59)
1628 4288 1723 4343 per
1760 4282 2036 4339 naturam,

438 4358 602 4416 nobis
648 4374 744 4431 per
773 4355 1003 4430 gratiam
1038 4374 1050 4412 :
1085 4356 1169 4412 illi
1200 4359 1346 4412 Deus
1391 4366 1474 4412 est
1520 4358 1731 4414 unitate
1760 4360 2032 4432 mysterii,

436 4448 600 4506 nobis
627 4455 809 4503 autem
831 4452 1102 4518 potestate
1134 4445 1274 4516 (60).
1297 4445 1402 4512 Qui
1424 4462 1552 4517 ergo
1579 4447 1731 4503 aliud
1748 4466 1910 4520 quam
1930 4450 2034 4506 hoc

436 4546 606 4606 tenet,
637 4545 692 4593 et
721 4553 833 4593 non
863 4535 938 4591 ita
958 4534 1153 4602 credit,
1184 4533 1474 4590 anathema
1502 4536 1573 4591 sit
1608 4537 1746 4607 (61).

509 4627 738 4686 CAPUT
770 4626 894 4683 XlI.
927 4655 998 4667 —
1023 4623 1263 4697 Spiritus
1292 4632 1474 4679 autem
1521 4632 1743 4681 sanctus
1771 4625 1885 4697 ipse
1932 4635 2032 4694 est,

434 4722 579 4779 sicut
603 4719 715 4792 jam
750 4718 958 4775 dictum
992 4726 1095 4785 est,
1122 4716 1217 4789 qui
1248 4724 1302 4772 et
1330 4715 1508 4771 Patris
1531 4726 1586 4773 et
1612 4715 1742 4773 Filii
1764 4724 1884 4772 est:
1918 4715 2033 4788 ipse

532 4841 626 4917 56)
657 4839 815 4917 110m.
852 4836 1009 4917 edit.,
1051 4835 1217 4917 Verbo
1241 4834 1403 4905 fetam
1428 4836 1744 4917 ςιὶιοᾳιιεγιιεεἶ

508 4846 626 4977 (56)
657 4846 815 4894 Rom.
852 4846 1009 4904 edit.,
1057 4846 1217 4917 Verbo
1241 4846 1403 4905 letam
1428 4846 1747 4917 altoquente.
1952 4906 1962 4917 .

533 4913 627 4981 57)
674 4909 879 4965 Eadem
922 4910 1079 4964 Rom.
1132 4908 1290 4981 edit.,
1331 4909 1474 4981 quia
1519 4913 1652 4962 sicut
1692 4907 1775 4981 hic
1820 4924 2030 4962 omnino

432 4989 527 5047 est,
559 4978 651 5050 qui
674 4982 877 5051 genitus
905 4988 999 5047 est,
1030 4980 1107 5035 ita
1130 4979 1223 5051 ille
1246 4979 1338 5051 qui
1366 4996 1579 5035 omnino
1606 4978 1804 5051 genuit.

508 5000 527 5047 ,
559 4999 649 5050 qui
707 4998 877 5036 emtas
905 4998 999 5047 est,
1030 4998 1107 5035 ua
1130 4998 1223 5034 me
1246 4998 1338 5051 qui
1366 4998 1579 5035 omnino
1606 4998 1804 5048 genu”.

508 5052 626 5124 (58)
658 4998 863 5109 ἐδόθη]
917 5052 1077 5107 Rom.
1106 5049 1264 5121 edit.,
1314 5052 1410 5107 tua:
1440 5050 1831 5117 inaccessibilis,
1861 5051 2030 5105 virtus

432 5124 829 5193 insuperabilis.

507 5191 625 5268 (59)
659 5194 866 5250 Eadem
914 5194 1072 5249 Rom.
1131 5193 1289 5262 edit.,
1326 5193 1557 5265 propria
1584 5191 1911 5264 generatione
1931 5209 2029 5263 pa-

435 5273 513 5321 ter
541 5272 634 5321 est.

506 5339 625 5408 (60)
661 5336 865 5392 Eadem
899 5338 1057 5394 Rom.
1114 5336 1273 5403 edit.,
1304 5335 1501 5390 unitate
1528 5334 1851 5403 substantia,
1880 5333 2029 5388 nobis

434 5415 606 5461 autem
636 5424 854 5461 munere
880 5415 927 5461 et
947 5414 1213 5478 potestate.

510 5478 626 5548 (61)
661 5478 867 5533 Eadem
901 5477 1060 5535 Rom.
1083 5478 1243 5545 edit.,
1299 5477 1596 5548 Anathema
1631 5485 1811 5533 sancta
1839 5477 2027 5533 catho-

438 5545 541 5601 lica
572 5545 617 5601 et
641 5547 931 5619 apostolica
957 5549 1193 5603 Ecclesia
1216 5547 1552 5621 pronuntiat.

2146 1769 2395 1817 sanctum
2415 1769 2467 1817 et
2498 1763 2702 1818 Filium
2740 1762 2904 1818 habet
2932 1763 3051 1818 sine
3083 1762 3422 1834 principioco
3456 1771 3738 1831 aeternum,

2149 1850 2394 1921 genitum
2423 1867 2493 1907 ex
2522 1868 2597 1918 se,
2624 1868 2736 1907 non
2766 1859 2888 1922 post
2908 1867 2964 1906 se
2997 1850 3137 1923 (6's).
3156 1851 3227 1906 Et
3256 1851 3377 1907 ideo
3404 1852 3553 1907 sicut
3582 1853 3730 1907 Pater

2150 1957 2371 1996 omnem
2413 1941 2799 2013 antiquitatem
2840 1950 3151 2013 temporum
3192 1942 3481 2008 antecedit,
3511 1942 3740 1998 aeterni-

2150 2037 2259 2084 tate
2290 2029 2586 2097 consumit,
2631 2029 2985 2101 longaevitate
3032 2038 3270 2102 superat;
3318 2030 3393 2086 ita
3437 2037 3493 2085 et
3526 2030 3739 2086 Filium

2149 2117 2339 2188 genuit
2364 2126 2477 2173 tam
2509 2118 2615 2174 sibi
2646 2118 2704 2173 in
2730 2118 2957 2187 virtute,
2980 2135 3142 2192 quam
3171 2118 3225 2174 in
3246 2118 3366 2186 hac,
3396 2134 3566 2190 quam
3598 2118 3737 2175 dixi-

2153 2224 2298 2275 mus,
2354 2208 2667 2280 aequalitate
2711 2217 3020 2265 consortem
3056 2227 3067 2264 :
3103 2207 3198 2264 sed
3247 2208 3581 2275 hascvirtus,
3634 2208 3737 2265 haec

2147 2296 2437 2368 sapientia,
2468 2296 2574 2352 hoc
2604 2297 2846 2354 Verbum
2897 2296 3043 2371 quod
3096 2296 3272 2353 Filius
3307 2304 3407 2364 est,
3456 2304 3520 2351 ut
3567 2296 3736 2353 verbis

2146 2398 2269 2447 utar
2296 2393 2567 2464 Apostoli,
2613 2418 2632 2441 ‹
2659 2410 2788 2451 cum
2818 2394 2876 2450 in
2906 2394 3082 2450 forma
3106 2396 3201 2450 Dei
3232 2400 3394 2459 esset,
3449 2409 3563 2449 non
3594 2393 3734 2466 rapi-

2146 2498 2271 2536 nam
2305 2482 2603 2539 arbitratus
2621 2491 2724 2552 est,
2745 2492 2807 2540 ut
2834 2492 2974 2540 esset
3004 2484 3230 2557 aequalis
3252 2485 3365 2539 Deo
3389 2502 3403 2551 ;
3427 2482 3523 2539 sed
3553 2491 3731 2539 semet-

2146 2570 2327 2641 ipsum
2355 2570 2691 2640 exinanivit,
2721 2573 2953 2628 formam
2976 2572 3121 2628 servi
3143 2572 3442 2643 accipiens,
3468 2572 3527 2627 in
3548 2571 3727 2628 simili-

2149 2658 2343 2715 tudine
2364 2659 2655 2717 hominum
2678 2662 2876 2730 factus,
2894 2670 2947 2717 et
2964 2660 3159 2717 habitu
3190 2660 3453 2717 inventus
3474 2668 3535 2716 ut
3558 2659 3729 2716 homo.

2150 2748 2481 2807 llumiliavit
2510 2752 2863 2823 semetipsum
2914 2767 3087 2823 usque
3114 2749 3182 2806 ad
3217 2759 3473 2819 mortem,
3513 2760 3727 2807 mortem

2148 2846 2328 2893 autem
2364 2838 2561 2907 crucis,
2596 2848 2817 2912 propter
2845 2840 2991 2913 quod
3011 2848 3064 2894 et
3091 2841 3236 2896 Deus
3258 2840 3529 2895 exaltavit
3559 2839 3726 2905 illum,

2145 2933 2201 2981 et
2229 2925 2379 2982 dedit
2410 2927 2494 2983 illi
2525 2946 2746 2998 nomen,
2770 2930 2915 3003 quod
2940 2937 3021 2984 est
3054 2945 3218 3000 super
3243 2946 3407 2985 omne
3437 2945 3657 2993 nomen,
3676 2935 3730 2983 ut

2146 3014 2203 3069 in
2235 3016 2457 3071 nomine
2476 3017 2603 3073 Iesu
2630 3035 2792 3075 omne
2813 3035 2954 3090 genu
2984 3016 3254 3085 ﬂectatur,
3272 3018 3605 3084 cmlestium,
3638 3024 3728 3072 ter-

2151 3103 2407 3159 restrium
2443 3113 2498 3161 et
2526 3105 2892 3174 infernorum,
2928 3114 2982 3162 et
3012 3106 3192 3161 omnis
3214 3107 3404 3178 lingua
3424 3106 3741 3162 conﬁteatur

2152 3193 2283 3265 quia
2309 3194 2575 3251 Dominus
2603 3196 2757 3252 Iesus
2778 3195 3030 3254 Christus
3053 3196 3109 3252 in
3142 3195 3321 3268 gloria
3346 3204 3429 3251 est
3459 3197 3557 3253 Dei
3580 3196 3738 3251 Patris

2154 3283 2417 3354 (Philipp.
2450 3302 2511 3352 ιι,
2535 3284 2724 3355 6-11).
2758 3310 2775 3333 ι
2810 3284 2894 3342 Oh
2923 3285 3028 3341 hoc
3049 3302 3183 3357 ergo
3214 3284 3547 3355 mysterium
3579 3284 3737 3340 Filius

2150 3372 2251 3428 Dei
2287 3373 2541 3431 Christus
2571 3382 2799 3430 vocatur
2830 3374 2945 3446 (65)
2976 3392 2990 3441 ;
3029 3374 3175 3447 quod
3192 3383 3373 3430 tamen
3405 3373 3736 3430 nativitatem

2150 3461 2269 3534 ejus
2314 3462 2617 3519 secundum
2647 3481 2890 3532 carnem,
2923 3464 3253 3537 passionem,
3293 3473 3641 3538 mortemque
3662 3464 3737 3520 si-

2151 3552 2374 3625 gniﬁcat
2407 3571 2418 3607 :
2453 3552 2551 3608 sed
2594 3554 2698 3609 ista
2744 3553 3014 3609 mirabilis
3042 3562 3097 3610 et
3137 3554 3439 3622 singularis
3468 3554 3734 3621 nativitas,

2150 3657 2256 3713 qua
2286 3641 2538 3698 Christus
2595 3644 2812 3713 genitus
2842 3651 2924 3699 est
2955 3642 3095 3713 (66),
3127 3649 3179 3697 et
3209 3641 3278 3698 de
3306 3643 3520 3715 Spiritu
3557 3650 3734 3700 sancto

2151 3737 2202 3785 et
2231 3730 2401 3786 Maria
2430 3730 2646 3803 virgine
2676 3731 2820 3787 facta
2861 3738 2960 3799 est,
3009 3731 3153 3788 sicut
3196 3731 3332 3788 ﬁdes
3364 3733 3544 3790 sancti
3577 3749 3727 3804 sym—

2148 3817 2262 3873 boli
2321 3819 2439 3892 (67)
2496 3827 2747 3877 testatur.
2791 3821 2894 3878 Hic
2938 3836 3065 3893 ergo
3113 3821 3310 3877 unicus
3366 3822 3423 3877 in
3456 3822 3731 3878 divinitate

2150 3906 2327 3962 Filius
2369 3908 2491 3976 Dei,
2533 3908 2698 3965 etiam
2744 3909 2801 3964 in
2842 3909 3129 3965 nativitate
3170 3909 3379 3966 carnali
3434 3927 3531 3982 per
3581 3928 3730 3984 quam

2150 3993 2431 4051 hominem
2467 4005 2739 4065 nostrum,
2774 4006 2836 4053 ut
2864 3999 3119 4064 salvaret,
3168 3998 3489 4071 assumpsit,
3541 4000 3725 4055 unicus

2149 4083 2472 4155 invenitur;
2510 4091 2655 4148 330
2685 4087 2834 4142 solus
2863 4096 2944 4142 est
2972 4086 3121 4141 enim
3179 4097 3340 4143 natus
3387 4104 3459 4143 ex
3493 4086 3731 4159 Virgine,

2147 4195 2268 4251 quas
2314 4196 2415 4237 nec
2442 4182 2870 4254 praegnationem
2901 4181 2969 4238 de
3014 4181 3155 4250 viro,
3189 4198 3291 4238 nec
3318 4184 3719 4255 corruptionem

2144 4269 2318 4324 sensit
2370 4286 2440 4325 ex
2493 4279 2674 4342 partu.
2714 4272 2793 4327 De
2843 4279 3032 4327 sancto
3059 4287 3187 4344 ergo
3226 4271 3438 4344 Spiritu
3488 4281 3543 4328 et
3577 4271 3727 4328 Maria

2146 4356 2359 4428 virgine
2388 4361 2692 4415 secundum
2725 4376 2943 4417 carnem
2974 4375 3099 4416 eum
3130 4370 3321 4417 natum
3354 4361 3630 4428 fatemur;
3658 4359 3726 4416 sic

2146 4448 2349 4503 etenim
2378 4456 2431 4504 et
2456 4450 2627 4507 beatae
2658 4451 2841 4507 Mariae
2874 4450 3089 4522 Virgini
3122 4451 3395 4519 futurum,
3430 4462 3495 4508 ut
3518 4452 3629 4525 jam
3657 4449 3724 4506 di-

2143 4545 2290 4592 ctum
2335 4546 2436 4606 est,
2470 4540 2691 4596 Gabriel
2739 4540 3098 4613 archangelus
3146 4541 3474 4613 promiserat
3504 4542 3720 4599 dicens:

2156 4647 2173 4669 ι
2204 4625 2442 4696 Spiritus
2475 4636 2695 4684 sanctus
2725 4629 3080 4701 superveniet
3105 4630 3162 4685 in
3182 4638 3256 4699 te,
3286 4639 3340 4686 et
3370 4630 3554 4687 virtus
3576 4630 3722 4687 Altis-

2141 4712 2268 4769 simi
2294 4714 2647 4773 obumbrabit
2675 4716 2816 4774 tibi:
2850 4725 2905 4774 et
2933 4717 3057 4775 ideo
3086 4718 3233 4791 quod
3262 4728 3524 4776 nascetur
3568 4735 3634 4775 ex
3679 4723 3724 4771 te

2222 4829 2340 4902 (62)
2370 4833 2574 4891 Eadem
2611 4835 2771 4893 Rom.
2802 4836 2960 4903 edit.,
2996 4835 3230 4907 Spiritus
3263 4842 3323 4890 ut
3336 4836 3658 4908 principalis
3683 4837 3725 4886 et

2142 4908 2311 4967 rectus
2340 4913 2619 4963 exoratur.

2214 4974 2330 5053 (63)
2353 4977 2559 5035 Eadem
2596 4980 2754 5037 Rom.
2806 4977 2964 5048 edit.,
3018 4978 3258 5035 virorum
3302 4985 3353 5033 et
3402 4985 3724 5034 mortuorum

2139 5055 2210 5109 ad
2218 5054 2439 5107 ventum.

2210 5119 2324 5197 (64)
2349 5120 2553 5179 Eadem
2583 5123 2742 5181 Rom.
2769 5123 2934 5197 edit.,
2966 5123 3173 5180 Filium
3199 5121 3351 5177 habet
3380 5121 3495 5176 sine
3520 5116 3720 5197 prince:

2131 5191 2244 5267 pia,
2274 5191 2606 5254 cOwternum.
2660 5195 2889 5267 genitum
2917 5191 2983 5267 ex
3010 5211 3082 5267 se,
3131 5210 3239 5247 non
3287 5199 3412 5267 post
3438 5210 3492 5248 se
3512 5191 3538 5262 ;“
3560 5193 3633 5247 ita
3680 5191 3721 5241 et

2140 5265 2404 5338 Spiritth
2430 5272 2672 5338 sanctum
2698 5266 2856 5338 Patri
2868 5273 2916 5321 et
2943 5265 3446 5338 Filioeocequatem.

2236 5336 2328 5404 65)
2362 5335 2567 5392 Eadem
2599 5338 2755 5392 Rom.
2787 5336 2948 5404 edit.,
2975 5336 3217 5393 Christus
3244 5336 3399 5390 homo
3422 5339 3654 5391 vocatur.

2237 5406 2329 5475 66)
2361 5407 2567 5462 Eadem
2598 5409 2755 5464 Rom.
2788 5406 2948 5475 edit.,
2983 5408 3229 5463 Christus
3268 5407 3423 5462 homo
3453 5413 3610 5461 natus
3634 5406 3717 5457 est.

2235 5477 2328 5549 67)
2361 5478 2566 5534 Eadem
2596 5480 2753 5535 Rom.
2786 5478 2917 5535 edit.
2929 5521 2944 5548 ,
2975 5478 3143 5536 sancti
3171 5478 3333 5549 hujus
3363 5477 3605 5549 symboii.
