3864 6188
154 289 254 356 533

1276 292 1372 354 DE
1409 288 1785 354 TRINITATE
1824 289 2250 353 TRACTATUS.

3307 301 3417 365 851,

153 426 403 485 sanctum,
430 415 721 473 vocabitur
747 417 923 474 Filius
957 416 1057 474 Dei
1089 415 1240 488 (Luc.
1286 435 1327 484 ι,
1375 421 1488 487 35).
1524 446 1541 467 ι
1597 421 1702 486 Qui
1748 423 1799 480 Α
1838 418 2168 472 moriturus:
2211 435 2337 476 nam
2383 438 2506 478 cum
2561 422 2825 482 divinitas
2872 429 3064 485 mortis
3111 430 3282 488 libera
3317 435 3409 498 sit,

151 507 313 566 Filius
341 505 439 562 Dei
473 505 589 577 (68)
618 521 716 577 pro
749 515 936 562 nostra
964 506 1142 562 salute
1172 505 1274 562 sub
1319 507 1515 562 Pontio
1544 508 1720 563 Pilato

149 594 434 653 cruciﬁxus
461 603 562 661 est,
594 609 657 650 ac
687 595 952 666 sepultus.
977 595 1120 651 Vera
1149 610 1275 666 ergo
1301 610 1426 650 caro
1450 611 1519 650 ex
1545 594 1724 667 Virgi-

147 700 213 741 ne
255 689 517 754 suscepta,
563 692 695 738 vera
741 682 1029 751 cruciﬁxa,
1069 698 1198 739 vera
1229 684 1457 754 sepulta,
1489 700 1618 740 vera
1645 691 1727 740 est

146 779 263 844 post
288 772 505 828 tertiam
537 769 681 827 diem
716 772 1054 830 resuscitata.
1087 772 1173 827 Ad
1198 772 1410 828 viscera
1436 773 1605 843 igitur
1632 789 1726 828 sa-

145 879 247 918 cras
281 862 546 933 Virginis,
596 868 650 916 et
695 858 1027 931 suscipiendi
1058 859 1187 916 inde
1232 875 1472 927 carnem,
1511 867 1563 916 et
1603 861 1727 915 for-

145 949 326 1005 mandi
360 949 475 1020 (69)
507 949 623 1005 illic
650 948 930 1004 hominem
952 947 1188 1019 Spiritus
1217 956 1436 1004 sanctus
1464 948 1651 1020 opifex
1671 953 1727 1004 et

147 1037 511 1095 sanctiﬁcator
565 1039 836 1103 accessit;
895 1046 957 1093 ut
1006 1036 1394 1108 conjunctione
1455 1036 1621 1093 Verbi
1671 1043 1728 1092 et

145 1127 382 1183 hominis
402 1143 432 1181 a
461 1126 635 1197 prima
663 1127 1052 1183 informatione
1073 1127 1310 1198 perfecte
1336 1127 1588 1184 Christus
1617 1144 1727 1184 me-

147 1215 320 1271 diator
346 1213 443 1270 Dei
471 1220 524 1268 et
552 1213 842 1269 hominum
880 1223 1217 1281 nasceretur,
1249 1215 1369 1272 sine
1398 1214 1588 1272 fraude
1617 1214 1725 1272 hu-

145 1303 440 1371 manitatis,
480 1303 597 1361 sine
643 1306 997 1377 corruptione
1041 1305 1265 1362 deitatis
1287 1307 1578 1363 exoriens:
1609 1306 1726 1364 obi-

146 1399 299 1448 turus
329 1400 525 1461 morte,
554 1392 684 1465 quia
709 1402 959 1460 creatus;
991 1401 1346 1466 superaturus
1375 1402 1555 1451 autem
1586 1411 1728 1452 mor-

145 1481 215 1538 tis
243 1479 483 1548 vincula,
524 1480 679 1552 quasi
721 1490 951 1538 creator.
981 1482 1101 1539 Non
1139 1498 1268 1555 ergo
1313 1482 1457 1538 inter
1484 1483 1726 1539 Verbum

145 1579 196 1626 et
231 1577 569 1642 assumptum
611 1571 680 1628 ab
716 1587 780 1629 eo
809 1570 1092 1629 hominem
1124 1572 1308 1646 aliqua
1335 1573 1602 1646 separatio
1629 1572 1728 1630 di-

145 1658 312 1716 cenda
339 1667 441 1726 est,
474 1659 603 1732 quia
628 1675 699 1718 ex
728 1660 942 1719 duabus
979 1663 1210 1731 naturis,
1236 1661 1293 1718 id
1323 1671 1424 1732 est,
1457 1662 1647 1718 divina
1673 1667 1728 1718 et

143 1746 378 1805 humana
403 1748 640 1821 mystica
668 1749 882 1807 ratione
904 1750 1224 1822 compositis
1241 1765 1416 1808 unum
1445 1747 1727 1808 Christum

142 1836 237 1893 Dei
266 1835 468 1892 Filium
499 1836 828 1895 conﬁtemur
858 1837 998 1910 (70).

208 1930 435 1990 CAPUT
444 1933 593 1989 XIII.
612 1963 683 1976 -
699 1932 930 1991 Credere
950 1951 1077 2008 ergo
1091 1934 1252 1992 nobis
1262 1934 1400 2004 haec,
1417 1949 1529 1992 non
1543 1933 1724 1992 discu-

141 2027 251 2076 tere
287 2021 418 2079 licet
450 2040 465 2089 ;
498 2021 786 2079 humiliter
812 2039 1071 2095 quaerere,
1115 2039 1227 2080 non
1267 2023 1498 2096 superbe
1529 2021 1724 2096 inqui-

137 2123 253 2165 rere
285 2109 428 2181 (71).
463 2108 708 2166 Verbum
755 2125 881 2181 ergo
907 2118 962 2166 et
996 2111 1302 2168 substantia
1328 2112 1449 2178 Dei,
1481 2127 1601 2184 quae
1629 2126 1726 2182 per

137 2197 326 2253 omnia
367 2195 689 2266 incorporea
733 2205 835 2264 est,
883 2197 1050 2252 inseri
1105 2199 1163 2252 in
1212 2213 1435 2269 corpore
1484 2197 1726 2252 humano

137 2301 251 2341 non
278 2291 512 2357 poterat,
541 2283 648 2338 nisi
676 2283 860 2356 aliqua
901 2285 1177 2356 spirituali
1208 2293 1402 2341 natura
1431 2286 1725 2353 mediante,

137 2371 193 2428 id
241 2379 326 2428 est
377 2371 582 2427 anima.
634 2371 836 2427 Anima
888 2387 1014 2443 ergo
1061 2372 1117 2427 in
1174 2378 1378 2428 secreta
1414 2372 1728 2428 rationabili

138 2467 251 2514 arte
279 2458 529 2515 Verbum
559 2459 658 2514 Dei
690 2458 959 2530 capiente,
1004 2458 1208 2532 absque
1237 2461 1352 2516 ulla
1381 2460 1498 2530 (72)
1530 2466 1727 2515 conta-

139 2549 293 2620 gione
340 2547 474 2616 viri,
507 2549 654 2604 Deus
696 2557 856 2605 natus
887 2564 958 2603 ex
1003 2549 1232 2621 Virgine
1261 2558 1362 2605 est.
1413 2548 1568 2606 Sicut
1601 2564 1727 2620 ergo

139 2638 559 2710 participatione
622 2636 709 2693 sui
765 2635 939 2693 Filius
993 2637 1095 2693 Dei
1149 2637 1396 2709 praebens
1471 2638 1727 2694 omnibus

137 2728 469 2798 exemplum,
514 2724 677 2797 juxta
732 2725 792 2782 id
837 2723 983 2798 quod
1011 2725 1110 2781 Dei
1159 2725 1401 2783 Verbum
1449 2734 1529 2782 est
1566 2733 1727 2799 atque

137 2815 419 2886 sapientia,
480 2831 594 2870 non
649 2813 920 2870 minuitur
962 2815 1352 2871 communione
1408 2814 1720 2886 participii;

137 2901 211 2959 ita
247 2906 436 2960 sancta
464 2904 596 2959 Jesu
631 2903 835 2971 anima,
885 2919 1006 2976 quae
1036 2913 1256 2975 propter
1292 2913 1478 2960 nostra
1507 2912 1726 2976 peccata

137 2997 187 3045 et
210 2991 383 3047 tristis
421 2992 554 3058 fuit,
591 2999 645 3046 et
673 2990 998 3047 conturbata
1034 3000 1133 3059 est,
1165 2991 1308 3047 nihil
1357 2990 1557 3047 exinde
1583 3008 1726 3047 con-

135 3080 298 3135 traxit
330 3081 477 3152 (73).
517 3080 644 3136 Haec
669 3087 769 3146 est,
802 3096 963 3151 quam
1005 3079 1202 3135 dilexit
1230 3082 1377 3136 Deus
1405 3096 1514 3152 prae
1544 3081 1722 3152 parti-

1833 502 2021 575 utique
2052 519 2196 560 mors
2224 521 2338 562 esse
2382 525 2489 565 non
2531 520 2760 582 poterat,
2793 515 2900 570 nisi
2948 517 3062 571 vita
3089 518 3412 590 discederet,

1835 591 1962 664 quia
1989 591 2105 647 vita
2132 593 2396 652 divinitas
2424 606 2504 653 est
2529 617 2543 667 ;
2590 618 2868 676 nunquam
2898 609 3046 663 enim
3085 612 3293 681 patitur
3322 613 3414 668 vel

1835 686 2086 749 mortem,
2127 683 2212 737 vel
2257 687 2680 757 corruptionem,
2731 694 2875 762 quod
2923 687 3228 755 immortale
3271 717 3415 757 sem-

1835 785 1931 841 per
1963 779 2018 825 et
2047 769 2424 844 incorruptum
2461 783 2560 831 est.
2609 779 2753 834 Deus
2791 797 2934 852 ergo,
2967 786 3061 856 qui
3090 787 3332 845 Verbum
3360 797 3418 847 et

1835 857 2073 928 Spiritus
2101 867 2201 927 est,
2233 861 2329 959 qui
2371 885 2390 909 ι
2418 862 2514 918 ubi
2544 865 2664 920 vult
2691 864 2921 937 inspirat
2953 871 3133 941 (Joan.
3161 890 3247 942 III,
3268 877 3352 946 8),
3381 902 3405 927 ο

1835 959 2053 1000 carnem
2083 962 2178 1002 seu
2223 948 2461 1006 animam
2491 962 2793 1025 susceptam
2835 972 2944 1011 non
2982 958 3220 1015 deseruit
3261 961 3419 1019 invi-

1836 1040 1963 1090 tus:
1997 1033 2091 1090 sed
2139 1035 2267 1108 quia
2293 1039 2491 1107 voluit,
2536 1041 2633 1097 ubi
2663 1042 2863 1110 voluit,
2907 1049 3180 1117 quomodo
3218 1051 3417 1121 voluit,

1837 1131 1893 1179 et
1920 1123 2138 1195 quando
2166 1125 2363 1194 voluit,
2396 1127 2710 1200 relinquens
2735 1132 2917 1202 posuit
2958 1151 3098 1202 eam,
3130 1145 3184 1191 et
3217 1137 3417 1196 iterum

1836 1214 2128 1284 assumpsit
2157 1229 2295 1270 eam.
2326 1215 2448 1271 Non
2493 1233 2619 1291 ergo
2647 1219 2970 1293 cujusquam
3001 1223 3124 1294 jure
3151 1242 3214 1282 ac
3255 1235 3420 1298 pote-

1837 1306 1972 1356 state
2017 1309 2216 1358 exutus
2257 1311 2337 1358 est
2374 1320 2554 1372 carne,
2585 1305 2680 1362 sed
2710 1307 2826 1379 ipse
2867 1326 2924 1365 se
2946 1312 3135 1378 exuit;
3168 1329 3295 1368 nam
3323 1315 3418 1386 qui

1836 1395 2013 1459 potest
2040 1405 2151 1446 non
2168 1392 2329 1459 mori,
2361 1392 2406 1447 si
2437 1393 2626 1462 nollet,
2651 1398 2840 1467 procul
2861 1397 3051 1464 dubio,
3073 1400 3200 1473 quia
3219 1403 3416 1472 voluit,

1837 1484 2086 1532 mortuus
2115 1485 2214 1534 est.
2251 1479 2408 1546 Quod
2455 1480 2532 1536 ita
2561 1498 2675 1539 esse
2712 1486 3073 1557 comprobans
3101 1489 3416 1560 Apostolus,

1837 1564 1951 1623 ait:
2009 1591 2028 1613 ι
2055 1566 2304 1638 Spolians
2344 1585 2402 1626 se
2446 1585 2626 1640 carne,
2661 1573 3000 1646 principatus
3045 1583 3099 1633 et
3128 1585 3420 1649 potestates

1836 1653 2186 1724 exspoliavit,
2220 1655 2566 1727 triumphans
2596 1658 2722 1716 illos
2767 1660 2826 1715 in
2863 1663 3154 1734 semetipso
3185 1665 3416 1735 (Cotoss.

1835 1755 1898 1807 II,
1929 1741 2042 1811 15),
2074 1766 2094 1790 ι
2135 1757 2232 1813 per
2258 1751 2488 1801 mortem
2519 1746 2730 1803 scilicet
2757 1747 3002 1806 hominis
3029 1751 3301 1823 suscepti;
3334 1759 3418 1820 ut,

1834 1829 1976 1889 sicut
2018 1830 2163 1888 idem
2199 1832 2336 1890 dicit
2376 1835 2567 1893 beatus
2612 1838 2929 1910 Apostolus,
2989 1863 3009 1888 ι
3033 1856 3129 1912 per
3185 1849 3418 1899 mortem

1832 1917 2076 1976 hominis
2114 1922 2351 1994 suscepti
2397 1924 2701 1981 destrueret
2734 1942 2860 1983 eum
2889 1928 2982 2000 qui
3009 1927 3245 1986 habebat
3277 1945 3417 1989 mor-

1833 2007 1906 2063 tis
1933 2007 2222 2081 imperium
2265 2011 2448 2082 (Hebr.
2488 2028 2550 2080 Ii,
2590 2013 2704 2083 14),
2735 2039 2756 2064 ι
2805 2014 2863 2070 id
2893 2023 2974 2071 est
3018 2015 3320 2086 diabolum,
3363 2027 3421 2076 et

1835 2097 2090 2154 liberaret
2116 2114 2208 2155 eos
2235 2100 2330 2171 qui
2363 2117 2460 2172 per
2487 2109 2656 2158 totam
2681 2103 2853 2160 vitam
2891 2105 3122 2162 obnoxii
3138 2117 3293 2163 erant
3309 2124 3420 2165 ser-

1835 2185 2021 2242 vituti.
2051 2186 2209 2253 Quod
2244 2189 2319 2244 ita
2338 2188 2585 2246 futurum
2618 2192 2791 2247 multo
2818 2199 2943 2248 ante
2962 2194 3126 2250 Isaias
3155 2196 3420 2268 propheta

1837 2273 2163 2345 praedixerat
2188 2275 2408 2332 dicens:
2455 2300 2475 2323 ι
2504 2277 2657 2333 Sicut
2694 2279 2813 2334 ovis
2851 2279 2919 2334 ad
2948 2283 3275 2340 occisionem
3303 2285 3419 2341 du-

1838 2361 2003 2429 citur,
2025 2371 2079 2417 et
2097 2364 2241 2419 sicut
2256 2379 2426 2435 agnus
2453 2380 2635 2421 coram
2649 2367 2910 2424 tondente
2927 2383 2984 2424 se
3003 2370 3280 2428 obmutuit
3297 2374 3416 2445 (75)

1837 2450 1979 2518 (Isa.
2008 2467 2126 2518 Lm,
2161 2453 2216 2520 7)
2251 2469 2266 2517 ;
2299 2476 2317 2499 ι
2357 2460 2413 2506 et
2439 2453 2673 2508 iterum:
2720 2477 2740 2500 ι
2771 2456 2997 2513 Oblatus
3012 2467 3112 2525 est,
3146 2461 3274 2531 quia
3305 2462 3420 2533 ipse

1838 2536 2036 2605 voluit,
2063 2536 2132 2592 ad
2161 2538 2460 2594 multorum
2479 2539 2852 2596 exhaurienda
2873 2555 3091 2613 peccata
3121 2547 3304 2617 (Hebr.
3338 2565 3416 2617 1x,

1838 2623 1930 2697 28)
1959 2643 1972 2692 ;
2005 2632 2059 2680 et
2089 2625 2320 2681 iterum:
2353 2626 2602 2682 Tradidit
2630 2627 2689 2683 in
2716 2639 2947 2686 mortem
2977 2632 3214 2688 animam
3241 2650 3419 2704 suam,

1837 2720 1893 2768 et
1935 2729 2061 2770 cum
2117 2714 2396 2771 sceleratis
2442 2723 2723 2786 reputatus
2773 2725 2898 2774 est:
2953 2727 3007 2775 et
3050 2720 3166 2792 ipse
3203 2731 3421 2793 peccata

1837 2802 2137 2857 multorum
2173 2803 2324 2870 tulit,
2375 2811 2431 2859 et
2468 2819 2568 2874 pro
2595 2807 3082 2877 transgressoribus
3108 2808 3224 2880 ipse
3269 2825 3420 2883 roga-

1837 2888 1921 2944 vit
1950 2889 2085 2960 (Isa.
2121 2906 2239 2957 uti,
2268 2889 2380 2960 12).
2410 2914 2429 2938 ι
2471 2891 2592 2946 Non
2623 2897 2758 2954 331
2805 2909 2932 2965 ergo
2951 2896 3269 2954 necessitate
3297 2915 3418 2956 cru-

1836 3001 1953 3041 cem
2003 2986 2256 3046 Christus
2310 2987 2599 3055 Dominus,
2654 2989 2747 3046 sed
2801 2991 3084 3046 voluntate
3128 2992 3414 3064 sustinuit,

1838 3073 2025 3129 dicens
2053 3075 2120 3130 ad
2149 3075 2390 3143 Petrum,
2422 3076 2517 3148 qui
2556 3077 2768 3134 timoris
2797 3077 3091 3150 fragilitate
3125 3080 3194 3136 ad
3240 3082 3419 3139 crucis

134 3166 343 3239 cipibus
370 3169 491 3225 suis
539 3166 758 3238 (Ambr,
808 3167 868 3221 in
913 3168 1062 3235 ινα,
1109 3169 1158 3224 Ι,
1203 3184 1262 3236 x,
1302 3184 1358 3224 η,
1409 3168 1534 3239 127)
1568 3185 1579 3223 ;
1613 3168 1730 3224 hac
1762 3156 1806 3216 C
1836 3165 2166 3236 mysterium
2215 3165 2683 3224 scandalizabatur
2719 3175 2773 3223 et
2801 3167 3042 3224 humano
3070 3185 3270 3240 pavore
3296 3177 3416 3226 tre-

134 3254 241 3310 vita
273 3262 484 3323 nostra,
524 3253 590 3309 de
634 3270 741 3326 qua
769 3255 1065 3325 Apostolus
1095 3254 1202 3309 ait:
1248 3279 1267 3302 ι
1294 3255 1365 3309 Et
1402 3256 1518 3309 vita
1547 3262 1727 3310 vestra

132 3342 448 3402 abscondita
478 3350 566 3400 est
595 3360 720 3400 cum
735 3343 974 3416 ,Christo
1001 3344 1061 3398 in
1090 3345 1202 3399 Deo
1225 3345 1454 3413 (Coloss.
1487 3362 1568 3411 IlI,
1601 3344 1714 3414 3);.

131 3430 244 3489 hinc
269 3443 369 3503 est,
395 3452 525 3508 qua:
555 3433 754 3490 dilexit
773 3431 1070 3503 justitiam,
1099 3440 1154 3490 et
1173 3433 1352 3490 odivit
1381 3434 1727 3506 iniquitatem

134 3521 304 3591 (Psat.
339 3538 500 3590 κων,
545 3521 602 3593 8)
633 3538 644 3576 :
678 3519 796 3577 haec
826 3520 999 3578 tristis
1028 3537 1140 3577 non
1168 3537 1268 3592 pro
1297 3531 1492 3590 morte,
1523 3521 1617 3577 sed
1642 3537 1727 3576 us-

135 3624 233 3681 que
259 3610 328 3667 ad
357 3620 600 3668 mortem
628 3609 737 3665 fuit
761 3611 972 3680 (Matth.
1005 3626 1164 3678 xxvr,
1189 3610 1280 3681 38)
1308 3629 1319 3666 :
1346 3609 1462 3668 hac
1484 3611 1542 3665 in
1566 3625 1727 3668 cruce

132 3714 239 3756 non
264 3718 366 3774 pro
394 3719 475 3771 se,
511 3701 608 3757 sed
637 3717 736 3772 pro
764 3700 925 3756 nobis
956 3701 1173 3757 turbata
1215 3709 1295 3757 est
1324 3720 1336 3758 :
1369 3719 1481 3758 non
1523 3701 1722 3769 virtus,

133 3803 239 3845 non
280 3791 582 3865 sapientia,
614 3807 725 3846 non
772 3789 1017 3847 Verbum
1063 3792 1182 3858 Dei,
1216 3791 1310 3863 qui
1340 3807 1457 3846 eam
1488 3807 1586 3863 pro
1615 3807 1725 3847 no-

131 3873 364 3936 strarum
418 3879 736 3936 animarum
777 3878 949 3936 salute
978 3878 1270 3950 assumpsit
1307 3878 1446 3951 (74),
1477 3887 1531 3934 et
1572 3879 1725 3935 omni

131 3966 402 4026 virtutum
429 3986 497 4027 ac
525 3968 831 4026 sanctitatis
858 3969 1054 4026 decore
1081 3969 1374 4035 adornans,
1405 3969 1464 4024 in
1492 3985 1725 4027 consor-

129 4055 267 4111 tium
299 4057 536 4114 deitatis
564 4058 842 4130 perduxit.
873 4059 951 4115 De
977 4058 1080 4115 hac
1102 4074 1248 4131 ergo,
1281 4074 1401 4130 quae
1422 4074 1516 4130 per
1540 4058 1727 4115 omnia

127 4153 447 4201 nostrarum
473 4145 782 4200 animarum
812 4145 1010 4201 similis
1036 4153 1139 4213 est,
1161 4146 1411 4201 Salvator
1423 4146 1502 4201 ait
1527 4164 1537 4201 :
1582 4168 1601 4192 ι
1626 4146 1724 4201 Po-

124 4235 383 4287 testatem
415 4230 597 4286 habeo
626 4232 864 4302 ponendi
910 4233 1150 4287 animam
1197 4248 1394 4299 meam,
1434 4240 1488 4287 et
1526 4234 1724 4289 iterum

124 4316 390 4372 sumendi
421 4332 547 4373 eam
567 4317 748 4388 (Joan.
771 4334 828 4384 x,
864 4319 952 4390 18)
979 4337 994 4385 ;
1018 4343 1037 4366 ι
1079 4327 1168 4374 et:
1217 4343 1236 4365 ι
1259 4319 1428 4374 Nemo
1448 4336 1563 4376 eam
1581 4321 1728 4377 tollit

125 4417 151 4457 ει
183 4421 292 4473 me,
327 4406 431 4462 sed
459 4421 565 4478 ego
598 4422 743 4478 pono
771 4422 888 4462 eam
917 4422 951 4462 a
980 4422 1066 4462 me
1095 4407 1234 4478 ipso,
1267 4414 1322 4463 et
1343 4407 1540 4464 iterum
1570 4425 1726 4466 sumo

1838 3252 2096 3323 pidabat:
2168 3276 2186 3299 ‹
2222 3253 2374 3310 Vade
2415 3261 2580 3322 retro,
2628 3255 2870 3321 Satanas,
2919 3256 3235 3311 scandalum
3278 3258 3418 3316 mihi

1837 3357 1894 3397 es
1916 3360 1930 3408 ;
1963 3343 2091 3414 quia
2120 3359 2232 3398 non
2269 3343 2412 3415 sapis
2431 3358 2551 3415 quas
2569 3343 2667 3398 Dei
2695 3352 2844 3408 sunt,
2867 3344 2961 3400 sed
2981 3361 3099 3417 quae
3128 3345 3417 3406 hominum

1839 3431 2050 3501 (Matth.
2098 3448 2218 3500 xvr,
2249 3432 2362 3504 23).
2394 3457 2414 3480 ι
2460 3461 2530 3474 -
2579 3456 2598 3479 ι
2629 3433 2862 3490 Calicem
2893 3433 3040 3489 enim
3069 3451 3230 3508 quem
3266 3435 3420 3494 dedit

1837 3520 1980 3598 mihi
2006 3521 2182 3588 Pater,
2231 3537 2343 3577 non
2375 3520 2460 3578 vis
2503 3529 2566 3578 ut
2605 3521 2787 3578 bibam
2831 3523 2988 3578 illum
3040 3525 3220 3596 (Joan.
3253 3542 3414 3595 xvut,

1839 3613 1951 3684 11).
1981 3637 2000 3660 ι
2061 3613 2326 3685 Alioquin
2359 3612 2406 3668 si
2456 3628 2566 3668 non
2609 3614 2827 3686 propria
2876 3615 3159 3674 voluntate
3201 3617 3418 3676 oblatus

1836 3708 1992 3769 esset,
2041 3710 2094 3757 et
2139 3717 2355 3758 crucem
2405 3701 2674 3758 sustinere
2710 3702 2992 3772 voluisset,
3033 3705 3127 3776 qui
3174 3705 3417 3764 indicare

1836 3797 1889 3845 et
1915 3789 2205 3861 praedicere
2253 3797 2464 3862 poterat
2497 3789 2852 3862 proditorem,
2884 3799 2938 3846 et
2965 3793 3226 3862 apostolis
3255 3793 3416 3851 dice-

1834 3877 1960 3934 bat:
2026 3902 2045 3925 ι
2071 3879 2275 3934 Omnes
2328 3895 2428 3934 vos
2478 3877 2537 3933 in
2582 3877 2686 3934 hac
2737 3886 2896 3935 nocte
2942 3878 3258 3935 scandalum
3307 3880 3414 3936 mei

1836 3967 2176 4023 sustinebitis
2219 3969 2430 4038 (Matth.
2483 3982 2634 4034 xxvr,
2668 3965 2758 4036 31)
2784 3966 2811 4021 ?
2839 3989 2857 4012 ι
2924 3966 3142 4022 Poterat
3185 3983 3276 4024 eos
3321 3969 3416 4041 qui

1834 4055 1904 4111 ad
1930 4071 2057 4110 eum
2081 4053 2652 4125 comprehendendum
2684 4052 2836 4109 missi
2877 4062 3049 4122 erant,
3097 4055 3371 4114 declinare
3397 4076 3409 4115 :

1835 4144 2034 4216 quibus
2077 4141 2383 4214 intrepidus
2411 4141 2650 4198 occurrit
2695 4148 2750 4196 et
2777 4140 2959 4197 dixit:
3005 4165 3024 4189 ι
3053 4142 3223 4210 Quem
3255 4162 3414 4218 qum-

1834 4232 1957 4289 ritis
1988 4232 2166 4303 (Joan.
2201 4246 2361 4298 xvm,
2398 4228 2502 4300 4)?
2531 4253 2549 4276 ι
2605 4227 2710 4296 Qui
2758 4229 2940 4285 statim
2977 4230 3292 4290 ceciderunt
3317 4251 3415 4291 re-

1833 4332 2070 4381 trorsum
2103 4322 2243 4394 (76),
2277 4321 2405 4394 quia
2445 4335 2638 4378 vocem
2666 4321 2948 4393 praesentis
2982 4323 3083 4381 Dei
3119 4324 3261 4383 ferre
3302 4343 3414 4385 non

1833 4419 2100 4487 poterant.
2154 4412 2273 4468 Non
2325 4426 2451 4484 ergo
2498 4411 2834 4468 necessitatis
2879 4412 2986 4470 fuit
3031 4422 3092 4470 ut
3119 4423 3435 4494 pateretur,

126 4508 240 4548 eam
299 4497 320 4566 (
333 4495 506 4567 Ibid.)
540 4521 559 4544 ι
622 4496 752 4553 Haec
780 4503 861 4553 est
895 4495 1052 4552 beata
1097 4496 1299 4562 anima,
1336 4512 1454 4568 quae
1483 4497 1541 4554 in
1569 4515 1726 4556 cruce
1752 4497 1802 4558 D
1839 4503 1932 4561 sed
1959 4503 2294 4571 voluntatis;
2324 4519 2435 4559 non
2463 4511 2575 4560 tam
2605 4518 2738 4572 sum,
2764 4502 2860 4560 sed
2895 4509 2950 4558 et
2977 4503 3171 4573 Patris,
3201 4505 3290 4561 cui
3319 4504 3417 4560 di-

126 4582 189 4639 ad
217 4583 584 4644 divinitatem
612 4589 871 4646 clamavit
893 4589 1115 4646 dicens:
1163 4612 1182 4637 ι
1201 4591 1365 4659 Deus,
1387 4592 1531 4648 Deus
1547 4608 1718 4661 meus,

130 4673 334 4742 respice
365 4673 429 4730 in
465 4691 578 4743 me,
609 4693 776 4749 quare
802 4694 889 4733 me
916 4677 1259 4750 dereliquisti
1294 4680 1504 4749 (Matth.
1537 4696 1717 4748 xxvn,

133 4755 219 4832 46)
245 4762 272 4818 7
302 4785 322 4809 ι
367 4761 652 4821 Clamavit
680 4780 808 4836 ergo
836 4764 1002 4823 homo
1037 4766 1346 4823 divinitatis
1382 4768 1721 4841 separatione

371 4892 586 4973 Eadem
638 4896 798 4952 Rom.
841 4897 999 4967 edit.,
1043 4899 1143 4955 Dei
1194 4907 1242 4956 et
1303 4902 1530 4972 Virginis
1572 4902 1721 4957 homo

136 4960 376 5018 Christus
404 4965 581 5019 Iesus.

203 5035 320 5112 (99)
355 5033 569 5112 Eadem
600 5034 757 5112 Rom.
789 5035 945 5108 edit.,
970 5056 1074 5112 pro
1101 5042 1430 5112 suscipienda
1456 5042 1515 5097 in
1543 5058 1720 5111 carne,

133 5106 177 5153 et
211 5101 509 5171 formando
535 5105 755 5161 homine.

203 5173 320 5254 (70)
355 5174 571 5229 Eadem
614 5176 771 5254 Rom.
801 5175 959 5254 edit.,
988 5172 1228 5254 aliquam
1257 5197 1606 5254 personarum
1632 5197 1724 5236 se-

128 5247 472 5315 parationem
516 5247 762 5315 ponimus
785 5265 805 5311 ;
825 5249 912 5302 sed
941 5265 1005 5303 ex
1032 5247 1302 5304 duabus—ﬂ
1337 5252 1522 5314 unitis,
1561 5267 1726 5306 unum

137 5312 408 5369 Christum
455 5312 626 5370 Déum
675 5322 723 5371 et
757 5317 1014 5374 hominem
1058 5319 1158 5375 Dei
1191 5320 1388 5375 Filium
1424 5312 1727 5376 iniunitate

127 5397 364 5451 persona:
390 5387 723 5456 conﬁtemur.

353 5455 574 5536 Eadem
602 5457 758 5536 Rom.
800 5455 959 5536 edit.,
988 5473 1094 5536 non
1124 5457 1339 5536 superbe
1364 5475 1562 5536 supera.

235 5474 290 5510 ιι
353 5474 574 5511 nauem
604 5474 758 5514 nom.
800 5474 959 5526 edit.,
988 5474 1094 5511 non
1124 5474 1184 5511 su

201 5474 577 5649 iﬁLEadem
602 5527 758 5584 Rom.
790 5527 948 5594 edit.,
969 5474 1220 5582 rationab)

132 5593 251 5649 bum
371 5598 390 5649 i
439 5596 656 5649 om'ﬁcio
703 5597 932 5649 Spiritus
963 5599 1130 5649 sancti
1158 5614 1218 5649 ca

163 5610 251 5651 um

382 5693 635 5749 Psrnoa.
674 5691 850 5750 XVII.

1220 5528 1278 5582 ili
1306 5527 1582 5593 mediante,
1610 5527 1730 5582 Ver-

371 5598 390 5652 i
439 5596 656 5668 opiﬁcio
703 5597 932 5668 Spiritus
963 5599 1130 5654 sancti
1158 5613 1369 5653 carnem
1399 5597 1683 5667 assumpsit
1708 5615 1732 5662 ;

1829 4593 1905 4650 cit
1937 4611 1948 4650 :
2019 4617 2037 4640 ι
2066 4594 2138 4650 Ut
2192 4593 2425 4650 facerem
2471 4593 2812 4648 voluntatem
2844 4597 3016 4656 tuam,
3048 4592 3191 4645 Deus
3238 4607 3414 4659 meus,

1829 4683 1981 4738 volui
2014 4684 2132 4754 (77)
2174 4683 2345 4754 (Psal.
2375 4697 2572 4748 xxxix,
2602 4681 2683 4751 9).
2717 4705 2736 4728 ι
2777 4678 2879 4733 Per
2917 4693 3102 4732 veram
3134 4693 3260 4750 ergo
3287 4694 3416 4736 car-

1829 4787 1956 4827 nem
2005 4770 2330 4826 immortalis
2377 4766 2692 4824 mediatoris
2734 4765 2834 4820 Dei
2871 4772 2926 4820 et
2979 4763 3266 4820 hominum
3316 4783 3417 4824 nos

1832 4903 2004 4972 sicque
2030 4901 2221 4972 absque
2252 4901 2387 4972 ulla,
2424 4903 2530 4972 etc.

1907 4961 1929 5042 ξ
1933 4972 2028 5047 73)
2038 4961 2243 5047 Eadem
2268 4961 2575 5047 Βοιῂςυεςίἱιἰ
2585 5006 2600 5042 ,
2621 4963 2856 5032 Denique
2869 4961 3160 5047 sicut'Deus
3175 4966 3412 5047 prtebens

1833 5033 2124 5098 hominibus
2152 5039 2261 5092 suis
2289 5035 2836 5104 participationem...
2867 5033 3052 5087 exinde
3078 5033 3275 5091 amisit.

1908 5112 2024 5182 (7’s)
2056 5109 2265 5182 Eadem
2289 5101 2456 5182 "Rom.
2482 5101 2655 5182 edit.,
2701 5103 2848 5182 Hane
2870 5119 2972 5172 pro
3012 5105 3169 5182 totius
3197 5104 3418 5160 humani

1833 5173 2034 5253 generis
2055 5181 2221 5253 salute
2246 5178 2322 5253 in_
2333 5175 2545 5253 unitate.
2557 5173 2811 5253 suppositi
2837 5175 3139 5252 assumpsit.

1909 5252 2023 5320 (75)
2055 5248 2256 5304 Eadem
2289 5247 2446 5302 Rom.
2483 5241 2866 5309 edit.,imutus,
2891 5243 2965 5297 sic
2993 5241 3099 5298 non
3129 5241 3343 5317 aperuit
3361 5257 3422 5298 os

1836 5337 2026 5459 “18%)
2059 5389 2216 5444 Rom.
2243 5383 2399 5450 edit.,
2424 5382 2684 5439 Abierant
2709 5387 3023 5453 retrorsum,
3054 5393 3100 5441 et
3127 5381 3430 5441 ceciderunt

1837 5477 1895 5514 ,η
1915 5466 2265 5598 (ιξῖῖαὲξάθτη
2292 5523 2450 5598 Rom.
2468 5521 2624 5586 edit.,
2647 5523 2720 5576 Et
2736 5519 2871 5598 alibi
2893 5539 2904 5576 :
2927 5523 3189 5598 Descendi
3212 5516 3435 5598 derata

1837 5589 1947 5652 non
1960 5589 2021 5654 ut
2037 5596 2234 5668 faciam
2251 5594 2568 5649 voluntatem
2579 5607 2766 5659 meam,
2784 5590 2873 5645 sed
2891 5590 3003 5662 ejus
3029 5596 3122 5668 qui
3148 5589 3300 5651 misit
3325 5600 3438 5639 τηε.

3111 5691 3180 5750 18
