3864 6188
138 369 232 423 537

1269 364 1365 427 DE
1402 370 1776 431 TRINITATE
1812 375 2236 438 TRACTATUS.

3280 394 3398 460 858

135 494 427 565 ueniplum
477 493 617 564 (92).
667 493 827 562 Quod
854 506 984 551 sane
1022 503 1420 554 sacramentum
1451 498 1690 570 pietatis,
1727 506 1778 564 Α
1822 526 1839 550 ι
1869 502 2191 574 Quanquam
2224 504 2277 559 in
2310 506 2545 577 imagfn:
2576 511 2669 566 Dei
2702 515 3040 584 perambulet
3070 516 3257 589 homo,
3288 530 3384 581 ta-

133 600 221 659 per
245 584 386 657 quod
415 598 517 641 nos
544 585 799 642 conditor
826 590 1012 643 noster
1052 601 1115 645 ac
1143 588 1454 661 redemptor
1481 591 1696 663 ample—

131 675 307 745 ctitur,
360 675 502 731 sicut
551 674 873 732 testimonio
925 675 1148 735 virtutis
1192 678 1548 749 resplenduit,
1623 680 1699 738 ita

127 764 281 822 etiam
312 764 369 819 in
407 764 725 822 ascensione
750 774 1089 839 assumptum
1121 767 1180 824 in
1210 767 1402 840 gloria,
1445 768 1698 827 celebra-

126 858 237 910 tum
266 860 347 910 est
374 853 652 927 obsequiis
680 855 1029 927 angelorum;
1048 860 1103 911 et
1127 853 1255 913 ideo
1280 870 1390 915 non
1421 866 1503 916 est
1519 858 1696 933 despi-

122 942 311 1000 cienda
338 940 516 1000 carnis
543 942 796 1000 humanae
826 952 1039 1013 natura,
1083 956 1204 1017 quas
1245 945 1302 1003 in
1335 955 1532 1006 sancta
1562 949 1695 1006 Tri-

120 1033 307 1089 nitatis
333 1032 688 1089 substantiam
719 1040 883 1106 atque
908 1034 1246 1092 consortium
1277 1049 1374 1108 per
1392 1037 1693 1096 Dominum

120 1118 394 1181 Christum
452 1118 661 1194 ingredi
719 1120 942 1180 meruit.
992 1122 1133 1181 Puto
1178 1137 1309 1180 sane
1354 1124 1523 1198 quod,
1578 1124 1693 1185 Deo

120 1208 367 1277 donante,
400 1208 467 1266 de
498 1208 759 1283 mysterio
787 1218 987 1271 sanctae
1015 1211 1322 1282 Trinitatis,
1364 1220 1417 1269 et
1447 1214 1691 1272 lncarna-
1730 1228 1739 1233 ’

119 1299 261 1355 tione
305 1298 526 1356 Domini
572 1296 871 1357 Salvatoris
918 1298 1050 1358 satis
1093 1300 1303 1357 dictum
1335 1301 1446 1357 sit:
1494 1314 1691 1360 verum

120 1389 365 1462 quoniam
398 1391 454 1445 in
485 1386 596 1444 ﬁne
625 1387 896 1462 dogmatis
923 1388 1097 1448 nostri
1128 1391 1247 1464 (93)
1283 1388 1465 1449 carnis
1491 1399 1691 1450 nostra;

118 1479 330 1551 ponitur
380 1479 744 1548 resurrectio;
795 1479 984 1537 eadem
1024 1494 1056 1537 a
1102 1477 1261 1536 nobis
1307 1487 1437 1538 sunt
1477 1479 1689 1540 ﬁrmius

116 1576 323 1641 propter
353 1569 643 1627 hmreticos
670 1583 734 1628 ac
761 1570 958 1644 saepius
986 1568 1297 1643 repetenda.

179 1664 399 1724 CAPUT
434 1664 586 1725 XVI.
625 1697 697 1711 —
727 1668 971 1727 Verbum
1001 1668 1148 1725 enim
1178 1667 1298 1739 Dei,
1339 1667 1486 1745 quod
1515 1666 1687 1727 domi-

114 1771 210 1814 nus
237 1753 485 1817 Christus
514 1762 615 1829 est,
664 1756 758 1833 qui
786 1764 867 1816 est
894 1756 1292 1832 primogenitus
1320 1756 1501 1815 omnis
1526 1773 1686 1816 crea-

1806 605 1931 647 men
1962 606 2099 647 vane
2127 592 2543 652 conturbabitur
2562 599 2735 668 (Psal.
2767 618 3008 674 xxxvrn,
3029 606 3106 677 7).
3132 631 3152 658 ι
3182 610 3381 671 Nullus

1806 694 1932 749 ergo
1961 686 2043 736 est
2071 681 2164 752 qui
2194 694 2304 772 non
2335 684 2573 755 aliquam
2604 686 2894 759 imaginem
2924 692 3140 763 habeat,
3184 696 3240 755 id
3276 708 3376 772 est,

1806 775 1900 827 aut
1927 770 2232 827 sanctitatis
2278 780 2371 829 aut
2417 775 2645 845 peccati.
2690 780 2832 839 833
2859 781 2920 835 In
2957 782 3248 855 imaginem
3278 770 3377 848 Dei

1805 864 2170 934 ambulamus,
2196 867 2415 941 quando
2444 870 2801 942 cogitationes
2827 873 3004 943 bonae,
3028 892 3147 950 quae
3176 878 3378 938 nobisa

1803 952 1917 1011 Deo
1949 952 2125 1012 insitae
2154 966 2304 1027 sunt,
2353 958 2412 1014 in
2443 960 2603 1017 nobis
2630 961 2970 1034 permanent,
3033 969 3087 1019 et
3124 963 3191 1021 ad
3221 982 3380 1039 opera

1801 1056 1902 1101 nos
1932 1041 2074 1101 bona
2098 1045 2422 1117 perducunt.
2450 1048 2711 1107 Memoria
2732 1065 2858 1123 ergo
2877 1050 2975 1108 Dei
2995 1052 3240 1110 excludit
3262 1055 3376 1130 (97)

1802 1149 1833 1191 a
1862 1133 2023 1191 corde
2066 1142 2255 1192 nostro
2302 1144 2501 1194 cuncta
2539 1137 2742 1210 ﬂagitia
2786 1145 2945 1213 atque
2996 1149 3212 1213 peccata
3261 1159 3379 1215 quae

1801 1220 2054 1279 diabolus
2083 1223 2281 1281 nititur
2314 1227 2370 1282 in
2402 1226 2564 1283 corde
2594 1234 2781 1284 nostro
2810 1227 3078 1285 seminare
3103 1236 3263 1303 atque
3291 1230 3379 1289 de-

1799 1310 2039 1383 pingere.
2089 1310 2243 1369 Unde
2272 1313 2479 1372 dicitur
2520 1333 2551 1371 a
2590 1314 2897 1388 Propheta:
2970 1340 2990 1366 ι
3030 1316 3282 1386 Domine,
3320 1317 3376 1375 in

1800 1394 2024 1454 civitate
2076 1407 2169 1455 tua
2217 1401 2479 1474 imagines
2520 1418 2710 1459 eorum
2758 1402 2827 1460 ad
2879 1402 3119 1461 nihilum
3165 1406 3379 1479 rediges

1802 1483 1976 1555 (Psat.
2008 1500 2187 1555 Lxxn,
2228 1488 2343 1561 20).
2373 1514 2392 1540 ι
2464 1489 2616 1548 Nihil
2661 1507 2786 1564 ergo
2823 1489 3043 1564 prodest
3070 1492 3263 1566 legisse
3290 1496 3378 1551 vel

1800 1574 2034 1643 audisse,
2085 1577 2191 1632 nisi
2221 1592 2284 1633 ea
2313 1592 2433 1651 quas
2467 1585 2562 1635 aut
2589 1578 2783 1651 legeris
2818 1587 2913 1636 aut
2940 1580 3179 1639 audieris
3213 1582 3374 1652 bona,

1799 1660 1858 1718 in
1896 1665 2175 1721 memeriae
2223 1664 2478 1724 thesauro
2535 1670 2860 1740 reposueris.
2912 1668 3066 1727 Sicut
3106 1686 3233 1745 ergo
3272 1671 3380 1729 tria

1797 1758 1925 1808 sunt
1956 1754 2011 1809 in
2049 1750 2289 1824 homine,
2333 1754 2390 1811 id
2420 1764 2521 1824 est,
2552 1772 2771 1829 corpus,
2802 1758 3004 1827 anima,
3031 1767 3084 1815 et
3112 1760 3373 1833 spiritus;

114 1854 259 1916 iurat,
302 1855 356 1905 et
383 1847 477 1923 qui
509 1854 590 1905 est
619 1846 1017 1923 primogenitus
1044 1864 1113 1906 ex
1143 1847 1397 1917 mortuis,
1440 1846 1508 1907 ad
1538 1847 1687 1903 ima-
1718 1874 1764 1937 Β
1795 1842 1874 1937 sic
1902 1841 2008 1937 tria
2032 1852 2161 1901 sunt
2190 1844 2573 1937 eminentiora,
2620 1860 2738 1921 quae
2769 1860 2869 1903 nos
2896 1853 2991 1937 aut
3018 1849 3085 1905 ad
3113 1849 3258 1906 bona
3284 1856 3379 1907 aut

113 1940 280 2012 ginem
325 1956 500 2011 suam,
550 1958 713 2016 quam
767 1940 920 2017 prius
970 1938 1086 2017 ipse
1135 1938 1474 2009 condiderat,
1529 1938 1682 1996 venit

110 2030 173 2088 de
199 2047 303 2106 qua
331 2031 566 2106 imagine
590 2033 853 2107 scriptum
883 2040 998 2091 est:
1064 2056 1084 2082 ι
1112 2030 1184 2091 Et
1216 2028 1510 2106 plasmavit
1537 2030 1682 2088 Deus

108 2117 379 2178 hominem
405 2119 473 2177 ad
502 2119 794 2192 imaginem
815 2129 869 2178 et
887 2118 1307 2178 similitudinem
1338 2137 1493 2177 suam
1520 2117 1678 2191 (Gen.

106 2224 145 2276 ι,
175 2208 267 2281 27)
298 2232 317 2258 ι
361 2218 417 2267 et
439 2224 654 2266 carnem
686 2217 904 2281 propter
930 2224 1169 2278 carnem,
1198 2206 1470 2266 mediante
1501 2206 1683 2264 anima

104 2297 439 2366 rationabili,
494 2314 564 2355 ex
591 2306 775 2355 sancta
803 2297 1032 2370 Virgine
1059 2299 1229 2355 Maria
1257 2298 1578 2369 suscipiens,
1630 2301 1684 2353 et

106 2386 323 2454 similia,
383 2386 442 2445 id
492 2393 574 2444 est
629 2386 867 2443 animam
923 2395 977 2444 et
1034 2402 1277 2455 carnem,
1334 2402 1429 2458 per
1480 2384 1685 2441 similia

109 2473 418 2547 puriﬁcans,
460 2474 636 2532 factus
664 2482 747 2531 est
773 2491 870 2547 per
897 2474 1084 2531 omnia
1113 2474 1277 2531 homo
1307 2472 1511 2546 absque
1550 2490 1685 2546 pec—

108 2570 238 2620 cato.
287 2562 559 2620 Mediante
587 2579 715 2635 ergo
746 2564 931 2619 anima
959 2564 1071 2621 Deo
1113 2572 1166 2620 et
1205 2562 1378 2631 carni,
1429 2561 1541 2629 hic,
1590 2561 1683 2635 qui

108 2667 306 2721 omnes,
349 2652 492 2709 sicut
523 2652 600 2707 ait
626 2652 947 2724 Apostolus,
977 2651 1179 2709 divites
1210 2650 1435 2719 faciens,
1480 2668 1684 2725 pauper

108 2742 318 2799 allectus
344 2748 445 2810 est,
500 2747 563 2797 ut
591 2740 745 2812 illius
773 2739 959 2813 inopia
1003 2757 1103 2797 nos
1134 2740 1341 2797 divinis
1372 2750 1533 2813 atque
1563 2758 1682 2797 coe-

110 2831 322 2888 lestibus
369 2828 586 2887 divitiis
631 2829 938 2886 ditaremur
986 2829 1075 2901 (II
1122 2831 1246 2887 Cor.
1280 2847 1403 2895 vm,
1437 2830 1534 2902 9);
1586 2846 1681 2903 per

109 2918 307 2990 signum
337 2917 476 2974 illud
509 2916 723 2984 salutis,
749 2917 894 2989 quod
922 2919 1067 2976 Deus
1096 2917 1276 2989 generi
1309 2915 1460 2973 dedit
1489 2915 1679 2973 huma-

108 3023 191 3075 no,
209 3006 420 3064 dicente
434 3007 580 3063 Isaia
599 3005 862 3078 propheta
886 3024 898 3061 :
939 3029 957 3054 ι
972 3006 1112 3063 Ecce
1128 3004 1397 3063 Dominus
1417 3005 1569 3062 dabit
1583 3021 1676 3063 vo-

107 3097 182 3155 bis
199 3097 407 3171 signum
430 3116 445 3165 ;
470 3111 598 3155 ecce
620 3095 789 3168 Virgo
805 3094 1077 3167 concipiet
1096 3096 1153 3151 in
1172 3104 1405 3163 utero,et
1422 3095 1595 3167 pariet
1615 3093 1675 3151 li-

106 3187 307 3256 lium,et
319 3186 609 3247 vocabitur
624 3202 824 3243 nomen
841 3185 959 3258 ejus
975 3186 1323 3254 Emmanuel,
1340 3184 1487 3260 quod
1499 3197 1579 3244 est
1595 3188 1675 3244 in-
1706 3223 1751 3285 Ο

106 3276 772 3349 terpretatum,Nobiscum
795 3277 940 3333 Deus
962 3274 1323 3348 (Isa.vn,llr.),
1343 3300 1360 3323 ι
1396 3278 1489 3348 qui
1512 3285 1676 3336 ante-

105 3380 250 3439 quam
284 3370 443 3427 sciret
473 3381 679 3425 vocare
708 3374 916 3437 patrem
955 3374 1053 3422 aut
1081 3373 1307 3422 matrem
1338 3381 1512 3435 suam,
1562 3368 1676 3427 bu-

104 3462 272 3526 tyrum
299 3466 354 3515 et
381 3458 490 3514 mel
518 3454 875 3513 manducavit
893 3454 1034 3527 (94),
1058 3454 1115 3511 id
1136 3461 1236 3523 est,
1253 3455 1465 3528 Spiritu
1486 3465 1674 3517 sancto

104 3546 322 3617 repletus
372 3556 471 3617 est,
535 3544 694 3617 cujus
742 3543 994 3601 doctrina
1041 3544 1202 3600 nobis
1253 3544 1468 3603 dulcior
1513 3563 1675 3619 super

103 3636 196 3691 mel
242 3644 294 3694 et
338 3637 531 3695 favum
567 3642 681 3693 est:
731 3634 828 3707 qui
884 3633 1061 3707 spolia
1107 3633 1362 3691 Samaria:
1416 3651 1449 3690 α
1499 3637 1672 3708 magis

102 3725 374 3796 accipiens,
427 3724 619 3791 homo,
664 3739 785 3792 rex,
836 3730 892 3779 et
938 3724 1084 3780 Deus
1130 3723 1517 3795 comprobatus
1563 3732 1666 3783 est.

101 3810 171 3866 De
217 3812 317 3871 hoc
358 3813 528 3870 etiam
575 3810 815 3868 mirabili
861 3810 1019 3883 signo
1063 3820 1283 3870 sanctus
1328 3812 1549 3869 Simeon
1599 3813 1669 3873 ad

100 3896 305 3957 Mariam
326 3902 613 3975 Virginem
634 3900 807 3956 dicit:
848 3922 866 3948 ι
884 3900 1025 3956 Ecce
1046 3899 1136 3957 hic
1156 3901 1368 3974 positus
1385 3903 1539 3959 estin
1556 3903 1666 3960 ruio

100 4002 211 4044 nam
232 3997 285 4046 et
306 3991 361 4047 in
381 3990 836 4048 resurrectionem
859 3992 1160 4048 multorum
1180 3993 1235 4048 in
1254 3992 1496 4061 Israel,et
1515 3993 1574 4049 in
1592 3993 1666 4051 si-

100 4092 248 4147 gnum
268 4080 360 4135 cui
380 4078 788 4136 contradicetur
808 4079 1151 4151 (Lac.u,3~i.).
1173 4105 1193 4130 ι
1207 4083 1283 4138 De
1305 4097 1415 4154 quo
1434 4099 1591 4154 signo
1610 4092 1669 4143 et

98 4159 271 4221 beatus
299 4167 581 4236 apostolus
598 4166 799 4222 Paulus
825 4166 937 4224 ait:
972 4190 991 4215 ο
1010 4166 1183 4224 ιι]ᾱωί
1204 4168 1355 4239 signa
1375 4178 1589 4239 petunt,
1608 4178 1664 4230 et

98 4250 257 4310 Graci
276 4251 601 4323 sapientiam
622 4260 871 4323 quarunt
894 4253 951 4322 (Ι
970 4253 1285 4324 Οον.ι,ἳ2).ι
1301 4256 1404 4312 Pro
1428 4257 1665 4329 imagine

97 4353 209 4413 ergo
242 4357 341 4397 sua
370 4339 646 4408 Christus,
666 4357 829 4414 quam
861 4342 919 4398 in
948 4341 1128 4413 primo
1149 4343 1469 4400 condiderat
1489 4346 1662 4405 homie

96 4444 172 4498 ne,
211 4445 375 4503 quam
406 4427 621 4485 viderat
656 4428 715 4484 in
745 4428 970 4486 homine
999 4428 1206 4485 diaboli
1255 4438 1369 4487 arte
1398 4433 1660 4505 fucatam,

97 4521 230 4576 venit
258 4521 315 4576 in
340 4518 774 4577 similitudinem
811 4518 931 4589 (95)
961 4518 1166 4590 peccati
1197 4519 1373 4591 (Rom.
1405 4540 1531 4593 vni,
1556 4525 1653 4597 3),

97 4617 147 4665 at
169 4609 446 4668 hominem
465 4624 565 4683 per
587 4609 895 4685 pusiouem
919 4610 1037 4681 (96)
1059 4611 1239 4670 crucis
1256 4620 1309 4669 et
1330 4624 1561 4674 mortem
1585 4616 1657 4677 ad

97 4697 360 4765 pristinam
390 4708 673 4757 revocaret
702 4700 1028 4773 imaginem:
1078 4717 1194 4774 quae
1226 4701 1401 4775 imago
1434 4721 1528 4775 per
1559 4706 1655 4762 in-

96 4784 283 4841 curiam
312 4788 536 4860 quidem
582 4787 865 4846 obscurari
900 4796 1099 4861 potest,
1147 4789 1317 4847 deleri
1348 4799 1527 4848 autem
1558 4810 1655 4866 per

97 4880 322 4932 naturam
350 4892 462 4934 nou
493 4884 689 4951 potest.
726 4879 809 4935 De
831 4877 933 4935 hac
962 4877 1198 4951 imagine
1235 4878 1314 4936 ait
1341 4880 1650 4955 Propheta:

301 5064 426 5139 Vat.
463 5064 611 5139 cod.,
646 5067 869 5139 unitatis
892 5070 1207 5139 exemplum.

176 5132 265 5219 21}?
301 5135 449 5219 istem
475 5132 624 5219 σαξέε
654 5137 840 5219 tarde
865 5132 1121 5219 ἀοθπιᾴιίε
1150 5139 1339 5219 eos"?
1584 5207 1594 5219 -

178 5201 265 5271 94)
304 5205 459 5289 Rom.
515 5201 676 5289 edit.,_
711 5201 1059 5289 Emmanuel:
1101 5211 1194 5289 qui
1219 5207 1653 5289 antequam-sciat

96 5283 258 5327 rorare
311 5284 519 5355 patrem
583 5286 678 5333 aut
738 5285 959 5334 matrem
1016 5282 1233 5350 accipiet
1283 5279 1650 5349 fortitudinem

94 5337 356 5405 lhmum;
386 5354 437 5401 et
463 5348 712 5405 buturum
740 5355 789 5403 et
812 5352 913 5405 "tet
935 5351 1294 5405 maitducabit.

304 5363 356 5407 ις
386 5363 437 5401 οι
463 5363 712 5407 oriturum
740 5363 789 5403 et
812 5363 913 5405 met
935 5363 1294 5405 manducauit.

156 5365 356 5407 tmaros;
386 5365 437 5401 ιι
463 5365 712 5420 outgrum
740 5365 789 5403 et
812 5365 913 5405 met
935 5365 1294 5405 marmucatm.

302 5418 503 5491 Eadem
528 5419 693 5491 Rom.
718 5420 873 5491 edit,
906 5422 1085 5476 carnis
1108 5422 1324 5491 peccati.

156 5482 265 5562 (96)
286 5487 504 5562 Eadem
522 5490 676 5546 Rom.
696 5482 960 5561 edit.,per
984 5482 1181 5561 tigni-cm
1194 5488 1651 5562 praevaricationis

94 5558 607 5631 Mygdonium»,
623 5577 719 5631 per
738 5558 1056 5631 passionem,
1080 5570 1187 5619 etc.

94 5623 264 5748 etc£97)
305 5629 462 5688 Rom.
522 5623 683 5701 odii,
737 5623 917 5705 Imago
969 5623 1193 5703 namque
1248 5632 1347 5689 Dei
1399 5626 1653 5698 excludit,

1795 1930 1859 1989 ad
1893 1932 2037 1990 mala
2065 1935 2392 2007 perducunt,
2416 1932 2521 1993 hoc
2549 1943 2652 2002 est,
2685 1944 2779 1993 aut
2804 1935 3083 2011 cogitatio,
3112 1945 3205 1995 aut
3229 1938 3375 1999 locu-

1789 2023 1892 2095 tio,
1914 2032 2009 2083 aut
2032 2027 2293 2099 operatio.
2326 2025 2457 2096 Quae
2486 2025 2590 2082 tria
2618 2025 2860 2084 breviter
2888 2024 3125 2100 Spiritus
3156 2037 3376 2090 sanctus

1792 2112 1851 2170 in
1880 2114 2059 2187 primo
2092 2116 2301 2189 psalmo
2327 2115 2765 2190 comprehendit,
2820 2116 3009 2175 dicens
3038 2135 3049 2174 :
3115 2143 3134 2167 ι
3178 2116 3375 2178 Beatus

1793 2204 1882 2259 vir
1909 2206 2002 2278 qui
2042 2223 2152 2263 non
2180 2206 2317 2263 abiit
2358 2204 2415 2262 in
2457 2207 2691 2264 consilio
2726 2206 3044 2279 impiorum,
3097 2218 3151 2267 et
3197 2209 3255 2266 in
3284 2209 3375 2266 via

1794 2303 2138 2367 peccatorum
2185 2313 2298 2353 non
2336 2297 2509 2366 stetit,
2563 2304 2618 2353 et
2664 2297 2720 2353 in
2750 2296 3010 2355 cathedra
3049 2298 3374 2372 pestilentiae

1794 2398 1907 2438 non
1937 2382 2075 2439 sedit
2098 2386 2271 2456 (Psal.
2296 2403 2335 2454 ι,
2366 2385 2442 2456 1).
2468 2410 2487 2433 ι
2529 2384 2626 2441 Isti
2656 2392 2783 2441 sunt
2815 2386 2956 2443 terni
2977 2393 3236 2445 stratores
3256 2386 3371 2460 (98)

1795 2464 2021 2539 diaboli,
2071 2470 2165 2545 qui
2205 2472 2416 2529 miserm
2458 2472 2793 2529 insidiantur
2820 2474 3049 2542 animat;
3096 2480 3158 2532 ut
3196 2481 3289 2531 aut
3316 2473 3375 2531 in

1796 2552 1965 2627 dicto,
1998 2569 2089 2616 aut
2117 2559 2174 2615 in
2206 2559 2371 2629 facto,
2414 2568 2507 2616 aut
2538 2559 2595 2616 in
2626 2560 2871 2634 cogitatu
2897 2578 3016 2618 eam
3044 2561 3277 2620 incitent
3308 2563 3377 2621 ad

1796 2654 2098 2719 peccatum.
2131 2649 2344 2721 Spiritu
2373 2666 2522 2724 ergo,
2552 2650 2755 2720 anima,
2788 2656 2841 2706 et
2869 2665 3095 2724 corpore
3122 2661 3215 2709 aut
3242 2651 3379 2711 bene

1794 2737 2025 2809 agimus,
2046 2747 2139 2794 aut
2169 2737 2310 2794 male
2334 2757 2347 2807 ;
2369 2743 2463 2795 aut
2500 2738 2633 2795 casti
2664 2752 2875 2807 sumus,
2895 2746 2991 2795 aut
3021 2739 3375 2800 fornicamur:

1794 2832 1848 2880 et
1878 2822 2002 2881 ideo
2031 2825 2173 2883 sicut
2202 2825 2353 2883 avari
2382 2835 2543 2898 atque
2572 2832 2815 2900 raptores
2846 2828 2988 2884 servi
3019 2835 3147 2885 sunt
3194 2847 3376 2888 mam-

1792 2928 1970 2969 monae
1995 2931 2009 2981 ;
2050 2922 2104 2970 et
2132 2914 2273 2971 sicut
2304 2914 2577 2987 gluttones
2605 2923 2658 2971 et
2686 2915 2885 2973 ebriosi
2918 2917 3062 2974 servi
3091 2924 3221 2976 sunt
3245 2937 3372 2979 ven-

1792 3001 1894 3057 tris
1920 3010 2083 3076 atque
2112 3002 2396 3072 libidinis;
2450 3005 2530 3061 sic
2558 3021 2721 3061 omne
2750 3012 3028 3077 peccatum
3059 3003 3373 3069 dominatur

1790 3088 2131 3162 hominibus,
2204 3094 2466 3166 probante
2518 3092 2623 3153 hoc
2686 3094 2947 3167 propheta
3005 3112 3067 3153 ac
3115 3096 3366 3157 dicente:

1801 3207 1819 3232 ι
1850 3184 2030 3242 Erunt
2060 3185 2303 3261 quinque
2333 3186 2583 3244 civitates
2611 3185 2668 3241 in
2700 3192 2844 3242 terra
2869 3186 3115 3261 Egypti,
3148 3188 3369 3264 loquen-

1788 3282 1871 3330 tes
1900 3273 2088 3346 lingua
2105 3273 2363 3332 Chanaan
2387 3274 2521 3345 (Isa.
2544 3290 2665 3343 xxx,
2694 3273 2805 3347 18),
2829 3299 2846 3323 ι
2882 3272 2988 3333 hoc
3012 3284 3111 3344 est,
3130 3276 3370 3353 quinque

1790 3379 1981 3420 sensus
2008 3364 2270 3432 carnales,
2298 3362 2393 3437 qui
2424 3363 2635 3420 miserae
2654 3364 2850 3422 animae
2879 3362 3120 3421 tenebris
3142 3364 3368 3440 Egypti

1788 3469 2056 3525 oppressae.
2088 3454 2420 3527 loquuntur;
2444 3452 2717 3527 Egyptus
2741 3453 2888 3509 enim
2911 3470 3235 3528 persequens
3253 3455 3369 3516 sive

1788 3542 2062 3600 tribulans
2106 3551 2267 3616 atque
2306 3550 2586 3600 eoarctans
2630 3541 3035 3613 interpretatur.
3087 3543 3205 3601 Nisi
3242 3560 3367 3618 ergo

1785 3632 2097 3707 aquilonem
2121 3631 2541 3704 frigidissimum
2556 3640 2780 3689 ventum
2798 3634 2977 3689 calore
2993 3630 3224 3702 fidei,Cb
3233 3630 3367 3693 risto

1784 3739 1885 3780 nos
1903 3720 2154 3795 juvante,
2207 3722 2302 3795 qui
2336 3721 2479 3780 bona
2512 3731 2572 3779 et
2606 3721 2763 3780 docet
2794 3731 2849 3780 et
2875 3722 3178 3780 delectatur
3224 3724 3365 3798 (99),

1783 3813 2108 3882 vicerimus;
2165 3814 2349 3870 statim
2406 3812 2566 3869 nobis
2616 3813 2852 3868 calorem
2912 3810 3366 3881 concupiscentim

1783 3912 1945 3976 atque
1981 3903 2227 3960 libidinis
2258 3903 2567 3960 suscitabit.
2618 3904 2948 3959 Attenuetnr
2973 3915 3105 3971 ergo
3140 3896 3367 3973 jejuniis

1781 4009 1926 4061 caro,
1981 4000 2033 4047 et
2065 3991 2493 4048 circumcidatur
2522 3987 2673 4044 omni
2706 3985 3163 4059 concupiscentia;
3190 3987 3366 4046 cultro

1784 4083 1888 4155 (1),
1924 4097 2026 4137 nec
2056 4088 2240 4152 regnet
2271 4087 2553 4153 peccatum
2588 4077 2644 4133 in
2674 4084 2863 4133 nostro
2892 4074 3111 4133 mortali
3142 4093 3366 4150 corpore

1783 4169 1961 4243 (Rom.
1992 4186 2072 4237 vr,
2106 4169 2194 4238 l2)
2222 4186 2235 4235 ;
2287 4176 2349 4223 ut
2377 4165 2612 4238 el’fugere
2645 4165 2921 4222 consortia
2950 4162 3143 4221 mundi
3173 4173 3229 4222 et
3259 4183 3368 4239 op-

1783 4258 2008 4331 probria
2037 4255 2243 4312 diaboli
2275 4254 2565 4327 possimus.
2620 4252 2898 4328 Jejunium
2927 4269 3074 4326 ergo,
3104 4252 3364 4314 contritio

1777 4354 1940 4419 atque
1975 4344 2292 4402 humiliatio
2329 4342 2526 4401 animae
2572 4350 2691 4401 est:
2738 4339 2963 4421 aillictio
3010 4351 3192 4401 autem
3239 4359 3363 4403 cor-

1772 4436 1941 4509 poris.

1847 4525 2074 4584 CAPUT
2112 4524 2287 4584 XVII.
2319 4557 2388 4570 -
2415 4524 2544 4582 Haec
2572 4522 2640 4581 de
2665 4521 2909 4595 imagine
2937 4521 3056 4594 Dei,
3105 4520 3174 4581 ad
3199 4538 3362 4600 quam

1772 4615 1948 4673 factus
1977 4623 2059 4672 est
2091 4615 2277 4684 homo,
2326 4616 2476 4672 dicta
2516 4612 2812 4669 sufﬁciant.
2864 4608 3023 4668 Nunc
3070 4618 3250 4668 autem
3295 4607 3362 4667 ad

1777 4703 2026 4759 ordinem
2059 4711 2417 4758 revertamur.
2472 4700 2557 4754 Ex
2588 4706 2758 4753 matre
2790 4712 2916 4767 ergo
2961 4697 3175 4766 virgine
3202 4704 3362 4751 natus

1776 4801 1861 4847 est
1888 4793 2032 4847 inter
2065 4791 2337 4855 homines,
2369 4789 2489 4844 sine
2520 4786 2746 4842 homine
2774 4791 2963 4855 patre;
2997 4783 3125 4856 quia
3154 4790 3360 4854 patrem

1774 4877 1950 4934 Deum
1990 4876 2225 4933 habebat
2271 4877 2331 4931 in
2358 4873 2536 4940 curiis,
2595 4887 2770 4943 quem,
2806 4884 3001 4940 negare
3042 4882 3154 4927 non
3201 4885 3360 4928 vene.

1849 5063 1968 5141 (98)
2002 5058 2401 5141 Eadeni_Bom_.
2425 5052 3056 5141 edit.,,§ternist_ratores,‘
3077 5053 3305 5139 emenda
3332 5064 3378 5139 e'

1774 5124 1889 5195 vat.
1920 5124 2043 5194 cod.
2095 5132 2229 5188 terni
2258 5134 2529 5201 stratores.
2572 5124 2683 5181 ’Est
2710 5129 2891 5179 autem
2922 5131 3147 5201 strator,
3191 5129 3239 5185 is
3266 5129 3364 5201 qui

1816 5206 2042 5278 rincipis
2067 5220 2267 5278 equum
2301 5198 2579 5278 insternit,
2610 5204 2663 5278 et
2692 5210 3060 5278 conscensuro
3084 5196 3359 5278 admovet.

1808 5264 2169 5335 liliilo'autein
2192 5264 2598 5329 incommodius
2618 5266 2748 5333 Reg.
2772 5264 2895 5320 cod.
2924 5266 3060 5323 terni
3086 5273 3364 5331 stratores;

1777 5335 1943 5404 iidem
1980 5346 2251 5419 siquidem
2279 5348 2533 5419 stratores
2564 5335 2855 5419 dicuntur,
2906 5336 3022 5419 qui.
3049 5345 3102 5395 et
3142 5339 3363 5419 lictores

1772 5405 2237 5492 apparitoresque,
2284 5431 2316 5469 a
2362 5410 2562 5484 quibus
2590 5405 2803 5463 scilicet
2844 5405 3113 5480 quispiam
3150 5407 3363 5464 sistitur

1770 5486 1917 5545 apud
1948 5486 2175 5545 iudices.

1808 5506 1917 5560 pun
1942 5506 2175 5558 Juuices.
2504 5551 2513 5561 .
2737 5543 2747 5554 ο
2824 5542 2835 5555 ,

1849 5559 1966 5627 (99)
2005 5556 2397 5627 EademBom.
2430 5551 2590 5627 edit.,
2626 5542 2933 5627 mulieribus
2965 5547 3268 5627 delectatur.

1875 5562 1966 5627 99)
2005 5562 2207 5613 Eadem
2240 5562 2397 5611 Rom.
2430 5562 2590 5618 edit.,
2626 5562 2933 5626 melioribus
2965 5562 3268 5629 delectatur.

1849 5562 1931 5697 (1)
1972 5627 2177 5683 Eadem
2210 5626 2367 5697 Rom.
2390 5620 2521 5697 edit.
2531 5661 2549 5690 ,
2567 5616 2807 5691 spiritali
2825 5619 3234 5680 circumdatur
3257 5630 3363 5672 om-

1774 5694 1867 5751 nis
1885 5694 2297 5770 concupiscentia
2323 5694 2511 5750 cultro.
