3864 6188
469 358 571 421 B59

1529 355 1623 414 AD
1663 348 1893 415 DPERA
1931 356 1987 412 S.
2016 355 2346 412 AMBROSII
2384 347 2758 409 APPENDIX.

3684 336 3779 410 δώ

474 491 581 550 rat,
610 487 673 537 ut
704 495 775 537 ex
804 480 917 535 alio
949 488 1280 535 nasceretur.
1324 479 1551 548 Propter
1585 478 1909 533 sententiam
1939 494 2066 548 ergo
2097 484 2149 539 Α
2179 476 2373 540 minis;
2411 476 2541 547 quia
2566 475 2634 530 ab
2662 490 2748 539 eo,
2780 488 2892 528 non
2918 472 2986 529 de
3012 488 3076 528 eo
3107 471 3248 529 facta
3274 480 3376 529 est.
3447 476 3601 532 Deus
3637 477 3774 534 enim

475 571 604 628 Evaa
636 567 885 640 virginis,
962 583 1123 639 quam
1172 575 1292 639 post
1337 573 1619 637 peccatum
1659 566 1874 635 excepit
1919 565 2073 635 (Gen.

494 675 580 726 ιιι,
613 656 728 729 16),
759 670 879 727 quae
908 671 1033 710 cum
1067 654 1394 710 immortalis
1425 663 1584 720 esset,
1615 661 1736 724 post
1768 660 2077 724 transgres-

480 748 693 803 sionem
714 744 905 801 ell‘ecta
934 743 1182 798 mortalis
1207 749 1306 808 est,
1331 742 1445 813 ipse
1475 758 1569 812 per
1594 741 1866 811 virginem
1897 740 2073 796 venit:

476 842 530 890 et
552 835 695 891 sicut
722 848 817 904 per
843 829 1116 901 virginem
1183 845 1329 884 mors
1370 828 1650 884 dominata
1686 836 1803 894 est;
1859 827 1937 883 ita
1979 843 2075 898 per

479 923 718 981 Mariam
755 920 1041 992 Virginem
1073 919 1225 976 venit
1255 918 1367 986 ille,
1418 919 1513 991 qui
1544 925 1773 974 mortem
1804 917 2068 973 vinceret.

494 1012 721 1070 Occasio
751 1010 945 1066 mortis
987 1010 1227 1081 ingressa
1255 1025 1350 1080 per
1379 1009 1589 1079 lignum
1626 1017 1725 1074 est,
1769 1007 1862 1063 sed
1898 1014 2071 1062 morte

491 1097 716 1155 Domini
744 1114 840 1169 per
871 1098 1079 1169 lignum
1118 1096 1342 1152 exclusa
1388 1103 1508 1151 est:
1561 1095 1758 1150 mulier
1796 1095 1863 1149 de
1904 1096 2069 1150 latere

488 1186 596 1242 viri
626 1186 952 1242 dormientis
980 1184 1244 1257 producta
1274 1191 1353 1239 est
1384 1185 1539 1254 (Gen.
1573 1198 1635 1250 ιι,
1658 1183 1749 1253 22)
1778 1182 2070 1248 ;similiter

485 1281 667 1330 autem
695 1281 749 1329 et
774 1273 1018 1330 Ecclesia
1040 1273 1107 1329 de
1142 1274 1306 1328 latere
1331 1270 1536 1328 Christi
1558 1271 1616 1325 in
1639 1287 1799 1326 cruce
1832 1286 1927 1342 per
1952 1286 2067 1341 pas-

486 1360 696 1417 sionem
743 1368 797 1415 et
842 1376 1091 1432 soporem
1139 1359 1331 1415 mortis
1360 1360 1591 1413 formata
1633 1365 1733 1414 est.
1784 1358 1870 1412 Ex
1901 1357 2069 1412 latere

485 1448 596 1504 viri
626 1449 859 1506 formata
885 1458 966 1506 est
994 1448 1233 1514 femina;
1262 1456 1315 1503 et
1346 1446 1469 1503 ideo
1494 1448 1551 1502 in
1579 1448 1744 1502 latere
1765 1445 2068 1517 percutitur

484 1535 772 1604 Dominus,
806 1544 867 1591 ut
896 1553 993 1608 pro
1024 1537 1252 1593 muliere
1281 1535 1370 1591 vir
1400 1536 1658 1609 patiatur,
1699 1551 1768 1590 ex
1795 1533 1954 1605 cujus
1994 1534 2068 1587 la-

485 1631 598 1679 tere
624 1624 859 1680 formata
883 1632 984 1692 est,
1008 1642 1127 1697 quae
1157 1640 1282 1681 eum
1311 1625 1482 1679 suasit
1516 1623 1619 1695 (2).
1638 1622 1743 1679 Sed
1762 1622 2063 1690 videamus,

482 1711 612 1782 quia
640 1713 793 1768 locus
820 1712 1053 1782 expetit,
1098 1710 1210 1781 jam
1241 1711 1374 1783 quid
1407 1711 1680 1767 haereticis
1723 1709 2068 1782 responden-

2189 564 2489 619 invisibilis
2517 572 2616 631 est,
2641 563 3099 635 incorruptibilis,
3129 563 3599 636 impenetrabilis,
3634 567 3770 624 iucoo

2188 651 2547 723 inquinabilis
2569 651 2674 722 (8),
2692 652 2786 723 qui
2816 651 2968 707 nulla
2995 669 3066 708 ex
3090 660 3242 724 parte
3269 655 3558 726 corrumpi
3580 664 3768 727 potest,

2187 748 2241 797 et
2281 741 2369 797 cui
2399 742 2553 796 nulla
2590 757 2658 796 ex
2701 750 2852 813 parte
2881 741 3067 798 noceri
3094 749 3308 814 potest:
3358 743 3551 800 anima
3590 754 3765 802 autem

2186 829 2446 899 hominis,
2499 848 2620 903 quae
2649 832 2793 886 Deus
2822 848 2934 888 non
2964 840 3065 899 est,
3113 832 3319 902 peccati
3352 848 3531 903 capax
3572 843 3678 901 est,
3723 842 3770 891 et

2184 918 2243 974 in
2269 937 2515 975 aerumna
2542 928 2812 987 versatur,
2857 928 2911 976 et
2941 920 2999 974 in
3032 919 3329 976 falsitatem
3352 920 3605 990 ducitur,
3652 931 3771 980 ten-

2182 1016 2351 1076 tatur,
2373 1017 2624 1077 caecatur,
2650 1007 3035 1075 conturbatur,
3067 1009 3444 1080 corrumpitur
3474 1012 3586 1082 (9),
3611 1014 3768 1085 capti-

2182 1105 2380 1162 vatur;
2404 1104 2458 1151 et
2487 1096 2610 1152 ideo
2641 1096 2848 1152 virtute
2886 1095 3097 1168 indiget
3128 1095 3460 1153 liberatoris.
3486 1099 3618 1155 Haec
3648 1115 3766 1170 ergo

2184 1184 2416 1239 mutatio
2444 1184 2659 1252 animae,
2708 1184 2825 1240 haec
2852 1184 3090 1240 varietas
3117 1185 3359 1240 ostendit
3390 1185 3535 1240 mihi
3586 1186 3765 1241 mani-

2180 1272 2313 1327 feste
2358 1272 2502 1343 quod
2550 1270 2732 1326 anima
2774 1270 3017 1326 hominis
3058 1286 3159 1326 nec
3205 1271 3373 1338 Deus,
3424 1288 3529 1328 nec
3555 1272 3625 1328 de
3656 1271 3766 1344 ejus

2180 1361 2489 1417 substantia
2513 1360 2623 1427 sit;
2678 1375 2804 1415 nam
2852 1360 2899 1414 si
2942 1360 3127 1415 anima
3171 1358 3418 1417 hominis
3462 1361 3765 1419 substantia

2178 1450 2278 1506 Dei
2307 1457 2409 1517 est,
2428 1450 2729 1506 secundum
2756 1448 2881 1504 illos
2909 1448 3003 1520 qui
3037 1448 3143 1504 hoc
3171 1448 3386 1519 dicunt,
3409 1454 3761 1509 contristatur

2179 1538 2485 1594 substantia
2524 1538 2645 1606 Dei,
2697 1536 2971 1609 decipitur
3000 1537 3307 1594 substantia
3356 1540 3481 1607 Dei,
3537 1550 3762 1597 caecatur

2176 1625 2483 1681 substantia
2518 1624 2641 1691 Dei,
2690 1624 3066 1694 corrumpitur
3121 1625 3238 1695 (10)
3292 1625 3607 1683 substantia
3643 1628 3752 1696 Dei,

2176 1712 2485 1784 captivatur
2521 1711 2825 1768 substantia
2860 1710 2996 1778 Dei;
3044 1719 3100 1767 et
3142 1712 3307 1768 modo
3353 1712 3661 1783 judicatur,
3708 1722 3757 1770 et

478 1796 610 1851 dum
640 1797 732 1864 sit,
780 1798 875 1869 qui
904 1798 1145 1854 animam
1176 1798 1308 1854 Adae
1349 1806 1442 1853 aut
1472 1799 1777 1870 portionem
1827 1797 1926 1853 Dei
1954 1813 2067 1853 esse
2093 1820 2139 1881 B
2177 1799 2234 1855 in
2263 1799 2353 1856 die
2374 1798 2574 1869 judicii
2603 1814 2765 1855 carne
2796 1805 3043 1870 suscepta
3070 1815 3197 1856 cum
3228 1798 3450 1856 diabolo
3478 1800 3541 1855 in
3561 1809 3755 1858 aeterno

481 1884 797 1951 volunt,aut
812 1892 937 1940 ante
950 1900 1073 1940 eum
1094 1885 1486 1957 factam,quam
1503 1885 1619 1957 ejus
1635 1885 1911 1956 corpusde
1926 1893 2070 1939 terra
2177 1887 2301 1959 igne
2331 1886 2683 1943 damnabitur
2714 1887 2868 1958 (ﬂ):
2910 1884 3057 1958 quod
3088 1902 3251 1959 quam
3276 1887 3347 1942 sit
3373 1887 3637 1959 impium,
3669 1888 3754 1961 qui

477 1969 774 2042 ﬁngeretur
798 1990 809 2027 :
861 1972 1007 2045 quod
1036 1990 1260 2044 prorsus
1285 1974 1527 2029 alienum
1576 1990 1607 2028 a
1637 1972 1743 2029 ﬁde
1773 1972 2063 2041 catholica,

480 2066 537 2116 et
553 2066 874 2116 extraneum
894 2070 995 2117 est.
1026 2061 1301 2133 Scriptum
1325 2078 1564 2133 namque
1595 2070 1674 2117 est
1695 2063 1826 2134 quia
1869 2086 1886 2107 ι
1914 2063 2070 2133 plas-

480 2148 653 2206 mavit
672 2151 815 2205 Deus
834 2148 1113 2206 hominem
1136 2151 1202 2207 de
1224 2150 1359 2205 limo
1378 2158 1536 2206 terrae
1553 2150 1984 2221 (3)(Gen.n,7),-
2008 2155 2063 2205 et

490 2260 512 2284 ι
540 2246 661 2309 post
689 2237 1104 2309 plasmationem
1136 2238 1438 2295 insuﬁlavit
1458 2240 1515 2295 in
1536 2255 1599 2293 eo
1622 2238 1877 2310 spiritum
1900 2238 2063 2306 vitae;

477 2333 533 2382 et
555 2324 733 2384 factus
752 2335 833 2383 est
852 2325 1018 2382 homo
1040 2326 1098 2381 in
1119 2327 1355 2383 animam
1379 2327 1659 2381 viventem
1684 2326 1848 2397 (Ibid.
1865 2332 1919 2380 et
1932 2326 2059 2396 Sap.

478 2428 576 2482 xv,
611 2414 723 2486 11).
761 2440 781 2464 ι
840 2414 998 2482 Quod
1028 2415 1104 2470 ita
1134 2431 1249 2471 esse
1279 2415 1410 2469 Evze
1442 2412 1689 2469 mulieris
1726 2429 1837 2468 non
1876 2413 2067 2470 edocet

479 2503 813 2573 exemplum,
831 2520 951 2575 quae
985 2520 1113 2559 cum
1142 2502 1209 2559 de
1237 2510 1387 2559 costa
1415 2502 1547 2559 Adae
1569 2502 1626 2557 in
1648 2502 1934 2558 mulierem
1957 2502 2065 2558 for-

479 2598 624 2646 mata
674 2597 833 2660 esset,
882 2600 1070 2664 postea
1114 2591 1354 2647 animam
1401 2607 1434 2645 a
1481 2591 1595 2646 Deo
1641 2590 1884 2661 accepit;
1942 2605 2065 2662 qum

479 2683 776 2743 creationis
802 2684 981 2742 forma
1009 2702 1181 2759 usque
1208 2685 1276 2742 ad
1296 2684 1462 2739 ﬁnem
1484 2683 1678 2739 mundi
1700 2682 1756 2739 in
1779 2682 1937 2738 nobis
1956 2698 2065 2738 ser-

478 2783 659 2843 vatur,
700 2776 843 2832 sicut
870 2776 1036 2832 Isaias
1066 2775 1331 2847 propheta
1359 2780 1591 2831 testatur
1618 2772 1837 2829 dicens:
1909 2796 1928 2819 ι
1955 2772 2063 2839 Qui

471 2866 672 2920 format
699 2863 954 2935 spiritum
984 2862 1228 2917 hominis
1256 2862 1314 2916 in
1344 2878 1408 2916 eo
1448 2862 1583 2931 (Isa.
1616 2878 1769 2929 κων,
1803 2862 1861 2933 2)
1887 2880 1900 2928 ;
1922 2886 1940 2909 ι
2008 2869 2065 2918 et

473 2950 652 3005 David
708 2947 830 3019 (4):
903 2949 1057 3015 cQui
1107 2949 1271 3003 ﬁnxit
1316 2948 1599 3019 sigillatim
1658 2948 1824 3004 corda
1874 2965 2061 3006 eorum

477 3035 654 3105 (Psat.
686 3050 908 3103 xxxvn,
955 3035 1068 3107 15).
1099 3058 1117 3083 ι
1185 3035 1330 3106 Ergo
1361 3035 1660 3091 secundum
1697 3044 1805 3092 tam
1836 3038 2063 3094 evidens

2173 2066 2342 2122 stolos
2388 2082 2516 2121 suos
2553 2064 2890 2133 confortans,
2928 2079 2992 2119 ac
3027 2064 3193 2120 dicit:
3258 2086 3275 2109 ι
3321 2062 3500 2119 Nolite
3547 2063 3752 2120 timere

2175 2170 2265 2210 eos
2294 2152 2391 2226 qui
2418 2151 2677 2210 occidunt
2706 2168 2925 2224 corpus,
2972 2151 3210 2206 animam
3238 2157 3414 2206 autem
3454 2166 3577 2207 non
3618 2168 3752 2225 pos-

2174 2248 2303 2297 sunt
2330 2241 2615 2307 occidere;
2661 2240 2754 2297 sed
2806 2255 2932 2295 eum
2974 2241 3164 2295 timete
3198 2238 3292 2311 qui
3322 2246 3500 2311 potest
3546 2247 3603 2295 et
3641 2240 3747 2295 ani-

2175 2346 2319 2387 mam
2368 2336 2422 2385 et
2466 2345 2663 2401 corpus
2708 2328 2933 2400 perdere
2983 2328 3042 2383 in
3094 2326 3393 2398 gehennam
3453 2328 3664 2397 (Matth.
3693 2344 3745 2395 ιι,

2173 2419 2289 2490 28).
2320 2444 2339 2467 ι
2398 2416 2676 2491 Numquid
2718 2416 3018 2473 secundum
3063 2416 3197 2471 istos
3230 2430 3482 2482 vesanos,
3531 2422 3596 2470 ut
3638 2414 3744 2485 jam

2173 2507 2381 2563 dictum
2413 2517 2514 2575 est,
2563 2506 2869 2578 portionem
2895 2514 2989 2561 aut
3013 2513 3263 2561 naturam
3290 2520 3444 2561 suam
3487 2505 3635 2561 Deus
3653 2504 3746 2575 ju-

2172 2595 2376 2652 dicabit
2396 2595 2425 2650 ?
2468 2594 2647 2650 Absit.
2680 2594 2751 2650 Et
2782 2592 2906 2649 ideo
2935 2593 2991 2648 in
3021 2593 3156 2665 ipsis
3182 2592 3527 2665 corporibus,
3553 2591 3743 2665 quibus

2172 2684 2286 2739 nati
2336 2698 2544 2750 sumus,
2598 2691 2652 2739 et
2688 2697 2757 2737 ex
2798 2681 2998 2754 quibus
3037 2681 3235 2737 animae
3278 2690 3479 2738 nostrae
3526 2697 3742 2754 egressas

2171 2772 2374 2828 mortui
2405 2788 2612 2840 sumus,
2664 2772 2721 2827 in
2755 2771 2888 2843 ipsis
2918 2779 3039 2843 post
3066 2771 3524 2828 resurrectionem
3555 2770 3741 2827 animae

2170 2867 2395 2927 nostrae,
2445 2861 2558 2915 Deo
2585 2858 2837 2931 jubente,
2887 2859 3204 2926 introeunt;
3254 2866 3309 2915 et
3348 2866 3658 2930 resurgunt,
3702 2858 3741 2914 si

2168 2948 2314 3004 bona
2344 2948 2589 3004 fecerunt
2621 2947 2761 3019 (l2),
2793 2946 2851 3003 in
2880 2947 3335 3004 resurrectionem
3366 2946 3497 3002 vitae
3520 2946 3591 3003 ad
3620 2947 3742 3019 glo-

2173 3036 2309 3091 riam
2343 3036 2494 3108 regni
2526 3035 2787 3092 caelorum
2818 3033 3259 3107 percipiendam:
3308 3034 3355 3089 si
3390 3041 3578 3091 autem
3611 3035 3761 3091 mala

479 3121 564 3193 (5)
586 3120 922 3193 exemplum,
941 3138 1042 3179 nec
1072 3123 1223 3195 prior
1251 3132 1330 3179 est
1368 3124 1552 3179 anima
1580 3140 1827 3196 corpore,
1852 3141 1955 3181 nec
1972 3142 2065 3181 an-
2089 3160 2135 3220 Ο
2172 3130 2418 3194 egerunt,
2446 3123 2504 3178 in
2533 3124 2986 3180 resurrectionem
3010 3121 3208 3193 judicii
3237 3130 3289 3177 et
3317 3121 3674 3194 opprobrium
3695 3130 3744 3179 et

476 3218 565 3268 tea
590 3209 833 3277 condita,
856 3226 957 3268 nec
985 3226 1055 3266 ex
1082 3210 1183 3268 Dei
1209 3211 1537 3280 substantia,
1569 3228 1670 3268 nec
1698 3213 1756 3268 in
1785 3214 2061 3286 corporeis

475 3304 638 3371 atque
666 3298 1138 3356 irrationabilibus
1169 3301 1452 3368 creaturis,
1476 3307 1537 3356 ut
1566 3300 1809 3358 haeretici
1838 3303 2056 3371 volunt,

477 3385 658 3440 multo
686 3392 812 3441 ante
837 3385 949 3457 jam
982 3396 1225 3460 tempore
1258 3389 1442 3445 nescio
1487 3387 1585 3444 ubi
1621 3389 1790 3445 fuisse
1816 3404 2059 3447 conver-

471 3478 609 3540 sata,
638 3468 786 3539 quod
817 3471 962 3526 unde
991 3473 1243 3542 probent,
1276 3491 1387 3530 non
1414 3474 1637 3532 habent.

552 3560 701 3619 334
728 3556 955 3613 CAPUT
992 3559 1194 3615 XVIII.
1225 3590 1295 3602 —
1314 3561 1573 3628 Quotidie
1602 3581 1729 3637 ergo
1755 3567 1901 3623 Deus
1930 3580 2057 3623 ma-

465 3651 684 3723 iestatis
721 3653 779 3708 in
808 3653 1091 3725 plasmatis
1120 3653 1233 3725 jam
1276 3657 1599 3727 corporibus
1638 3660 1848 3716 animas
1897 3661 2052 3730 facit,

472 3745 527 3795 et
554 3739 828 3809 immittit,
880 3740 1021 3798 sicut
1046 3742 1259 3814 Moyses
1300 3743 1579 3815 legislator
1624 3745 1692 3801 de
1731 3747 2054 3807 mulieribus

470 3828 879 3902 praegnantibus
908 3836 1172 3897 testatur;
1206 3846 1326 3903 quae
1357 3832 1677 3902 formatum,
1705 3842 1799 3890 aut
1818 3836 2050 3893 necdum

469 3916 765 3975 formatum
782 3917 1047 3975 infantem
1070 3917 1275 3975 habent
1297 3919 1379 3992 (6)
1405 3920 1608 3992 (Exod.
1631 3938 1749 3990 XXI,
1775 3923 1843 3979 23
1863 3932 1915 3980 et
1931 3925 2046 3996 24).

474 4005 633 4073 Quod
662 4006 740 4065 ita
768 4023 883 4064 esse
910 4008 1230 4081 comprobat
1259 4008 1529 4066 Dominus
1557 4008 1745 4066 dicens
1770 4030 1781 4067 :
1848 4036 1865 4058 ι
1895 4012 2053 4070 Pater

471 4108 626 4150 meus
651 4110 823 4168 usque
850 4095 1013 4153 modo
1043 4105 1321 4168 operatur,
1344 4104 1398 4153 et
1416 4114 1516 4169 ego
1536 4114 1733 4171 operor
1754 4098 1836 4169 (7)
1866 4101 2048 4171 (Joan.

470 4197 529 4249 γ,
564 4182 677 4253 17).
709 4206 729 4230 ι
770 4182 923 4239 Sicut
952 4201 1081 4255 ergo
1100 4186 1332 4257 impium
1355 4195 1437 4244 est
1457 4188 1697 4244 animam
1723 4188 1963 4246 hominis
1982 4188 2051 4246 de

470 4266 781 4325 substantia
808 4270 927 4333 Dei,
958 4272 1044 4326 vel
1075 4272 1316 4327 animam
1344 4290 1415 4329 ex
1445 4275 1628 4331 anima
1654 4275 1765 4333 dici
1798 4294 1810 4332 :
1844 4276 1921 4332 ita
1947 4277 2049 4334 im-

469 4353 623 4427 pium
663 4361 746 4411 est
785 4353 966 4412 dicere
997 4358 1144 4429 quod
1188 4367 1315 4415 ante
1343 4361 1758 4431 plasmationem
1805 4365 2050 4437 corporis

468 4444 611 4503 facta
631 4443 884 4513 sit;cum
916 4444 1030 4515 ipse
1062 4446 1239 4502 Adam
1269 4449 1588 4519 proclamet,
1626 4451 1849 4508 dicens:
1893 4476 1912 4500 ι
1933 4454 2049 4513 Hoc

467 4548 619 4591 nunc
672 4547 736 4589 os
775 4547 846 4588 ex
882 4532 1095 4589 ossibus
1132 4535 1289 4602 meis,
1344 4544 1400 4592 et
1444 4551 1569 4591 caro
1614 4537 1684 4593 de
1727 4554 1888 4595 carne
1933 4557 2054 4599 mea

469 4621 627 4696 (Gen.
659 4638 721 4692 ιι,
749 4619 866 4695 23).
888 4643 908 4670 ι
941 4621 1112 4678 Aliud
1140 4639 1267 4695 ergo
1295 4630 1376 4680 est
1394 4625 1560 4694 Deus,
1581 4625 1731 4682 aliud
1751 4627 1934 4685 anima
1951 4628 2048 4687 ho-

544 4790 605 4933 ἕξ

571 4863 604 4918 3

470 4938 635 4989 terra.

542 5002 626 5074 (4)
657 5003 871 5083 ⁸Ειιιὶςιιι
898 5006 1056 5083 Rom.
1075 5078 1084 5083 Α
1104 5009 1263 5075 edit.,
1299 5008 1450 5083 sicut
1474 5010 1682 5083 sapiens
1711 5011 1930 5083 impium
1951 5026 2048 5083 re-

471 5072 694 5156 darguit
712 5091 734 5139 ;
758 5076 1037 5156 Quoniam
1064 5072 1331 5148 ignoravit
1358 5079 1450 5149 qui
1475 5072 1634 5150 ﬁnxit
1659 5098 1730 5156 se,
1759 5072 1807 5156 et
1833 5081 1931 5156 qui
1951 5080 2046 5156 inf:

466 5147 696 5224 spiravit
747 5147 835 5224 illi
865 5147 1287 5224 _animg_ni_qme_
1311 5147 1580 5220 operatur,
1625 5147 1725 5221 qui
1762 5147 2049 5224 insufﬂauit

466 5216 717 5285 spiritum
745 5216 978 5285 nitatem.
1012 5218 1086 5272 Et
1112 5219 1308 5285 David,
1338 5216 1441 5276 etc.

540 5283 624 5352 (5)
664 5284 869 5364 Eadem
912 5286 1070 5343 Rom.
1110 5287 1267 5355 edit.,
1296 5283 1460 5357 juxta
1490 5292 1780 5348 testimonia
1808 5292 2045 5348 veritatis

467 5356 575 5405 tam
605 5354 881 5410 evidentia.

536 5419 621 5543 (6!
661 5422 866 5478 Eadem
896 5423 1053 5481 Rom.
1094 5425 1254 5493 edit.,
1284 5428 1357 5482 Et
1386 5427 1639 5496 infundit.
1675 5431 1816 5487 Unde
1843 5432 2044 5500 Moyses

536 5496 734 5543 nsator
781 5493 999 5543 damnat
1048 5497 1386 5543 nernminium
1440 5500 1711 5543 ciiiilim-pm.
1764 5501 1823 5543 in
1872 5508 2044 5543 unum

464 5486 734 5571 legislator
781 5493 999 5571 damnat
1043 5486 1386 5571 percutienti?
1440 5486 1711 5571 inutierem
1764 5501 1823 5555 in
1862 5486 2044 5571 uentre

461 5556 747 5641 habentem,
789 5562 998 5641 dicens:
1038 5556 1098 5619 Si
1137 5572 1307 5641 autem
1338 5566 1504 5634 fuerit
1538 5569 1842 5638 ﬁguratum,
1897 5570 2045 5626 dabit

460 5640 694 5681 animam
716 5645 823 5698 pro
843 5637 1045 5700 animo,
1073 5637 1281 5689 oculum
1307 5652 1410 5705 pro
1436 5642 1604 5691 oculo.

665 4793 823 4865 Rom.
855 4792 1012 4862 edit.,
1043 4795 1212 4850 suasit
1238 4796 1312 4851 ad
1341 4796 1820 4865 transgressionem.

2078 4500 2130 4561 D

2171 3211 2555 3267 confusionem
2585 3211 2993 3282 sempiternam.
3037 3209 3195 3277 Quod
3225 3209 3302 3265 ita
3329 3211 3583 3266 futurum
3606 3226 3740 3265 com-

2168 3299 2365 3372 probat
2391 3299 2585 3355 beatus
2609 3298 2929 3369 Apostolus,
2956 3298 3176 3354 dicens:
3238 3322 3256 3345 ι
3283 3297 3489 3355 Omnes
3518 3313 3616 3354 nos
3642 3284 3757 3353 ma?

2170 3387 2422 3444 nifestari
2454 3394 2672 3458 oportet
2706 3394 2831 3443 ante
2867 3386 3112 3443 tribunal
3140 3384 3365 3453 Christi,
3415 3393 3480 3441 ut
3528 3380 3760 3457 recipiat‘

2166 3476 2547 3549 unusquisque
2577 3476 2798 3548 propria
2823 3475 3068 3548 corporis
3096 3475 3202 3543 sui,
3233 3482 3398 3547 prout
3425 3475 3609 3546 gessit,
3633 3475 3737 3530 sive

2165 3564 2393 3655 bonum,
2442 3566 2559 3621 sive
2585 3566 2791 3655 malum
2848 3565 2947 3655 (ΙΙΔ
2977 3564 3102 3621 Cor.
3146 3581 3203 3655 γ,
3254 3563 3375 3655 10).
3419 3563 3575 3619 Tunc
3601 3563 3758 3655 enim;

2166 3652 2467 3709 secundum
2501 3651 2827 3709 vaticinium
2847 3651 2998 3707 Isaia:
3014 3650 3291 3723 prophetae
3315 3650 3454 3721 (Isa.
3483 3666 3641 3719 xxxv,
3662 3650 3734 3721 2),

2139 3742 2318 3797 'nulla
2334 3742 2441 3797 erit
2468 3741 2760 3799 diversitas
2789 3742 2932 3797 inter
2961 3741 3201 3798 nobilem
3230 3748 3285 3796 et
3315 3740 3639 3812 ignobilem,
3660 3755 3729 3796 sa-

2162 3831 2436 3888 cerdotem
2467 3839 2520 3888 et
2549 3830 2748 3889 laicum
2784 3829 2924 3902 (13),
2957 3843 3178 3884 servum
3208 3836 3261 3884 et
3289 3826 3600 3895 dominum,
3631 3843 3731 3883 an-

2162 3918 2345 3975 cillam
2376 3925 2431 3974 et
2461 3918 2740 3975 dominam
2762 3917 2897 3990 ejus,
2922 3916 3153 3973 divitem
3182 3924 3234 3972 et
3258 3930 3573 3988 pauperem,
3597 3915 3730 3970 fene-

2160 4013 2396 4062 ratorem
2426 4005 2544 4077 (14)
2573 4013 2628 4062 et
2654 4021 2778 4061 eum
2814 4005 2909 4077 qui
2939 4019 3043 4059 aere
3072 4002 3342 4076 premitur
3366 4004 3569 4069 alieno,
3602 4002 3732 4057 inter

2159 4101 2431 4150 ementem
2459 4101 2515 4149 et
2541 4092 2865 4150 vendentem
2916 4092 3028 4164 (Ita
3056 4091 3275 4147 Hieron.
3332 4089 3391 4143 in
3420 4089 3590 4144 eumd.
3641 4090 3728 4143 Ioc.

2158 4180 2320 4252 Isa.).
2377 4180 2579 4237 Omnes
2606 4195 2734 4252 ergo
2774 4195 2845 4235 ex
2886 4193 3042 4251 aequo
3070 4176 3295 4234 stabunt
3342 4184 3470 4233 ante
3498 4175 3729 4233 tribunal

2160 4268 2386 4339 Christi,
2437 4284 2539 4325 nec
2567 4268 2672 4323 erit
2701 4281 3054 4345 personarum
3085 4264 3331 4338 acceptio
3367 4265 3513 4337 apud
3544 4266 3726 4320 Deum.

2156 4358 2316 4426 Quod
2350 4365 2405 4413 et
2450 4363 2674 4413 sanctus
2716 4356 2819 4411 Job
2867 4355 3060 4412 iisdem
3112 4354 3509 4428 propemodum
3563 4352 3730 4409 verbis

2157 4444 2450 4500 annuntiat
2477 4444 2701 4500 dicens:
2766 4467 2786 4491 ι
2812 4443 3021 4499 Parvus
3050 4449 3105 4498 et
3134 4456 3364 4511 magnus
3391 4440 3473 4496 ibi
3502 4448 3648 4507 sunt,
3673 4445 3723 4494 et

2159 4549 2350 4589 servus
2376 4542 2458 4589 est
2484 4533 2624 4589 liber
2659 4549 2691 4589 a
2719 4533 2947 4589 domino
2983 4548 3084 4590 suo
3134 4531 3254 4603 (Job
3286 4547 3371 4599 ιιι,
3419 4531 3534 4603 19).
3584 4555 3603 4578 ι
3664 4527 3728 4584 Et

2156 4622 2407 4678 Salvator
2434 4621 2493 4676 in
2521 4621 2841 4692 Evangelio,
2896 4621 2989 4679 cui
3025 4635 3188 4678 omne
3209 4618 3489 4690 judicium
3520 4623 3728 4691 propter

2231 4794 2312 4875 (7)
2352 4792 2554 4875 Eadem
2591 4793 2749 4875 Rom.
2798 4792 2956 4875 edit.,
2995 4808 3207 4875 .operqr.
3261 4790 3384 4875 Non
3424 4791 3576 4875 cernet
3617 4802 3728 4875 περ

666 4864 872 4921 Eadem
927 4855 1086 4922 Rom.
1139 4865 1297 4934 edit.,
1352 4855 1623 4938 putoérem
1669 4868 1926 4940 accipiens
1983 4870 2048 4925 de
2156 4855 2440 4940 inspiravit
2482 4865 2553 4940 in
2578 4862 2766 4933 faciem
2806 4855 3049 4920 hominis'
3076 4862 3409 4933 spiraculum
3455 4862 3595 4927 vita,
3645 4855 3728 4913 sed

2155 4935 2394 5009 quotidie
2415 4935 2660 5009 inspirat.

2230 5007 2313 5089 (8)
2338 4998 2564 5089 .Eade‘rn
2585 5006 2741 5089 Rom.
2772 5004 2928 5085 edit.,
2960 5002 3310 5089 impeefalgitis
3337 5008 3415 5056 est
3447 5006 3497 5055 et
3525 4998 3723 5070 infam-

2156 5072 2302 5142 bilis,’
2329 5076 2668 5147 impassibitis
2694 5081 2743 5129 et
2771 5072 3254 5147 ineoinquinabitis.

2253 5141 2310 5215 9)
2350 5141 2553 5202 Eadem
2583 5148 2738 5218 Rom.
2770 5144 2926 5218 edit.,
2955 5141 3037 5197 ide
3069 5150 3169 5218 est,
3202 5141 3591 5218 corrumpitur.
3617 5210 3654 5218 _
3693 5207 3704 5218 ε

2257 5210 2345 5283 10)
2386 5218 2585 5273 Eadem
2631 5216 2788 5271 Rom.
2839 5214 2995 5282 edit.,
3036 5214 3245 5283 patitur
3271 5210 3565 5283 substantia
3608 5210 3722 5265 Dei.

2258 5282 2345 5353 il)
2386 5288 2588 5343 Eadem
2618 5287 2774 5341 Rom.
2806 5284 2963 5350 edit.,
2993 5282 3189 5353 poterit
3211 5282 3487 5353 damnari.

2256 5352 2344 5422 l2)
2385 5357 2586 5413 Eadem
2618 5357 2773 5412 Rom.
2796 5354 2952 5421 edit.,
2982 5352 3057 5409 Et
3080 5353 3269 5422 quibus
3294 5352 3490 5407 anima:
3515 5355 3724 5415 nostra,

2152 5423 2256 5485 Deo
2275 5423 2507 5499 jubente,
2537 5428 2760 5499 intrant,
2790 5428 3078 5499 resurgant,
3110 5423 3156 5477 si
3176 5423 3336 5499 bona,
3365 5429 3477 5499 etc.

2224 5490 2337 5568 (1'3)
2380 5490 2579 5554 Eadem
2612 5498 2766 5552 Rom.
2816 5490 3339 5568 edit.',_sacerdotem
3381 5490 3722 5568 et_popuiun_i.

2224 5501 2317 5567 (13
2380 5500 2579 5554 Eadem
2612 5500 2766 5552 Rom.
2816 5500 2974 5560 edit.,
3023 5500 3339 5547 sacerdotem
3381 5500 3431 5546 et
3452 5500 3722 5568 populna}.

2224 5500 2341 5640 (is)
2382 5569 2583 5625 Eadem
2613 5568 2771 5625 Rom.
2802 5564 2959 5632 edit.,
2980 5562 3304 5632 fumantem
3332 5568 3383 5617 et
3408 5559 3729 5631 fenusaccs—

2147 5640 2394 5711 pietatem.

2227 5149 2249 5430 ἕ

2177 1816 2234 1855 ιη
2263 1812 2353 1856 me
2374 1812 2574 1869 Judlcu
2603 1814 2765 1855 carne
2796 1812 3043 1870 suscepta
3070 1815 3197 1856 cum
3228 1812 3450 1856 uranoro
3478 1817 3541 1855 in
3561 1812 3755 1858 aeterno

2177 1887 2301 1959 igne
2331 1886 2683 1943 damnabitur
2714 1887 2868 1958 (ll):
2910 1884 3057 1958 quod
3088 1902 3251 1959 quam
3276 1887 3347 1942 sit
3373 1887 3637 1959 impium,
3669 1888 3770 1961 qui?

2175 1992 2368 2032 sanum
2399 1975 2558 2047 sapit,
2605 1973 2887 2047 intelligit.
2939 1973 3148 2032 Clamat
3175 1975 3286 2046 ipse
3311 1974 3589 2032 Dominus
3619 1992 3755 2048 apo-

2175 2066 2342 2122 stolos
2388 2082 2516 2121 suos
2553 2064 2890 2133 confortans,
2928 2079 2992 2119 ac
3027 2064 3193 2120 dicit:
3258 2086 3275 2109 ι
3321 2062 3500 2119 Nolite
3547 2063 3752 2120 timere

2175 2170 2265 2210 eos
2294 2152 2391 2226 qui
2418 2151 2677 2210 occidunt
2706 2168 2925 2224 corpus,
2972 2151 3210 2206 animam
3238 2157 3414 2206 autem
3454 2166 3577 2207 non
3618 2168 3771 2225 pos-.

2175 2248 2303 2297 sunt
2330 2241 2615 2307 occidere;
2661 2240 2754 2297 sed
2806 2255 2932 2295 eum
2974 2241 3164 2295 timete
3198 2238 3292 2311 qui
3322 2246 3500 2311 potest
3546 2247 3603 2295 et
3641 2238 3772 2295 ani-'

2175 2346 2319 2387 mam
2368 2336 2422 2385 et
2466 2345 2663 2401 corpus
2708 2328 2933 2400 perdere
2983 2328 3042 2383 in
3094 2326 3393 2398 gehennam
3453 2328 3664 2397 (Matth.
3693 2344 3745 2395 ιι,

2175 2419 2289 2490 28).
2320 2444 2339 2467 ι
2398 2416 2676 2491 Numquid
2718 2416 3018 2473 secundum
3063 2416 3197 2471 istos
3230 2430 3482 2482 vesanos,
3531 2422 3596 2470 ut
3638 2414 3744 2485 jam

2175 2507 2381 2563 dictum
2413 2517 2514 2575 est,
2563 2506 2869 2578 portionem
2895 2514 2989 2561 aut
3013 2513 3263 2561 naturam
3290 2520 3444 2561 suam
3487 2505 3635 2561 Deus
3653 2504 3746 2575 ju-

2175 2595 2376 2652 dicabit
2396 2595 2425 2650 ?
2468 2594 2647 2650 Absit.
2680 2594 2751 2650 Et
2782 2592 2906 2649 ideo
2935 2593 2991 2648 in
3021 2593 3156 2665 ipsis
3182 2592 3527 2665 corporibus,
3553 2591 3743 2665 quibus

2175 2684 2286 2739 nati
2336 2698 2544 2750 sumus,
2598 2691 2652 2739 et
2688 2697 2757 2737 ex
2798 2681 2998 2754 quibus
3037 2681 3235 2737 animae
3278 2690 3479 2738 nostrae
3526 2697 3742 2754 egressas

2175 2772 2374 2828 mortui
2405 2788 2612 2840 sumus,
2664 2772 2721 2827 in
2755 2771 2888 2843 ipsis
2918 2779 3039 2843 post
3066 2771 3524 2828 resurrectionem
3555 2770 3741 2827 animae

2175 2867 2395 2927 nostrae,
2445 2861 2558 2915 Deo
2585 2858 2837 2931 jubente,
2887 2859 3204 2926 introeunt;
3254 2866 3309 2915 et
3348 2866 3658 2930 resurgunt,
3702 2858 3741 2914 si

2175 2948 2306 2969 LA..-
2344 2948 2587 2969 3---__._n.
2624 2947 2734 2969 nm
2793 2946 2844 2969 Ξ..
2880 2947 3329 2969 _--.___-_12-___
3366 2946 3494 2969 ._:A..
3525 2946 3587 2969 -.1
3626 2947 3700 2969 ,1-
