3864 6188
1390 152 1431 173 Ι.

177 277 272 339 801

1304 264 1399 320 DE
1435 264 1808 321 TRINITATE
1845 260 2272 319 TRACTATUS.

173 401 455 476 gloriosam
482 396 791 470 passionem
808 394 1053 452 hominis
1072 393 1309 466 suscepti
1334 392 1595 448 traditum
1634 398 1733 457 est,
1766 392 1813 450 Α
1846 389 2005 454 male,
2058 398 2238 457 surget
2292 404 2490 460 corpus
2517 391 2802 461 spirituale
2836 392 2997 463 (Ibid.
3031 392 3236 465 42-44).
3271 417 3291 441 )
3331 394 3429 465 Isi!

172 492 330 563 pleno
360 502 611 545 sermone
646 492 895 552 testatur,
930 485 1155 541 dicens:
1200 508 1218 531 ι
1245 482 1378 540 Cum
1406 481 1553 537 enim
1579 496 1737 534 vene-

176 580 245 634 rit
274 576 448 633 Filius
476 574 721 631 hominis
748 590 874 630 cum
901 573 1111 645 angelis
1142 571 1347 628 sanctis
1376 571 1433 625 in
1462 569 1740 641 majestate

169 665 340 722 Patris
379 663 486 731 sui,
534 670 668 719 tunc
694 660 885 718 reddet
922 660 1222 732 unicuique
1251 658 1550 715 secundum
1579 672 1741 728 opera

168 751 283 824 ejus
308 751 520 825 (Matth.
569 766 690 817 χιιι,
741 749 856 821 27).
886 773 907 798 ι
963 749 1089 803 Haec
1139 747 1323 802 omnia
1374 762 1501 816 ergo
1555 744 1740 800 futura

165 848 329 906 sunt;
361 838 490 913 quia
517 836 663 911 quod
688 836 935 893 futurum
966 844 1066 903 est,
1107 851 1203 907 per
1230 834 1520 906 prophetas
1548 831 1736 888 Domi-

163 944 269 986 nus
297 935 378 983 est
410 928 646 995 locutus,
676 925 769 998 qui
800 923 935 981 dicit
966 940 979 977 :
1012 947 1031 970 ι
1059 924 1174 995 Ego
1200 922 1439 977 visiones
1470 919 1737 991 multipli-

163 1018 306 1084 cavi,
347 1025 400 1073 et
451 1017 509 1072 in
574 1030 739 1072 manu
787 1012 1175 1085 prophetarum
1232 1010 1565 1067 assimilatus
1613 1025 1734 1065 sum

168 1104 317 1177 (Osee
342 1121 441 1172 xu,
476 1104 586 1174 10).
616 1128 635 1151 ι

235 1192 461 1250 CAPUT
498 1191 649 1248 XIX.
689 1220 761 1234 -
777 1190 861 1247 Ad
886 1190 1032 1264 quod
1054 1188 1449 1247 incarnationis
1468 1196 1735 1245 secretum

172 1299 331 1355 supra
358 1284 594 1355 scriptus
617 1281 883 1354 propheta
907 1282 1025 1352 (15)
1058 1280 1292 1336 miratur
1319 1296 1383 1336 ac
1408 1278 1545 1335 dicit
1575 1297 1587 1335 :
1638 1304 1658 1328 ι
1690 1280 1735 1335 0

162 1380 340 1428 custos
365 1371 499 1444 quid
529 1371 598 1427 de
621 1378 781 1427 nocte
804 1370 833 1425 7
886 1369 1021 1442 quid
1077 1368 1144 1425 de
1170 1376 1350 1435 nocte,
1382 1375 1565 1424 custos
1597 1367 1731 1439 (Isa.

161 1480 317 1531 χχχι,
352 1464 443 1535 11)
467 1462 495 1519 ῗ
532 1462 817 1519 Secretum
853 1477 1032 1517 meum
1064 1460 1223 1527 mihi,
1251 1467 1522 1515 secretum
1552 1474 1732 1515 meum

162 1550 315 1607 mihi.
349 1552 445 1608 νω
475 1552 614 1607 mihi
655 1553 791 1622 (Isa.
823 1566 984 1618 xxxv,
1018 1549 1131 1621 16).
1176 1549 1333 1616 Cum,
1378 1548 1560 1620 inquit
1601 1563 1735 1619 pro—

163 1638 342 1712 pheta,
375 1638 493 1696 haac
545 1639 817 1696 audissem
869 1641 1025 1712 (16);
1085 1638 1232 1710 quod
1286 1638 1544 1695 videlicet
1590 1638 1734 1693 Deus

1847 487 1976 533 sunt
2030 477 2176 532 enim
2233 486 2466 549 quatuor
2520 482 2741 539 ordines
2767 484 3209 549 resurrectionis,
3244 484 3337 556 qui
3371 484 3429 540 in

1848 565 2002 636 virga
2030 566 2125 620 illa
2151 566 2491 635 sacerdotali,
2524 585 2639 640 quae
2688 571 2747 625 in
2807 571 3157 629 tabernaculo
3199 570 3427 627 Domini

1849 652 2054 713 ﬂoruit.
2112 654 2557 726 praeﬁgurabatur
2611 657 2795 728 (Num.
2851 677 2991 727 xvn,
3040 661 3119 732 8).
3153 660 3245 715 Sic
3300 675 3427 730 ergo
3521 674 3527 681 ‘

1848 741 2228 812 accipiendum
2258 751 2339 797 est
2374 759 2385 796 :
2408 767 2426 789 ι
2449 742 2586 799 Caro
2614 754 2667 799 et
2696 747 2914 816 sanguis
2936 764 3159 817 regnum
3181 746 3279 803 Dei
3310 763 3423 803 non

1848 832 2272 903 possidebunt,-
2321 833 2597 905 quomodo
2647 835 2806 902 illud,
2866 837 3011 906 quod
3059 839 3426 896 comminatur

1846 924 1992 979 Deus
2037 925 2241 996 populo
2282 926 2578 997 peccatori,
2627 925 2816 981 dicens
2849 943 2861 980 :
2911 951 2928 974 ι
2967 928 3172 984 Ponam
3202 932 3424 1000 coelum,

1847 1012 1992 1083 quod
2022 1028 2183 1083 super
2212 1029 2310 1068 vos
2357 1020 2458 1081 est,
2509 1029 2721 1068 aeneum
2747 1032 2760 1081 ;
2798 1023 2851 1069 et
2878 1024 3100 1084 terram,
3128 1032 3290 1087 quam
3320 1018 3426 1072 cal-

1846 1101 2003 1168 catis,
2036 1100 2266 1156 ferream
2302 1101 2491 1171 (Leuit.
2533 1119 2691 1169 xxvi,
2727 1102 2838 1175 19),
2892 1128 2909 1150 ι
2949 1118 3060 1159 non
3115 1103 3265 1175 quod
3310 1104 3431 1159 ele-

1845 1201 2157 1250 mentorum
2183 1202 2380 1252 natura
2411 1205 2675 1265 mutetur,
2708 1197 2800 1251 sed
2839 1196 2984 1268 quod
3014 1213 3108 1268 per
3136 1213 3208 1251 aes
3245 1203 3297 1250 et
3326 1195 3429 1251 fer-

1846 1301 1969 1341 rum
2000 1301 2283 1356 pcnnarum
2314 1287 2633 1357 magnitudo
2666 1295 3020 1343 monstretur.
3066 1287 3262 1342 Veram
3303 1302 3430 1357 ergo

1846 1375 2301 1431 resurrectionem
2323 1374 2567 1431 futuram
2589 1376 2646 1430 in
2671 1376 2962 1447 semetipso
2990 1375 3149 1431 nobis
3163 1373 3429 1431 Dominus

1846 1464 2098 1523 Christus
2127 1466 2521 1535 manifestavit,
2554 1468 2648 1540 qui
2678 1478 2800 1539 post
2833 1469 3003 1524 tertiae
3033 1467 3143 1522 diei
3193 1481 3427 1522 resurre-

1844 1554 2082 1610 ctionem
2117 1564 2280 1627 typos
2307 1556 2589 1611 clavorum
2621 1565 2675 1611 et
2704 1558 2905 1615 lanceae
2936 1557 3139 1612 vulnus
3190 1554 3427 1626 discipu-

1843 1641 1912 1698 lis
1940 1643 2324 1700 dubitantibus
2351 1645 2752 1700 demonstravit
2784 1646 2936 1716 (Luc.
2978 1661 3136 1713 xxiv,
3168 1644 3285 1713 40).

163 1729 457 1801 majestatis
487 1746 706 1787 carnem
736 1738 875 1787 esset
906 1730 1200 1787 induturus
1230 1736 1285 1785 et
1314 1728 1637 1784 vaticinium
1675 1725 1734 1781 in
1769 1729 1816 1790 B
1912 1730 2140 1788 CAPUT
2172 1733 2323 1788 XXI.
2352 1764 2423 1774 _
2450 1735 2569 1789 Non
2599 1750 2726 1805 ergo
2758 1741 3175 1788 contemnamus
3207 1746 3426 1788 carnem

160 1834 277 1874 eum
325 1818 659 1892 explendum
716 1834 830 1875 esse
880 1818 1239 1890 prospicerem
1284 1832 1295 1870 :
1357 1816 1574 1873 locutus
1609 1830 1730 1870 sum

160 1907 291 1963 mihi
324 1907 539 1964 interno
575 1907 757 1964 cordis
784 1906 1007 1973 affectu;
1041 1905 1170 1978 quia
1196 1920 1307 1961 non
1336 1920 1555 1976 possum
1583 1918 1733 1960 cun-

162 2003 247 2052 cta
275 2012 493 2054 narrare
521 2011 641 2069 quin
669 2011 854 2064 cerno;
884 1996 1051 2052 haeret
1081 1995 1270 2068 lingua
1296 1994 1546 2051 faucibus
1574 1993 1728 2061 meis,

168 2098 272 2139 vox
299 2082 488 2140 dolore
512 2100 576 2140 ac
607 2100 809 2155 pavore
834 2084 1224 2150 concluditur;
1256 2082 1400 2154 quod
1432 2090 1585 2139 tanta
1614 2098 1731 2153 my-

171 2172 336 2227 steria
354 2180 480 2228 ante
503 2172 693 2228 oculos
714 2179 999 2227 versantur
1018 2188 1187 2227 meos.
1221 2170 1396 2228 Video
1424 2172 1570 2227 enim
1600 2186 1733 2243 prte-

167 2258 364 2326 sentia,
397 2274 516 2331 quae
552 2258 737 2315 futura
763 2267 922 2325 sunt;
970 2259 1219 2331 intelligo
1246 2259 1392 2331 quod
1421 2266 1605 2314 custos
1628 2258 1733 2314 Sa-

163 2349 466 2405 maritanus
493 2348 588 2404 ille
605 2356 688 2405 est
720 2347 858 2420 ejus,
890 2347 983 2420 qui
1013 2348 1130 2420 (17)
1183 2348 1253 2404 de
1304 2347 1598 2403 Jerusalem
1628 2348 1733 2404 de-

160 2436 426 2494 scendens
455 2436 515 2491 in
553 2436 797 2505 Iericho,
853 2435 1050 2493 incidit
1101 2436 1158 2492 in
1213 2437 1451 2492 latrones
1482 2435 1631 2506 (Luc.
1672 2453 1732 2506 x,

164 2527 367 2598 30-35).
408 2527 517 2583 Iste
572 2534 655 2583 est
682 2533 868 2583 custos
899 2530 1043 2588 335
1072 2527 1161 2582 cui
1190 2526 1511 2582 beatus-Job
1540 2527 1683 2582 dixit
1716 2544 1728 2583 :

173 2644 193 2669 ι
227 2621 272 2677 Ο
296 2631 479 2679 custos
506 2621 818 2691 hominum,
841 2638 1006 2695 quare
1032 2621 1260 2693 posuisti
1291 2637 1379 2676 me
1397 2624 1730 2678 contrarium

171 2709 286 2778 tibi,
316 2718 369 2766 et
396 2710 574 2766 factus
600 2726 721 2766 sum
753 2709 1114 2782 mihimetipsi
1173 2710 1353 2782 gravis
1377 2710 1405 2765 7
1461 2708 1569 2767 Cur
1621 2726 1731 2766 non

163 2798 308 2853 tollis
337 2804 619 2869 peccatum
666 2813 848 2853 meum
880 2798 1021 2870 (18),
1073 2806 1128 2853 et
1180 2813 1347 2869 quare
1392 2813 1499 2852 non
1552 2798 1733 2854 aufers

170 2884 508 2958 iniquitatem
548 2902 722 2941 meam
754 2885 874 2956 (Job
902 2903 1001 2952 vu,
1027 2886 1115 2953 20,
1150 2885 1240 2957 21)
1266 2885 1294 2941 ἳ
1320 2910 1338 2932 ι
1384 2886 1489 2941 Iste
1518 2893 1600 2941 est
1634 2902 1732 2942 cu-

166 2979 270 3028 stos
293 2973 384 3046 qui
410 2973 552 3029 dicit
582 2990 593 3028 :
636 2996 655 3020 ι
712 2973 885 3045 Super
927 2973 1233 3030 custodiam
1280 2989 1454 3028 meam
1485 2989 1583 3044 ego
1611 2988 1731 3028 sum

162 3059 373 3132 jngiter,
403 3072 487 3120 tot
527 3062 721 3120 diebus
744 3070 799 3118 et
823 3062 1076 3120 noctibus
1105 3072 1253 3120 stans
1292 3064 1408 3135 (19)
1440 3064 1574 3133 (Isa.
1607 3079 1727 3131 χχι,

1846 3071 1901 3119 ut
1930 3064 2255 3120 accendatur
2285 3064 2401 3136 (20)
2436 3065 2586 3136 (Luc.
2638 3082 2741 3129 xu,
2793 3064 2883 3135 49)
2912 3066 2924 3119 l
2984 3087 3003 3113 ι

160 3150 213 3219 8)
239 3168 251 3216 ;
282 3176 300 3199 ι
335 3160 387 3208 et
414 3151 482 3209 de
511 3168 620 3226 quo
647 3150 917 3224 Propheta
944 3150 1080 3208 dicit
1110 3168 1121 3205 :
1164 3176 1183 3199 ι
1212 3153 1352 3208 Ecce
1388 3168 1497 3207 non
1527 3152 1730 3209 dormi-

161 3239 292 3294 tabit
320 3256 497 3315 neque
552 3241 863 3298 obdormiet
922 3241 1013 3313 qui
1066 3241 1306 3297 custodit
1360 3242 1523 3296 Israel
1555 3242 1725 3313 (Psal.

164 3342 283 3396 cxx,
305 3329 383 3399 4).
412 3355 431 3378 ι
475 3332 710 3402 Propter
733 3329 852 3386 haec
878 3345 1005 3401 ergo
1043 3329 1327 3397 vocabula,
1350 3330 1645 3401 prophetae,
1676 3338 1730 3386 et

161 3417 280 3488 quia
305 3428 719 3475 commutantur
745 3418 943 3491 saepius
992 3434 1232 3489 personae
1276 3418 1336 3473 in
1373 3418 1452 3474 eis
1481 3418 1729 3489 plurimae

162 3519 220 3559 ac
243 3507 529 3576 parabolae,
561 3507 780 3564 obscuri
814 3514 960 3563 sunt.
994 3504 1098 3563 Sed
1125 3521 1272 3563 nunc
1310 3504 1425 3577 jam
1472 3505 1538 3562 ad
1569 3505 1729 3562 ordi-

160 3606 276 3650 nem
313 3604 671 3653 revertamur.

226 3683 443 3742 CAPUT
469 3685 601 3742 ΧΧ.
625 3715 696 3729 -
713 3685 904 3744 Solent
930 3685 1100 3758 igitur
1128 3685 1289 3742 nobis
1333 3684 1601 3753 haeretici,
1632 3686 1728 3758 qui

162 3772 329 3828 carnis
380 3781 581 3846 negant
618 3773 1097 3841 resurrectionem,
1131 3772 1269 3828 illud
1299 3772 1444 3828 beati
1476 3772 1726 3844 Apostoli

161 3860 528 3918 testimonium
557 3877 854 3934 opponere,
888 3876 996 3933 quo
1021 3860 1158 3917 dicit
1184 3876 1196 3915 :
1218 3884 1236 3906 ι
1254 3859 1391 3916 Caro
1418 3867 1473 3915 et
1503 3860 1727 3931 sanguis

162 3959 375 4018 regnum
404 3951 505 4006 Dei
535 3965 647 4006 non
674 3948 1032 4021 possidebunt
1053 3948 1112 4019 (Ι
1139 3947 1264 4004 Cor.
1296 3964 1392 4015 xv,
1424 3948 1540 4018 50),
1575 3973 1593 3996 ι
1632 3963 1727 4004 re-

161 4031 379 4092 ticentes
431 4036 573 4093 illud
623 4036 842 4106 callide,
901 4036 1047 4109 quod
1100 4036 1364 4109 sequitur.
1398 4035 1533 4093 Cum
1577 4035 1726 4092 enim

160 4120 383 4180 dixisset
413 4142 425 4180 :
471 4148 491 4172 ε
520 4125 660 4183 Caro
687 4133 741 4180 et
770 4125 990 4195 sanguis
1022 4140 1248 4196 regnum
1278 4124 1377 4180 Dei
1405 4140 1514 4180 non
1546 4124 1728 4196 possi-

158 4209 386 4277 debunt,
414 4236 434 4259 ι
477 4212 721 4283 sequitur
744 4228 808 4269 ac
834 4213 970 4268 dicit
1002 4230 1015 4267 :
1063 4237 1082 4259 ι
1105 4213 1216 4269 Nec
1244 4213 1523 4283 corruptio
1552 4213 1726 4268 incor-

157 4299 427 4371 ruptelam
457 4301 755 4373 possidebit
789 4302 999 4371 (Ibid.).
1031 4324 1051 4350 ι
1095 4301 1223 4356 Haec
1249 4315 1376 4370 ergo
1402 4299 1551 4355 dicta
1576 4309 1723 4371 sunt,

1840 1828 2083 1877 nostram
2114 1822 2255 1877 male
2282 1829 2340 1877 et
2356 1822 2640 1878 luxuriose
2664 1821 2923 1889 vivendo,
2949 1822 3007 1876 in
3031 1837 3136 1893 qua
3156 1820 3426 1877 Dominus

1838 1907 2091 1967 Christus
2113 1916 2167 1964 et
2196 1916 2356 1965 natus
2384 1918 2439 1965 et
2467 1927 2654 1982 passus
2682 1917 2784 1977 est,
2835 1918 2888 1964 et
2928 1908 3257 1975 resurrexit;
3314 1923 3424 1962 non

1839 1999 2203 2073 despiciamus
2232 2003 2411 2058 lutum
2463 2003 2646 2059 carnis
2676 2009 2895 2069 nostrae,
2925 2002 3072 2073 quod
3111 2000 3168 2055 in
3201 1997 3421 2055 Domini

1840 2087 2048 2146 Christi
2072 2090 2351 2158 deitatem,
2375 2108 2495 2164 quae
2524 2091 2668 2163 ignis
2696 2098 2796 2160 est,
2818 2097 3104 2147 excoctum
3137 2089 3194 2144 in
3232 2095 3421 2143 testam

1840 2178 2188 2248 purissimam
2224 2188 2412 2250 regnat
2451 2180 2509 2247 in
2556 2180 2729 2236 caelis.
2780 2178 3144 2246 Quaerendum
3176 2192 3303 2232 sane
3341 2181 3422 2231 est

1840 2283 1938 2324 cur
1966 2270 2263 2340 Apostolus
2287 2269 2491 2325 dixerit
2520 2287 2531 2325 :
2582 2294 2599 2317 ι
2629 2269 2848 2326 Etenim
2889 2272 3035 2325 Deus
3067 2276 3250 2323 noster
3279 2266 3423 2337 ignis

1841 2372 2168 2415 consumens
2196 2369 2277 2415 est
2301 2360 2484 2429 (Hebr.
2508 2376 2610 2427 xu,
2643 2361 2735 2429 29)
2765 2378 2778 2425 ;
2812 2384 2829 2405 -
2864 2361 3009 2415 Deus
3038 2358 3184 2415 enim
3215 2364 3419 2423 noster,

1842 2446 1936 2517 qui
1966 2447 2109 2517 ignis
2137 2448 2320 2514 vivus,
2354 2448 2577 2503 divinus
2635 2455 2689 2503 et
2741 2455 2976 2503 aeternus
3023 2455 3123 2512 est,
3151 2462 3261 2501 non
3292 2447 3423 2500 istas

1842 2534 2098 2590 materias
2133 2536 2462 2607 corporales,
2509 2534 2603 2590 sed
2657 2536 3019 2590 conscientias
3073 2542 3420 2606 peccatorum

1841 2621 2138 2689 consumit,
2168 2629 2222 2676 et
2275 2622 2332 2676 in
2370 2622 2454 2677 sui
2497 2620 2760 2677 charitate
2787 2622 2948 2677 corda
2975 2629 3161 2677 nostra
3188 2637 3423 2676 succen-

1841 2710 1944 2765 dit.
1976 2711 2048 2765 Et
2076 2709 2201 2766 ideo
2229 2710 2428 2781 angeli,
2462 2710 2556 2782 qui
2587 2710 2734 2781 pleni
2766 2717 2894 2765 sunt
2923 2708 3206 2776 charitate,
3235 2716 3288 2762 et
3318 2708 3421 2779 ipsi

1842 2799 1987 2871 ignis
2012 2800 2353 2871 appellantur
2386 2799 2558 2870 (Psal.
2588 2815 2701 2866 cur,
2741 2798 2818 2868 4).
2852 2798 2955 2854 Sed
3003 2807 3056 2853 et
3096 2797 3266 2852 sancti
3305 2798 3421 2868 qui-

1843 2903 1969 2960 que,
1998 2889 2088 2960 qui
2124 2888 2222 2943 illo
2268 2887 2391 2960 igne
2438 2888 2647 2943 accensi
2698 2895 2842 2953 sunt,
2891 2885 2958 2941 de
2999 2902 3107 2957 quo
3153 2886 3422 2942 Dominus

1841 2977 1919 3032 ait
1954 2995 1965 3032 :
2012 3001 2030 3024 ι
2058 2977 2238 3048 Ignem
2270 2977 2397 3031 veni
2425 2976 2641 3032 mittere
2673 2976 2728 3031 in
2756 2984 2976 3043 terram,
3017 2983 3071 3030 et
3100 2991 3261 3047 quam
3291 2977 3419 3032 volo

3060 3072 3113 3119 et
3169 3064 3363 3119 iterum
3402 3080 3414 3118 :

1853 3178 1871 3200 ι
1897 3152 2019 3208 Sint
2050 3153 2224 3209 lumbi
2256 3152 2425 3210 vestri
2456 3154 2756 3224 prrecincti,
2788 3161 2841 3208 et
2888 3154 3121 3208 lucerna:
3169 3153 3420 3208 ardentes

1839 3238 1898 3296 in
1928 3240 2181 3296 manibus
2208 3241 2405 3297 vestris
2464 3241 2625 3310 (Ibid.
2687 3240 2801 3311 35).
2835 3264 2854 3286 ρ
2900 3241 2977 3295 De
3030 3256 3138 3311 quo
3188 3248 3241 3294 et
3278 3240 3420 3310 Apo-

1840 3332 2013 3387 stolus
2044 3331 2157 3386 ait:
2212 3356 2229 3379 ε
2280 3330 2487 3402 Spiritu
2517 3330 2813 3395 ferventes,
2842 3328 3078 3384 Domino
3120 3329 3419 3384 servientes

1842 3420 2017 3490 (Rom.
2051 3436 2151 3487 xu,
2187 3420 2298 3489 11).
2341 3444 2358 3465 ι
2402 3419 2543 3488 Ergo
2564 3417 2788 3473 divinus
2816 3432 2995 3474 sermo
3026 3417 3231 3487 ignitus
3259 3422 3418 3471 estet

1839 3505 2075 3563 fervens.
2111 3506 2267 3574 Quod
2302 3508 2414 3579 ipse
2462 3507 2731 3563 Dominus
2768 3507 3087 3578 comprobat
3132 3506 3319 3561 dicens
3349 3505 3415 3560 ad

1837 3594 2124 3651 Jeremiam
2178 3596 2537 3667 prophetam:
2584 3618 2602 3641 ι
2660 3595 2800 3650 Ecce
2851 3593 2977 3649 dedi
3016 3594 3181 3650 verba
3212 3610 3328 3649 mea
3359 3593 3415 3649 in

1838 3698 1929 3739 ore
1964 3692 2059 3739 tuo
2097 3683 2238 3738 sicut
2269 3683 2446 3753 ignem
2483 3683 2695 3753 (Jerem.
2725 3700 2782 3751 γ,
2821 3682 2947 3753 14);
2978 3708 2996 3728 -
3045 3699 3204 3755 quem
3235 3683 3414 3751 ignem

1838 3770 1981 3827 intra
2010 3788 2066 3827 se
2093 3772 2207 3843 ipse
2236 3771 2498 3843 propheta
2526 3778 2916 3826 exaestuantem
2939 3769 3179 3826 declarat
3206 3769 3410 3824 dicens:

1850 3883 1869 3906 ι
1914 3860 2246 3931 Factumque
2301 3866 2382 3916 est
2438 3859 2495 3914 in
2529 3859 2692 3914 corde
2722 3874 2843 3913 meo
2880 3858 3036 3930 quasi
3086 3858 3231 3927 ignis
3276 3872 3414 3911 exae-

1835 3956 2022 4005 stuans
2055 3948 2170 4018 (21)
2205 3947 2367 4018 (Ibid.
2396 3962 2494 4014 xx,
2525 3946 2605 4017 9).
2641 3971 2659 3994 ι
2701 3945 2857 4011 Quod
2896 3962 3021 4016 ergo
3051 3944 3261 4000 dictum
3298 3949 3409 3998 est:

1851 4058 1870 4082 ι
1899 4037 2045 4092 Deus
2079 4043 2264 4091 noster
2318 4033 2460 4107 ignis
2514 4049 2841 4090 consumens
2895 4041 2995 4101 est,
3037 4058 3057 4082 ι
3100 4032 3177 4088 ita
3204 4031 3413 4087 dictum

1838 4133 1939 4194 est,
1971 4141 2080 4180 non
2111 4140 2217 4197 quo
2239 4125 2383 4179 Deus
2400 4123 2493 4195 qni
2515 4123 2742 4194 spiritus
2771 4129 2870 4191 est,
2896 4121 3037 4194 ignis
3066 4121 3167 4189 sit;
3193 4122 3284 4177 sed
3306 4135 3415 4193 quo

1829 4213 2334 4287 justosilluminet,
2367 4212 2763 4268 sustinentibus
2817 4229 2946 4267 vero
3000 4227 3213 4284 poenam
3270 4212 3413 4284 ignis

1836 4319 1950 4359 esse
1980 4302 2250 4359 videatur.
2282 4302 2408 4357 Haec
2435 4300 2501 4356 de
2538 4319 2601 4357 eo
2630 4301 2775 4374 quod
2797 4302 3006 4359 dictum
3038 4308 3118 4358 est
3157 4319 3167 4356 :
3214 4325 3233 4347 ι
3270 4303 3413 4357 Deus

157 4401 264 4443 non
318 4404 428 4460 quo
484 4388 755 4462 dispereat
810 4396 1005 4444 natura
1057 4403 1348 4459 corporum
1414 4398 1723 4448 sanctorum
1756 4416 1805 4474 Ι)
1836 4399 2020 4447 noster
2047 4390 2188 4463 ignis
2215 4406 2542 4447 consumens
2570 4398 2671 4447 est.
2703 4416 2721 4439 ι
2770 4390 2926 4448 Nunc
2950 4391 3018 4447 ad
3052 4390 3300 4448 ordinem
3332 4405 3411 4445 re-

159 4488 492 4549 nostrorum,
522 4481 617 4539 sed
644 4497 752 4553 quo
780 4478 1158 4551 corruptivum
1190 4478 1294 4535 hoc
1319 4479 1511 4535 induat
1538 4480 1725 4538 incor-

163 4570 485 4639 ruptionem,
518 4569 661 4627 sicut
688 4568 834 4626 idem
856 4567 1173 4640 comprobat
1192 4568 1486 4640 Apostolus
1512 4569 1718 4628 dicens:

176 4681 194 4705 ι
219 4661 304 4719 Sic
325 4672 378 4719 et
404 4666 731 4722 resurrectio
760 4671 1104 4721 mortuorum
1129 4682 1143 4731 ;
1190 4664 1491 4719 seminatur
1520 4664 1578 4720 in
1607 4679 1722 4721 cor-

166 4751 427 4821 ruptione,
455 4761 638 4825 surget
694 4753 752 4809 in
798 4752 1254 4823 incorruptione:
1316 4752 1620 4807 seminatur
1667 4752 1723 4809 in

165 4832 515 4909 ignobilitate,
548 4848 731 4915 surget
761 4842 817 4896 in
852 4840 1025 4912 gloria
1056 4856 1069 4893 :
1119 4840 1421 4896 seminatur
1468 4839 1525 4893 in
1573 4838 1721 4895 infir-

165 4923 358 4997 mitate,
415 4938 600 5001 surget
629 4930 687 4985 in
715 4930 925 4986 virtute
962 4945 973 4983 :
1021 4931 1323 4985 seminatur
1371 4944 1571 4998 corpus
1607 4927 1721 4981 ani-

229 5061 338 5133 (15)
393 5065 590 5121 Eadem
634 5066 792 5123 Rom.
827 5065 984 5133 edit.,
1017 5073 1402 5123 sacramentum
1429 5077 1484 5118 se
1510 5075 1723 5133 vergens

165 5131 287 5205 alter
310 5131 577 5205 propheta.

232 5204 346 5279 (16)
372 5204 570 5262 Eadem
597 5210 753 5266 Rom.
786 5209 943 5275 edit.,
976 5209 1130 5279 quasi
1158 5209 1382 5273 diceret;
1442 5225 1557 5262 cum
1582 5223 1723 5277 pro-

161 5269 430 5350 Phe‘teihcgc
456 5279 713 5350 emiirem,
744 5281 883 5350 quod
911 5269 1161 5346 uidelicet,
1192 5286 1295 5333 etc.

232 5343 339 5415 (l7)
370 5346 566 5404 Eadem
600 5343 940 5418 Rotufedit”
968 5351 1057 5405 ille
1085 5343 1179 5413 est,
1209 5348 1301 5418 qui
1329 5348 1556 5402 hominis
1579 5347 1722 5403 illius

166 5423 333 5489 cuer
360 5419 479 5487 egit,
508 5421 617 5489 qui,
654 5430 756 5477 etc.

228 5484 338 5552 (18)
374 5484 531 5543 Rom:
558 5484 709 5558 edit.,
742 5490 1072 5545 contrarium
1106 5496 1249 5543 tuum
1270 5491 1298 5545 ?
1326 5504 1439 5543 sum
1467 5486 1727 5558 amentia

165 5551 387 5613 iocum?
410 5560 485 5614 Et
519 5576 615 5616 cur
651 5551 757 5617 non
802 5561 974 5634 fecisti
1029 5561 1327 5631 iniquitatis
1353 5575 1478 5612 metu
1509 5556 1723 5617 oblivia,-

1834 4489 2128 4537 vertamur.

1903 4578 2129 4637 CAPUT
2145 4578 2395 4635 XXII.—
2419 4579 2705 4648 Quomodo
2721 4596 2847 4649 ergo
2877 4579 3202 4634 resurrectio
3232 4573 3413 4631 carnis

1832 4677 2077 4741 negatur,
2100 4684 2226 4724 cum
2256 4669 2431 4723 multo
2461 4678 2585 4723 ante
2613 4684 2708 4738 per
2738 4668 3053 4737 prophetam
3087 4680 3154 4717 ex
3188 4675 3411 4731 persona

1832 4773 1930 4812 sua
1948 4758 2219 4812 Dominus
2234 4756 2484 4813 Christus
2513 4755 2718 4809 dixerit
2742 4770 2753 4806 :
2774 4776 2792 4797 ι
2815 4752 2952 4807 Caro
2982 4766 3101 4804 mea
3122 4747 3411 4818 requiescit

1831 4844 1891 4898 in
1918 4860 2010 4913 spe
2028 4845 2198 4923 (,Psal.
2226 4858 2320 4907 xv,
2343 4844 2400 4909 9)
2423 4859 2436 4905 ;
2458 4849 2545 4893 -et
2580 4840 2636 4893 in
2671 4840 2781 4892 alio
2810 4840 2948 4892 loco:
2971 4836 3129 4891 «Caro
3156 4834 3273 4904 ejus
3300 4850 3409 4890 non

1831 4922 2051 4985 videbit
2075 4929 2479 4999 corruptionem
2524 4926 2657 4995 (Isa.
2702 4940 2819 4989 LIII,
2851 4924 2949 4991 9);
2999 4946 3018 4970 ι
3060 4931 3115 4977 et
3163 4922 3406 4978 iterum:

1828 5078 1964 5127 nem,
1996 5068 2043 5114 et
2068 5056 2486 5130 puriﬁcationem
2503 5055 2698 5130 peccati
2728 5055 2874 5130 mei?

1906 5122 2021 5201 (l9)
2068 5122 2269 5185 Eadem
2312 5128 2468 5201 llom.
2502 5122 2659 5190 edit.,
2692 5124 2807 5177 steti
2852 5140 2947 5194 per
2978 5130 3139 5179 totum
3168 5124 3324 5190 diem,
3365 5132 3413 5179 et

1832 5196 2192 5272 super'castre
2222 5196 2335 5272 steti
2375 5201 2477 5247 tota
2508 5201 2666 5272 nocte.

1907 5267 2022 5341 (20)
2056 5269 2257 5325 Eadem
2290 5268 2441 5321 Rom.
2476 5263 2632 5330 edit.,
2664 5270 2711 5317 et
2734 5263 2863 5332 quid
2890 5266 3006 5319 volo
3028 5265 3132 5318 nisi
3156 5270 3215 5319 ut
3239 5280 3409 5319 accen-

1832 5343 2012 5397 datur.

1909 5414 2024 5481 (21)
2059 5409 2259 5484 Eadem
2292 5409 2448 5484 Rom.
2484 5404 2641 5484 edit.,
2673 5403 2870 5484 factum
2907 5413 2999 5484 est.
3038 5407 3229 5479 inquit,
3257 5408 3413 5477 quasi

1830 5475 1967 5555 ignis
1991 5475 2206 5543 ardens,
2234 5479 2534 5533 comburens
2566 5476 2621 5527 in
2657 5475 2856 5528 ossibus
2884 5477 3027 5535 meis.
