3864 6188
415 304 521 369 ωδ
1427 295 1523 351 AD
1561 292 1792 350 OPERA
1824 257 1915 349 "si
1927 258 2260 349 AMBnosn
2298 283 2675 344 APPENDIX.
3594 286 3705 348 σοι

430 467 452 491 ι
471 439 761 519 Sepultura
788 436 905 513 ejus
933 431 1149 492 sublata
1175 439 1255 487 est
1278 426 1394 501 (22)
1412 427 1444 519 ἓ(
1454 427 1587 481 Ibid.
1621 426 1710 497 10)
1736 442 1750 493 ;
1787 450 1805 474 ι
1831 433 1885 481 et
1911 427 2008 481 ite-
2036 427 2087 485 A
2114 425 2231 492 bor,
2263 423 2397 479 dum
2424 415 2864 475 manifestabitur
2888 414 3028 471 mihi
3057 416 3227 488 gloria
3257 424 3353 473 tua
3384 418 3569 487 (Psal.
3596 436 3705 489 sv,

419 514 555 593 rum?
576 547 588 586 :
609 552 627 575 ι
649 528 719 583 Et
747 524 958 581 videbit
986 521 1169 578 omnis
1197 534 1322 575 caro
1351 516 1587 571 salutare
1619 515 1718 569 Dei
1742 514 1878 584 (Isa.
1913 530 2006 581 XL,

419 621 503 694 ὅ),
534 644 553 667 ι
598 625 651 674 et
698 617 896 672 iterum
930 627 945 666 τ
993 634 1012 659 ι
1041 610 1241 666 Veniet
1290 605 1471 662 omnis
1498 619 1643 670 caro,
1677 619 1797 675 qua:
1825 603 2009 658 adora-

419 691 545 767 tura
572 714 654 767 est
682 705 740 760 in
769 707 1067 772 conspectu
1094 694 1319 753 Domini
1348 692 1468 765 (23)
1502 693 1637 765 (lsa.
1670 708 1825 758 xmx,
1856 691 1997 761 23),.

422 796 481 856 id
505 805 607 866 est,
637 802 730 850 aut
762 793 821 847 in
849 786 1148 845 Ierusalem
1176 784 1406 851 cmlesti,
1438 791 1533 840 aut
1581 781 1641 837 in
1688 781 1837 838 omni
1887 782 2009 836 loco

421 886 517 943 ubi
557 880 850 945 corruerit,
891 882 986 932 aut
1037 875 1249 947 sepulta
1297 871 1485 938 fuerit,
1541 871 1841 926 secundum
1871 869 2010 925 illud

420 970 671 1046 Apostoli
704 983 717 1022 :
755 990 774 1014 ι
795 966 940 1023 Volo
968 964 1119 1020 viros
1147 977 1302 1018 orare
1332 960 1389 1016 in
1417 959 1570 1016 omni
1600 960 1740 1027 loco,
1768 959 2010 1015 levantes

422 1081 619 1125 manus
648 1060 917 1127 mundas;
949 1081 969 1107 ›
1012 1058 1059 1114 si
1099 1056 1245 1113 enim
1307 1056 1408 1125 sol,
1466 1055 1563 1128 qui
1613 1063 1859 1113 creatura
1907 1061 2007 1121 est,

422 1155 514 1215 cui
545 1151 860 1228 praecipitur
893 1155 963 1204 ut
1014 1146 1245 1211 oriatur,
1289 1145 1347 1199 in
1376 1144 1529 1200 omni
1572 1142 1703 1198 orbe
1742 1150 2011 1198 terrarum

424 1244 667 1309 videtur,
698 1256 763 1297 ac
812 1237 993 1294 radios
1048 1251 1174 1292 suos
1229 1233 1519 1300 extendit;
1577 1237 1783 1306 quanto
1843 1230 2013 1302 magis

424 1339 637 1392 creator
662 1336 718 1385 et
744 1328 1093 1399 omnipotens
1119 1326 1262 1380 Deus
1292 1324 1350 1378 in
1385 1326 1528 1386 336
1572 1319 1725 1375 omni
1767 1320 2013 1376 creden-

427 1428 533 1488 dus
561 1436 642 1485 est
670 1427 968 1484 consistere
1005 1423 1126 1479 loco
1159 1421 1275 1493 (24)
1296 1420 1326 1477 ?
1352 1419 1454 1477 Cui
1510 1416 1783 1490 Propheta
1829 1415 1965 1473 dicit
1997 1432 2009 1472 :

439 1545 463 1571 ι
490 1521 610 1595 Quo
635 1518 728 1577 ibo
753 1533 784 1572 a
807 1515 947 1572 facie
976 1513 1112 1570 tua?
1158 1510 1216 1568 Si
1264 1508 1594 1567 descendero
1624 1506 1681 1563 in
1711 1505 2012 1572 infernum,

428 1609 558 1669 ades
584 1609 759 1682 (Psal.
805 1620 1073 1673 cxxxvm,
1104 1602 1137 1659 7
1164 1607 1213 1657 et
1239 1600 1321 1671 8),
1355 1624 1374 1649 ι
1419 1608 1474 1656 et
1518 1606 1732 1656 caetera.
1780 1596 1838 1653 Si
1888 1608 2013 1668 ergo

430 1700 615 1758 omnis
650 1712 776 1754 caro
807 1693 1098 1751 adoratura
1126 1700 1207 1762 est
1247 1689 1565 1759 Dominum,
1597 1694 1652 1744 et
1682 1702 1712 1743 e
1740 1684 2014 1745 contrario

429 1789 709 1851 cadavera
737 1786 984 1843 virorum
1012 1782 1107 1859 qui
1151 1780 1493 1856 praevaricati
1541 1787 1669 1835 sunt
1718 1777 1777 1832 in
1821 1777 2017 1844 Deum,

432 1880 652 1943 cateruis
676 1877 965 1935 tradentur
993 1873 1313 1942 ardoribus;
1364 1873 1423 1928 in
1468 1878 1757 1941 utramque
1804 1873 2012 1941 partem

431 1983 564 2030 vera
586 1967 768 2027 carnis
796 1966 902 2023 erit
930 1964 1277 2020 resurrectio.
1311 1960 1383 2017 Et
1421 1958 1544 2015 ideo
1570 1974 1671 2015 nec
1698 1955 1766 2013 ad
1813 1956 2014 2013 dexte-

431 2074 571 2128 ram,
595 2073 697 2121 nec
729 2056 798 2113 ad
828 2053 1107 2111 sinistram
1151 2051 1220 2107 ab
1260 2050 1365 2106 hac
1410 2055 1599 2105 sancta
1642 2054 1698 2102 et
1745 2044 2015 2103 catholica

431 2146 541 2212 ﬁde
573 2144 963 2204 declinandum
995 2140 1155 2198 nobis
1185 2146 1287 2207 est,
1328 2137 1385 2193 id
1409 2144 1490 2193 est
1518 2141 1580 2190 ut
1607 2149 1707 2190 nec
1730 2132 2013 2204 judaicum

431 2253 536 2301 nec
587 2233 908 2291 baereticum
961 2245 1199 2287 errorem
1248 2241 1567 2301 sequamur;
1617 2238 1849 2297 quorum
1894 2220 2013 2290 alii,

432 2328 529 2403 qui
558 2326 803 2384 carnales
835 2330 985 2392 sunt,
1027 2321 1171 2378 solas
1196 2319 1437 2390 diligunt
1461 2331 1684 2380 carnes;
1716 2313 1810 2368 alii
1841 2312 2014 2383 ingra-

431 2398 479 2479 ti
498 2412 891 2474 beneﬁciorum
922 2409 1020 2467 Dei
1051 2407 1251 2464 habere
1289 2406 1613 2474 detrectant,
1643 2400 1789 2476 quod
1816 2398 2016 2457 Domi-

432 2520 540 2564 nus
586 2503 741 2561 Iesus
791 2499 1042 2559 Christus
1081 2504 1136 2552 et
1175 2501 1333 2551 natus
1375 2492 1593 2561 habuit,
1636 2497 1690 2547 et
1734 2502 2016 2562 resurgens

433 2591 675 2676 possidet
703 2591 763 2648 in
811 2594 1098 2644 aeternum.
1149 2583 1275 2639 Haec
1308 2590 1389 2639 est
1428 2582 1575 2637 enim
1613 2595 1745 2635 vera
1782 2592 2013 2634 resurre-

433 2667 568 2751 ctio,
599 2696 723 2757 qua:
754 2679 833 2736 sic
859 2676 1089 2751 gloriam
1118 2673 1272 2732 carni
1300 2671 1520 2740 tribuit,
1551 2678 1614 2726 ut
1656 2684 1767 2725 non
1809 2667 2016 2723 auferat

433 2754 742 2838 veritatem,
778 2768 920 2825 sicut
944 2765 1057 2838 jam
1090 2763 1299 2821 dictum
1348 2754 1446 2831 est,
1492 2759 1629 2817 dicit
1674 2756 1967 2831 Apostolus
1999 2772 2012 2809 :

447 2882 467 2909 ι
490 2857 859 2930 Corruptibile
878 2854 981 2909 hoc
1001 2851 1192 2906 induet
1208 2848 1695 2919 incorruptionem,
1719 2855 1772 2902 et
1792 2843 2017 2901 mortale

433 2945 544 3003 hoc
587 2944 778 2998 induet
822 2938 1294 2995 immortalitatem
1327 2936 1385 3006 (Ι
1415 2936 1540 2991 Cor.
1584 2950 1682 3001 xv,
1724 2933 1855 3004 53);
1897 2956 1916 2981 ι
1967 2939 2021 2988 et

435 3035 638 3098 iterum
672 3048 743 3086 ;‹‹
765 3029 1034 3086 Nolumus
1078 3027 1247 3097 igitur
1272 3025 1521 3098 spoliari,
1562 3051 1581 3075 ι
1635 3024 1869 3081 subaudi
1907 3040 2019 3080 car-

434 3137 542 3193 ne;
610 3143 630 3168 ι
667 3118 762 3177 sed
803 3114 1126 3191 superindui
1168 3114 1452 3190 cupientes
1504 3114 1737 3188 gloriam
1790 3129 1909 3185 quae
1956 3113 2024 3169 de

436 3213 575 3271 coelo
599 3220 680 3269 est
711 3210 829 3284 (25)
857 3228 871 3278 ;
903 3235 922 3259 ι
961 3216 1015 3265 et
1034 3208 1231 3264 iterum
1260 3223 1272 3261 :
1313 3230 1332 3254 ι
1361 3207 1430 3263 Ut
1460 3204 1649 3262 vestiti
1675 3212 1728 3260 et
1752 3219 1862 3261 non
1887 3203 2020 3261 nudi

435 3300 787 3360 inveniamur
817 3300 907 3374 (II
925 3298 1050 3357 Cor.
1082 3314 1138 3367 v,
1170 3296 1253 3371 2),
1280 3302 1343 3352 ut
1374 3294 1667 3354 devoretur
1696 3294 1840 3368 quod
1872 3309 2018 3350 mor-

435 3393 547 3456 tale
570 3399 672 3465 est,
702 3407 735 3448 a
761 3390 878 3446 vita
907 3387 1068 3461 (Ibid.
1117 3386 1172 3455 3,
1219 3384 1299 3457 4).
1332 3408 1351 3432 ›
1397 3383 1569 3441 Nemo
1611 3400 1737 3455 ergo
1779 3383 2021 3455 superin-

436 3481 646 3551 duitur,
672 3477 782 3537 nisi
811 3475 906 3553 qui
934 3482 1060 3530 ante
1089 3474 1322 3533 vestitus
1350 3479 1430 3527 est
1458 3491 1472 3539 ;
1502 3473 1644 3529 sicut
1674 3481 1728 3529 et
1755 3472 2023 3528 Dominus

436 3581 644 3644 noster,
676 3572 771 3643 qui
805 3571 864 3629 in
898 3575 1086 3624 monte
1118 3566 1534 3638 transﬁguratus
1570 3573 1651 3620 est
1680 3565 1738 3619 in
1770 3565 2020 3639 gloriam,

439 3669 573 3723 tunc
599 3656 822 3731 quando
863 3656 1090 3726 Moysen
1132 3662 1186 3709 et
1216 3655 1392 3709 Eliam
1432 3655 1499 3709 ad
1527 3654 1901 3710 testimonium
1931 3668 2023 3708 ex-

437 3746 622 3809 hibuit
649 3760 811 3803 suum
844 3742 1054 3818 (Matth.
1082 3758 1225 3813 xvu,
1258 3740 1316 3815 3)
1342 3759 1356 3809 ;
1394 3740 1552 3813 cujus
1575 3756 1686 3796 non
1708 3742 1886 3796 solum
1907 3756 2022 3799 ves-

436 3836 688 3911 timenta,
720 3834 818 3895 sed
847 3840 901 3891 et
927 3832 1095 3891 facies
1126 3830 1371 3905 fulgebat
1417 3836 1479 3886 ut
1526 3830 1646 3898 sol;
1700 3828 1795 3885 ubi
1842 3837 2021 3889 autem

437 3928 604 3989 facies
641 3927 984 3995 nominatur,
1014 3923 1229 3987 aestimo
1263 3921 1410 4000 quod
1448 3927 1503 3977 et
1542 3927 1742 3981 caetera
1784 3919 2025 3977 membra

436 4025 727 4093 conspecta
751 4017 881 4073 sint.

507 4105 736 4167 CAPUT
763 4102 967 4166 XXIII.
989 4131 1061 4147 —
1078 4102 1164 4165 Ad
1190 4102 1333 4164 hanc
1361 4100 1530 4176 igitur
1554 4097 2019 4169 clariﬁcationem,

432 4191 570 4273 justi
623 4209 813 4253 omnes
874 4194 932 4250 in
992 4193 1392 4251 resurrectione
1462 4190 2021 4261 transformabuntur,

437 4280 703 4358 probante
724 4280 831 4337 hoc
852 4280 1057 4338 Joanne
1076 4281 1413 4351 evangelista
1438 4295 1502 4335 ac
1533 4279 1750 4337 dicente
1782 4294 1794 4337 :
1834 4300 1852 4325 ι
1886 4277 2022 4336 Cha-

437 4366 665 4439 rissimi,
696 4365 800 4425 ﬁlii
837 4365 936 4425 Dei
967 4381 1176 4433 sumus,
1208 4374 1261 4423 et
1306 4366 1549 4421 nondum
1599 4366 1852 4441 apparuit
1891 4363 2023 4439 quid

2126 513 2234 581 i5).
2274 537 2291 560 ι
2333 513 2633 580 Resurgent
2660 522 2788 579 ergo
2823 520 3051 577 corpora
3095 512 3279 560 nostra
3322 506 3383 561 in
3436 514 3706 564 aeternum

2122 609 2213 656 aut
2238 599 2303 655 ad
2334 597 2561 670 gloriam
2598 602 2692 652 aut
2733 609 2945 667 poenam
2977 608 3234 649 mansura
3258 595 3423 666 (Dan.
3471 613 3582 664 ιιι,
3626 598 3704 669 2).

2122 690 2291 761 Cujus
2316 694 2481 743 testes
2507 691 2636 741 sunt
2660 682 2812 741 Elias
2833 690 2890 739 et
2914 681 3161 750 Henoch,
3183 682 3278 755 qui
3305 699 3403 755 per
3429 691 3517 741 tot
3541 686 3707 743 series

2121 791 2389 833 annorum
2416 776 2494 831 ita
2514 788 2685 847 usque
2710 772 2779 829 ad
2807 769 3108 830 secundum
3138 771 3440 828 adventum
3474 773 3702 835 Domini

2122 866 2323 927 Christi
2344 871 2681 937 permanent.
2712 860 2869 929 Quod
2900 860 2975 915 ita
3013 873 3128 914 esse
3155 859 3481 930 comprobat
3506 859 3701 920 beatus

2120 956 2222 1013 Job
2246 955 2432 1011 dicens
2461 970 2473 1009 :
2521 979 2538 1000 ι
2562 952 2686 1008 Scio
2715 950 2843 1023 quia
2880 947 3210 1018 Redemptor
3258 962 3415 1003 meus
3451 948 3621 1017 vivit,
3651 959 3704 1008 et

2123 1044 2180 1099 in
2218 1043 2518 1100 novissimo
2547 1041 2635 1097 die
2664 1040 2731 1096 de
2759 1046 2905 1094 terra
2940 1043 3284 1095 surrecturus
3312 1053 3467 1104 sum;
3510 1047 3566 1095 et
3592 1056 3705 1095 rur-

2123 1150 2214 1191 sus
2242 1130 2620 1189 circumdabor
2650 1128 2788 1199 pelle
2818 1143 2957 1194 mea,
2980 1132 3035 1181 et
3056 1126 3114 1181 in
3134 1140 3300 1183 carne
3346 1140 3473 1182 mea
3506 1127 3703 1187 videbo

2130 1221 2325 1277 Deum.
2358 1218 2611 1291 Reposita
2637 1225 2720 1272 est
2748 1214 2864 1271 hinc
2890 1229 3013 1286 spes
3041 1229 3162 1269 mea
3197 1213 3255 1268 in
3281 1212 3409 1269 sinu
3441 1213 3563 1286 (26)
3588 1232 3701 1271 meo

2128 1310 2247 1381 (Job
2280 1324 2399 1377 xix,
2442 1307 2515 1364 25
2546 1312 2594 1362 et
2632 1305 2745 1376 27).
2798 1330 2818 1354 ι
2871 1303 3211 1359 Erubescant
3258 1317 3387 1373 ergo
3436 1302 3698 1373 haeretici,

2125 1395 2220 1470 qui
2254 1397 2463 1451 aerium
2512 1401 2608 1450 aut
2642 1391 3046 1465 phantasticum
3089 1405 3290 1461 corpus
3334 1397 3434 1445 aut
3481 1391 3699 1449 Domini

2125 1486 2312 1554 fuisse,
2336 1493 2430 1541 aut
2449 1481 2945 1556 metempsychosin
2966 1480 3332 1537 mentiuntur.

2194 1576 2421 1635 CAPUT
2450 1575 2654 1631 XXIV.
2686 1603 2758 1616 —
2789 1572 2932 1628 Satis
2963 1586 3024 1627 re
3064 1585 3196 1627 vera
3243 1569 3480 1642 impium
3521 1577 3603 1627 est
3647 1578 3699 1627 et

2125 1664 2413 1738 injustum,
2443 1671 2507 1720 ut
2531 1663 2651 1731 Job,
2681 1661 2775 1736 qui
2799 1659 2975 1718 oculis
3000 1658 3113 1715 suis
3144 1658 3376 1715 vulnera
3403 1659 3693 1731 conspexit

2048 1773 2094 1834 Β
2122 1772 2242 1824 sua,
2283 1762 2341 1811 et
2383 1751 2701 1827 putredines
2744 1765 2809 1807 ac
2843 1764 3059 1805 vermes
3098 1748 3344 1820 corporis
3388 1749 3473 1804 sui
3521 1746 3707 1805 mani-

2122 1846 2227 1903 bus
2254 1843 2499 1917 palpavit
2526 1842 2640 1898 suis
2669 1839 2791 1911 (Job
2819 1854 2921 1905 vn,
2945 1837 3028 1908 ὅ),
3058 1836 3118 1892 in
3145 1836 3307 1892 aliam
3349 1835 3571 1893 dicatur
3616 1844 3704 1893 aut

2124 1950 2341 1994 carnem
2382 1940 2475 1989 aut
2500 1931 2739 1990 animam
2764 1941 3062 2000 resurgere.
3091 1925 3245 1993 Quod
3270 1941 3396 1997 ergo
3441 1925 3513 1982 de
3546 1926 3704 1983 beato

2124 2029 2225 2087 Iob
2262 2028 2525 2093 diximus,
2577 2025 2684 2083 hoc
2716 2021 2785 2079 de
2831 2023 3013 2090 Petro,
3055 2021 3159 2077 hoc
3190 2019 3253 2075 de
3289 2020 3478 2086 Paulo,
3526 2028 3585 2075 et
3631 2019 3703 2076 de

2125 2115 2382 2174 omnibus
2424 2113 2627 2171 sanctis
2669 2110 2763 2185 qui
2816 2109 3052 2166 diversis
3110 2123 3206 2180 pro
3245 2109 3356 2163 Deo
3406 2109 3707 2164 tormentis

2126 2206 2336 2262 animas
2365 2210 2682 2275 posuerunt.
2730 2198 3008 2269 Quaeritur
3039 2213 3169 2255 sane
3213 2196 3457 2253 illusorie
3486 2213 3520 2252 α
3548 2198 3705 2253 nobis

2126 2294 2194 2351 ab
2222 2292 2517 2360 haereticis,
2546 2297 2735 2347 utrum
2775 2288 2834 2343 in
2874 2284 3272 2344 resurrectione
3311 2283 3606 2341 diversitas
3631 2300 3706 2341 se-

2124 2397 2232 2439 xus
2260 2384 2350 2450 sit,
2382 2380 2440 2437 id
2467 2386 2549 2435 est
2575 2388 2627 2436 et
2670 2376 2889 2438 feminae
2927 2391 3052 2435 cum
3086 2375 3223 2433 viris
3252 2381 3539 2446 resurgant
3568 2374 3701 2445 (27),
3736 2390 3747 2397 -

2126 2472 2435 2545 ignorantes
2461 2467 2591 2527 eieci
2621 2467 2741 2540 (28)
2788 2464 3116 2523 sententiam
3162 2461 3387 2520 Domini
3426 2462 3701 2521 dicentis:

2137 2584 2158 2610 ι
2187 2561 2393 2633 Regina
2418 2558 2607 2616 Austri
2635 2564 2820 2628 surget
2849 2556 2908 2610 in
2931 2552 3147 2626 judicio
3177 2568 3303 2609 cum
3333 2552 3471 2608 viris
3494 2566 3703 2624 genera-

2127 2650 2296 2707 tionis
2324 2647 2511 2720 hujus,
2558 2653 2615 2702 et
2653 2641 3047 2703 condemnabit
3081 2657 3172 2698 eos
3202 2641 3355 2713 (Luc.
3402 2658 3483 2709 xx,
3530 2641 3644 2711 3i).
3674 2664 3692 2690 ι

2128 2739 2231 2796 Ubi
2260 2755 2387 2810 ergo
2415 2750 2543 2792 vera
2576 2750 2722 2802 caro,
2760 2733 2838 2790 ibi
2866 2731 3156 2788 diversitas
3190 2746 3356 2786 sexus
3384 2737 3504 2798 est;
3535 2737 3591 2787 et
3618 2728 3704 2785 ubi

2127 2827 2420 2884 diversitas
2466 2838 2651 2892 sexus,
2698 2821 2778 2878 ibi
2819 2821 3054 2879 Joannes
3098 2819 3333 2876 Joannes
3373 2826 3457 2875 est
3486 2818 3633 2890 (29),
3658 2826 3707 2872 et

2128 2916 2298 2973 Maria
2326 2913 2498 2971 Maria
2535 2920 2641 2969 est.
2670 2910 2812 2968 Vera
2849 2924 2974 2981 ergo
3005 2908 3189 2964 carnis
3241 2907 3572 2963 resurrectio
3597 2907 3707 2964 sine

2130 3002 2386 3076 operibus
2414 3001 2594 3059 carnis
2621 2999 2753 3067 erit;
2806 2998 2937 3072 quia
2962 2997 3108 3057 sicut
3135 2997 3361 3055 Veritas
3377 2998 3458 3053 ait
3489 3013 3504 3052 :
3547 3019 3568 3044 ι
3614 2997 3707 3053 Ne-

2054 3131 2097 3192 c
2131 3107 2236 3164 que
2263 3092 2491 3160 nubent,
2522 3103 2698 3162 neque
2727 3102 2926 3143 uxores
2958 3085 3248 3158 accipient,
3288 3086 3386 3142 sed
3435 3093 3603 3142 erunt
3636 3085 3707 3140 si-

2205 3186 2215 3192 .
2583 3191 2591 3192 κ
2654 3175 2693 3192 ιγ
2759 3174 2840 3192 ι..
3001 3188 3121 3192 ____
3185 3172 3271 3192 σπι.

2129 3186 2223 3237 cut
2256 3179 2434 3249 angeli
2473 3177 2531 3232 in
2569 3175 2706 3232 coelo
2755 3174 2969 3246 (Matth.
3001 3188 3144 3241 xm,
3184 3172 3298 3243 30).
3330 3197 3349 3224 ι
3390 3172 3707 3229 Similitudo

2130 3284 2259 3340 ergo
2289 3267 2449 3324 nobis
2473 3264 2718 3338 angelica
2740 3261 3103 3335 promittitur,
3127 3277 3239 3318 non
3262 3261 3577 3318 substantia
3603 3276 3707 3318 car-

2130 3357 2217 3413 nis
2244 3364 2506 3427 negatur;
2540 3351 2757 3426 quando
2788 3353 2936 3409 enim
2965 3350 3169 3407 dicitur
3200 3352 3456 3423 :«Neque
3480 3351 3707 3417 nubent,

2130 3459 2306 3516 neque
2335 3442 2612 3498 nubentur
2638 3457 2652 3507 ;
2686 3463 2705 3490 ι
2749 3439 2818 3496 de
2850 3439 2940 3497 bis
2966 3438 3174 3495 dicitur
3213 3438 3307 3511 qui
3355 3446 3593 3510 possunt
3620 3454 3707 3495 nu-

2131 3532 2277 3601 bere,
2313 3538 2367 3587 et
2395 3538 2576 3589 tamen
2604 3544 2714 3586 non
2736 3528 2967 3586 nubent.
2995 3528 3054 3585 Si
3079 3528 3221 3585 enim
3253 3526 3346 3586 hic
3376 3527 3439 3584 in
3470 3526 3581 3584 ista
3604 3527 3707 3583 vita

2132 3638 2251 3696 quae
2276 3620 2507 3678 tentatio
2535 3627 2615 3675 est
2646 3619 2763 3692 (30)
2810 3634 2973 3691 super
3018 3626 3242 3683 terram,
3279 3616 3445 3675 multi
3493 3625 3710 3690 propter

2130 3726 2364 3785 regnum
2419 3709 2684 3767 oculorum
2731 3705 3050 3781 semetipsos
3102 3713 3424 3775 castrantes,
3472 3719 3591 3762 non
3619 3721 3706 3763 nu-

2129 3811 2301 3878 bunt;
2338 3818 2393 3867 et
2418 3824 2531 3866 non
2580 3809 2760 3866 solum
2815 3804 2946 3874 viri,
2987 3803 3082 3860 sed
3117 3805 3280 3861 etiam
3309 3803 3558 3871 feminae,
3590 3803 3704 3871 hoc,

2130 3900 2351 3960 Christo
2375 3897 2626 3973 juvante,
2667 3896 2877 3955 faciunt
2910 3912 2922 3950 :
2953 3901 3158 3967 quanto
3189 3893 3362 3964 magis
3390 3892 3501 3949 hoc
3527 3892 3587 3947 in
3621 3890 3706 3946 illa

2129 3993 2287 4051 beata
2314 3991 2431 4048 vita
2457 4007 2568 4047 non
2599 3989 2845 4046 dicamus
2872 3986 3012 4056 ﬁeri,
3039 3985 3133 4042 sed
3167 3984 3283 4057 (3i)
3329 3998 3434 4042 nec
3477 3983 3705 4056 cogitare

2131 4082 2354 4139 licebitl
2412 4078 2758 4139 Catholicam
2805 4092 2933 4150 ergo
2976 4082 3030 4132 et
3056 4081 3267 4132 rectum
3305 4081 3389 4131 est
3416 4082 3705 4145 utrumque

2131 4187 2323 4228 sexum
2352 4169 2412 4226 in
2441 4169 2623 4226 carnis
2664 4166 3062 4225 resurrectione
3090 4163 3211 4221 sine
3241 4180 3407 4221 sexus
3458 4163 3705 4237 operibus

2130 4260 2380 4320 conﬁteri
2413 4274 2425 4313 :
2457 4273 2605 4325 cum,
2632 4264 2694 4314 ut
2740 4257 2853 4331 jam
2899 4255 3112 4312 dictum
3162 4261 3263 4322 est,
3294 4253 3486 4311 adhuc
3523 4254 3582 4309 in
3612 4252 3703 4307 hac

2130 4351 2245 4406 vita
2272 4348 2436 4422 positi
2465 4347 2708 4403 nitamur
2734 4362 2858 4403 cum
2891 4344 2989 4403 Dei
3010 4343 3284 4416 adjutorio
3311 4358 3481 4416 opera
3503 4341 3697 4406 carnis,

437 4458 663 4514 erimus.
712 4453 928 4512 Scimus
968 4455 1100 4527 quia
1138 4468 1262 4510 cum
1323 4431 1924 4525 apparueritysimiles
1973 4457 2021 4512 ei
2052 4481 2101 4539 Ι)
2129 4456 2249 4513 quae
2294 4447 2483 4496 contra
2540 4438 2794 4511 ερῑτίιιιω
2852 4433 3213 4506 concupiscit,
3266 4448 3379 4490 non
3439 4431 3699 4504 implere;

436 4547 643 4607 erimus
672 4544 732 4619 (Ι
748 4545 907 4601 Joan.
938 4560 1021 4614 III,
1053 4543 1132 4616 2).
1166 4566 1186 4591 ι
1228 4542 1297 4597 Et
1317 4541 1503 4615 justus
1528 4541 1665 4601 dicit
1695 4560 1707 4599 :
1736 4566 1754 4590 ι
1785 4544 1899 4617 Ego
1927 4561 2019 4601 au-

434 4645 547 4703 tem
576 4651 703 4696 cum
725 4634 947 4713 justitia
972 4632 1240 4709 apparebo
1269 4633 1326 4688 in
1364 4639 1660 4707 conspectu
1690 4642 1822 4702 tuo;
1863 4634 2019 4692 satia-

473 4779 885 4862 ,θη-βψω
910 4779 1067 4862 liom.
1102 4776 1274 4862 edit.,
1315 4777 1443 4833 Erit
1476 4775 1535 4833 in
1563 4792 1696 4849 pace
1746 4780 2021 4850 sepultura

435 4850 570 4921 eius,
600 4850 781 4910 ablata
813 4856 887 4907 est
916 4850 977 4906 de
1004 4850 1190 4907 medio.

508 4923 625 5005 (23)
665 4922 869 5005 Eadem
913 4922 1071 5005 Rom.
1117 4921 1274 5005 edit.,
1324 4921 1606 5005 ut_adoret
1646 4921 1707 4979 in
1751 4929 2020 4996 conspectu

432 4992 545 5048 meo
577 4992 634 5047 in
653 4994 967 5060 Jerusalem,
1002 4995 1094 5048 hoc
1121 5001 1195 5048 est
1222 4992 1277 5047 in
1305 4994 1447 5050 creto.

508 5063 625 5146 (24)
661 5064 863 5146 Eadem
889 5065 1045 5146 Rom.
1078 5064 1233 5133 edit.,
1267 5079 1468 5121 omnem
1495 5063 1808 5123 credendum
1831 5071 1909 5123 est
1929 5081 2016 5138 pe-

431 5140 646 5205 netrare
664 5141 712 5190 et
732 5136 949 5205 implere
972 5136 1159 5191 locum.

506 5204 624 5347 (25)
657 5204 860 5260 Eadem
895 5205 1049 5260 Rom.
1084 5205 1243 5285 edit.,
1272 5223 1387 5276 quas
1409 5207 1470 5264 de
1502 5209 1609 5267 Deo
1638 5212 1730 5263 est.

507 5275 600 5347 (26
672 5275 876 5335 Eadem
927 5276 1084 5347 Rom.
1132 5276 1288 5345 edit.,
1324 5280 1440 5334 Scio
1479 5280 1619 5347 quod
1661 5284 1730 5333 azb

507 5275 876 5356 (26)_Eadem
927 5276 1084 5356 ἣρω..
1132 5275 1293 5345 edit.,
1324 5280 1440 5334 Scio
1479 5280 1619 5348 quod
1659 5284 2014 5356 ieternuspst,

432 5346 528 5416 qui
573 5346 769 5401 solvere
803 5362 883 5400 me
931 5346 1088 5418 debet,
1119 5363 1277 5417 super
1307 5346 1503 5403 terram
1532 5349 1783 5404 suscitare
1830 5350 2017 5418 pellent

431 5433 621 5484 meum,
659 5434 775 5487 qua:
799 5419 987 5472 tolerat
1013 5417 1137 5474 haec.
1178 5420 1223 5472 Α
1282 5420 1506 5474 Domino
1551 5420 1688 5474 enim
1739 5417 1843 5472 hwe
1888 5418 2016 5472 mihi

436 5487 877 5566 coniectansunt;
922 5504 1174 5566 qzuenego
1222 5490 1455 5566 conscius
1488 5504 1629 5566 sum,
1671 5505 1790 5566 quae
1834 5490 2015 5544 oculus

432 5569 577 5608 meus
604 5557 755 5622 vidit,
787 5564 834 5611 et
860 5573 963 5611 non
996 5557 1162 5623 alius,
1192 5560 1370 5612 omnia
1405 5563 1579 5613 autem
1605 5557 1735 5612 mihi
1764 5574 2015 5612 consum-

434 5629 580 5679 mata
607 5632 728 5679 sunt
752 5625 810 5679 in
827 5627 948 5681 sinu
972 5643 1100 5682 meo.

2128 4536 2390 4615 probante
2419 4533 2525 4591 hoc
2561 4529 2824 4606 Apostolo
2858 4546 2921 4588 ac
2950 4530 3167 4588 dicente
3198 4545 3212 4585 :
3257 4551 3277 4576 ι
3316 4528 3431 4585 Vos
3462 4527 3522 4583 in
3552 4537 3702 4583 carne

2129 4614 2239 4686 non
2277 4627 2429 4697 estis,
2467 4623 2562 4681 sed
2593 4624 2652 4681 in
2680 4624 2880 4696 spiritu
2908 4623 3084 4696 (Rom.
3112 4636 3233 4690 vni,
3264 4619 3325 4692 9)
3350 4637 3366 4687 ;
3399 4644 3421 4669 ι
3464 4614 3702 4690 negando

2201 4772 2317 4845 (27)
2348 4768 2548 4826 Eadem
2573 4768 2733 4826 Rom.
2754 4765 2913 4836 edit.,
2939 4782 3013 4825 an
3038 4763 3250 4837 femina:
3274 4779 3314 4821 α
3353 4761 3494 4819 uiris
3528 4758 3699 4819 distin-

2128 4849 2221 4901 ctae
2246 4846 2545 4912 resurgant.

2128 4898 2557 5043 egigicgadem
2580 4912 2738 4973 Rom'
2770 4908 2930 4980 edit”
2957 4908 3218 4982 Ῑθηοναηί
3240 4905 3469 4982 Perditi,
3498 4920 3605 4961 non
3629 4898 3699 4956 oi-

2165 4993 2249 5042 ent
2262 4993 2401 5041 emoti.

2202 5058 2319 5130 (29)
2348 5053 2553 5130 Eadem
2584 5055 2743 5113 Rom.
2773 5051 2931 5130 edit.,
2951 5050 3109 5130 _Ergo
3154 5047 3228 5105 ibi
3271 5049 3374 5130 erit
3393 5119 3405 5130 -
3427 5046 3697 5130 diuersitas

2128 5117 2312 5192 “ius:
2334 5129 2436 5183 Nec
2465 5127 2679 5194 mirum,
2710 5123 2839 5195 quia
2872 5117 2961 5178 ubi
2984 5117 3109 5195 uera
3143 5137 3289 5189 caro,
3323 5119 3405 5195 ibi
3434 5117 3698 5195 _¢_Iis_tine_tio

2127 5188 2475 5264 hiembrorum
2509 5203 2557 5253 et
2572 5188 2938 5268 personarum.
2977 5193 3073 5252 Ubi
3108 5209 3231 5250 vero
3259 5188 3387 5248 talis
3414 5188 3693 5252 distinctio,

2126 5274 2199 5334 ibi
2218 5271 2404 5341 procul
2435 5269 2592 5325 dubio
2608 5268 2854 5341 Joannes.

2192 5328 2308 5413 (30)
2340 5340 2541 5396 Eadem
2571 5341 2727 5399 Rom.
2756 5336 2912 5403 edit.,
2946 5333 3240 5395 miserabili
3266 5333 3398 5404 vita,
3419 5347 3539 5404 qua:
3555 5328 3698 5403 pira-

2126 5413 2319 5466 terium
2342 5418 2433 5467 est.

2198 5483 2312 5554 (31)
2338 5553 2343 5554 ί
2365 5480 2567 5554 Eadem
2621 5480 2778 5554 Rom.
2812 5477 2943 5554 edit.
2955 5520 2973 5554 ,_
3011 5482 3206 5554 quanto
3233 5475 3411 5532 minus
3441 5471 3572 5530 talia
3597 5472 3696 5527 hac

2123 5554 2184 5607 in
2209 5549 2309 5612 ma
2330 5553 2476 5610 beata
2506 5552 2614 5608 vita
2644 5551 2829 5609 nedum
2856 5549 2994 5622 ﬁeri,
3017 5549 3123 5618 sed,
3152 5554 3257 5610 etc.
