3864 6188
144 278 266 341 Μ’

1276 271 1368 328 DE
1404 266 1789 325 TRINITATE,
1816 265 2246 327 TRAC'I‘ATUS.

3303 272 3423 342 560

141 403 282 459 enim
314 398 428 471 (32)
460 414 550 457 eos
582 398 642 457 in
670 412 853 466 carne,
881 412 1021 470 quos
1047 397 1104 457 in
1134 412 1296 459 carne
1328 411 1444 453 esse
1478 402 1708 451 consta-
1745 396 1797 457 Α
1824 391 2096 451 conclusit
2116 392 2438 451 sententiam
2454 411 2628 464 suam,
2651 396 2855 455 dicens:
2880 396 2991 457 uSic
3007 402 3408 465 ctresurrectio

138 490 245 556 bat,
275 503 388 546 non
418 486 601 547 carnis
647 485 1035 555 substantiam,
1078 485 1172 546 sed
1204 491 1346 549 337
1376 490 1612 557 peccata.
1663 481 1719 541 id

137 594 216 643 est
242 600 407 657 opera
431 583 639 651 carnis,
685 583 746 641 in
773 583 854 640 eis
884 582 1201 641 damnavit:
1233 590 1288 640 et
1328 584 1562 641 iterum:
1600 604 1621 631 ι
1650 580 1723 638 Ut

138 673 494 735 absorbeatur
513 670 661 744 quod
691 671 922 730 mortale
947 680 1051 739 est,
1075 686 1107 729 a
1135 670 1249 729 vita
1278 672 1366 743 (II
1392 673 1513 730 Cor.
1539 688 1591 738 v,
1607 670 1666 740 4)
1688 692 1709 720 ι

138 765 285 841 quia,
365 765 495 823 licet
557 763 797 820 exterior
874 762 1041 820 homo
1098 771 1281 821 noster
1351 760 1723 833 corrumpitur

143 853 239 913 sed
269 858 570 910 renovatur
598 850 829 909 interior
859 849 977 924 (33)
1003 869 1019 918 ;
1041 850 1184 924 quod
1206 860 1387 908 tamen
1415 867 1523 909 non
1543 850 1721 907 solum

134 942 195 1000 in
224 958 395 1013 regno
431 942 716 1008 cmlorum,
746 948 800 996 et
827 939 1173 1011 baptismate,
1205 939 1297 997 sed
1326 939 1490 995 etiam
1520 939 1577 995 in
1597 954 1723 1010 pm-

135 1031 446 1088 nitentibns
475 1028 721 1101 quotidie
763 1027 882 1085 ﬁeri
912 1027 1247 1092 noverimus,
1278 1028 1336 1084 in
1365 1026 1565 1100 quibus
1590 1042 1722 1084 car-

136 1118 224 1176 nis
274 1118 533 1174 interitus
579 1117 647 1173 ad
678 1116 984 1188 profectum
1016 1115 1159 1174 cedit
1210 1116 1571 1188 spiritualem.
1617 1115 1721 1174 Cui

139 1221 265 1275 ergo
288 1221 392 1262 nec
435 1220 597 1277 opera
637 1204 818 1261 carnis
859 1211 1042 1271 erunt,
1074 1217 1175 1261 nec
1217 1212 1511 1276 augmenta
1540 1218 1723 1259 mem-

138 1293 385 1362 brorum,
414 1310 514 1351 nec
537 1294 768 1366 capillus
795 1293 990 1350 crescit
1016 1301 1113 1350 aut
1141 1294 1339 1366 unguis
1367 1311 1381 1357 ;
1437 1292 1567 1367 quia
1592 1308 1722 1349 om-

140 1398 233 1439 nes
260 1383 319 1437 in
347 1382 531 1437 virum
560 1381 864 1454 perfectum
912 1382 1130 1453 (Ephes.
1160 1397 1239 1450 1v,
1283 1380 1395 1454 13),
1428 1381 1522 1453 qui
1552 1380 1722 1439 Chri-

140 1479 252 1527 stus
275 1478 379 1537 est,
411 1485 756 1542 resurgemus
777 1469 918 1542 (34).
950 1469 1015 1528 Si
1046 1469 1194 1529 enim
1222 1469 1478 1529 Patrihus
1509 1469 1568 1526 in
1594 1484 1723 1527 ere-

141 1577 228 1618 mo
256 1560 616 1634 quadraginta
643 1561 806 1619 annis
834 1577 946 1619 non
965 1560 1179 1633 capilli,
1208 1575 1322 1618 non
1350 1575 1557 1633 ungues
1584 1576 1616 1616 c
1641 1573 1722 1617 re-

141 1658 355 1717 verunt,
389 1657 487 1706 aut
514 1649 843 1707 vestimenta
869 1659 964 1707 aut
992 1650 1360 1707 calceaments
1384 1649 1575 1707 attrita
1592 1653 1723 1706 sunt

1828 489 2192 539 mortuorum.
2221 504 2240 529 ι
2283 481 2439 555 Quod
2467 493 2528 545 ut
2578 486 2655 545 ita
2698 489 2869 562 possit
2915 487 3174 561 intelligi,
3207 498 3409 557 nostra

1828 567 2162 627 conditionis
2202 585 2322 645 quae
2365 570 2480 644 (41)
2519 572 2575 635 in
2622 573 2727 636 hoc
2780 576 2979 637 saeculo
3015 575 3096 645 fit,
3135 594 3409 655 ponamus

1833 658 2104 747 exempla.
2135 658 2323 719 Infans
2341 658 2488 719 enim
2505 676 2629 721 cum
2653 661 2710 719 in
2732 678 2959 739 puerum
2991 665 3245 737 creverit,
3274 683 3410 747 puer

1830 742 1960 805 vero
1989 746 2048 815 in
2072 747 2356 819 juvenem,
2386 748 2608 823 juvenis
2635 759 2815 809 autem
2845 751 2903 813 in
2933 752 3208 823 virum,et
3235 742 3322 819 vir
3352 757 3411 819 in

1831 850 2035 905 senem,
2078 851 2420 915 nequaquam
2473 852 2567 913 per
2614 836 2853 912 singulas
2897 845 3080 899 aetates
3109 841 3270 917 perit,
3316 843 3413 907 sed

1830 939 2041 999 semper
2066 924 2210 985 idem
2241 933 2340 995 est,
2377 926 2468 1003 qni
2508 926 2635 985 fuit.
2673 926 2939 988 Paulatim
2970 942 3096 1003 ergo
3142 928 3235 991 hic
3261 938 3413 1002 tetas,

1830 1030 1943 1073 non
1976 1014 2092 1087 (42)
2120 1022 2301 1077 autem
2333 1025 2529 1075 natura
2556 1015 2717 1089 perit.
2750 1016 2814 1079 In
2858 1015 2955 1076 illa
2980 1024 3161 1078 autem
3190 1017 3415 1079 Jerusa-

1830 1103 1937 1161 lem
1984 1103 2214 1173 οωιεεῐὶ,
2265 1104 2360 1161 ubi
2389 1105 2470 1163 sol
2522 1103 2624 1165 iste
2659 1120 2721 1163 ac
2749 1103 2879 1163 luna
2916 1107 3227 1179 septuplum
3256 1106 3415 1170 luce-

1830 1189 2002 1260 bunt,
2035 1191 2382 1252 diversitates
2412 1209 2522 1253 non
2556 1199 2717 1253 erunt
2745 1200 3001 1261 aetatum;
3036 1194 3114 1251 ibi
3144 1195 3291 1257 enim
3314 1213 3417 1259 nec

1831 1279 2034 1349 infans,
2066 1296 2175 1341 nec
2204 1297 2393 1353 senex,
2426 1297 2527 1341 nec
2544 1297 2747 1356 parvus
2776 1281 2899 1356 erit,
2930 1281 3025 1361 qui
3051 1299 3164 1343 non
3193 1283 3416 1358 impleat

1832 1366 1947 1424 dies
1978 1385 2127 1436 suos,
2158 1377 2347 1441 utpote
2386 1369 2535 1429 illius
2563 1368 3001 1443 resurrectionis,
3029 1379 3083 1433 et
3110 1370 3169 1428 in
3199 1387 3415 1435 mensu-

1840 1471 1956 1513 ram
1990 1458 2273 1528 perveniat
2320 1459 2497 1521 etatis
2544 1458 2906 1534 plenitudinis
2949 1459 3174 1537 Christi,
3223 1470 3285 1524 ut
3316 1479 3417 1526 nec

1830 1542 2012 1601 desint
2042 1544 2207 1603 alicui
2238 1563 2508 1607 annorum
2537 1548 2732 1620 spatia.
2749 1564 2848 1609 nec
2874 1549 3171 1623 supersint.
3217 1550 3281 1612 In
3320 1551 3419 1613 illo

1830 1647 1957 1707 ergo
1986 1640 2247 1709 tempore,
2302 1651 2428 1696 cum
2476 1644 2605 1697 aetas
2636 1636 2804 1697 fuerit
2843 1652 2952 1698 una
2988 1645 3335 1715 cunctorum,
3364 1647 3419 1699 et
3500 1654 3504 1659 ’

145 1739 317 1811 (Deut.
346 1754 509 1807 xxxx,
539 1740 597 1811 5)
627 1757 642 1808 ;
675 1738 782 1797 hoc
825 1738 885 1797 in
913 1754 1081 1811 regno
1109 1738 1393 1805 calorum,
1426 1737 1521 1794 ubi
1547 1735 1719 1795 δαΐα-ο

1847 1730 2051 1781 ίδηοῑιιε
2078 1731 2132 1781 et
2179 1732 2431 1798 peccator
2468 1734 2629 1787 erunt
2648 1725 2819 1785 simili
2849 1728 3252 1793 resurrectione
3282 1744 3419 1805 per—

142 1827 248 1900 giet
272 1828 452 1897 dolor,
482 1834 539 1884 et
567 1829 822 1901 gemitus,
852 1835 907 1885 et
935 1827 1181 1896 tristitia,
1213 1825 1383 1900 quaeri
1412 1840 1574 1900 quam
1599 1825 1718 1883 im—

141 1917 291 1991 pium
319 1918 416 1987 sit,
443 1918 659 1991 sapiens
686 1919 858 1977 lector
887 1917 1149 1989 intelligit
1179 1917 1315 1989 (35).

208 2023 436 2083 CAPUT
455 2024 635 2083 XXV.
669 2054 736 2069 —
762 2024 867 2082 Sed
885 2031 1078 2081 contra
1091 2024 1233 2081 hanc
1253 2032 1364 2081 tam
1374 2036 1582 2092 veram,
1603 2028 1718 2080 tam

141 2115 356 2173 ﬁrmam
415 2116 742 2182 doctrinam,
798 2120 853 2169 et
914 2122 1029 2170 tam
1084 2115 1231 2172 clara
1282 2114 1612 2170 documenta
1666 2117 1721 2168 et

142 2205 298 2260 omni
320 2204 529 2259 virtute
575 2200 833 2267 subnixa,
862 2200 1041 2257 solent
1083 2200 1244 2257 nobis
1285 2200 1531 2258 haeretici
1579 2199 1721 2257 illud

141 2298 398 2371 Apostoli
421 2312 692 2371 opponere
715 2296 967 2370 (Tertull.
993 2295 1287 2351 deResurr.
1303 2312 1411 2351 cor.
1438 2296 1553 2366 52),
1577 2293 1724 2368 quod

142 2387 255 2443 ait:
321 2387 481 2443 «Non
511 2386 691 2442 omnis
739 2401 864 2442 caro
911 2383 1100 2441 eadem
1145 2398 1291 2450 caro,
1319 2383 1411 2441 sed
1456 2385 1563 2440 alia
1599 2399 1723 2441 caro

144 2475 409 2544 hominis,
456 2472 563 2531 alia
602 2474 834 2548 pecoris,
884 2473 991 2529 alia
1020 2472 1332 2539 volucrum,
1360 2480 1415 2527 et
1458 2479 1651 2530 caetera
1671 2473 1724 2546 (1

151 2566 271 2623 Cor.
292 2580 393 2634 xv,
418 2562 603 2637 39-42)
628 2580 642 2630 ;
674 2587 694 2612 ι
736 2578 849 2620 non
877 2561 1248 2635 intelligentes
1277 2561 1464 2618 miseri
1506 2562 1724 2619 beatum

147 2655 466 2728 Apostolum
504 2652 746 2724 corporis
774 2651 880 2709 hoc
916 2651 1146 2719 honore,
1187 2665 1298 2706 non
1328 2650 1539 2723 generis
1557 2650 1726 2708 dilic-

149 2746 320 2801 rentia
342 2743 460 2815 (36)
480 2742 706 2800 dixisse.
744 2766 763 2792 ι
790 2741 915 2799 Alia
946 2743 1053 2814 (est
1074 2742 1226 2814 ergo)
1257 2756 1384 2797 caro
1406 2740 1668 2809 hominis,
1690 2763 1711 2790 ι

150 2835 205 2893 id
232 2844 329 2905 est,
360 2835 510 2892 servi
538 2834 658 2904 Dei,
724 2835 870 2891 «alia
919 2835 1153 2908 pecoris,
1179 2858 1199 2881 ι
1244 2832 1301 2891 id
1340 2840 1441 2901 est,
1493 2832 1720 2903 ethnici,

150 2932 199 2981 et
224 2923 549 2998 peccatoris,
579 2931 741 2997 atque
787 2922 1051 2991 haeretici,
1085 2922 1179 2995 qui
1217 2944 1237 2969 ε
1264 2938 1389 2980 cum
1418 2922 1478 2979 in
1516 2919 1724 2979 honore

149 3023 296 3083 esset,
319 3038 337 3061 ι
381 3013 652 3088 sanguine
690 3010 895 3069 Christi
941 3011 1256 3083 redemptus
1284 3020 1446 3084 atque
1481 3010 1726 3067 honora-

1831 1813 1979 1882 fecti,
2044 1830 2144 1872 nec
2190 1814 2336 1874 inter
2380 1830 2437 1871 se
2483 1814 2778 1875 variabunt
2822 1823 3066 1891 tempore
3114 1815 3273 1891 (43);
3323 1816 3419 1879 sed

1830 1904 1970 1965 alius
2000 1904 2068 1963 ad
2100 1905 2325 1979 praemia
2352 1911 2574 1977 reterns,
2606 1912 2662 1961 et
2697 1904 2756 1961 in
2784 1905 3103 1977 centuplum
3147 1904 3292 1968 bona
3320 1922 3419 1965 re-

1831 1992 2103 2069 cipienda,
2137 1993 2278 2053 alius
2293 1991 2364 2049 ad
2385 1990 2653 2067 supplicia
2669 1989 3009 2070 pertrahitur
3034 2000 3256 2055 aeterna.
3275 1993 3416 2057 Cum

1833 2097 1959 2156 ergo
1985 2083 2046 2141 in
2070 2097 2263 2156 genere
2289 2081 2531 2142 humano
2552 2082 2713 2142 aliter
2741 2087 2796 2141 et
2823 2080 2985 2144 aliter
3005 2091 3300 2148 nascantur
3321 2082 3417 2145 ho-

1834 2170 2032 2240 mines,
2064 2172 2123 2231 in
2138 2171 2319 2233 carnis
2334 2168 2735 2231 resurrectione
2767 2184 2879 2231 una
2905 2170 3165 2233 omnibus
3192 2173 3412 2236 etsimi-

1835 2259 1902 2319 lis
1915 2260 2019 2319 erit
2054 2261 2377 2321 resurrectio
2408 2260 2524 2334 (44)
2552 2279 2565 2320 :
2597 2261 2758 2323 aliter
2785 2260 2933 2322 enim
2949 2260 3125 2323 Adam
3157 2260 3314 2339 (Gen.
3349 2280 3416 2339 rt,

1837 2347 1915 2422 7),
1938 2348 2096 2409 aliter
2121 2350 2242 2411 Eva
2270 2348 2435 2427 (Ibid.
2453 2347 2570 2427 22),
2596 2348 2756 2411 aliter
2775 2347 2912 2410 Cain
2931 2348 3136 2413 etAbel
3161 2350 3313 2423 (Gen.
3338 2367 3420 2425 tv,

1838 2441 1893 2510 1,
1917 2440 1998 2513 2),
2029 2448 2083 2499 et
2112 2458 2302 2501 omnes
2322 2441 2577 2505 homines
2607 2442 2724 2503 nati
2748 2451 2879 2504 sunt
2905 2450 3067 2521 atque
3085 2453 3419 2516 nascuntur;

1837 2531 1997 2590 aliter
2041 2538 2223 2589 autem
2269 2531 2436 2589 homo
2482 2531 2734 2593 Christus
2761 2532 2936 2607 Jesus,
2984 2532 3079 2611 qui
3110 2541 3193 2595 est
3218 2533 3421 2593 media-

1839 2631 1928 2683 tor
1950 2624 2049 2683 Dei
2079 2632 2133 2682 et
2161 2623 2450 2685 hominum
2482 2626 2542 2701 (Ι
2574 2625 2707 2685 Tim.
2735 2642 2799 2699 ιι,
2827 2625 2913 2701 5),
2933 2634 3094 2689 natus
3132 2633 3232 2697 est.
3266 2627 3423 2693 Licet

1840 2730 1967 2786 ergo
2008 2712 2244 2773 diversis
2263 2712 2507 2774 exordiis
2546 2714 2714 2775 homo
2761 2721 3035 2787 nascatur,
3078 2731 3188 2777 una
3232 2724 3418 2779 tamen

1839 2806 2087 2869 hominis
2146 2813 2346 2866 natura
2400 2820 2512 2868 non
2558 2804 2745 2869 ditiert
2802 2807 3198 2869 resurrectione
3243 2809 3425 2875 cereis

1838 2897 2201 2968 omniumque
2220 2894 2634 2955 membrorum:
2666 2909 2789 2969 quas
2830 2895 3015 2958 omnia
3043 2896 3289 2959 membra
3314 2913 3426 2963 una

1836 2985 2061 3050 Domini
2086 2984 2362 3045 sententia
2388 2982 2737 3043 declarantur
2776 2982 2894 3057 (45)
2925 3000 3052 3045 cum
3079 2984 3149 3046 de
3179 2985 3282 3047 illo
3309 2986 3424 3051 hos

149 3113 249 3174 tus,
283 3071 312 3152 ἰ
334 3119 453 3161 non
490 3071 806 3166 vintellexit,
845 3098 941 3157 sed
979 3071 1322 3172 comparatus
1342 3071 1423 3155 est
1454 3099 1725 3171 jumentis

1847 3079 1987 3139 mine
2008 3078 2342 3174 loqueretur,
2374 3074 2471 3174 qui
2486 3089 2600 3174 non
2622 3071 2817 3133 habuit
2830 3082 3046 3174 vestem
3056 3074 3178 3174 (45)
3205 3076 3421 3152 nuptis.

150 3189 554 3265 insipientibus,
582 3198 636 3246 et
664 3186 864 3246 similis
883 3187 1060 3245 factus
1076 3196 1156 3245 est
1185 3187 1296 3243 illis
1332 3187 1723 3257 (Psal.x1.vm,

152 3282 254 3357 i3).
286 3308 303 3333 ι
336 3314 407 3327 -
459 3307 479 3332 ι
501 3280 629 3338 Alia
656 3281 966 3347 volucrum,
988 3302 1008 3328 ι
1053 3278 1110 3335 id
1158 3284 1241 3334 est
1274 3285 1600 3352 martyrum,
1631 3279 1726 3352 qui

148 3374 208 3429 ad
237 3372 487 3431 coelestia
512 3368 708 3444 pennis
727 3368 966 3440 Spiritus
993 3366 1167 3423 sancti
1188 3365 1435 3423 subvecti
1470 3383 1725 3425 conscen-

148 3461 296 3519 dunt.
333 3487 351 3510 ε
379 3460 513 3517 Alia
544 3456 801 3532 piscium,
825 3481 845 3505 ι
887 3455 944 3511 id
973 3462 1074 3525 est,
1106 3456 1201 3529 qui
1246 3463 1368 3528 post
1425 3456 1724 3513 Salvatoris

147 3549 395 3624 baptismi
478 3564 671 3623 aquam
714 3552 1067 3603 assumuntur
1128 3544 1266 3616 (37).
1341 3568 1360 3593 ι
1390 3544 1514 3600 Alia
1558 3545 1730 3618 gloria

151 3641 292 3710 solis,
322 3664 341 3689 ι
385 3638 452 3697 id
490 3645 572 3695 est
617 3635 861 3695 Christi:
899 3634 1047 3691 «alia
1076 3634 1250 3708 gloria
1297 3635 1460 3703 lunae,
1485 3659 1504 3683 ›
1560 3634 1618 3691 id
1647 3642 1728 3692 est

152 3730 400 3788 Ecclesiae
425 3749 439 3786 :
488 3751 508 3777 ι
529 3734 583 3784 et
609 3726 714 3783 alia
742 3726 915 3799 gloria
943 3726 1250 3793 stellarum,
1272 3748 1292 3774 ι
1335 3724 1393 3780 id
1423 3732 1523 3793 est,
1557 3724 1724 3782 semi-

157 3818 236 3876 nis
262 3820 518 3888 Abrabae,
566 3824 619 3874 et
646 3832 832 3872 eorum
879 3817 973 3891 qui
1022 3831 1077 3871 se
1101 3829 1197 3888 per
1246 3812 1432 3882 ﬁdem,
1475 3822 1529 3871 et
1568 3829 1731 3887 opera

155 3905 291 3964 bona
316 3908 462 3965 ﬁlios
510 3906 627 3983 ejus
674 3904 968 3965 ostendunt
1018 3903 1136 3976 (38)
1169 3921 1182 3960 :
1246 3925 1266 3950 ι
1297 3904 1455 3960 stella
1483 3903 1631 3960 enim
1661 3904 1731 3960 ab

157 3998 303 4054 stella
357 3995 544 4055 diﬂ‘ert
591 3996 649 4054 in
700 3993 933 4066 gloria,»
994 3992 1051 4048 id
1095 3998 1195 4059 est,
1232 3992 1463 4067 apostoli
1511 4001 1564 4049 et
1592 4009 1732 4066 pro-

157 4085 326 4157 phetae
382 4086 492 4153 illi,
549 4083 645 4157 qui
708 4083 1000 4156 cupierunt
1048 4081 1163 4155 (39)
1212 4080 1400 4137 videre
1449 4089 1502 4137 et
1538 4082 1731 4139 audire

156 4172 468 4239 Christum;
523 4171 615 4226 isti
659 4179 836 4226 autem
907 4170 1002 4244 qui
1037 4169 1291 4225 viderunt
1337 4177 1390 4225 et
1440 4170 1732 4227 audierunt

154 4277 301 4329 eum,
357 4266 414 4315 et
460 4272 685 4331 corpora
729 4257 985 4323 coelestia,
1056 4263 1109 4311 et
1150 4272 1377 4327 corpora
1434 4259 1729 4329 terrestria,

156 4351 211 4408 id
241 4339 353 4420 est,
403 4347 843 4406 Christianorum
869 4355 923 4403 et
951 4345 1260 4402 Judmorum
1287 4346 1427 4418 (40).
1455 4348 1734 4407 Postremo

1835 3168 1940 3229 lem
1975 3167 2189 3240 (Matth.
2238 3181 2385 3233 xxn,
2418 3165 2532 3237 11),
2578 3177 2679 3223 nec
2722 3162 2966 3225 servavit
3008 3162 3151 3226 illud
3179 3165 3420 3227 mande-

1835 3269 1991 3320 tum:
2065 3259 2220 3319 Omni
2269 3264 2494 3327 tempore
2555 3254 2758 3315 munda
2813 3254 2922 3316 sint
2970 3254 3270 3316 vestimenta
3319 3261 3415 3319 tua

1840 3351 2038 3425 (Eccle.
2060 3363 2141 3416 Ix,
2174 3348 2276 3418 8);
2309 3360 2471 3418 quem
2502 3343 2758 3405 manibus
2785 3341 3124 3417 pedibusque
3154 3343 3424 3409 constrin-

1838 3445 1892 3517 gi
1910 3442 2077 3516 jussit
2102 3449 2158 3498 et
2203 3438 2430 3507 auferri,
2470 3453 2540 3499 ne
2581 3435 2924 3499 recumberet
2954 3436 3011 3498 in
3038 3436 3323 3508 convivio,
3354 3453 3424 3502 ne

1838 3535 2048 3593 sederet
2095 3533 2156 3590 in
2184 3531 2347 3601 solio,
2395 3543 2469 3587 ne
2506 3534 2677 3588 staret
2724 3526 2793 3587 ad
2832 3526 3115 3589 dexteram
3159 3526 3297 3589 Dei:
3328 3527 3424 3592 sed

1838 3626 1987 3685 mitti
2015 3626 2075 3682 in
2121 3621 2423 3697 gehennam
2453 3620 2618 3693 ignis,
2657 3617 2755 3679 ubi
2795 3625 2878 3678 est
2905 3618 3069 3680 ﬂetus
3113 3618 3423 3696 oculorum,

1840 3729 1894 3779 et
1906 3719 2111 3778 stridor
2124 3716 2377 3775 dentium
2398 3716 2420 3789 (
2428 3714 2587 3787 Coel.
2610 3713 2843 3773 Tertull.
2857 3714 2897 3772 l.
2916 3713 2996 3772 De
3011 3729 3221 3773 γυνη.
3244 3729 3423 3782 δαν-πη

1839 3824 1957 3880 cap.
2002 3809 2117 3880 35).

2166 3896 2373 3957 XXVI.
2403 3896 2662 3956 —Pcrro
2688 3892 2757 3951 de
2775 3889 2992 3962 capillis
3019 3889 3224 3947 nostris
3251 3887 3426 3947 dubia

1839 3996 1957 4045 tare
1984 3986 2116 4044 satis
2162 3986 2397 4058 impium
2445 3991 2548 4051 est,
2575 3996 2717 4055 quos
2755 3981 2902 4041 838
2948 3975 3220 4035 Dominus
3247 3974 3427 4039 dine-

1842 4091 2077 4140 meratos
2119 4096 2233 4137 esse
2259 4078 2533 4152 signiﬁcat
2561 4075 2773 4147 (Matth.
2804 4088 2864 4143 ι,
2894 4072 3010 4144 30).
3041 4072 3268 4134 Frustra
3296 4087 3428 4146 ergo

1842 4169 2135 4237 numerati,
2157 4174 2288 4224 sunt
2315 4167 2361 4223 si
2392 4162 2686 4240 aliquando
2715 4161 2947 4235 perituri
2978 4169 3109 4220 sunt
3139 4179 3155 4231 ς
3198 4161 3293 4223 sed
3314 4174 3427 4220 non

1843 4264 2094 4332 pereunt,
2130 4257 2258 4330 quia
2288 4255 2344 4311 in
2374 4251 2793 4310 similitudinem
2820 4249 3044 4311 Domini
3070 4250 3274 4310 Christi
3297 4268 3426 4314 eum

1844 4345 2101 4403 omnibus
2150 4342 2410 4401 membris
2444 4340 2804 4401 resurrecturi
2841 4354 3050 4399 sumus.
3094 4339 3153 4398 8i
3181 4340 3329 4399 enim
3357 4339 3420 4397 in

159 4449 356 4509 autem,
391 4446 456 4495 ut
496 4435 744 4493 omnium
804 4432 1258 4491 resurrectionem
1288 4436 1615 4506 ostenderet,
1651 4438 1730 4500 sic
1755 4444 1806 4507 ι)
1834 4440 2001 4497 istum
2041 4436 2222 4511 ignem
2255 4435 2635 4510 temporalem,
2669 4431 2764 4509 qui
2805 4444 2971 4490 omne
2995 4426 3145 4509 quod
3199 4426 3421 4500 accipit,

228 4539 343 4618 (32)
376 4537 581 4599 Eadem
606 4537 763 4593 Rom.
791 4533 949 4618 edit.,
978 4533 1057 4618 Et
1079 4532 1271 4618 iterant
1294 4550 1307 4589 :
1334 4534 1501 4608 Ergo,
1516 4536 1737 4618 fratres,

166 4603 408 4668 debitores
438 4625 617 4665 sumus
656 4624 761 4662 non
790 4603 968 4672 carni,
997 4610 1059 4659 ut
1083 4603 1362 4660 secundum
1406 4603 1615 4664 carnem
1644 4603 1740 4666 υἰὲ

167 4700 338 4741 eamus
355 4702 377 4749 ;
406 4680 823 4754 negando_enim,
857 4685 962 4754 etc.

231 4746 366 4828 (33)
398 4746 601 4809 Ea'dem
632 4746 815 4808 Rom.
841 4748 1000 4819 edit.,
1028 4746 1254 4805 interior
1282 4755 1454 4805 tamen
1479 4749 1542 4805 de
1572 4750 1656 4809 die
1681 4752 1739 4810 in

166 4824 291 4881 diem
318 4824 622 4881 renovatur.

233 4898 345 4970 (34)
374 4895 576 4954 Eadem
607 4895 764 4951 Rom.
797 4891 953 4966 edit.,
984 4890 1108 4947 etin
1129 4907 1429 4949 meitsuram
1452 4892 1738 4965 plenitudi-

168 4968 249 5023 nis
267 4968 377 5038 em
404 4981 750 5038 resurgemus.

236 5034 346 5113 (35)
382 5034 586 5113 Eadem
604 5039 791 5113 item,
828 5034 999 5113 edit.,
1039 5034 1340 5113 hujusmodi
1366 5038 1682 5113 gererentur
1710 5035 1740 5091 ἵ

171 5104 458 5187 Ηορφωμ
482 5107 703 5187 impiuln
727 5107 816 5173 sit,
854 5106 1025 5187 fidelis
1051 5107 1268 5187 quisque
1296 5104 1560 5187 intelligit.

239 5130 273 5166 lc
333 5130 458 5167 uam
486 5130 703 5181 emptum
727 5130 816 5173 su,
854 5130 1025 5177 [metu
1051 5130 1268 5187 questu
1296 5130 1560 5175 ῑηισιιῑυιι.

239 5130 351 5259 (3g)
383 5180 589 5259 Eadem
640 5180 794 5259 Itoni.
829 5177 1141 5259 editndquve
1170 5176 1240 5259 tbi
1266 5182 1577 5259 sequuntur,
1634 5191 1742 5259 non

173 5246 502 5323 intelligente:
548 5251 777 5323 homines
827 5246 1046 5323 p‘erditi'
1079 5249 1282 5303 beatum
1330 5246 1650 5323 Apostolum

171 5316 421 5397 corporis,
455 5322 673 5397 humani
724 5316 973 5392 dignitate
1000 5318 1057 5379 in
1104 5318 1499 5382 resurrectione,
1533 5331 1635 5371 non
1681 5316 1742 5370 de

174 5394 341 5451 carnis
368 5394 685 5466 differentia,
717 5400 821 5449 etc.

242 5466 353 5537 (37)
390 5456 593 5521 Eadem
623 5456 948 5537 Rom.edit.,
976 5462 1068 5533 qui
1092 5477 1188 5535 per
1207 5458 1466 5516 salutaris
1496 5456 1743 5527 baptismi

389 5538 464 5609 ad
484 5538 733 5609 ecclesiam
763 5533 926 5609 vitam
954 5533 1320 5609 assumuntur.

246 5606 361 5680 (38)
388 5605 593 5662 Eadem
617 5605 776 5662 Rom.
809 5602 967 5672 edit.,
1001 5602 1059 5658 in
1089 5602 1228 5673 ﬁlios
1255 5600 1369 5670 ejus
1406 5600 1737 5666 cooptantur.

1920 4536 2273 4621 (39)_Eadem
2287 4537 2444 4621 Rom.
2467 4533 2627 4621 edit.,
2647 4529 2997 4621 maritate,
3025 4532 3087 4582 ut
3129 4522 3361 4602 apostoli
3393 4536 3430 4578 α

1840 4608 2130 4736 ρνοέὴειίςς.
2171 4608 2270 4666 Isti
2298 4608 2426 4679 quia
2461 4608 2758 4685 cupienter,
2789 4609 2894 4658 etc.
2974 4668 2986 4680 .
3170 4663 3182 4676 .
3302 4662 3312 4674 _

1921 4682 1939 4753 (
1980 4682 2036 4753 0)
2068 4679 2281 4753 Eadem
2343 4680 2500 4753 ἢρτη-
2524 4675 2694 4753 stilla.
2714 4677 2836 4753 se"!
2865 4671 3102 4753 ἀθηνιαὴ
3137 4667 3433 4753 ,εῖτςξξῖέρςι

1847 4737 2338 4878 ἓωῑὲιίβαοτῗιεειία,
2370 4746 2425 4802 id
2461 4750 2536 4800 est
2566 4737 3014 4822 Qhristiamm,
3041 4740 3098 4790 et
3137 4737 3430 4799 terrestria.

1883 4839 1919 4878 u
2004 4840 2033 4876 ο
2164 4862 2177 4879 .
2821 4876 2834 4879 _
3207 4870 3235 4879 .,
3275 4871 3287 4879 .
3333 4876 3344 4879 _
3378 4871 3393 4879 -

1947 4870 2048 4964 ᾖ)
2069 4870 2273 4944 Eadem
2319 4887 2478 4964 Rom,
2517 4880 2681 4964 edit.,
2709 4885 2770 4937 ut
3071 4870 3243 4944 possit
3265 4871 3430 4933 intel-

1852 4950 1967 5032 ugt.
1992 4950 2185 5032 τίοιενφ
2213 4950 2691 5032 transmutatam
2736 4963 2873 5032 αμα»
2894 4952 3000 5032 “.9-
3049 5014 3088 5032 ιε
3131 5015 3181 5032 --

1924 5015 2040 5111 (42)
2077 5027 2276 5111 Eadem
2318 5027 2474 5111 Item.
2515 5020 2673 5095 edit.,
2711 5015 2839 5111 aia—tas
2865 5015 3003 5071 enim
3040 5015 3098 5071 in
3126 5015 3208 5070 his
3240 5020 3427 5073 trus-

1849 5096 2223 5157 mu'tationibus
2246 5096 2512 5159 variatur,
2540 5105 2668 5161 non,
2696 5097 2801 5145 etc.
2882 5156 2918 5161 η
3218 5157 3227 5161 _
3449 5102 3454 5136 :

1949 5172 2041 5230 43)
2090 5168 2292 5225 Eadem
2331 5156 2684 5229 RomﬁeditI,
2714 5176 2833 5230 ergo
2862 5156 3037 5213 ἀει...
3086 5172 3180 5230 nec
3207 5157 3347 5217 inter
3384 5170 3436 5211 se

1950 5172 2017 5227 43
2090 5172 2292 5225 Eadem
2332 5172 2488 5222 Hom.
2526 5172 2684 5229 edit.,
2714 5176 2833 5230 ergo
2862 5172 3037 5213 cum...
3086 5172 3180 5212 nec
3207 5173 3236 5212 t1

1950 5172 2041 5312 44;
2069 5240 2270 5299 Eadem
2302 5238 2458 5295 Rom.
2490 5230 2650 5312 edit.,
2677 5236 2885 5286 natura
2921 5228 3236 5299 resumptis.

1851 5307 2135 5367 variabunt
2162 5316 2403 5378 tempore,
2425 5320 2515 5359 nec
2531 5307 2696 5380 tritate.
2988 5366 2998 5378 _
3359 5365 3371 5380 .

1926 5384 2040 5455 (44)
2064 5372 2286 5438 Eadem.
2313 5372 2476 5455 lium.
2501 5372 2812 5455 edit.,.nam
2856 5372 3025 5423 omnis
3051 5385 3198 5438 caro,
3224 5372 3428 5426 mnia-

1853 5441 1948 5524 que
1976 5441 2211 5524 membra
2231 5450 2408 5524 eadem
2434 5441 2799 5524 unaquefors.
2909 5507 2944 5524 μ

1858 5508 1877 5524 ⁸
1924 5521 2291 5651 (46)tEadem
2349 5521 2509 5575 Rom.
2550 5508 2733 5582 "edit.,
2790 5508 3104 5584 nuptialem,
3155 5526 3274 5591 qua
3326 5525 3438 5576 ιηο

1853 5612 1988 5664 erat,
2025 5611 2054 5651 e
2081 5611 2130 5653 c.
