3864 6188
400 283 506 344 εστ
1413 281 1508 336 an
1548 278 1779 335 OPERA
1815 277 1872 334 s.
1910 277 2237 336 AMBROSII
2273 274 2648 332 APPENDIX.
2696 256 2701 262 ’
2772 231 2780 234 1
3573 274 3683 335 ass

402 415 662 483 absumit,
693 413 1041 486 omnipotens
1073 412 1219 466 Deus
1247 407 1550 479 potentiam
1599 420 1751 458 suam
1784 403 1840 457 in
1866 404 1983 458 tri—
2011 407 2061 464 Α
2089 415 2175 456 me
2202 399 2446 457 tunicam
2493 412 2690 465 meam,
2734 396 3008 470 quomodo
3056 395 3252 452 induar
3280 397 3435 453 illam
3467 400 3496 455 ?
3548 401 3618 455 La
3659 402 3677 457 i

401 507 508 564 bus
534 505 718 580 pueris
763 501 1022 566 ostendit,
1074 499 1169 572 qui
1216 497 1274 552 in
1313 494 1530 551 camino
1573 491 1715 564 ignis
1743 491 1985 550 ardentis

400 599 634 672 capillos
677 614 864 655 eorum
907 596 1142 650 intactos
1195 584 1498 645 reservavit
1528 583 1695 654 (Dan.
1728 601 1811 651 In,
1847 584 1979 672 50);

403 687 464 744 in
495 687 888 746 resurrectione
918 682 1147 754 capillos
1194 686 1408 733 nostros
1436 691 1546 730 non
1579 671 1929 730 resuscitahit
1957 672 1985 728 ?

401 777 769 835 Resuscitabit
816 777 974 847 plane
1030 773 1147 827 sine
1197 767 1381 841 aliquo
1429 772 1720 837 augmento
1768 765 1854 820 vel
1881 762 1987 820 de-

372 861 686 937 :trimento.
730 869 893 925 Nulla
930 881 1057 938 ergo
1096 864 1152 918 in
1198 860 1595 919 resurrectione
1641 865 1984 914 mortuorum

374 943 642 1030 {varietas
663 966 758 1013 aut
787 954 1096 1013 dilferentia
1116 952 1219 1007 erit
1252 950 1391 1021 (47),
1437 949 1579 1004 sicut
1601 964 1750 1003 nunc
1778 946 1987 1018 fragilis

370 1031 380 1112 ,ί
402 1049 464 1106 in
494 1046 654 1103 nobis
687 1054 766 1102 est
792 1045 974 1100 carnis
1004 1041 1316 1107 inﬁrmitas,
1359 1055 1479 1110 quae
1510 1037 1594 1094 sui
1626 1036 1808 1091 oneris
1843 1038 1986 1093 mole

359 1117 375 1215 ί
403 1135 752 1208 deprimitur,
798 1149 917 1205 quas
963 1131 1198 1197 fucatur,
1243 1127 1478 1183 foedatur
1543 1125 1681 1215 (48_),
1732 1132 1982 1194 caecatur,

405 1227 722 1300 injuriatur,
771 1227 1109 1290 vulneratur,
1160 1229 1402 1285 sanatur,
1459 1206 1712 1282 morit'hr,
1747 1230 1986 1270 corrum-

405 1317 579 1390 pitur,
607 1315 737 1371 etin
759 1323 957 1370 terram
979 1329 1040 1369 ac
1056 1313 1334 1384 pulverem
1374 1313 1693 1371 revocatur;
1728 1311 1780 1360 et
1805 1311 1987 1358 tamen

405 1389 529 1478 post
559 1404 674 1460 haec
704 1403 890 1458 omnia
919 1401 976 1455 in
1028 1399 1116 1454 die
1157 1397 1356 1470 judicii
1388 1396 1446 1450 in
1501 1392 1768 1464 simplicis
1816 1389 1989 1462 gloria

405 1492 572 1565 primi
603 1490 733 1547 Adae
779 1499 941 1562 atque
969 1487 1193 1544 secundi
1243 1483 1630 1541 reformabitur
1662 1481 1800 1552 (49).
1847 1480 1989 1536 Vera

407 1597 535 1653 ergo
579 1581 636 1636 in
677 1596 840 1636 carne
886 1577 1210 1634 resurrectio
1273 1580 1638 1637 mortuorum,
1701 1578 1861 1642 atque
1907 1569 1988 1624 di-

406 1670 637 1727 versitas
692 1685 855 1725 sexus
882 1668 987 1722 erit
1016 1667 1133 1722 sine
1161 1680 1322 1736 opere
1369 1661 1550 1720 carnis
1580 1669 1634 1716 et
1662 1659 1944 1731 sanguinis
1970 1675 1983 1714 :

2094 489 2253 561 pedes
2279 503 2448 555 meos,
2461 486 2734 558 quomodo
2758 485 3058 558 inquinabo
3083 485 3207 541 illos
3235 486 3420 556 (Cant.
3451 487 3578 558 v,3)
3601 489 3629 546 τ
3647 515 3663 534 ι

2167 576 2392 633 CAPUT
2425 575 2654 632 XXVII.
2685 605 2756 616 —
2785 575 2937 630 Hanc
2964 589 3091 646 ergo
3139 574 3446 647 majestatis
3477 595 3542 634 ac
3573 597 3677 652 po—

2094 666 2279 720 tentia:
2317 674 2487 722 artem
2543 665 2681 735 (54),
2733 663 2788 718 id
2825 672 2926 730 est,
2974 664 3428 720 resurrectionem
3478 667 3677 739 ﬁgulus

2096 754 2190 808 ille
2219 754 2368 821 facit,
2400 754 2494 826 qui
2529 769 2624 824 per
2651 753 2940 808 Jeremiam
2961 751 3282 823 prophetam
3311 753 3380 808 ad
3411 757 3675 827 populum

2098 841 2342 914 loquitur
2391 850 2754 913 peccatorem,
2806 840 2993 895 dicens
3033 859 3045 896 :
3131 864 3149 888 ι
3195 841 3480 914 Numquid
3537 845 3676 901 sicut

2097 933 2295 1003 ﬁgulus
2338 931 2460 997 iste,
2509 946 2618 985 non
2666 936 2855 1001 potero
2887 945 2982 984 vos
3010 928 3307 985 reformare
3336 947 3400 986 ac
3430 932 3676 989 redinte-

2098 1035 2267 1092 grare,
2324 1018 2520 1075 domus
2577 1019 2737 1074 Israel
2771 1017 2888 1088 (55)
2925 1017 3140 1087 (Jerem.
3172 1033 3336 1084 xvm,
3367 1018 3425 1089 6)
3460 1019 3526 1076 in
3573 1021 3675 1088 Qui

2096 1109 2259 1165 etiam
2307 1108 2448 1163 hanc
2494 1107 2801 1162 mirabilem
2851 1105 3150 1177 majestatis
3199 1123 3310 1162 suae
3355 1124 3576 1180 operam
3620 1110 3676 1166 in

2098 1212 2263 1251 manu
2293 1196 2469 1266 Moysi
2523 1195 2782 1262 ostendit,
2830 1210 2993 1265 quam
3041 1195 3097 1248 in
3129 1195 3363 1251 candore
3411 1206 3672 1253 mutatam

2097 1284 2352 1356 deinceps
2389 1284 2560 1340 colori
2607 1284 2721 1354 (56)
2771 1283 3003 1354 pristino
3049 1283 3290 1338 restituit
3341 1285 3549 1356 (Exod.
3595 1304 3667 1353 ιν,

2099 1373 2132 1428 6
2177 1380 2224 1427 et
2251 1374 2328 1444 7).
2374 1373 2480 1428 Sed
2529 1381 2581 1428 et
2640 1373 2816 1442 ipsum
2867 1371 3284 1428 resurrectionis
3342 1374 3672 1430 vocabulum

2098 1474 2280 1536 aperte
2327 1465 2616 1536 significat,
2661 1481 2771 1520 non
2803 1464 2952 1520 aliud
2979 1464 3139 1531 mori,
3171 1474 3225 1520 et
3253 1465 3405 1520 aliud
3438 1468 3672 1523 resusci-

2097 1555 2223 1609 tari.
2261 1554 2417 1621 Quod
2447 1571 2573 1626 ergo
2609 1555 2666 1609 in
2704 1553 2929 1609 homine
2985 1553 3236 1622 moritur,
3285 1554 3390 1611 hoc
3417 1565 3472 1611 et
3502 1556 3671 1612 viviti-

2097 1651 2270 1700 catur.
2323 1645 2404 1699 Ita
2445 1659 2572 1714 ergo
2603 1641 2921 1698 secundum
2953 1642 3408 1697 resurrectionem
3441 1652 3672 1700 mortuo-

419 1757 666 1824 c'Veniet,
697 1758 772 1811 ait
817 1756 1104 1823 Dominus,
1161 1732 1314 1820 hora,
1368 1752 1424 1806 in
1455 1768 1560 1824 qua
1587 1765 1775 1804 omnes
1804 1749 1896 1820 qui
1928 1747 1987 1802 in
2020 1753 2066 1812 B
2095 1750 2216 1789 ιίιῐη
2239 1749 2350 1824 Ῑιλθο
2376 1749 2501 1789 cum
2531 1741 2694 1824 φτξῇ
2729 1732 3113 1824 ίεη-οτειΑῶη
3148 1732 3486 1788 vulneratus
3529 1733 3674 1789 ἀθηί·

407 1843 781 1901 monumentis
807 1849 954 1909 sunt,
987 1841 1212 1896 audient
1239 1855 1428 1894 vocem
1478 1837 1605 1892 Filii
1632 1835 1751 1903 Dei,
1784 1843 1838 1890 et
1866 1851 1989 1906 pro-

407 1933 601 1992 cedent
625 1934 804 2003 (Joan.
836 1949 892 2000 ν,
921 1931 1010 1998 28,
1035 1932 1149 2000 29).
1175 1956 1193 1978 ι
1236 1929 1480 1984 Audient
1508 1944 1633 1998 ergo
1655 1925 1902 1994 auribus,
1936 1933 1989 1981 et

407 2020 702 2096 precedent
749 2019 998 2091 pedibus,
1026 2019 1169 2073 sicut
1197 2018 1429 2072 Lazarus
1458 2017 1638 2086 (Joan.
1671 2031 1752 2081 χι,
1787 2014 1902 2082 44),
1937 2020 1991 2068 et

408 2123 599 2166 omnes
628 2125 762 2181 quos
790 2109 1040 2164 Salvator
1066 2105 1379 2171 suscitavit,
1411 2103 1514 2175 ipsi
1548 2119 1674 2174 ergo
1694 2102 1990 2174 procedent

409 2197 477 2253 de
507 2197 898 2266 monumentis,
930 2195 1030 2269 qui
1060 2196 1118 2251 in
1174 2192 1549 2250 monumentis
1577 2193 1717 2249 illati
1749 2192 1986 2247 fuerant.

409 2288 609 2346 Veniet
658 2303 784 2358 ergo
837 2285 1017 2342 omnis
1044 2300 1170 2340 caro
1217 2299 1329 2339 non
1377 2283 1554 2338 solum
1602 2281 1669 2336 de
1699 2289 1861 2347 terra,
1894 2281 1990 2336 sed

409 2378 576 2434 etiam
597 2375 662 2431 de
685 2377 842 2444 mari,
866 2385 921 2432 et
949 2375 1016 2431 de
1041 2373 1395 2439 ﬂuminibus;
1421 2379 1484 2427 ut
1503 2370 1728 2427 videant
1754 2370 1990 2425 salutare

408 2473 509 2530 Dei
544 2473 795 2542 (Tertull.
826 2472 864 2527 ι.
892 2469 970 2526 De
991 2485 1195 2525 resurr.
1230 2485 1403 2533 earn.,
1430 2484 1550 2539 cap.
1572 2467 1686 2537 3i).
1709 2464 1992 2522 Mandabit

409 2561 558 2618 enim
605 2561 847 2634 piscibus
894 2575 956 2616 ac
983 2557 1306 2613 fluminibus
1334 2556 1500 2611 maris
1532 2556 1670 2626 (50),
1717 2561 1770 2609 et
1799 2553 1991 2609 bestiis

409 2659 589 2717 terrae,
641 2657 695 2705 et
741 2645 1061 2703 volatilibus
1114 2647 1277 2713 caeli;
1337 2652 1392 2700 et
1437 2643 1762 2699 eructabunt
1791 2658 1910 2696 ossa
1938 2649 1992 2696 et

410 2753 602 2793 carnes
641 2738 889 2792 omnium
943 2745 1324 2800 mortuorum;
1384 2739 1446 2786 ut
1472 2737 1778 2801 resurgant,
1809 2730 1903 2784 alii
1935 2730 1991 2784 in

410 2819 585 2881 vitam
610 2833 890 2889 aeternam,
922 2823 1016 2877 alii
1058 2823 1114 2876 in
1144 2819 1500 2892 opprobrium
1531 2827 1583 2873 et
1613 2817 1990 2874 confusionem

412 2912 821 2982 sempiternam.
853 2910 1008 2964 Tunc
1031 2908 1298 2962 videbunt
1321 2906 1456 2976 justi
1488 2906 1784 2976 impiorum
1807 2921 1994 2976 pmnas

413 3006 576 3068 atque
631 2996 945 3061 cruciatus;
995 2993 1254 3064 quoniam
1320 3015 1338 3038 ι
1368 2993 1571 3046 vermis
1629 3008 1818 3046 eorum
1881 3008 1995 3047 non

414 3086 682 3142 morietur
709 3095 762 3142 et
793 3084 932 3156 ignis
964 3101 1151 3140 eorum
1182 3099 1293 3138 non
1321 3082 1720 3152 exstinguetur,
1751 3092 1805 3138 et
1832 3091 1992 3137 erunt
2025 3099 2076 3162 ρ

415 3177 476 3233 in
506 3185 726 3248 aspectu
768 3176 919 3231 omni
948 3175 1100 3231 carni
1127 3175 1260 3246 (Isa.
1299 3189 1451 3239 LXVI,
1483 3171 1597 3241 24).
1623 3197 1641 3219 ι
1701 3171 1840 3238 Quia
1868 3188 1994 3243 ergo

413 3267 697 3323 verissime
752 3266 893 3322 hanc
943 3264 1207 3321 habemus
1251 3279 1422 3336 spem,
1474 3263 1615 3317 sicut
1641 3261 1994 3317 exhibuimus

411 3355 659 3411 membra
688 3363 872 3410 nostra
919 3353 1172 3409 famulari
1213 3350 1600 3419 immunditiae,
1631 3358 1685 3405 et
1713 3349 1992 3421 iniquitati

412 3443 483 3500 ad
512 3444 880 3514 iniquitatem,
913 3441 990 3497 ita
1008 3441 1366 3497 exhibeamus
1394 3456 1455 3495 ea
1484 3439 1737 3494 famulari
1763 3438 1992 3509 justitiaa

413 3530 474 3585 in
525 3528 1010 3584 sanctiﬁcationem
1057 3527 1187 3581 vita:
1241 3530 1415 3598 (Rom.
1440 3544 1518 3595 v1,
1549 3529 1640 3598 29)
1669 3545 1680 3582 ;
1714 3535 1774 3582 ut
1803 3543 1993 3581 resur-

413 3624 600 3688 gentes
628 3632 660 3670 a
685 3616 936 3682 mortuis,
967 3614 1025 3669 in
1054 3615 1298 3670 novitate
1335 3616 1462 3670 vitae
1487 3615 1827 3670 ambulemus
1850 3616 1992 3685 (51),

412 3710 478 3759 nt
506 3702 622 3758 vita
663 3701 904 3758 nominis
930 3702 1055 3758 Jesu
1103 3703 1484 3757 manifestetur
1531 3701 1589 3755 in
1617 3718 1778 3756 carne
1808 3709 1993 3756 nostra

412 3791 634 3846 mortali
664 3798 883 3862 propter
925 3789 1192 3862 Spiritum
1222 3789 1338 3861 ejus
1381 3787 1716 3844 habitantem
1747 3788 1804 3842 in
1835 3789 1992 3844 nobis

411 3879 506 3953 (ΙΙ
528 3880 653 3937 Cor.
678 3897 758 3945 ιν,
796 3880 900 3945 10;
929 3881 1079 3936 Rom.
1109 3896 1232 3947 vm,
1263 3879 1374 3950 11).
1412 3880 1626 3933 Justum
1661 3893 1787 3948 ergo
1815 3885 1916 3944 est,
1939 3886 1992 3932 et

408 3983 540 4024 vere
561 3967 793 4040 justum,
822 3975 884 4024 ut
913 3968 1007 4040 qui
1031 3984 1242 4039 semper
1271 3964 1748 4022 mortificationem
1785 3965 1991 4022 Christi

404 4057 472 4115 in
496 4074 719 4128 corpore
749 4066 936 4114 nostro
965 4057 1430 4125 circumtulimus,
1479 4057 1592 4111 vita
1624 4072 1837 4128 quoque
1877 4055 1992 4126 ejus

405 4144 473 4200 in
523 4159 747 4214 corpore
796 4154 982 4200 nostro
1046 4145 1425 4201 manifestetur
1478 4145 1565 4214 (II
1608 4144 1730 4200 Cor.
1765 4161 1842 4210 1v,
1877 4143 1988 4214 12).

425 4254 448 4280 α
474 4231 780 4301 Spoliantes
811 4232 985 4301 (ergo)
1011 4249 1132 4299 nos,
1162 4234 1305 4288 sicut
1331 4233 1468 4288 dicit
1501 4233 1817 4303 Apostolus,
1847 4239 1990 4286 vete-

409 4330 528 4372 rem
576 4315 855 4371 hominem
896 4332 1021 4371 cum
1076 4318 1287 4373 actibus
1339 4318 1452 4372 suis
1482 4318 1797 4387 (Cotossm,
1847 4318 1928 4388 9),
1961 4341 1979 4364 ι

411 4403 613 4461 erroris
645 4404 890 4459 tunicam
919 4419 982 4458 ac
1010 4405 1215 4475 peccati
1240 4405 1356 4476 (52)
1389 4421 1499 4459 non
1521 4406 1895 4476 requiramus;
1930 4416 1992 4462 ut

409 4509 633 4561 novam,
664 4491 759 4565 qui
791 4490 1040 4547 Christus
1059 4499 1159 4559 est,
1193 4491 1485 4547 induamus
1517 4491 1633 4561 (53)
1667 4492 1884 4563 (Ephes.
1912 4509 1989 4560 1v,

407 4582 529 4655 24),
557 4582 836 4637 imitantes
863 4595 1115 4652 sponsam
1149 4579 1267 4650 ejus
1295 4579 1571 4636 dicentem
1585 4588 1743 4635 nocte
1768 4598 1779 4635 :
1817 4580 1984 4636 cExui

505 4726 600 4796 47)
631 4727 790 4782 Rom.
825 4722 983 4796 edit.,
1009 4729 1103 4779 aut
1124 4721 1411 4796 deperditio
1443 4721 1561 4796 erit.

507 4793 598 4868 48)
631 4798 761 4868 Reg.
792 4794 938 4868 cod_._,
973 4811 1088 4864 quae
1125 4793 1366 4868 fugatur,
1396 4794 1630 4868 sedatur.

505 4863 596 4935 49)
629 4863 783 4924 Rom.
843 4863 1016 4933 edit.,
1063 4866 1151 4920 sed
1192 4863 1248 4920 in
1298 4865 1380 4920 die
1416 4864 1613 4933 judicii
1641 4863 1698 4918 in
1743 4864 1973 4935 simplici

404 4934 604 5066 mare
626 4938 794 5009 primi
816 4939 967 5001 Adda,
994 4944 1148 5007 atque
1175 4938 1229 4991 in
1269 4937 1479 4991 secundi
1507 4935 1684 5005 gloria
1712 4934 1987 5003 reforma-

502 5081 596 5149 50)
625 5078 825 5135 Eadem
846 5081 1002 5136 Rom.
1022 5081 1178 5147 edit.,
1195 5078 1422 5149 piscibus
1439 5077 1602 5149 maris
1620 5082 1666 5130 et
1683 5076 1978 5149 ﬂaminum.

502 5147 594 5216 51)
630 5151 832 5205 Eadem
881 5152 1035 5205 Rom.
1088 5147 1243 5216 editi,
1303 5155 1380 5214 ut,
1437 5155 1483 5202 et
1526 5147 1582 5200 in
1611 5147 1837 5200 novitate
1864 5148 1983 5200 vitm

403 5221 749 5289 ambulantes,
800 5221 999 5275 vita....
1031 5221 1087 5273 in
1118 5221 1285 5286 nobis,
1336 5227 1383 5273 et
1430 5223 1751 5286 resurgentes
1779 5234 1814 5269 a
1843 5233 1979 5270 mor-

403 5296 530 5364 tuis,
557 5295 615 5348 in
634 5294 746 5362 ejus
768 5291 1047 5361 imaginem
1068 5309 1101 5344 a
1136 5291 1376 5345 claritate
1399 5289 1456 5342 in
1483 5288 1778 5341 claritatem
1811 5293 1979 5340 trans-

429 5381 716 5422 amemur.

396 5365 716 5429 [αππιαν.

473 5435 596 5510 (52)
622 5431 831 5510 Eadem
849 5433 1007 5510 Rom.
1039 5430 1196 5510 edit.,
1222 5427 1419 5510 peccati
1442 5426 1693 5510 pallium.

501 5437 570 5491 52
628 5437 831 5489 Eadem
849 5437 1007 5487 Rom.
1039 5437 1196 5508 edit.,
1222 5437 1417 5510 peccati
1442 5437 1693 5508 pallium.

501 5505 569 5560 53
621 5502 824 5558 Eadem
855 5502 1011 5556 Rom.
1039 5501 1197 5568 edit.,
1225 5500 1506 5554 induamus
1534 5497 1809 5550 hominem.

472 5437 596 5648 isti
622 5571 830 5628 Eadem
857 5571 1017 5627 Rom.
1042 5571 1174 5626 edit.
1183 5612 1202 5641 ,
1227 5571 1336 5627 Hoc
1363 5582 1550 5640 ergo...
1581 5566 1809 5640 opiﬁcitti

501 5566 594 5641 54)
622 5571 830 5628 Eadem
857 5571 1017 5627 Rom.
1042 5566 1202 5641 edit.,
1227 5571 1336 5627 Hoc
1363 5582 1550 5640 ergo...
1581 5566 1868 5640 opificium.

2097 1837 2200 1895 que
2235 1822 2328 1876 ille
2375 1821 2579 1877 teneris
2631 1819 3084 1876 Hierichuntinus
3137 1827 3285 1875 totus
3339 1821 3578 1876 refertur
3612 1822 3676 1877 ad

2099 1910 2396 1976 stabulum,
2431 1917 2484 1962 et
2531 1907 2858 1963 delictorum
2885 1907 3056 1978 plagae
3092 1924 3186 1979 per
3210 1908 3520 1964 miserentis
3549 1926 3678 1980 gra-

2099 1999 2231 2053 tiam
2316 1996 2728 2051 immortalitate
2810 2002 3072 2050 sanantur
3141 1996 3285 2066 (Luc.
3343 2012 3400 2063 x,
3458 1996 3673 2066 30-35).

2099 2085 2391 2158 Prophetia
2417 2101 2566 2158 ergo,
2599 2101 2719 2156 quae
2759 2084 3031 2156 pendebat
3067 2084 3178 2156 (58)
3207 2100 3330 2140 vere
3359 2085 3415 2139 in
3446 2085 3678 2140 Domini

2101 2178 2306 2236 Christi
2337 2193 2496 2234 carne
2522 2177 2792 2249 completa
2839 2185 2942 2242 est,
2980 2193 3141 2249 quam
3179 2176 3413 2248 Spiritus
3459 2183 3678 2232 sanctus

2100 2282 2201 2322 nos
2247 2268 2472 2338 cupiens
2525 2267 2750 2324 edocere
2779 2267 2995 2322 locutus
3023 2273 3136 2332 est;
3167 2265 3244 2320 ait
3271 2265 3418 2320 enim
3451 2283 3463 2320 ;
3505 2289 3524 2311 ε
3553 2265 3677 2332 Quae

2100 2361 2180 2410 est
2210 2354 2314 2410 ista
2341 2371 2461 2427 qua:
2508 2354 2753 2410 ascendit
2785 2354 3054 2421 dealbata,
3103 2353 3345 2409 innitens
3382 2369 3549 2424 supra
3581 2353 3678 2407 fra-

2102 2446 2334 2500 truelem
2368 2462 2550 2512 suum,
2583 2453 2636 2500 et
2659 2445 2872 2500 deliciis
2902 2445 3130 2500 aﬁluens
3159 2444 3347 2515 (Cant.
3377 2460 3503 2511 vm,
3532 2443 3665 2514 5)?-

2100 2534 2171 2588 Et
2201 2534 2398 2588 iterum
2426 2553 2438 2588 :
2485 2557 2503 2580 ι
2531 2533 2828 2589 Fratruelis
2875 2549 3027 2588 meus
3058 2531 3322 2589 candidus
3347 2539 3401 2586 et
3431 2532 3682 2586 rubicun-

2101 2623 2204 2679 dus
2236 2625 2416 2693 (Cant.
2451 2641 2504 2690 ν,
2533 2625 2644 2694 10).
2677 2649 2694 2672 ι
2738 2623 3096 2680 Rubicundus
3126 2624 3295 2695 igitur
3325 2641 3394 2678 ex
3425 2624 3684 2679 incarna-

2101 2713 2274 2778 tione,
2319 2711 2584 2767 candidus
2633 2721 2812 2768 autem
2843 2729 2912 2767 ex
2940 2712 3251 2768 divinitate.
3281 2711 3439 2778 Quod
3468 2712 3545 2766 ita
3574 2729 3682 2766 esse

2103 2803 2418 2873 comprobat
2471 2803 2660 2860 beatus
2707 2803 2939 2858 Joannes
2979 2803 3348 2874 Evangelista,
3378 2817 3506 2856 cum
3553 2801 3684 2856 dicit

2104 2890 2232 2962 quia
2260 2905 2431 2961 equus
2488 2906 2649 2961 super
2688 2907 2849 2962 quem
2908 2889 3127 2946 sedebat
3156 2889 3446 2956 Dominus,
3484 2891 3683 2945 ruheus

2103 2987 2217 3032 erat
2249 2979 2434 3048 (Apoc.
2470 2995 2546 3045 vr,
2571 2977 2651 3049 4),
2679 2994 2873 3049 corpus
2893 2978 3100 3033 scilicet
3131 2984 3401 3042 sanctum,
3437 2977 3588 3049 quod
3619 2993 3682 3031 ex

2104 3073 2289 3120 sancta
2320 3065 2546 3136 Virgine
2571 3067 2882 3137 assumpsit.
2906 3065 3006 3121 Cui
3037 3065 3094 3120 in
3123 3069 3266 3126 339
3287 3065 3441 3119 caelis
3487 3081 3686 3120 ascen-

2104 3162 2254 3217 denti
2307 3161 2544 3217 dicitur:
2613 3185 2631 3208 ι
2653 3162 2786 3229 Quis
2837 3170 2919 3218 est
2948 3163 3050 3218 iste
3071 3162 3166 3234 qui
3221 3161 3374 3216 venit
3409 3161 3477 3216 de
3510 3162 3682 3216 Edom

2103 3250 2292 3306 tinctis
2335 3251 2578 3307 vestibus
2624 3252 2690 3308 de
2721 3253 2928 3318 Cosra;
2980 3260 3075 3307 et:
3107 3252 3283 3318 Quare
3333 3251 3565 3307 rubrum
3609 3260 3685 3307 est

2104 3341 2492 3394 vestimentum
2529 3349 2682 3395 tuum
2715 3351 2768 3396 et
2823 3339 3143 3396 indumenta
3170 3348 3263 3395 tua
3292 3341 3448 3413 quasi
3476 3342 3684 3398 calcan-

2104 3427 2244 3483 tium
2293 3427 2350 3480 in
2401 3427 2660 3482 torculari
2687 3436 2693 3443 '
2717 3429 2831 3497 (59)
2868 3430 3002 3497 (Isa.
3057 3445 3211 3496 Lxm,
3250 3430 3298 3496 1,
3332 3429 3389 3498 2)
3415 3430 3442 3484 ?
3518 3439 3573 3485 et
3608 3439 3686 3486 est

2103 3531 2328 3570 sensus:
2363 3515 2496 3582 Quis
2541 3523 2621 3570 est
2651 3515 2751 3570 iste
2808 3517 2902 3587 qui
2957 3517 3198 3572 ascendit
3246 3534 3274 3571 e
3330 3526 3496 3584 terra,
3531 3519 3686 3589 cujus

2103 3605 2428 3659 vestimenta
2447 3605 2710 3676 sanguine
2731 3614 3084 3677 suntaspersa
3103 3607 3131 3662 ?
3160 3606 3304 3662 Illud
3333 3617 3516 3664 autem
3542 3608 3686 3681 quod

2104 3692 2161 3746 in
2216 3693 2474 3748 Zacharia
2526 3694 2790 3764 propheta
2846 3693 3069 3760 dicitur,
3128 3695 3258 3766 quia
3311 3697 3685 3768 sequebantur

2103 3795 2224 3834 eum
2271 3781 2395 3852 equi
2447 3782 2723 3836 variorum
2770 3782 3015 3836 colorum
3050 3783 3242 3852 (Zach.
3275 3799 3315 3850 ι,
3347 3784 3430 3853 8),
3466 3783 3524 3838 id
3581 3793 3681 3849 est,

2103 3869 2197 3940 qui
2228 3870 2314 3922 vel
2348 3869 2406 3923 in
2425 3869 2690 3940 martyrio
2712 3868 2884 3936 rubri,
2917 3869 3002 3926 vel
3034 3869 3273 3925 sturnini
3304 3870 3361 3924 in
3393 3873 3605 3939 volatu,
3631 3872 3684 3927 id

2102 3963 2183 4010 est
2211 3957 2349 4010 varii
2407 3956 2464 4010 in
2499 3957 2817 4024 virtutibus,
2866 3957 2953 4012 vel
2995 3957 3215 4012 candidi
3260 3957 3318 4012 in
3366 3958 3683 4029 virginitate

2105 4052 2495 4100 monstrantur.
2551 4045 2708 4110 Quod
2743 4052 2923 4100 autem
2979 4061 3150 4116 equus
3187 4045 3289 4101 iste
3315 4047 3494 4114 rufus,
3529 4049 3684 4105 albus

2103 4129 2282 4186 denuo
2305 4147 2336 4186 a
2369 4139 2555 4187 sancto
2583 4133 2790 4186 Joanne
2835 4131 3164 4187 describitur
3197 4134 3384 4202 (Apoc.
3419 4151 3541 4202 xxx,
3569 4136 3680 4204 11),

2101 4219 2385 4288 divinitas,
2440 4220 2821 4276 immortalitas
2879 4221 2994 4290 (60)
3059 4229 3112 4275 et
3166 4221 3510 4292 incorruptio
3567 4224 3683 4293 ejus

2102 4309 2429 4366 ostenditur.
2489 4310 2560 4364 Et
2620 4308 2742 4363 ideo
2800 4323 3008 4375 omnes,
3068 4309 3162 4380 qui
3192 4326 3318 4364 eum
3354 4321 3680 4382 sequuntur,

2101 4397 2350 4454 candidis
2405 4413 2513 4452 non
2545 4397 2722 4452 solum
2775 4403 3008 4452 utuntur
3064 4396 3330 4465 vestibus,
3373 4398 3470 4453 sed
3519 4402 3680 4455 etiam

2101 4487 2258 4558 equis
2281 4486 2469 4540 sedent
2501 4486 2663 4556 (Ibid.
2699 4485 2812 4555 14),
2846 4486 3179 4556 incorruptis
3209 4486 3473 4543 videlicet
3502 4496 3556 4542 et
3585 4489 3681 4544 im-

2101 4575 2423 4631 mortalibus
2448 4573 2788 4646 corporibus.
2828 4575 2900 4629 Et
2929 4573 3052 4630 ideo
3086 4573 3235 4631 hunc
3265 4591 3458 4630 omnes
3485 4578 3680 4645 sancti,

2172 4724 2288 4793 (55)
2321 4721 2521 4778 Eadem
2559 4721 2716 4778 Rom.
2747 4719 2906 4787 edit.,
2936 4718 3107 4789 facere
3135 4735 3246 4786 vos,
3283 4720 3472 4776 domus
3489 4724 3680 4792 Israel,

2097 4795 2222 4849 dicit
2257 4794 2531 4849 Dominus.

2169 4866 2284 4936 (56)
2317 4865 2517 4919 Eadem
2549 4863 2705 4936 Rom.
2738 4859 3308 4936 edit.,potentiam._._._..
3331 4860 3684 4936 quandoqni-

2095 4930 2209 4990 dem
2239 4930 2293 4990 in
2347 4938 2500 5005 lepra:
2551 4932 2828 4987 candorem
2884 4930 3154 4999 confestim
3200 4930 3359 4985 illam
3407 4932 3678 4986 mutavit:

2091 5024 2216 5061 mox
2245 5007 2429 5074 colori,
2469 5014 2570 5061 etc.

2189 5079 2282 5148 57)
2316 5071 2514 5132 Eadem
2548 5078 2702 5132 Rom.
2727 5074 2884 5148 edit_._,
2913 5071 2969 5125 id
2991 5071 3130 5148 φξοᾴ
3156 5078 3293 5148 erat,
3324 5073 3572 5148 resnrgit,

2189 5081 2282 5148 57)
2316 5081 2514 5132 Eadem
2548 5081 2702 5132 Rom.
2727 5081 2884 5141 edit.,
2913 5081 2968 5125 id
2991 5081 3129 5139 quod
3156 5081 3293 5138 erat,
3324 5081 3572 5142 resurgit,

2165 5081 2280 5220 E58)
2315 5149 2512 5203 Eadem
2547 5149 2720 5220 Rom_.
2771 5144 2936 5220 edit.,
2980 5142 3401 5220 Hicriczintinus
3430 5144 3684 5220 itte-eon-

2094 5211 2238 5273 tiniio
2261 5211 2270 5218 ’
2284 5219 2458 5288 fertur
2487 5218 2556 5272 ad
2608 5217 2983 5270 stabulum..'...
3033 5229 3131 5280 per
3161 5212 3500 5288 Samaritani
3535 5211 3682 5264 illius

2087 5282 2317 5360 gratiam
2341 5289 2742 5360 miserentis...”
2774 5299 3021 5360 snspensa
3044 5282 3320 5360 pendebat.

2163 5361 2279 5430 (59)
2311 5359 2511 5413 Eadem
2544 5359 2698 5430 Rom.
2727 5351 3098 5430 edit.,fulvor
3128 5351 3430 5430 vestiumde
3458 5351 3677 5430 Bosra?

2089 5421 2180 5486 eti
2215 5421 2388 5495 Qitare
2437 5436 2521 5481 tua
2574 5427 2740 5479 rubra
2788 5423 3109 5487 vestimenta,
3141 5426 3191 5474 et
3215 5421 3527 5475 indu-menta
3584 5427 3678 5475 tua

2087 5501 2240 5570 quasi
2267 5499 2452 5570 calcati
2485 5495 2768 5570 toreularia

2159 5571 2275 5646 (60)
2308 5569 2511 5626 Eadem
2541 5568 2698 5626 Rom.
2755 5562 2914 5630 edit.,
2942 5560 3238 5620 divinitatis
3267 5561 3674 5621 immortalitas.
