3864 6188
129 297 228 360 669

1267 288 1364 348 DE
1399 285 1774 349 ΤΒΙΝῙΓΑΤΕ
1811 287 2238 346 TRACTATUS.

3276 293 3383 356 570

127 428 240 499 ipso
261 424 506 498 juvante,
537 422 828 480 imitantur
870 418 1036 493 ;quia
1063 417 1388 475 vestimenta
1437 433 1535 473 sua
1574 432 1685 472 non
1716 419 1768 476 A
1869 410 2094 469 CAPUT
2127 414 2329 470 XXIX.
2360 445 2429 458 -—
2457 417 2610 476 Sicut
2638 436 2767 493 ergo
2793 436 2978 478 veram
3010 436 3230 478 carnem
3261 423 3380 478 Do-

125 515 494 588 coinquinant,
549 528 612 568 ac
666 508 930 582 virgines,
979 507 1151 580 gratia
1207 507 1378 577 ipsius
1428 505 1688 573 donante,

124 612 454 682 permanent.
482 603 555 659 Et
602 601 724 690 ideo
765 600 824 656 in
878 598 1018 654 albis
1054 595 1317 664 vestibus,
1366 602 1427 650 ut
1482 594 1691 650 dictum

123 705 220 764 est,
248 702 410 752 erunt
437 686 726 766 sequentes
751 705 952 762 agnum
976 689 1092 761 (61)
1117 687 1212 761 qui
1240 686 1370 743 tulit
1410 691 1691 758 peccatum

119 784 328 844 mundi.

181 943 410 1004 CAPUT
433 939 690 998 XXVIII.
721 966 791 981 -
821 935 1020 992 Totum
1051 951 1176 1006 ergo
1207 933 1508 999 hominem,
1548 929 1696 985 sicut

128 1036 340 1092 dictum
372 1040 489 1100 est;
513 1029 686 1086 Filius
716 1025 817 1083 Dei
850 1026 1086 1096 suscepit
1129 1041 1196 1081 ex
1231 1023 1476 1095 Virgine,
1514 1027 1692 1076 totum

117 1135 384 1204 integrum
434 1125 800 1189 resuscitabit,
850 1123 909 1178 id
937 1131 1039 1191 est,
1086 1123 1326 1178 animam
1373 1128 1429 1175 et
1473 1137 1689 1192 corpus,

117 1221 416 1292 adimplens
436 1214 762 1272 sententiam
792 1228 972 1278 suam,
995 1210 1123 1284 quia
1150 1211 1227 1266 ait
1251 1227 1262 1264 :
1297 1210 1505 1266 «Omne
1535 1228 1640 1282 quo
1662 1208 1700 1267 d

119 1309 264 1366 dedit
309 1305 446 1361 mihi
492 1305 668 1371 Pater,
717 1319 829 1359 non
871 1303 1093 1374 perdam
1141 1318 1210 1358 ex
1239 1319 1303 1358 eo
1342 1301 1688 1374 quidquam;

123 1398 209 1455 sed
240 1414 335 1469 ego
365 1392 701 1450 resuscitabo
731 1391 870 1447 illud
918 1391 976 1446 in
1008 1389 1310 1446 novissimo
1360 1389 1450 1445 die
1509 1391 1689 1460 (Joan.

123 1505 193 1555 vx,
224 1486 348 1558 39):
376 1508 395 1530 ι
453 1482 598 1556 quod
627 1480 838 1536 dictum
885 1489 996 1536 tam
1026 1478 1094 1534 de
1137 1495 1194 1534 se
1223 1494 1384 1551 quam
1415 1478 1482 1534 de
1511 1494 1692 1534 mem-

123 1575 230 1631 bris
257 1575 370 1630 suis
399 1571 700 1628 Dominum
737 1568 1016 1627 Christum
1059 1567 1264 1623 dixisse
1307 1565 1689 1638 intelligimus,

123 1663 210 1736 qui
258 1679 356 1718 suo
405 1668 460 1716 et
511 1658 882 1715 membrorum
932 1673 1157 1712 suorum
1206 1671 1299 1710 ore
1335 1656 1395 1711 in
1435 1655 1691 1711 omnibus

123 1751 317 1807 sanctis
364 1749 611 1822 loquitur
656 1746 834 1802 libris.
885 1745 1095 1802 Clamat
1143 1760 1270 1815 ergo
1316 1744 1384 1800 ad
1422 1745 1596 1799 Deum
1637 1752 1694 1800 et

124 1849 278 1911 caput
305 1840 361 1894 in
403 1853 648 1909 corpore,
693 1844 748 1892 et
787 1850 984 1906 corpus
1016 1834 1073 1888 in
1105 1833 1300 1905 capite,
1344 1833 1450 1890 hoc
1494 1841 1596 1901 est,
1641 1840 1695 1888 et

123 1928 358 1986 Ecclesia
387 1928 445 1982 in
475 1926 715 1992 Christo,
761 1933 814 1980 et
857 1922 1108 1980 Christus
1136 1922 1194 1976 in
1238 1922 1524 1988 Ecclesia;
1566 1921 1695 1993 quia

127 2017 182 2072 in
210 2015 363 2072 nullo
394 2014 636 2070 membra
683 2029 714 2067 a
742 2013 936 2084 capite,
962 2027 1135 2083 neque
1167 2019 1329 2083 caput
1357 2020 1636 2083 separatur
1663 2029 1692 2069 a

128 2103 403 2160 membris.
437 2104 590 2157 Tunc
634 2117 760 2172 ergo
789 2099 1056 2154 videbunt
1080 2115 1204 2154 eum
1232 2099 1527 2155 adversarii
1556 2099 1693 2170 ejus,

123 2194 215 2267 qui
257 2209 384 2247 eum
415 2197 875 2260 compunxerunt,
909 2197 962 2244 et
989 2188 1363 2244 clamaverunt
1394 2207 1406 2243 :
1472 2211 1489 2233 ι
1519 2189 1691 2256 Tolle,

118 2281 272 2347 tolle,
305 2276 561 2348 cruciﬁge
604 2291 728 2330 eum
763 2275 942 2346 (Joan.
976 2290 1094 2338 xxx,
1127 2274 1239 2345 15).
1280 2298 1298 2321 ι
1341 2275 1495 2330 Tunc
1521 2290 1695 2344 ange-

125 2369 298 2424 lorum
346 2365 674 2422 vaticinium
721 2361 1184 2434 comprobabitur,
1221 2363 1315 2433 qui
1352 2362 1696 2433 stupentibus

126 2456 380 2530 apostolis
409 2454 674 2510 dixerunt
698 2471 710 2508 :
759 2477 777 2499 ι
812 2451 933 2508 Viri
957 2451 1191 2516 Galilaai,
1221 2450 1353 2523 quid
1379 2452 1533 2507 statis
1560 2452 1697 2523 aspi-

124 2547 317 2603 cientes
351 2544 408 2598 in
438 2543 636 2600 coelum
659 2542 688 2597 ?
734 2540 825 2596 Sic
867 2539 1068 2607 veniet,
1114 2541 1571 2611 quemadmodum
1605 2540 1699 2596 vi-

126 2634 276 2690 distis
303 2648 426 2687 eum
461 2638 683 2687 euntem
714 2628 772 2683 in
803 2628 1003 2686 coelum
1033 2627 1173 2698 (Act.
1197 2644 1237 2696 x,
1270 2630 1381 2699 11).
1410 2655 1428 2675 ρ
1463 2630 1533 2683 Ει
1570 2644 1696 2683 sane

127 2724 222 2780 hoc
275 2719 631 2794 quaerendum
681 2725 762 2773 est
828 2725 1015 2775 utrum
1067 2725 1188 2789 post
1243 2717 1694 2774 resurrectionem

129 2810 412 2869 comessuri
440 2823 633 2864 sumus
647 2807 899 2878 (Tertull.
922 2807 999 2862 De
1018 2822 1222 2861 resurr.
1242 2823 1413 2873 carn.,
1435 2823 1553 2877 cap.
1578 2806 1694 2873 60),

128 2915 185 2956 ac
211 2897 436 2954 bibituri
459 2897 518 2953 in
550 2911 714 2968 regno
747 2895 1190 2961 coelorum,sicut
1213 2902 1265 2948 et
1291 2893 1558 2949 Dominus
1574 2900 1696 2966 post

123 2988 597 3053 resurrectionem,
649 2990 712 3039 ut
754 2999 945 3038 verum
993 2999 1190 3055 corpus
1235 2981 1563 3048 ostenderet,
1593 2998 1696 3037 co-

123 3077 281 3133 medit
325 3093 385 3132 ac
445 3073 610 3140 bibit,
650 3072 794 3128 sicut
840 3072 1073 3126 Lazarus
1129 3071 1308 3140 (Joan.
1356 3088 1439 3137 xx,
1477 3070 1592 3140 44),
1642 3077 1696 3126 et

125 3165 290 3222 caeteri
340 3179 481 3238 quos
517 3159 825 3216 suscitavit.
857 3158 1106 3216 Comedit
1137 3174 1264 3230 ergo
1319 3158 1607 3225 Dominus,
1633 3165 1696 3212 ut

132 3254 402 3309 veritatem
431 3250 682 3324 corporis
727 3248 1037 3305 ostenderet
1085 3248 1235 3318 (Luc.
1275 3263 1436 3313 xxxv,
1474 3246 1590 3316 43),
1642 3252 1696 3301 et

127 3341 424 3398 dubitantes
454 3339 733 3412 apostolos
765 3336 1138 3401 conﬁrmaret,
1171 3336 1264 3406 qui
1296 3351 1417 3390 eum
1441 3333 1693 3405 spiritum

129 3445 185 3486 ac
211 3430 535 3501 phantasma
580 3425 882 3500 putabant:
934 3422 1171 3482 comedit
1213 3424 1422 3490 favum,
1462 3431 1522 3476 ut
1561 3437 1695 3493 pro-

117 3515 353 3588 'phetiam
395 3519 674 3590 impleret,
721 3531 840 3587 qua
886 3530 955 3568 ex
996 3529 1226 3585 persona
1273 3512 1391 3584 ejus
1452 3511 1696 3584 loquitur

129 3605 334 3664 dicens:
381 3632 402 3656 ι
454 3603 683 3664 Comedi
734 3603 923 3658 favum
979 3601 1094 3673 (62)
1149 3618 1273 3657 cum
1327 3600 1486 3656 melle
1534 3616 1691 3667 meo;

129 3699 403 3766 comedite,
423 3696 613 3763 amici,
637 3704 689 3752 et
718 3693 1089 3761 inebriamini,
1104 3693 1274 3750 vicini
1295 3692 1476 3762 (Cant,
1496 3707 1552 3760 ν,
1577 3692 1681 3762 1).»

131 3782 205 3840 0b
231 3784 368 3842 hanc
395 3801 525 3857 ergo
553 3782 916 3854 prophetiam,
949 3789 1004 3836 et
1051 3796 1240 3836 verum
1278 3796 1474 3851 corpus
1509 3779 1694 3833 mani—

128 3871 419 3929 festandum
461 3879 586 3944 post
633 3869 1088 3946 resurrectionem
1138 3867 1379 3923 comedit
1424 3869 1696 3922 Dominus

129 3973 184 4014 ac
229 3959 388 4027 bibit,
432 3958 697 4032 probante
754 3957 858 4014 hoc
901 3957 1061 4012 beato
1110 3956 1268 4010 Petro
1309 3955 1576 4025 apostolo,
1634 3969 1698 4010 ac

129 4044 332 4102 dicente
364 4046 481 4117 (63)
518 4062 530 4100 2
579 4070 597 4092 ι
625 4045 794 4101 Nobis
841 4052 1020 4100 autem
1050 4042 1430 4098 manifestatas
1459 4049 1561 4109 est,
1600 4042 1697 4114 qui

129 4136 576 4191 manducavimus
595 4150 658 4190 ac
682 4133 925 4188 bibimus
954 4149 1079 4188 cum
1100 4149 1184 4199 eo,
1216 4140 1499 4202 postquam
1523 4147 1696 4186 resur-

126 4223 262 4276 rexit
289 4239 321 4276 a
357 4219 591 4275 mortuis
623 4219 764 4289 (Act.
795 4235 852 4286 x,
882 4219 969 4285 40,
1003 4219 1117 4289 Al).
1151 4243 1170 4266 ι
1208 4218 1376 4273 Nobis
1425 4234 1550 4287 ergo
1579 4226 1696 4289 post

128 4307 576 4364 resurrectionem
621 4305 776 4360 cibus
807 4306 994 4370 Verbi,
1025 4314 1079 4359 et
1113 4305 1254 4360 visio
1283 4305 1404 4371 Dei,
1435 4312 1487 4358 et
1516 4305 1700 4360 laudes

128 4395 255 4466 ejus,
307 4404 362 4452 et
408 4394 632 4450 alleluia
673 4399 855 4461 erunt,
913 4400 967 4447 et
1013 4392 1110 4446 illa
1156 4416 1175 4438 ι
1204 4409 1322 4463 quae
1378 4408 1476 4448 nec
1509 4394 1700 4449 oculus

1805 502 1988 558 minus
2019 507 2279 578 suscepit,
2311 517 2364 562 et
2393 525 2517 565 vere
2546 527 2733 582 passus
2761 521 2862 580 est,
2901 520 2956 568 et
2995 529 3122 568 vere
3146 527 3380 568 resurre-

1803 593 1910 660 xit,
1958 601 2012 649 et
2056 612 2184 651 vere
2230 608 2350 670 post
2397 603 2848 657 resurrectionem
2896 619 3090 660 manus
3135 612 3190 660 et
3238 604 3381 658 latus

1805 687 2045 744 ostendit
2072 687 2357 761 discipulis
2389 691 2567 764 (Joan.
2599 711 2697 762 xx,
2715 696 2815 763 27;
2842 697 2971 762 Luc,
2987 714 3147 764 xxxv,
3169 696 3284 768 1&0);
3304 697 3381 752 ita

1805 781 1860 829 et
1882 791 2008 832 vere
2036 779 2410 848 manducavit,
2437 798 2560 836 vere
2581 783 2810 853 pedibus
2830 785 3152 851 ambulavit,
3177 795 3230 841 et
3248 801 3379 842 vera

1806 861 1992 936 lingua
2029 884 2154 924 cum
2184 869 2442 926 omnibus
2475 872 2736 943 apostolis
2757 879 2810 928 et
2833 889 2955 928 cum
2992 873 3230 944 CleOpha
3262 875 3377 945 (64)

1807 957 2020 1015 locutus
2048 969 2149 1028 est,
2183 970 2237 1017 et
2266 980 2397 1020 vero
2426 965 2616 1020 cubitu
2645 982 2771 1021 cum
2801 965 2880 1020 eis
2910 965 2968 1020 in
3007 982 3160 1020 ccena
3188 965 3383 1020 discu-

1805 1044 1927 1100 buit
1972 1055 2026 1103 et
2063 1050 2206 1105 veris
2247 1052 2500 1108 manibus
2543 1054 2751 1124 accepit
2782 1069 2974 1124 panem
3017 1061 3071 1108 et
3098 1051 3380 1109 benedixit

1805 1149 1868 1189 ac
1897 1136 2055 1206 fregit
2105 1148 2157 1194 et
2189 1142 2432 1210 porrexit
2474 1141 2608 1197 illis.
2656 1141 2814 1208 Quod
2868 1149 3048 1198 autem
3110 1158 3178 1197 ex
3208 1141 3383 1197 oculis

1805 1236 1994 1278 eorum
2052 1237 2271 1296 repente
2315 1229 2558 1296 evanuit,
2603 1229 2807 1285 divinae
2838 1229 3061 1285 virtutis
3117 1230 3241 1296 fuit,
3271 1245 3382 1283 non

1805 1311 2011 1366 umbrae
2038 1323 2131 1369 aut
2158 1316 2589 1387 phantasmatis:
2637 1320 2884 1392 alioquin
2914 1329 2968 1376 et
3026 1329 3150 1375 ante
3182 1319 3381 1390 passio-

1804 1415 1928 1456 nem
1951 1419 2075 1457 cum
2093 1405 2417 1474 tenuissent,
2437 1415 2491 1462 et
2506 1406 2826 1464 eduxissent
2845 1425 2969 1464 eum
3003 1408 3070 1464 de
3096 1406 3377 1474 Nazareth,

1804 1500 1866 1547 ut
1902 1494 2303 1566 praecipitarent
2318 1513 2443 1553 eum
2473 1498 2540 1554 de
2560 1499 2854 1570 supercilio
2885 1498 3087 1553 montis
3119 1497 3268 1568 (Luc.
3303 1512 3380 1563 xv,

1805 1579 1895 1651 29)
1937 1599 2099 1654 super
2141 1601 2303 1656 quem
2350 1585 2545 1642 civitas
2575 1603 2762 1641 eorum
2795 1586 2969 1658 posita
2991 1595 3142 1650 erat;
3175 1582 3384 1640 transi-

1803 1669 1884 1724 vit
1917 1670 2032 1741 (65)
2065 1688 2160 1742 per
2195 1674 2438 1730 medium
2488 1691 2701 1742 eorum,
2745 1675 2802 1730 id
2831 1683 2930 1742 est,
2978 1675 3159 1745 lapsus
3204 1681 3287 1728 est
3315 1670 3382 1726 de

1802 1757 2054 1812 manibus
2078 1774 2289 1816 eorum.
2313 1765 2427 1816 Aut
2456 1762 2728 1833 numquid
2765 1779 2982 1817 carnem
3016 1777 3126 1816 non
3162 1759 3378 1824 habuit,

1802 1847 1896 1919 qui
1943 1847 2216 1919 ﬂagellum
2260 1851 2327 1906 de
2378 1853 2510 1907 fune
2540 1853 2688 1920 fecit,
2722 1862 2774 1908 et
2803 1868 2992 1907 omnes
3035 1851 3291 1907 inimicos
3319 1867 3382 1908 ac

1801 1947 2172 2010 persecutores
2220 1958 2347 1997 suos
2392 1941 2458 1997 de
2497 1943 2701 2014 templo
2748 1941 3057 1997 eliminavit
3104 1942 3284 2012 (Joan.
3317 1958 3376 2009 xx,

1804 2029 1928 2099 15)?
1957 2029 2051 2085 ubi
2076 2031 2258 2086 omnis
2287 2031 2597 2088 divinitatis
2623 2033 2738 2103 (66)
2761 2032 2878 2103 ejus
2898 2032 3142 2103 potentia
3160 2032 3376 2087 claruit.

1801 2117 1946 2173 Illud
2001 2127 2180 2174 autem
2238 2120 2383 2191 quod
2443 2128 2564 2193 post
2621 2122 3072 2176 resurrectionem
3113 2125 3257 2182 340
3313 2117 3379 2174 ad

1803 2213 2100 2284 discipulos
2157 2216 2356 2270 clausis
2405 2216 2678 2289 ingressus
2726 2226 2807 2273 est
2842 2217 3028 2288 januis
3068 2217 3247 2289 (Joan.
3280 2232 3377 2282 xx,

1803 2301 1920 2368 26),
1955 2301 2195 2372 ejusdem
2227 2304 2452 2360 virtutis
2497 2305 2625 2372 fuit,
2666 2306 2823 2377 cujus
2851 2317 2904 2362 et
2946 2324 3013 2362 ex
3057 2306 3230 2362 oculis
3258 2320 3378 2360 eva-

1804 2405 2040 2445 nescere.
2091 2392 2296 2447 Dicunt
2332 2394 2478 2448 enim
2520 2393 2771 2450 homines
2813 2396 2997 2452 saeculi
3047 2396 3207 2452 istius
3235 2396 3380 2468 quod

1805 2477 2129 2547 Apollonius
2179 2495 2388 2549 magus,
2418 2497 2544 2537 cum
2573 2491 2700 2537 ante
2744 2483 3118 2538 Domitianum
3149 2485 3378 2554 impera-

1809 2571 1982 2620 torem
2015 2565 2075 2620 in
2125 2567 2450 2623 consistorio
2502 2576 2688 2637 staret,
2743 2579 2960 2640 repente
3014 2587 3124 2626 non
3154 2587 3383 2640 compa-

1804 2662 2003 2716 ruisset
2047 2661 2333 2732 (Philostr.
2383 2665 2563 2719 Lemn.
2607 2665 2849 2732 lib.vxxx,
2877 2681 2993 2736 cap.
3027 2665 3092 2731 2;
3135 2666 3380 2722 Lactant.

1802 2748 1881 2803 De
1908 2749 2074 2805 instit.
2100 2751 2137 2805 l.
2173 2768 2228 2818 v,
2262 2766 2310 2805 o.
2352 2751 2430 2821 3).
2475 2752 2600 2808 Haec
2627 2761 2809 2807 tamen
2840 2769 2940 2807 nos
2977 2753 3240 2820 diximus,
3275 2769 3383 2808 non

1804 2852 1913 2908 quo
1930 2854 2186 2910 magnum
2201 2839 2446 2894 daemone
2465 2841 2730 2910 repletum
2752 2842 2991 2896 Domino
3007 2841 3224 2898 Christo
3239 2857 3382 2896 com-

1805 2944 2076 3000 paremus,
2113 2929 2208 2984 sed
2242 2937 2302 2984 ut
2332 2929 2711 2985 haereticorum
2743 2930 3012 2984 insaniam
3057 2931 3382 2986 confutare-

1805 3033 1945 3072 mus.
1978 3016 2134 3083 Quod
2170 3032 2296 3087 ergo
2361 3034 2520 3090 mago
2560 3017 2709 3085 licet,
2750 3019 2796 3072 si
2842 3026 3021 3073 tamen
3060 3034 3250 3074 verum
3273 3013 3379 3088 'est,

1727 3127 1769 3186 ρ
1805 3105 2040 3162 Domino
2095 3120 2208 3159 non
2254 3104 2420 3160 licet?
2475 3107 2748 3177 Lynceus,
2804 3115 2867 3161 ut
2922 3106 3119 3162 fabulas
3176 3108 3378 3175 ferunt,

1804 3198 2024 3254 videbat
2074 3206 2225 3254 trans
2280 3199 2541 3269 parietem
2589 3201 2756 3269 (Plin,
2795 3201 2834 3254 l.
2888 3217 3010 3267 vxxx,
3067 3203 3192 3256 Nat.
3243 3203 3379 3257 Hist.

1805 3305 1924 3359 cap.
1978 3287 2070 3358 8):
2105 3287 2374 3343 Dominus
2427 3287 2625 3341 clausis
2677 3287 2853 3353 ostiis,
2903 3287 3009 3341 nisi
3066 3287 3385 3358 phantasma

1804 3375 1994 3442 fuerit,
2033 3375 2237 3430 intrare
2271 3390 2382 3428 non
2414 3375 2666 3446 poterat?
2687 3375 2780 3447 qui
2810 3384 2952 3430 certe
2981 3383 3032 3431 et
3061 3384 3185 3430 ante
3211 3393 3384 3432 resur-

1803 3469 2102 3523 rectionem
2143 3466 2380 3538 pendulo
2422 3483 2584 3538 super
2628 3483 2774 3522 mare
2820 3467 3125 3522 ambulavit
3171 3468 3383 3524 incessu

1809 3559 2019 3630 (Matth.
2069 3574 2188 3625 xxv,
2220 3557 2333 3628 26),
2379 3564 2434 3611 et
2481 3557 2585 3612 hoc
2631 3557 2806 3628 ipsum
2848 3558 3095 3628 apostolo
3152 3558 3385 3630 praebuit

1805 3649 1986 3716 Petro,
2012 3649 2105 3720 qui
2135 3665 2261 3705 cum
2304 3648 2410 3704 ﬁde
2438 3665 2600 3720 super
2627 3665 2794 3721 aquas
2823 3650 3147 3720 ambularet,
3178 3651 3386 3707 intide-

1805 3742 1958 3797 litate
1997 3748 2183 3812 postea
2224 3741 2390 3812 mergi
2441 3741 2605 3811 coepit
2636 3741 2798 3811 (Ibid.
2829 3741 2916 3808 29,
2963 3741 3078 3811 30),
3123 3742 3231 3796 nisi
3264 3744 3380 3811 (67)

1805 3846 1927 3886 eum
1958 3828 2122 3884 citius
2151 3828 2375 3883 dextera
2404 3828 2624 3884 Domini
2654 3828 3015 3882 continuisset
3051 3829 3297 3898 (Hieron.
3328 3829 3386 3882 in

1805 3919 1916 3976 Isa.
1948 3917 2049 3972 sub
2079 3915 2174 3971 ﬁn.
2199 3935 2212 3983 ;
2243 3917 2375 3972 item
2402 3918 2459 3971 in
2485 3933 2602 3986 cap.
2638 3933 2796 3982 xxxv,
2824 3917 3059 3984 Matth).
3093 3917 3306 3987 Aquilae
3333 3925 3387 3972 et

1806 4008 2055 4066 vultures
2096 4007 2460 4062 transmarina
2518 4005 2763 4060 sentiunt
2810 4005 3105 4060 cadavera:
3139 4006 3387 4062 Salvator

1808 4101 2081 4175 apostolos
2113 4113 2260 4164 suos,
2310 4096 2417 4151 nisi
2475 4095 2613 4149 ostia
2655 4093 2945 4165 aperuerit,
2979 4111 3086 4150 non
3117 4094 3325 4153 videbit
3357 4098 3386 4155 ?

1807 4194 1875 4250 ad
1905 4199 2259 4265 postremum,
2291 4185 2440 4242 dicas
2486 4185 2653 4240 velim
2708 4184 2846 4239 mihi
2890 4185 3020 4258 quid
3070 4186 3244 4258 majus
3291 4188 3381 4256 sit,

1806 4292 2014 4341 tantam
2036 4289 2192 4336 terrae
2214 4275 2647 4349 magnitudinem
2671 4275 2846 4331 tribus
2877 4277 3179 4348 appendere
3198 4278 3386 4350 digitis

1809 4377 1942 4447 (Isa.
1975 4390 2066 4439 xx.,
2101 4369 2214 4440 12),
2270 4375 2325 4422 et
2352 4381 2514 4438 super
2568 4382 2735 4437 aquas
2782 4355 3018 4422 incertas
3048 4367 3234 4422 librari
3270 4385 3282 4433 ;
3315 4383 3384 4422 an

128 4482 278 4550 vidit,
311 4499 416 4540 nec
445 4483 594 4538 auris
624 4479 861 4547 audivit,
893 4495 994 4536 nec
1026 4479 1084 4534 in
1113 4495 1207 4536 cor
1235 4479 1474 4535 hominis
1503 4497 1692 4537 ascen-

1807 4468 1976 4522 Deuxn
2009 4463 2124 4535 (68)
2158 4477 2252 4533 per
2278 4460 2516 4514 clausam
2571 4464 2873 4512 creaturam
2903 4456 3136 4512 transire
3157 4455 3184 4510 2
3216 4454 3387 4512 Crea—

132 4567 336 4640 derunt,
366 4588 488 4644 quae
519 4567 844 4642 praeparavit
873 4569 1015 4624 Deus
1039 4567 1391 4639 diligentibus
1411 4584 1466 4623 se
1495 4568 1552 4639 (Ι
1571 4568 1696 4626 Cor.

131 4673 186 4725 xx,
211 4659 288 4730 9).
320 4683 338 4706 ι
380 4659 503 4714 Non
538 4675 664 4730 ergo
694 4665 821 4730 post
866 4658 1318 4712 resurrectionem
1354 4656 1698 4712 manducan-

132 4742 249 4800 dum
304 4746 463 4802 nobis
502 4762 564 4803 ac
618 4744 920 4800 bibendum
976 4751 1077 4811 est,
1127 4759 1228 4799 nec
1283 4742 1600 4814 incorrupta
1643 4751 1696 4798 et

134 4830 452 4893 immortalia
495 4851 722 4907 corpora
759 4832 1036 4889 alimoniis
1072 4831 1421 4888 sustentanda
1466 4831 1698 4887 terrenis

133 4930 280 4977 sunt:
331 4923 576 4995 alioquin
617 4922 711 4977 ubi
759 4919 890 4987 cibi,
931 4927 1233 4992 sequuntur
1277 4927 1332 4973 et
1394 4918 1593 4986 morbi,
1644 4925 1698 4973 et

131 5016 306 5065 extera
335 5027 454 5083 quae
485 5009 542 5065 in
577 5011 680 5065 hoc
716 5010 913 5065 saeculo
944 5007 1300 5078 perpetimur.

196 5103 302 5176 (61)
339 5105 726 5162 EademRom.
769 5105 926 5173 edit.,
954 5119 1258 5175 quocunque
1287 5101 1429 5156 ierit.
1519 5120 1523 5124 ‘

197 5175 301 5249 (62)
341 5177 543 5249 Eadem
573 5178 730 5249 Rom.
768 5176 1143 5249 edit.,panem
1174 5188 1370 5249 meum.
1578 5243 1590 5249 Α
1638 5239 1650 5249 .

199 5243 307 5318 (63)
341 5248 546 5302 Eadem
570 5248 726 5303 Rom.
751 5245 910 5314 edit.,
931 5243 1083 5302 Hunc
1097 5243 1367 5297 suscitavit
1393 5258 1428 5295 a
1450 5243 1694 5308 mortuis,

346 5387 548 5444 Eadem
577 5390 734 5446 Rom.
765 5386 922 5453 edit.,
962 5385 1189 5456 Cleopha
1215 5389 1263 5438 et
1286 5384 1516 5438 Amaon.
1651 5447 1660 5458 ο

221 5387 308 5529 65)
346 5459 548 5514 Eadem
578 5461 734 5516 Rom.
766 5457 923 5524 edit.,
951 5457 1167 5513 dubium
1195 5453 1298 5508 erit
1320 5451 1462 5522 quod
1492 5456 1660 5502 transi

346 5459 548 5514 Eadem
578 5461 734 5516 Rom.
766 5451 923 5524 edit.,
951 5451 1167 5513 dubiam
1195 5453 1298 5508 erit
1320 5451 1462 5522 quod
1492 5451 1698 5502 transi—

133 5533 308 5673 "?6‘6)
342 5597 555 5684 Eadem
571 5599 729 5658 Rom.
756 5598 915 5669 edit.,
941 5603 989 5654 et
1010 5601 1300 5674 peccatores
1329 5592 1441 5668 ejus
1462 5585 1698 5644 inimicos

1805 4555 1913 4612 tori
1945 4552 2087 4626 quod
2120 4549 2294 4622 majus
2326 4557 2407 4604 est
2435 4546 2654 4614 tribuis,
2687 4555 2740 4601 et
2781 4545 2926 4618 quod
2959 4546 3141 4599 minus
3168 4544 3388 4598 calum-

1805 4643 1976 4700 niaris
2008 4641 2146 4713 (69).
2196 4641 2387 4695 Petrus
2431 4637 2731 4708 apostolus,
2785 4641 2848 4687 ut
2871 4632 2986 4701 jam
3043 4632 3252 4685 dictum
3281 4637 3381 4697 est,

1805 4751 1966 4806 super
2015 4749 2180 4804 aquas
2237 4727 2541 4785 ambulavit
2569 4733 2623 4781 et
2654 4724 2804 4794 gravi
2861 4730 2914 4775 et
2948 4719 3128 4774 solido
3170 4719 3386 4787 corpori

1807 4823 1989 4878 mollis
2018 4821 2184 4884 unda,
2235 4818 2342 4871 nisi
2382 4813 2665 4885 paululum
2710 4809 3031 4872 dubitasset,
3064 4820 3174 4858 non
3202 4821 3387 4862 cesse-

1806 4916 1888 4965 rat
1920 4907 2131 4978 (Matth.
2161 4920 2277 4968 xxv,
2309 4902 2397 4965 29,
2429 4899 2554 4968 30):
2587 4905 2642 4951 et
2690 4905 2751 4950 tu
2806 4896 2977 4948 Deum
3009 4891 3382 4966 calumniaris,

1807 5012 1974 5071 quare
2014 4992 2215 5050 clausis
2245 4991 2518 5060 ingressus
2563 4985 2635 5039 sit
2676 4983 2879 5038 ostiis?
2924 4979 3216 5036 Paululum
3257 4997 3386 5054 ergo

1805 5097 1878 5151 ad
1896 5111 2124 5148 unum...
2157 5088 2246 5142 ubi
2266 5083 2500 5140 omnibus
2521 5081 2842 5151 divinitatis,
2869 5089 2973 5135 etc.

1881 5147 1994 5237 (67)
2044 5159 2247 5237 Eadem
2302 5157 2459 5237 Rom.
2519 5152 2674 5237 edit.,
2701 5150 2870 5237 ‘ﬁdeir
3230 5163 3390 5237 super:

1805 5217 2275 5306 aquas/ambulare
2297 5226 2464 5306 erepit,
2498 5217 2795 5306 augeam
2828 5217 2953 5274 mea:
2999 5217 3195 5271 labente
3225 5217 3388 5289 mergi

1805 5295 1975 5377 cépit,
2005 5299 2236 5377 etmergi
2259 5295 2682 5377 potuisset,__1tt'si,
2725 5299 2829 5377 etc:

1881 5356 2228 5446 'Eadeﬁx
2259 5356 2416 5424 Rom.
2456 5356 2614 5428 edit.,
2643 5356 2847 5446 pugillo
2876 5356 3188 5446 apparatum,
3210 5364 3383 5446 (etIV-cm:

1809 5429 2140 5516 luntvpatmo,
2183 5447 2230 5494 et
2255 5453 2422 5508 aquas
2449 5449 2610 5490 manu
2643 5429 2905 5501 "et'rupes
2940 5433 3138 5483 statera
3174 5429 3385 5500 metiri;

1805 5534 1876 5572 an
1901 5519 2086 5578 Deum,
2122 5519 2225 5566 etc.

1881 5586 1996 5660 (69)
2024 5571 2232 5639 Eadem
2261 5579 2418 5636 Rom.
2454 5573 2609 5641 edit.,
2629 5571 2909 5647 inﬁciaris,
