3864 6188
111 320 211 381 573

1227 316 1323 374 DE
1358 313 1731 373 TRINITATE
1768 311 2200 373 TRACTA'I'US.

3265 312 3374 376 δη

110 437 183 510 ibi
225 461 412 503 verum
439 453 496 504 et
522 444 813 518 paciﬁcum
853 460 968 505 suae
994 442 1190 503 salutis
1217 442 1466 500 obsidem
1503 441 1671 501 habet
1706 437 1758 498 A
1785 439 1926 494 alius
1954 455 2051 509 per
2086 437 2327 509 inopiam
2378 448 2431 496 et
2478 438 2857 498 inﬁrmitatem
2901 441 3170 513 corporis,
3219 439 3376 499 alius

109 539 163 598 in
206 545 491 603 aeternum,
545 534 615 592 ad
678 550 841 607 quem
913 558 935 584 ι
999 535 1275 604 rapiemur
1330 534 1389 591 in
1447 534 1685 591 nubibus

108 626 317 686 obviam
366 623 586 682 Christo
627 625 687 683 iu
732 638 856 681 aera
902 624 961 696 (Ι
1000 624 1176 681 Thess.
1206 640 1283 691 iv,
1315 622 1430 693 16),
1460 647 1480 671 ι
1545 623 1687 681 sicut

105 716 261 775 Isaias
305 712 573 787 propheta
610 719 842 771 testatur
885 710 1099 770 dicens:
1150 735 1172 762 ι
1220 711 1395 784 Super
1428 712 1687 769 h‘umeros
1736 754 1742 761 .

105 806 382 873 tollentur,
438 811 493 861 et
543 802 910 874 portabuntur
963 802 1082 875 (80)
1136 800 1207 858 ad
1259 802 1378 858 loca
1423 817 1521 857 sua
1550 803 1682 873 (Isa.

102 910 252 962 LXVI,
303 894 394 963 I2)
437 910 454 960 ;
501 899 557 948 et
599 892 846 949 iterum:
912 913 932 940 ι
969 888 1076 957 Qui
1130 899 1259 947 sunt
1312 890 1427 959 isti,
1482 891 1579 964 qui
1624 898 1687 947 ut

98 983 271 1043 nubes
319 981 527 1048 volant,
557 987 611 1038 et
656 979 810 1053 quasi
852 977 1127 1036 columbae
1154 976 1223 1033 ad
1269 976 1535 1035 fenestras
1562 992 1686 1035 suas

103 1072 233 1145 (Isa.
265 1087 358 1139 ιι,
400 1070 460 1142 8)
499 1070 526 1126 ?
571 1093 593 1119 ι
651 1068 708 1125 id
745 1076 844 1135 est,
892 1066 961 1123 ad
1010 1066 1320 1123 mansiones
1360 1066 1684 1123 meritorum

101 1173 340 1225 suorum,
370 1156 438 1213 de
479 1155 689 1228 quibus
723 1154 992 1212 Dominus
1019 1152 1191 1212 dicit:
1237 1177 1259 1203 ι
1304 1154 1489 1213 Multa;
1516 1171 1685 1212 man-

102 1249 274 1306 siones
299 1252 429 1303 sunt
450 1244 597 1317 apud
625 1245 837 1300 Patrem
868 1258 1052 1301 meum
1081 1246 1265 1317 (Joaa.
1299 1261 1420 1312 xw,
1453 1245 1534 1316 2);
1566 1271 1586 1296 ι
1627 1252 1683 1302 et

103 1336 291 1394 iterum
325 1349 337 1391 :
386 1356 404 1384 ι
450 1334 521 1390 Et
566 1332 841 1390 adducent
888 1349 1077 1390 omnes
1119 1334 1316 1391 fratres
1358 1344 1570 1392 vestros
1612 1335 1682 1393 de

102 1423 307 1481 cunctis
349 1423 604 1495 gentibus
650 1422 710 1477 in
739 1423 1037 1479 Jerusalem
1089 1422 1148 1477 in
1193 1423 1370 1496 equis,
1398 1431 1455 1480 et
1493 1424 1679 1495 mulis,

103 1521 150 1569 et
177 1511 478 1585 quadrigis,
504 1520 560 1567 et
595 1512 858 1580 carrucis,
886 1520 940 1568 et
969 1511 1197 1575 lecticis,
1244 1511 1381 1568 dicit
1410 1513 1680 1569 Dominus

1793 546 1888 602 per
1911 529 2139 586 divitias
2152 539 2207 587 et
2232 530 2517 587 sanitatem
2536 532 2800 602 corporis.
2831 531 2962 600 Quae
2981 539 3166 589 tamen
3185 533 3374 590 omnia

1793 635 1895 678 nec
1933 619 2164 676 Summa
2206 618 2370 687 bona,
2402 634 2503 677 nec
2550 635 2766 676 summa
2808 623 2951 678 mala
2977 631 3143 679 sunt:
3212 638 3374 679 sum-

1794 726 1946 767 mum
2009 711 2158 767 enim
2220 710 2427 766 malum
2483 726 2629 769 mors
2677 719 2878 768 aeterna
2928 721 3031 781 est,
3104 722 3158 771 et
3212 728 3374 770 sum-

1794 816 1945 857 mum
1974 799 2181 856 bonum
2214 799 2330 855 vita
2355 806 2555 856 aeterna
2582 807 2685 855 est.
2714 801 2825 857 Ista
2850 816 2977 872 ergo
3007 802 3217 871 omnia,
3249 818 3372 875 quas

1795 890 1909 946 vita
1968 889 2284 946 mortalium
2346 888 2531 956 habet,
2584 886 2765 945 media
2804 895 2969 955 sunt;
3025 889 3085 945 in
3142 899 3374 961 utroque

1793 978 1940 1037 enim
1970 978 2200 1035 tentatio
2240 985 2356 1035 est:
2410 978 2696 1051 plerosque
2749 976 2896 1032 enim
2926 991 3063 1049 quos
3091 992 3195 1037 nec
3245 979 3378 1033 ino-

1793 1070 1883 1144 pia
1929 1084 2031 1125 nec
2067 1067 2361 1125 inﬁrmitas
2407 1067 2590 1141 fregit,
2643 1070 2788 1129 342
2829 1065 2993 1139 fregit
3044 1066 3269 1134 sanitas,
3324 1074 3379 1123 et

1791 1168 2151 1240 exstinguunt
2174 1166 2406 1223 divitia.
2434 1165 2567 1233 Quae
2590 1164 2911 1238 comprobat
2938 1164 3377 1237 sapientissimus

1791 1258 2069 1326 Salomon,
2104 1255 2293 1314 dicens
2343 1255 2414 1312 ad
2447 1254 2744 1312 Dominum
2773 1272 2785 1310 :
2823 1278 2844 1304 ι
2870 1254 3106 1311 Divitias
3148 1262 3203 1311 et
3232 1269 3378 1325 pan-

1790 1356 2053 1423 pertatem
2098 1364 2168 1405 ne
2209 1347 2425 1405 dederis
2485 1347 2645 1415 mihi,
2694 1346 2876 1403 tribue
2925 1355 3109 1403 autem
3160 1352 3373 1402 tantum

1790 1438 1967 1494 victui
1992 1452 2137 1494 meo
2182 1436 2487 1493 necessaria
2541 1436 2726 1508 (Prov.
2771 1450 2909 1502 xxx,
2951 1435 3045 1508 8);
3082 1459 3103 1485 ι
3142 1434 3371 1502 scilicet,

1790 1543 1859 1584 ne
1887 1534 1981 1583 aut
2008 1527 2068 1583 in
2121 1527 2233 1583 illis
2274 1527 2651 1595 extolleretur,
2680 1533 2776 1582 aut
2831 1527 2890 1582 in
2917 1526 3039 1582 istis
3086 1526 3246 1583 factis
3272 1532 3376 1599 pe-‘-

102 1604 237 1658 Deus
289 1601 405 1689 (81)
434 1601 585 1689 (Ita.
633 1617 798 1689 nxvt,
817 1600 932 1664 20).
966 1624 994 1689 _»
1043 1600 1200 1668 Quod
1237 1600 1493 1689 neralicui
1540 1602 1680 1658 forte

1794 1614 2004 1686 ieraret,
2041 1623 2136 1671 aut
2180 1614 2598 1689 blasphemaret.
2650 1614 2807 1681 Quod
2856 1621 3038 1671 autem
3079 1613 3219 1683 haec,
3255 1630 3376 1688 quae

106 1689 324 1746 dubium
354 1688 610 1745 videatur
651 1686 930 1745 hominem
960 1687 1019 1743 in
1048 1702 1277 1759 corpore
1306 1688 1411 1745 isto
1440 1690 1677 1761 positum

1789 1705 1970 1761 media
2045 1704 2315 1773 diximus,
2353 1704 2535 1760 aliena
2591 1705 2705 1760 sint
2739 1720 2771 1760 a
2824 1704 3003 1771 nobis,
3056 1704 3375 1777 comprobat

102 1779 155 1836 in
195 1796 317 1836 aera
360 1796 517 1853 posse
563 1780 814 1846 volitare,
857 1776 1147 1834 conﬁrmat
1185 1776 1291 1835 hoc
1344 1777 1489 1834 idem
1518 1780 1676 1851 Apo-

1794 1794 2075 1862 Dominus,
2104 1791 2333 1849 dicens:
2379 1815 2399 1840 ι
2418 1790 2475 1849 Si
2506 1793 2563 1848 in
2592 1792 2772 1847 alieno
2809 1788 2998 1847 ﬁdeles
3026 1805 3138 1847 non
3168 1776 3370 1860 fuistis,

104 1868 267 1923 stolus
314 1866 546 1925 dicens:
591 1889 612 1915 ι
654 1866 787 1922 Fide
833 1865 1056 1923 Henoch
1109 1866 1404 1922 translatus
1456 1875 1557 1934 est,
1606 1883 1676 1924 ne

101 1955 305 2012 videret
333 1964 562 2013 mortem
612 1954 793 2025 (Hebr.
847 1970 926 2022 ιι,
959 1954 1043 2027 b’),
1073 1977 1092 2003 ν
1127 1970 1253 2010 nam
1308 1962 1360 2011 et
1401 1955 1552 2011 Elias
1614 1955 1676 2011 in

103 2059 321 2115 corpore
376 2044 482 2101 isto
530 2042 759 2117 positus,
808 2042 865 2098 in
893 2058 1001 2115 quo
1048 2059 1197 2100 nunc
1223 2059 1395 2117 usque
1420 2053 1504 2101 est
1534 2045 1675 2118 (82),

100 2146 256 2188 curru
305 2132 486 2204 igneo,
540 2130 599 2185 id
645 2138 728 2185 est
774 2131 1090 2202 angelorum
1147 2133 1525 2202 subvectione,
1583 2135 1685 2207 qui

99 2229 219 2276 sunt
266 2220 495 2290 spiritus
536 2227 590 2275 et
634 2216 854 2275 ﬂamma
902 2219 1065 2291 ignis,
1106 2220 1203 2290 qui
1234 2220 1444 2276 faciunt
1470 2223 1683 2279 volun-

97 2314 260 2364 tatem
292 2308 417 2375 Dei,
448 2308 602 2380 quasi
642 2322 813 2379 usque
862 2306 930 2363 ad
970 2308 1168 2362 ctelum
1203 2315 1391 2378 raptus
1423 2310 1539 2381 (83)
1583 2311 1691 2384 (IV

100 2400 214 2468 Reg.
264 2400 490 2472 11,“):
546 2408 602 2455 et
647 2399 903 2456 Habacuc
952 2400 1220 2472 propheta
1273 2400 1341 2457 de
1389 2401 1572 2459 Iudaea
1626 2404 1684 2461 in

104 2487 404 2547 Chaldaeam
450 2489 520 2547 ab
569 2490 764 2561 angelo
825 2488 1021 2546 ductus
1065 2499 1121 2548 et
1174 2492 1432 2549 reductus
1495 2503 1577 2551 est
1626 2496 1685 2551 in

105 2586 373 2633 momento
403 2578 667 2650 temporis
696 2579 859 2649 (Dan.
890 2595 1011 2648 xxv,
1043 2580 1158 2652 35):
1192 2587 1247 2636 et
1266 2582 1380 2653 ipse
1408 2584 1685 2653 apostolus

104 2665 291 2722 Paulus
310 2674 500 2738 raptus
519 2674 599 2723 est
616 2683 790 2739 usque
807 2668 876 2725 ad
900 2669 1123 2724 tertium
1145 2670 1345 2724 coelum
1366 2678 1419 2727 et
1448 2670 1506 2726 in
1534 2688 1683 2743 para-

110 2756 277 2812 disum
308 2758 397 2820 (II
430 2756 542 2812 Cor
568 2756 815 2828 x1524);
842 2764 898 2813 et
918 2757 1045 2813 inde
1074 2758 1420 2815 reductusest
1446 2760 1503 2816 in
1526 2777 1682 2818 mun-

116 2844 234 2899 dum
251 2844 389 2917 (84).
416 2846 490 2902 Ut
511 2853 689 2902 autem
712 2846 1055 2904 manifestius
1075 2849 1276 2904 clareat
1302 2849 1554 2906 vehicula
1578 2852 1685 2908 ista

110 2940 404 2990 sanctorum
459 2934 691 3006 spiritus
717 2951 854 3003 esse,
887 2935 944 2993 id
999 2944 1079 2992 est
1107 2938 1325 3008 angelos
1377 2939 1495 3007 Dei,
1525 2939 1685 2998 docet

106 3038 196 3079 nos
219 3024 534 3097 exemplum
566 3026 742 3081 sancti
770 3025 1009 3098 Philippi
1036 3027 1201 3083 unius
1229 3043 1297 3083 ex
1329 3028 1444 3099 (85)
1476 3036 1682 3100 septem

1787 1882 1931 1958 quod
1961 1888 2204 1938 vestrum
2235 1887 2337 1950 est,
2378 1880 2508 1955 quis
2537 1879 2691 1936 dabit
2740 1880 2899 1935 vobis
2929 1880 3081 1952 (Luc.
3111 1895 3230 1947 xvr,
3267 1878 3369 1946 l2;

1786 1971 1978 2028 Ambr.
2010 1971 2049 2026 l.
2077 1986 2158 2027 vn
2184 1968 2243 2026 in
2264 1969 2392 2025 Luc.
2415 1968 2519 2024 sub
2546 1967 2642 2024 ﬁn.
2677 1985 2692 2031 ;
2723 1968 2862 2024 Ibid.
2895 1968 2934 2023 l.
2966 1983 3087 2033 vm,
3116 1981 3176 2025 ιι.
3202 1966 3358 2038 85).»

1788 2060 1999 2117 Aliena
2040 2075 2167 2131 ergo
2211 2074 2243 2114 a
2273 2057 2431 2114 nobis
2475 2066 2608 2114 sunt
2643 2056 2878 2124 divitia,
2920 2056 3048 2129 quia
3076 2064 3231 2112 extra
3260 2070 3374 2111 no-

1791 2155 1957 2203 stram
2013 2153 2263 2202 naturam
2309 2153 2474 2211 sunt;
2535 2159 2710 2217 neque
2738 2143 2887 2201 enim
2942 2143 3228 2200 nobiscum
3258 2156 3367 2198 na-

1794 2245 2043 2304 scuntur,
2102 2242 2196 2290 aut
2244 2240 2549 2290 transeunt.
2595 2234 2669 2289 Et
2700 2232 2821 2289 ideo
2851 2232 2967 2289 haec
2997 2233 3232 2289 scientes
3257 2247 3371 2289 non

1795 2326 2095 2381 serviamus
2133 2324 2347 2391 alienis,
2381 2323 2477 2394 qui
2523 2323 2740 2377 nullum
2767 2323 2939 2378 Deum
2970 2321 3168 2378 habere
3196 2321 3371 2378 debe-

1795 2431 1938 2479 mus,
1995 2411 2102 2468 nisi
2148 2411 2449 2469 Christum.
2504 2410 2753 2482 Hospites
2776 2426 2903 2481 ergo
2954 2426 3143 2466 sumus
3186 2425 3370 2467 rerum

1795 2510 2105 2560 nostrarum
2134 2543 2149 2569 ,
2203 2498 2472 2573 quidquid
2526 2499 2672 2553 enim
2717 2497 2784 2553 de
2812 2498 3011 2555 saeculo
3039 2506 3140 2566 est,
3174 2498 3230 2554 in
3261 2516 3371 2555 sse-

1794 2594 1920 2649 culo
1946 2596 2225 2656 remanet;
2274 2597 2329 2645 et
2371 2585 2638 2659 quidquid
2672 2585 2949 2641 haeredum
2995 2588 3372 2659 conquirimus

1794 2682 1975 2749 nobis,
2009 2680 2325 2752 perdimus;
2370 2676 2500 2752 quia
2545 2674 2831 2731 nobiscum
2882 2689 2994 2730 non
3054 2675 3224 2744 aliud,
3266 2676 3373 2731 nisi

1794 2784 1887 2833 aut
1922 2774 2068 2830 bona
2088 2778 2182 2826 aut
2206 2768 2349 2823 mala
2380 2781 2543 2837 opera
2570 2771 2868 2836 portamus.
2912 2762 3034 2821 Non
3065 2779 3190 2837 ergo
3217 2766 3373 2822 malai

1793 2872 1921 2923 sunt
1946 2861 2175 2926 divitiae,
2206 2856 2300 2912 sed
2346 2855 2487 2910 male
2517 2853 2798 2909 utentibus
2833 2854 2987 2909 malae
3039 2863 3193 2921 sunt;
3244 2855 3373 2928 quia

1792 2954 1936 3010 bona
1982 2966 2102 3023 quae
2146 2948 2289 3003 Deus
2353 2943 2501 3010 fecit,
2554 2941 2698 2997 bona
2737 2948 2865 2997 sunt
2919 2942 3097 3000 valde.
3151 2942 3222 2999 Et
3250 2944 3372 3001 ideo

1793 3037 2107 3114 philosophi
2122 3032 2313 3090 mundi
2336 3032 2497 3089 istius
2515 3045 2623 3086 non
2640 3029 2834 3087 dicunt
2850 3046 3125 3087 summum
3137 3031 3366 3104 bonum,

109 3127 251 3184 quem
322 3113 554 3187 Spiritus
609 3112 833 3170 Domini
899 3113 967 3170 de
1019 3113 1160 3171 ϐω
1208 3116 1443 3187 rapienti,
1491 3116 1675 3173 δυδίῐο
1707 3150 1751 3210 ο
1786 3112 1891 3195 nisi
1911 3142 2116 3201 pacem,
2140 3123 2480 3180 honestatem
2501 3129 2663 3191 atque
2683 3120 2965 3187 virtutem;
2989 3129 3044 3176 et
3091 3137 3369 3179 summum

106 3203 271 3271 posuit
310 3202 366 3257 in
417 3207 659 3258 Azotum
719 3203 833 3274 (86)
885 3204 1026 3274 (Act.
1083 3223 1210 3273 vm,
1255 3205 1342 3274 39,
1373 3206 1486 3278 40).
1517 3209 1679 3263 Enu-

107 3290 314 3348 cleatius
357 3290 499 3359 haec,
531 3299 587 3348 et
629 3292 978 3348 membratim
1023 3295 1426 3366 quodammodo
1465 3298 1679 3354 articu-

108 3377 349 3453 latimque
406 3387 673 3449 scrutata,
742 3389 1008 3453 quantum
1074 3384 1435 3441 intentionem
1503 3402 1678 3442 meam

106 3466 353 3527 Dominus
408 3470 674 3542 adjuvare
741 3469 998 3541 dignatus
1055 3481 1155 3539 est,
1190 3472 1338 3530 dicta
1383 3474 1676 3530 sufficiant.

108 3552 291 3614 Tamen
336 3576 404 3616 ne
447 3558 701 3616 omisisse
745 3559 955 3631 aliquid
997 3560 1303 3629 videamur,
1353 3562 1523 3634 ipsius
1563 3566 1680 3620 Do-

110 3645 233 3701 mini
278 3662 340 3705 ac
389 3647 697 3705 Salvatoris
755 3648 930 3704 nostri
985 3649 1264 3720 probanda
1302 3658 1430 3706 sunt
1458 3650 1677 3719 verbis;

111 3734 178 3789 ait
209 3738 349 3794 enim
390 3755 522 3796 cum
553 3738 621 3794 de
657 3754 786 3811 agro
832 3746 885 3794 et
931 3739 1122 3796 tritico
1152 3757 1215 3797 ac
1261 3741 1468 3797 zizania
1498 3744 1680 3815 loque-

110 3830 247 3881 retur
291 3844 303 3883 :
348 3849 368 3876 ι
420 3829 485 3887 In
529 3827 1004 3885 consummatione
1074 3830 1221 3885 enim
1269 3831 1453 3887 saeculi
1502 3832 1682 3886 mittet

112 3911 253 3970 Pater
311 3933 465 3973 meus
523 3916 764 3987 angelos,
830 3915 927 3988 qui
985 3927 1237 3989 separent
1288 3918 1495 3975 zizania
1560 3919 1679 3991 (87)

116 3999 307 4071 (Matth.
351 4021 476 4073 xm,
507 4003 624 4076 4d,)
652 4028 673 4053 ι
734 4003 793 4060 id
816 4010 898 4059 est
925 4014 1252 4076 peccatores,
1298 4031 1318 4055 ε
1354 4024 1386 4062 a
1413 4007 1617 4077 tritico,
1651 4031 1670 4057 ι

111 4085 206 4147 hoc
229 4101 312 4149 est
355 4109 387 4149 a
408 4092 596 4164 justis.
652 4091 750 4147 Isti
787 4101 917 4148 sunt
968 4095 1168 4165 angeli,
1207 4095 1303 4167 qui
1332 4096 1594 4153 Lazarum
1622 4097 1682 4153 in

114 4191 269 4248 agone
313 4180 657 4252 paupertatis
695 4180 858 4236 simul
911 4188 967 4236 et
1014 4182 1351 4240 inﬁrmitatis
1396 4185 1683 4256 probatum

112 4265 161 4323 in
221 4269 407 4323 sinum
460 4284 524 4323 ac
573 4270 814 4340 requiem
866 4272 1196 4326 sustulerant
1248 4272 1481 4329 Abrahae
1542 4274 1681 4346 (88).

116 4353 253 4423 (Luc.
289 4372 411 4424 xvr,
443 4354 560 4426 22).

171 4458 396 4562 CAPU'I‘
441 4460 701 4562 XXXIII.
750 4490 821 4502 —
864 4459 1026 4530 Vere,
1063 4462 1215 4562 sicut
1257 4463 1525 4537 scriptum
1577 4477 1680 4539 est,
1712 4503 1762 4562 Β

128 4569 146 4594 ι
168 4551 385 4619 probavi
406 4557 464 4608 te
484 4552 542 4607 in
562 4552 779 4608 camino
799 4553 1131 4625 paupertatis
1156 4554 1288 4626 (Isa.
1316 4572 1512 4623 xnvm,
1531 4557 1667 4629 10).»

116 4634 341 4697 Diversis
394 4657 524 4713 ergo
573 4640 755 4697 modis
811 4640 1112 4713 probantur
1165 4642 1435 4714 homines,
1489 4646 1546 4702 id
1575 4656 1675 4718 est,

181 4733 287 4823 (80)
334 4737 541 4823 Eadem
596 4739 754 4795 Rom.
794 4737 1170 4823 edit.,“inquit
1227 4741 1578 4823 Apostolus...
1620 4742 1679 4823 in

120 4808 273 4887 (fere,
305 4814 350 4862 et
392 4808 466 4887 sic
529 4825 727 4887 semper
772 4825 907 4887 cum
943 4808 1163 4887 Domino
1189 4808 1429 4887 erimus.
1490 4814 1564 4868 Et
1620 4818 1679 4867 ut

121 4872 343 4937 Isaias...
385 4881 610 4937 Parvuli
627 4872 834 4954 ‘eorum
885 4881 945 4937 in
995 4881 1225 4937 humeris
1246 4884 1607 4954 portabuntur
1634 4889 1682 4940 et

121 4956 261 5021 ἥιρει·
279 4966 446 5021 genua
480 4953 906 5010 consolabuntur.

186 5018 535 5095 (81):4Eadem
588 5024 741 5095 Rom.
798 5023 955 5089 edit.,
992 5023 1122 5081 Cum
1139 5026 1327 5095 pullis.
1366 5025 1442 5081 Et
1466 5025 1677 5081 iterum.

122 5085 202 5167 Et
229 5085 545 5167 adducent...
588 5094 819 5165 gentibus
868 5085 1201 5167 in'equis,'et
1247 5096 1442 5160 rhedis,
1485 5095 1543 5149 in
1563 5110 1682 5167 cur-

123 5158 254 5216 ribus
300 5158 719 5222 mulorumvcum
773 5158 1117 5223 umbraculis
1146 5166 1206 5221 in
1257 5158 1492 5223 sanctam
1543 5165 1683 5221 civi-

124 5232 261 5286 tatem
287 5236 597 5296 Jerusalem.

125 5302 297 5425 “($33)
335 5309 495 5425 Deest
548 5308 602 5364 in
638 5309 822 5366 eadem
876 5311 1034 5368 Rom.
1094 5309 1254 5377 edit.,
1306 5309 1365 5363 in
1416 5322 1520 5379 quo
1545 5322 1683 5360 nunc

294 5394 340 5425 98
370 5420 381 5425 -

179 5388 268 5442 que
294 5384 381 5433 est.

188 5444 294 5567 $33)
335 5449 468 5505 Rom
546 5451 700 5519 edit.,
756 5453 812 5505 in
864 5452 965 5508 illa
1009 5451 1345 5508 commotione
1405 5464 1568 5518 usque
1615 5447 1685 5501 ad

210 5531 290 5567 um
317 5528 614 5567 assumnms
637 5528 721 5567 pst,
759 5532 843 5567 om

126 5524 290 5590 emtum
317 5528 614 5590 assumptus
637 5528 725 5588 est,
759 5532 861 5580 etc.

190 5584 294 5663 (84)
334 5584 579 5663 Deest-in
600 5584 782 5648 eadem
816 5595 970 5650 Rom.
1000 5593 1159 5660 edit.,
1190 5593 1263 5647 Et
1299 5592 1419 5646 inde
1444 5588 1687 5645 reductus

127 5659 191 5705 est
214 5659 264 5708 in
289 5661 558 5715 mundum.

1787 3223 1993 3279 malum
2052 3230 2163 3271 non
2190 3217 2425 3284 ponunt,
2481 3209 2587 3264 nisi
2621 3208 2907 3276 malitiam,
2949 3208 3369 3279 inhonestatem,

1788 3308 2074 3368 avaritiam
2109 3310 2269 3375 atque
2314 3297 2735 3371 turpitudinem.
2786 3296 3048 3354 Omnium
3102 3312 3229 3373 ergo
3277 3299 3371 3356 bo.

1790 3413 1987 3457 norum
2047 3388 2397 3466 repromissio
2424 3403 2489 3445 ac
2536 3384 2827 3442 retributio
2857 3386 2970 3442 vita
3000 3394 3199 3444 aeterna
3251 3393 3363 3446 est:

1791 3499 1846 3547 et
1915 3486 2164 3543 omnium
2225 3481 2497 3537 malorum
2562 3475 2917 3534 comminatio
2970 3490 3032 3533 ac
3083 3476 3372 3536 retributio

1793 3595 1940 3635 mors
1968 3573 2207 3633 secunda
2234 3577 2332 3628 est.
3280 3602 3285 3605 .

1866 3664 2092 3724 CAPUT
2129 3656 2389 3717 XXXIV.
2426 3684 2498 3697 —
2526 3653 2653 3711 Haec
2679 3652 2809 3711 licet
2836 3653 3176 3713 extrinsecus
3227 3655 3372 3716 dicta

1791 3756 2104 3821 videantur,
2136 3757 2319 3806 tamen
2347 3743 2651 3803 necessaria
2702 3741 2862 3799 nobis
2890 3751 2944 3799 et
2995 3744 3157 3801 utilia
3202 3755 3366 3804 sunt:

1792 3853 1845 3901 et
1874 3844 1996 3900 ideo
2038 3856 2187 3898 nunc
2232 3836 2395 3892 nobis
2433 3833 2500 3889 ad
2544 3830 2791 3887 ordinem
2836 3833 3221 3890 revertendum
3269 3843 3369 3892 est.

1793 3935 1928 3994 Cum
1961 3949 2088 4004 ergo
2118 3932 2298 3986 lutum
2328 3926 2509 3983 carnis
2539 3930 2762 3989 nostrae,
2795 3929 2859 3977 ut
2883 3920 2999 3993 jam
3028 3921 3239 3980 dictum
3268 3930 3369 3996 est,

1793 4023 1851 4079 in
1880 4030 2073 4079 testam
2102 4019 2271 4074 fuerit
2299 4021 2588 4072 excoctum
2616 4030 2630 4079 ;
2653 4018 2716 4066 ut
2740 4026 2859 4083 quae
2888 4010 3041 4083 prius
3061 4012 3211 4085 gravi
3242 4029 3374 4086 pon.

1793 4111 1920 4169 dere
1946 4107 2295 4183 premebatur
2328 4104 2386 4159 in
2414 4109 2639 4167 terram,
2697 4099 2931 4170 acceptis
2963 4099 3158 4171 pennis
3187 4104 3372 4173 gratim

1795 4198 2096 4273 spiritualis
2150 4209 2276 4252 cum
2325 4188 2681 4247 subvectione
2738 4188 3051 4259 angelorum
3106 4190 3257 4247 volet
3306 4191 3376 4251 ad

1793 4290 2015 4353 coelum,
2044 4283 2123 4339 ibi
2155 4295 2349 4339 verum
2389 4285 2443 4335 et
2496 4275 2787 4351 paciﬁcum
2817 4292 2928 4333 suae
2972 4277 3162 4336 salutis
3216 4280 3376 4338 obsi-

1794 4376 1914 4432 dem
1945 4374 2108 4431 habet
2135 4372 2193 4428 in
2223 4378 2508 4427 aeternum.
2541 4366 2684 4435 Quid
2720 4374 2829 4422 tam
2861 4366 3064 4435 verius,
3097 4375 3210 4425 tam
3250 4385 3376 4427 ma—

1792 4463 2065 4529 nifestius,
2097 4469 2208 4516 tam
2258 4457 2497 4515 lucidius
2545 4452 2784 4511 inveniri
2815 4455 3036 4527 potest?
3076 4455 3278 4512 Tamen
3305 4474 3376 4515 ne

1791 4552 2001 4626 aliquid
2022 4551 2270 4607 omisisse
2294 4547 2603 4613 videamur,
2661 4544 2843 4616 accipe
2870 4544 3249 4615 plenissimum
3299 4555 3374 4602 at-

1788 4656 1894 4714 que
1924 4639 2302 4696 ﬁrmissimum
2355 4634 2526 4708 hujus
2571 4631 2685 4704 spei
2715 4640 2915 4687 nostra:
2945 4632 3242 4701 specimen,
3281 4632 3374 4688 ali-

1861 4741 1977 4813 (85)
2009 4741 2136 4796 Vat.
2186 4736 2333 4802 cod.,
2376 4734 2513 4813 decet
2556 4747 2652 4785 nos
2681 4731 2976 4813 exemplum
3031 4730 3198 4813 δεξισεὶ
3232 4730 3378 4813 ficii

1790 4795 2129 4882 lippi—auum
2182 4823 2249 4862 ea:
2302 4795 2493 4874 septem
2543 4815 2755 4870 ponere.
2815 4795 2972 4856 Rom.
3004 4795 3163 4864 edit.,
3229 4801 3378 4857 liceat

1786 4898 1935 4938 exemi
1971 4884 2098 4947 lum,
2131 4884 2237 4936 etc.

1804 5023 1829 5025 μ
1861 4897 2370 5025 (elisam-senta.
2409 4944 2469 5025 ἐπ
2520 4941 2772 5025 Assam:
2828 4938 3065 5025 οεηέίιιιε
3107 4942 3215 5025 haec
3261 4941 3377 5025 ipsa.

1787 5011 2004 5079 Do‘mu'ii
2054 5035 2116 5075 ac
2169 5014 2463 5073 Saluatoris
2513 5011 2685 5067 nostri
2736 5011 3023 5084 ﬁrmantur
3052 5012 3266 5079 verbis;
3301 5013 3381 5071 ait

1789 5100 2214 5236 “gadium
2246 5158 2402 5215 Rom.
2436 5153 2622 5236 edit.,“
2641 5151 2826 5236 mittet,
2857 5151 3051 5221 inquit,
3081 5153 3255 5234 Filius
3287 5155 3374 5209 ho-

1788 5224 1971 5291 miiu's’
1992 5233 2203 5303 angelos
2224 5243 2366 5295 suos,
2424 5231 2472 5281 et
2499 5224 2741 5291 colligant
2763 5226 2826 5280 de
2874 5239 3032 5294 regno
3097 5224 3211 5294 ejus
3269 5242 3377 5280 om.

1789 5308 1883 5360 nia
1910 5305 2184 5360 scandala.
2214 5308 2262 5357 et
2295 5296 2614 5360 separabunt
2643 5294 2881 5353 zi3ania.

1789 5315 1883 5364 nia
1910 5315 2184 5369 scandala,
2214 5315 2262 5357 et
2295 5315 2614 5368 separaoum
2643 5315 2881 5353 zizania.

1863 5377 1978 5448 (88)
2034 5374 2252 5448 Eadem
2322 5371 2479 5448 Rom.
2551 5365 2708 5433 edit.,
2773 5363 2913 5436 quod
2972 5374 3076 5448 "est
3124 5368 3374 5448 perennis

1793 5436 2059 5502 beatorum
2116 5445 2290 5515 gloria
2305 5459 2338 5515 ;_
2365 5440 2437 5495 ad
2478 5453 2637 5508 quam
2679 5453 2779 5515 gos
2835 5436 3016 5515 angeli
3062 5436 3229 5515 διήισεί
3258 5456 3371 5508 per-

1792 5518 2005 5581 ducant,
2064 5507 2155 5571 ubi
2210 5511 2451 5570 Christus
2484 5507 2615 5562 ﬁcum
2670 5507 2927 5581 Patre__et
2978 5507 3186 5581 Spiritu
3242 5507 3377 5563 έαη..

1794 5593 1872 5641 cto
1909 5574 2091 5657 rejnat
2117 5587 2475 5657 maternum,
2532 5591 2701 5631 amen.
2761 5574 2972 5643 Quibus
3012 5574 3209 5636 verbis
3264 5587 3385 5636 tra-

1761 5682 1769 5689 ι
1796 5653 2007 5712 ctatum
2029 5653 2257 5712 claudit.
