3864 6188
1522 309 1628 363 ΑΙ)
1667 307 1899 365 OPERA
1937 309 1994 365 S.
2047 311 2378 368 AMBROSII
2415 313 2788 373 APPENDIX.
3682 320 3778 377 576

491 435 600 486 tem
629 429 787 486 illum
826 427 1089 500 Orientis,
1117 428 1211 502 qui
1242 429 1472 501 phoenix
1534 431 1871 498 nominatur,
1908 450 2064 502 pecu-
2095 437 2144 494 A
2179 437 2534 493 succendistis
2565 441 2721 496 vobis
2753 443 2886 511 (Isa.
2923 445 3147 516 ι,11);›
3189 455 3243 501 et
3277 448 3521 505 iterum:
3573 478 3593 499 ‹
3625 455 3772 514 Sicut

491 518 703 587 liarem,
733 518 800 574 de
849 519 1227 591 singularitate
1259 519 1547 584 famosum,
1581 527 1635 574 et
1661 519 1727 575 de
1758 521 2071 591 posteritate

492 617 896 666 monstrosum:
957 610 1050 682 qui
1107 610 1460 680 semetipsum
1492 608 1726 665 libenter
1782 611 2066 682 funeraus,

488 699 725 754 naturali
770 697 878 752 ﬁne
898 697 1211 753 discindens
1271 704 1431 768 atque
1459 698 1812 766 succendens,
1871 700 2069 756 iterum

489 786 736 857 phoenix,
791 784 987 840 iterum
1049 785 1166 855 ipsa
1194 793 1294 852 est,
1348 794 1403 841 et
1431 801 1540 841 non
1570 787 1676 842 alia
1708 789 1960 859 (Tertull.
1994 791 2070 845 De

488 897 692 936 resurr.
751 897 902 936 earn.
949 898 999 937 c.
1062 881 1173 948 i3;
1218 883 1427 938 Auctor
1473 883 1652 941 Const.
1710 885 1893 956 Apost.
1939 887 1976 941 l.
2008 904 2067 956 v,

487 983 538 1026 c.
570 968 638 1024 6:
695 967 891 1040 Cyrill.
928 969 1136 1025 Catech.
1171 968 1238 1024 18
1265 989 1278 1034 ;
1310 971 1583 1039 Lactant.,
1618 972 1810 1028 Ambr.
1843 983 1895 1029 et
1923 975 2066 1046 alii).

486 1055 587 1114 Cui
645 1056 722 1111 rei
779 1057 1170 1114 documentum
1211 1058 1279 1115 ad
1333 1062 1446 1132 spei
1505 1069 1700 1119 nostra)
1729 1063 2066 1134 ﬁrmitatem,

486 1145 650 1202 etiam
700 1146 936 1218 Spiritus
992 1157 1232 1218 sanctus,
1260 1150 1354 1222 qui
1385 1152 1529 1209 Deus
1554 1162 1654 1220 est,
1688 1155 1746 1210 in
1775 1155 2072 1226 Scripturis

486 1235 668 1306 posuit
695 1237 896 1293 sanctis
939 1237 1126 1294 dicens
1151 1257 1163 1294 :
1215 1263 1233 1286 ι
1261 1239 1332 1294 Et
1360 1239 1634 1298 ﬂorebunt
1664 1245 1815 1301 velut
1843 1244 2068 1316 phcenix

487 1323 623 1395 (Isa.
669 1341 846 1393 xxxv,
903 1327 981 1397 1),
1031 1326 1136 1383 hoc
1161 1334 1263 1394 est,
1311 1326 1587 1386 ﬂorebunt
1635 1332 1701 1387 de
1745 1341 1938 1400 morte,
2001 1334 2068 1390 de

485 1410 675 1468 funere
704 1429 824 1482 suo,
857 1414 998 1470 sicut
1027 1415 1254 1487 phoenix
1300 1426 1542 1490 resurget
1569 1419 1636 1475 de
1692 1422 1914 1492 pulvere
1945 1439 2064 1480 suo.

483 1499 542 1556 Si
571 1517 697 1573 ergo
725 1518 850 1558 caro
896 1503 1014 1558 avis
1064 1503 1130 1558 de
1172 1505 1450 1562 cineribus
1498 1508 1610 1563 suis
1657 1511 1909 1582 resurgit,
1941 1528 2066 1567 caro

483 1586 727 1647 hominis
761 1590 830 1649 de
871 1591 1150 1650 cineribus
1192 1595 1306 1650 suis
1345 1611 1457 1650 non
1512 1599 1810 1669 resurget?
1859 1600 1930 1655 Et
1970 1600 2066 1657 ubi

482 1686 585 1746 est,
617 1679 764 1752 quod
824 1681 1094 1736 Dominus
1120 1682 1373 1740 Christus
1402 1685 1594 1742 multis
1622 1687 1929 1757 passeribus
1957 1705 2064 1746 me-

2179 524 2328 580 tinea
2355 528 2762 598 vestimentum,
2809 541 2861 587 et
2890 534 3090 589 vermis
3145 537 3386 593 comedit
3414 539 3656 610 lignum,
3701 545 3774 600 sic

2180 628 2380 669 muaror
2427 619 2705 674 excruciat
2733 637 2826 675 cor
2855 621 2962 676 viri
3011 624 3197 693 (Prov.
3231 642 3365 693 xxv,
3399 627 3520 698 20).
3560 653 3578 675 ι
3624 631 3771 689 Sicut

2180 702 2324 757 enim
2361 704 2532 760 animi
2563 707 2753 763 laetitia
2782 709 3056 766 interdum
3087 715 3331 783 corporis
3374 715 3601 772 dolores
3630 721 3768 774 miti-

2180 796 2286 860 gat,
2337 790 2415 848 sic
2467 793 2623 849 dolor
2645 796 2816 852 animi
2845 815 3040 870 corpus
3083 801 3342 872 deprimit
3371 813 3425 858 et
3465 810 3765 874 excruciat,

2179 876 2392 934 dicente
2423 882 2684 954 propheta
2715 901 2726 938 :
2775 910 2793 932 ι
2823 887 3056 943 Animus
3086 891 3324 959 gaudens
3355 901 3578 949 atatem
3610 896 3764 952 ﬂeri-

2177 964 2301 1021 dam
2344 969 2492 1038 facit,
2523 973 2746 1043 spiritus
2775 975 2947 1031 tristis
2985 979 3225 1035 exsiccat
3253 997 3373 1036 ossa
3407 984 3599 1050 (Prov.
3629 1002 3761 1055 xvn,

2179 1053 2292 1123 22).
2320 1080 2338 1101 ι
2379 1057 2434 1111 Si
2483 1074 2607 1129 ergo
2636 1063 2851 1116 eveniat
2882 1072 2942 1118 ut
2969 1065 3035 1119 ad
3075 1069 3488 1137 aegrotationem
3515 1053 3756 1144 corporis

2179 1144 2395 1200 accedat
2425 1148 2595 1202 animi
2619 1151 2904 1220 aegritudo,
2938 1153 3251 1224 duplicatur
3281 1157 3603 1215 inﬁrmitas.
3645 1162 3760 1219 Haec

2181 1237 2357 1287 tamen
2389 1235 2465 1290 ita
2494 1235 2639 1292 dicta
2669 1247 2818 1307 sunt,
2870 1249 2930 1296 ut
2968 1258 3078 1297 non
3110 1252 3338 1315 negetur
3386 1250 3758 1318 prevaricato-

2181 1335 2299 1374 rum
2331 1331 2384 1377 et
2413 1324 2584 1380 Deum
2625 1329 2938 1397 negantium
2989 1338 3190 1387 aeterna
3219 1350 3331 1389 esse
3361 1338 3653 1408 supplicia,
3683 1340 3756 1393 di-

2177 1415 2332 1464 cente
2361 1411 2639 1482 Scriptura
2667 1432 2679 1470 :
2727 1439 2744 1461 ε
2775 1418 3042 1474 Dominus
3071 1421 3419 1493 omnipotens
3460 1426 3754 1482 vindicabit

2177 1495 2234 1550 in
2277 1496 2356 1552 eis
2404 1498 2458 1552 in
2493 1499 2637 1556 diem
2675 1501 2893 1574 judicii,
2943 1506 3071 1563 dare
3117 1508 3294 1579 ignem
3351 1522 3405 1569 et
3464 1531 3672 1571 vermes
3702 1517 3754 1571 in

2176 1601 2363 1643 carnes
2418 1587 2699 1659 ipsorum;
2759 1602 2812 1650 et
2860 1597 3270 1662 comburantur,
3327 1609 3390 1655 ut
3436 1604 3674 1659 sentiant
3702 1607 3751 1660 in

2175 1683 2436 1733 aeternum
2490 1681 2695 1750 (Judith
2724 1699 2840 1750 xvr,
2889 1684 2975 1750 20,
3009 1687 3123 1757 21).
3148 1713 3166 1734 ι
3207 1687 3360 1754 Quod
3395 1690 3473 1744 ita
3511 1692 3748 1748 futurum

483 1765 648 1823 liores
666 1783 780 1824 esse
806 1771 1226 1840 pronuntiavit?
1243 1772 1344 1829 Ubi
1365 1781 1448 1829 est
1489 1782 1545 1830 et
1567 1775 1726 1843 illud,
1746 1778 1892 1848 quod
1907 1778 2067 1834 nobis
2097 1781 2140 1839 Β
2175 1765 2441 1822 Dominus
2496 1777 2680 1825 ηοδῖθΐ
2707 1779 2867 1843 atque
2895 1774 3147 1829 Salvator
3183 1777 3488 1847 conﬁrmat,
3524 1781 3747 1837 dicens:

481 1871 579 1927 per
639 1857 963 1928 Prophetam
1020 1861 1292 1930 promisit,
1349 1862 1573 1919 dicens:
1647 1865 2065 1924 «Renovabitur

481 1943 625 2000 sicut
650 1944 847 2017 aquilae
869 1945 1133 2016 juventus
1172 1956 1266 2004 tua
1298 1949 1473 2019 (Psal,
1496 1967 1590 2019 cu,
1622 1952 1704 2023 ὅ).
1745 1954 1866 2011 Vide
1891 1956 2063 2013 Rabbi

480 2030 670 2087 Kimhi
699 2041 754 2088 et
781 2033 916 2088 alios
963 2034 1194 2107 interpr.
1229 2036 1284 2090 in
1318 2035 1467 2094 hunc
1495 2038 1601 2094 loc.
1639 2057 1652 2106 ;
1683 2039 1815 2096 item
1845 2042 1904 2098 P.
1962 2045 2060 2098 Da-

480 2121 671 2188 miani,
729 2137 916 2194 opusc.
978 2123 1067 2191 52,
1099 2141 1148 2182 c.
1201 2125 1320 2192 23;
1373 2125 1584 2183 Albert.
1639 2128 1779 2201 Mag.
1838 2131 1876 2186 l.
1919 2147 2062 2189 xxm

477 2206 557 2262 De
591 2208 861 2278 animal.;
917 2209 1140 2279 Gesner,
1174 2211 1402 2267 Aldrov.
1456 2220 1512 2269 et
1560 2214 1746 2286 alios).
1787 2240 1807 2266 ι
1879 2218 2058 2291 Cujus

477 2294 596 2353 avis
641 2304 888 2354 naturam
944 2299 1086 2356 hanc
1148 2317 1268 2358 cese
1321 2302 1581 2360 tradunt:
1636 2321 1762 2360 cum
1793 2307 1940 2362 enim
1993 2309 2060 2365 ad

477 2400 747 2443 summam
820 2390 1033 2446 venerit
1102 2400 1458 2462 senectutem,
1497 2395 1702 2452 dicitur
1759 2399 1954 2456 tandiu
2001 2400 2058 2454 in

476 2487 595 2529 aera
626 2474 935 2545 sublimari,
992 2486 1054 2534 ut
1084 2494 1256 2551 usque
1311 2481 1379 2537 ad
1407 2481 1580 2538 nubes
1617 2492 1671 2540 et
1712 2485 1893 2557 ignem
1928 2504 2060 2558 per-

475 2563 695 2620 veniat:
729 2580 838 2637 quo
867 2565 991 2638 igne
1029 2576 1299 2637 contacta,
1358 2587 1490 2628 mox
1534 2589 1590 2628 se
1643 2573 1700 2629 in
1752 2576 2061 2631 secretissi-

475 2665 626 2706 mum
687 2651 894 2712 fontem
949 2657 1285 2729 praecipitem
1342 2658 1497 2727 dans,
1531 2662 1692 2718 tertio
1727 2666 1953 2735 mergit;
2007 2673 2060 2721 et

478 2755 607 2797 mox
653 2742 722 2798 ad
771 2743 1015 2815 pristina
1061 2745 1370 2816 juventutis
1425 2748 1570 2804 vires
1618 2757 1777 2822 atque
1823 2754 2056 2823 speciem

475 2837 783 2884 revocatur.
839 2831 997 2896 Quod
1049 2832 1207 2888 nobis
1256 2834 1334 2888 ita
1364 2834 1610 2890 futurum
1672 2835 1861 2894 beatus
1917 2841 2055 2911 Apo-

476 2915 648 2968 stolus
677 2916 950 2984 promisit,
981 2916 1170 2973 dicens
1202 2936 1214 2973 :
1279 2942 1296 2964 ι
1330 2919 1766 2996 Uniuscujusque
1801 2927 1958 2998 quale
1987 2928 2057 2982 sit

472 3016 630 3070 opus,
665 3001 805 3072 ignis
845 3003 1098 3073 probavit
1156 3005 1214 3076 (Ι
1251 3005 1375 3062 Cor.
1406 3024 1488 3076 ιιι,
1525 3010 1636 3080 13).
1668 3036 1687 3059 ι
1728 3015 1872 3070 Aves
1906 3015 2052 3071 enim

2189 1877 2207 1898 ι
2237 1854 2306 1908 Et
2351 1867 2632 1929 resurgent
2681 1875 2870 1916 omnes
2913 1862 2980 1916 de
3015 1869 3172 1918 terrae
3201 1867 3439 1936 pulvere,
3485 1870 3584 1940 qui
3619 1870 3750 1926 bona

2174 1941 2439 2012 fecerunt,
2471 1946 2527 2000 in
2553 1950 3006 2007 resurrectionem
3032 1951 3224 2022 judicii
3271 1955 3446 2024 (Joan.
3483 1975 3541 2040 γ,
3584 1959 3702 2028 29);
3725 1985 3739 2004 -

2170 2039 2223 2086 et
2249 2032 2483 2087 iterum:
2529 2036 2638 2092 «Ite
2670 2037 2726 2092 in
2758 2037 2939 2109 ignem
2970 2049 3249 2110 aeternum,
3284 2044 3374 2116 qui
3406 2032 3749 2116 praeparatus

2171 2131 2252 2179 est
2281 2123 2498 2179 diabolo
2526 2133 2580 2180 et
2608 2129 2814 2198 angelis
2846 2129 2963 2201 ejus
2989 2133 3196 2202 (Matth.
3230 2150 3359 2200 xxv,
3381 2135 3529 2205 ἕιεῖ);ι
3583 2145 3639 2190 et
3661 2138 3746 2191 ite-

2173 2229 2295 2270 rum
2324 2215 2392 2270 de
2423 2215 2523 2270 illo
2554 2217 2648 2289 qui
2678 2227 2880 2274 vestem
2907 2237 3014 2276 non
3048 2221 3238 2278 habuit
3271 2225 3576 2294 nuptialem
3606 2225 3745 2280 dici-

2172 2310 2303 2358 tur:
2352 2329 2372 2352 ι
2420 2305 2618 2360 Tollite
2645 2322 2793 2376 eum,
2840 2315 2895 2363 et
2943 2309 3124 2379 ligatis
3153 2311 3403 2367 manibus
3432 2328 3495 2366 ac
3524 2313 3742 2383 pedibus

2171 2389 2308 2462 ejus,
2356 2392 2559 2448 mittite
2588 2411 2713 2449 eum
2745 2396 2802 2450 in
2849 2397 3096 2452 tenebras
3123 2399 3420 2454 exteriores
3453 2419 3464 2466 ;
3500 2399 3618 2454 illic
3648 2400 3738 2453 erit

2171 2479 2328 2536 ﬂetus
2380 2491 2434 2538 et
2462 2483 2664 2539 stridor
2706 2484 2952 2540 dentium
2987 2487 3195 2555 (Matth.
3230 2505 3366 2554 χχιι,
3395 2487 3510 2558 13).
3544 2515 3561 2535 ι
3613 2488 3737 2543 Cum

2170 2585 2295 2639 ergo
2325 2578 2376 2624 et
2433 2588 2642 2641 manus,
2675 2583 2729 2630 et
2756 2575 2936 2646 pedes,
2968 2584 3021 2632 et
3052 2576 3229 2642 ﬂetus,
3260 2593 3329 2631 ex
3367 2577 3618 2632 tenebras
3645 2593 3738 2630 ex—

2169 2660 2412 2727 teriores,
2463 2677 2581 2732 quae
2653 2663 2719 2719 ad
2777 2666 2963 2721 oculos
3006 2666 3300 2737 pertinent,
3355 2674 3408 2721 et
3458 2666 3732 2720 stridorem

2168 2753 2416 2812 dentium
2463 2766 2495 2804 a
2543 2755 2690 2815 344
2733 2752 2966 2808 Domino
3008 2753 3067 2809 in
3121 2769 3282 2810 carne
3331 2753 3518 2809 futura
3556 2769 3735 2807 resur—

2167 2853 2408 2908 rectione
2455 2853 2737 2909 verissime
2793 2853 3201 2924 pronuntiatur,
3258 2851 3430 2906 miror
3484 2849 3732 2921 quosdam

2167 2938 2474 3009 haereticos,
2507 2943 2601 3015 qui
2630 2943 2835 2997 aerium
2879 2958 3092 3012 corpus,
3124 2948 3178 2995 et
3206 2939 3468 3012 paulatim
3507 2939 3564 2992 in
3591 2954 3734 2992 auras

2167 3038 2354 3085 tenues
2384 3029 2798 3085 dissolvendum
2846 3037 2967 3101 post
2999 3029 3446 3084 resurrectionem
3477 3034 3735 3081 conantur

475 3085 705 3143 diversae
736 3089 978 3161 glutiunt
1024 3107 1208 3160 uvam,
1267 3095 1468 3150 olivam
1517 3105 1570 3153 et
1624 3106 1818 3155 caetera
1848 3118 2049 3173 poma;

2165 3117 2529 3173 introducere.
2587 3118 2870 3184 Quomodo
2911 3133 3037 3188 ergo
3080 3124 3296 3171 sanctus
3352 3114 3732 3169 vestimentum

470 3184 523 3232 et
570 3187 691 3249 post
737 3177 972 3234 nimium
1043 3181 1279 3238 calorem
1335 3199 1500 3254 grana
1542 3200 1728 3242 eorum
1777 3204 1872 3259 per
1918 3201 2047 3247 ster-

468 3279 595 3322 cora
651 3267 978 3339 digerentes,
1009 3285 1227 3326 rursum
1281 3271 1439 3339 vites,
1473 3289 1688 3330 rursum
1721 3277 1940 3335 arbores
1969 3297 2049 3338 re-

467 3363 786 3444 nascuntur.
838 3357 894 3412 Si
945 3373 1070 3430 ergo
1118 3359 1223 3418 hoc
1276 3378 1403 3420 aves
1431 3374 1652 3438 propter
1692 3375 1768 3435 te,
1826 3372 1942 3428 Deo
1963 3372 2048 3444 ju-

465 3437 646 3508 bente,
708 3442 948 3510 faciunt;
1008 3445 1075 3500 de
1105 3455 1158 3502 te
1186 3451 1331 3506 Deus
1375 3437 1592 3524 propter
1611 3455 1772 3512 ﬁdem
1814 3467 1868 3514 et
1895 3437 2047 3517 retri-

465 3527 749 3583 butionem
776 3547 929 3584 suam
961 3547 1070 3586 non
1122 3535 1283 3591 faciet
1314 3539 1341 3594 ‘i
1371 3539 1539 3597 Crede
1570 3544 1705 3598 mihi
1737 3547 1866 3618 quia
1889 3548 2049 3606 faciet

465 3621 686 3684 propter
714 3617 1042 3686 promissum
1075 3635 1234 3674 suum
1260 3641 1274 3688 ;
1305 3640 1430 3679 cum
1463 3629 1609 3684 enim
1631 3617 1771 3685 nihil
1805 3649 2047 3691 essemus

463 3699 776 3771 aliquando,
833 3701 1044 3759 domini
1095 3707 1341 3763 omnium
1372 3721 1762 3784 creaturarum,
1790 3721 1903 3776 Deo
1929 3722 2046 3792 ipso

456 3787 703 3861 jubente,
735 3792 864 3850 facti
898 3811 1105 3852 sumus.
1129 3796 1236 3863 Qui
1262 3815 1388 3869 ergo
1416 3800 1548 3858 fecit
1572 3820 1641 3859 ex
1667 3806 1867 3875 nihilo,
1899 3787 2044 3882 quod

461 3892 570 3934 non
602 3889 736 3950 erat,
785 3883 985 3955 poterit
1037 3884 1238 3942 iterum
1295 3888 1470 3946 facere
1507 3890 1585 3961 id,
1645 3895 1791 3966 quod
1824 3905 1948 3954 ante
1976 3916 2046 3957 ex

460 3965 639 4024 nihilo
669 3970 890 4029 fecerat.

458 4072 686 4160 (IAPUT
745 4077 980 4136 XXXV.
1008 4111 1080 4124 -
1101 4083 1237 4138 Nam
1266 4084 1312 4140 si
1361 4101 1487 4142 caro
1531 4087 1794 4160 hominis,
1825 4101 1888 4148 ut
1914 4097 2044 4152 caeci

458 4158 699 4217 haeretici
730 4167 1094 4238 mentiuntur,
1126 4187 1237 4228 non
1264 4185 1525 4247 resurget,
1565 4181 1840 4250 quomodo
1870 4184 2039 4242 Isaias

457 4245 702 4344 Spiritu“
740 4252 838 4306 Dei
859 4254 1112 4344 “plenus,
1160 4261 1254 4330 qui
1284 4277 1394 4317 non
1425 4245 1533 4320 tam
1565 4245 1847 4339 propheta,
1878 4287 2040 4344 quam

456 4335 790 4404 evangelista
843 4339 1109 4399 dicendus
1162 4355 1262 4414 est,
1315 4349 1488 4407 dicit:
1557 4335 2040 4416 «iVenieto-mnis

2161 3207 2260 3263 Dei
2290 3216 2392 3276 est,
2419 3217 2472 3262 et
2502 3209 2735 3263 vestitur
2762 3207 2955 3263 salutis
2976 3214 3138 3278 atque
3173 3205 3376 3260 laetitiae
3407 3203 3599 3258 tunica
3624 3221 3636 3267 ;
3664 3202 3733 3256 sic

2159 3311 2189 3351 θ
2215 3295 2490 3351 contrario
2530 3303 2796 3367 peccator,
2846 3293 2941 3367 qui
2977 3302 3156 3366 portat
3203 3293 3498 3364 imaginem
3545 3292 3730 3346 veteris

2160 3381 2401 3437 hominis
2445 3391 2607 3455 atque
2635 3383 2857 3450 terreni,
2888 3389 3127 3438 meretur
3160 3381 3347 3438 audire
3372 3399 3386 3448 ;
3429 3404 3447 3428 ι
3473 3380 3616 3436 Ecce
3646 3394 3729 3432 vos

2161 3487 2348 3527 omnes
2408 3471 2561 3544 quasi
2617 3472 3002 3527 vestimentum
3059 3479 3214 3524 vetus
3261 3471 3412 3524 tinea
3455 3467 3728 3524 devorabit

2162 3561 2294 3630 (Isa.
2353 3577 2424 3627 LI,
2478 3561 2560 3631 8.)
2606 3585 2624 3608 ι
2668 3562 2878 3616 Morum
2909 3575 3036 3632 ergo
3104 3560 3392 3616 diversitas
3457 3558 3627 3614 variis
3678 3557 3727 3612 in

2157 3647 2450 3718 Scripturis
2501 3649 2701 3705 sanctis
2749 3651 2996 3720 signatur
3043 3649 3378 3704 nominibus.
3427 3648 3585 3704 Sicut
3613 3663 3725 3716 ergo

2157 3738 2445 3794 diversitas
2491 3739 2744 3794 arborum
2791 3755 2856 3796 ac
2923 3739 3257 3794 musicorum
3318 3736 3376 3791 in
3440 3735 3725 3807 Scripturis

2156 3826 2362 3882 divinis
2414 3827 2784 3883 diversitatem
2843 3827 3114 3899 signiﬁcat
3163 3827 3348 3898 gratiae
3390 3824 3718 3896 spiritualis;

2154 3913 2231 3970 ita
2259 3923 2313 3970 et
2341 3914 2629 3972 diversitas
2657 3915 3086 3986 ferarum‘atque
3125 3913 3462 3986 serpentium
3491 3910 3724 3968 diversi-

2153 4008 2318 4058 tatem
2367 4003 2638 4074 signiﬁcat
2683 4011 3047 4075 peccatorum.
3101 4002 3230 4069 Quae
3285 4011 3469 4057 tamen
3519 3999 3724 4056 diversa

2155 4106 2348 4163 genera
2397 4093 2730 4148 musicorum
2785 4091 2907 4147 ideo
2963 4094 3107 4147 Deus
3139 4090 3440 4162 majestatis
3487 4090 3546 4144 in
3580 4087 3724 4141 libris

2151 4178 2360 4235 divinis
2376 4179 2646 4236 nominari
2662 4187 2714 4236 et
2733 4181 2809 4236 uti
2831 4180 3028 4246 voluit,
3053 4188 3113 4234 ut
3135 4180 3397 4251 populum
3417 4178 3720 4233 Judzeorum

2150 4267 2217 4324 de
2271 4269 2578 4325 carnalibus
2633 4268 2916 4326 sacriﬁciis
2960 4269 3231 4336 auferens,
3279 4268 3350 4324 ad
3377 4267 3653 4339 spiritales
3676 4273 3722 4319 et

2149 4355 2449 4412 laudabiles
2472 4357 2676 4414 hostias
2705 4358 2986 4414 invitaret.

455 4435 600 4489 caro.
633 4437 751 4495 Quas
808 4425 1098 4484 adoratura
1124 4440 1206 4487 est
1259 4433 1317 4488 in
1347 4447 1642 4508 conspectu
1699 4446 1944 4515 Domini,
1977 4450 2033 4504 in
2063 4477 2111 4534 D
2218 4444 2323 4500 Sed
2372 4460 2520 4500 nunc
2568 4445 2680 4516 jam
2740 4447 3012 4504 sufﬁciant
3069 4447 3171 4503 ista
3217 4463 3337 4519 quae
3374 4447 3527 4503 dicta
3562 4453 3716 4534 sunt;

461 4507 746 4534 1--..--1---
773 4530 782 4534 -
822 4523 880 4534 --Α
937 4514 1055 4534 __3j_
1100 4523 1114 4534 .
1227 4520 1241 4534 ι
1463 4525 1476 4534 .
1601 4527 1610 4534 .

453 4507 786 4578 Jerusalem;
822 4523 882 4568 ut
937 4514 1118 4571 videat
1147 4520 1411 4578 cadavera
1463 4507 1748 4584 hominum
1797 4507 2035 4590 mortuo-

452 4614 596 4666 rum,
657 4599 749 4672 qui
779 4602 1117 4672 praevaricati
1177 4617 1305 4664 sunt
1359 4610 1416 4666 in
1463 4613 1634 4668 Deum
1669 4616 1750 4686 (id
1805 4629 1906 4687 est,
1948 4626 2035 4680 vel

448 4686 685 4753 Judmos,
709 4690 793 4745 vel
827 4690 1046 4762 impios,
1087 4696 1173 4750 vel
1205 4702 1561 4772 peccatores),
1595 4707 1798 4763 vermis
1845 4686 2034 4768 earum

449 4792 560 4832 non
595 4779 878 4847 morietur,
912 4787 966 4835 et
991 4782 1132 4854 ignis
1162 4801 1350 4843 eorum
1409 4805 1519 4846 non
1549 4797 1696 4855 343
1726 4798 2033 4871 exstingue-

446 4879 540 4967 ξηι-
592 4875 724 4946 (Isa.
783 4894 934 4944 var,
1005 4878 1108 4949 24;
1171 4881 1394 4941 Hieron.
1447 4887 1504 4942 in
1548 4905 1666 4961 cap.
1727 4893 1825 4950 ult.
1877 4896 2030 4967 lsa.).

447 4959 620 5028 Quem
653 4981 892 5021 vermem
927 4976 1020 5023 aut
1089 4969 1267 5042 ignem
1303 4976 1461 5031 multi
1490 4982 1878 5037 conscientiam
1915 4999 2033 5054 pec-

443 5056 710 5120 catorum,
776 5069 895 5124 quae
946 5062 1194 5128 torqueat
1251 5060 1308 5116 in
1345 5065 1630 5136 suppliciis
1685 5070 2028 5140 constitutos,

446 5135 684 5210 intelligi
709 5142 924 5212 volunt,
942 5160 1108 5214 quare
1127 5147 1262 5204 vitio
1288 5167 1386 5207 suo
1419 5135 1579 5226 atque
1608 5166 1828 5226 peccato
1859 5135 2025 5228 tanto,

445 5227 726 5282 caruerint
772 5229 940 5298 bono,
983 5230 1144 5301 juxta
1196 5236 1333 5292 illud
1381 5242 1526 5312 quod
1591 5245 1853 5314 scriptum
1909 5227 2025 5303 est:

457 5335 479 5363 ι
512 5315 804 5376 Ambulate
825 5319 885 5374 in
907 5319 1120 5380 lumine
1147 5324 1291 5394 ignis
1321 5330 1509 5401 vestri,
1539 5339 1593 5386 et
1619 5332 1838 5389 ﬂamma
1865 5351 2026 5409 quam

2145 4550 2451 4608 quanquam
2484 4551 2580 4606 pro
2631 4537 2708 4591 rei
2766 4537 3144 4607 magnitudine
3197 4552 3481 4608 nunquam
3519 4531 3718 4607 aliquid

2147 4622 2483 4678 sufﬁcienter
2529 4623 2597 4678 de
2630 4625 2808 4680 causis
2863 4634 2916 4679 et
2951 4625 3110 4680 rebus
3140 4624 3389 4696 superius
3431 4620 3716 4678 nominatis

2147 4710 2257 4766 dici
2311 4717 2505 4780 potest.
2563 4712 2634 4766 Et
2687 4711 2809 4767 ideo
2865 4722 3071 4781 sancta,
3104 4712 3436 4778 veneranda,
3469 4709 3714 4784 perfecta,

2145 4803 2307 4868 atque
2338 4795 2715 4868 inseparabilis
2743 4799 3000 4867 Trinitas,
3027 4818 3145 4873 quas
3175 4808 3290 4856 tota
3322 4800 3480 4855 nobis
3505 4799 3608 4854 ﬁde
3635 4812 3713 4850 co-

2145 4884 2274 4939 leris
2305 4892 2465 4955 atque
2516 4885 2776 4954 adoraris,
2825 4896 2982 4943 tuum
3012 4899 3094 4944 est
3116 4889 3220 4945 hoc
3263 4906 3420 4961 opus,
3453 4887 3597 4962 quod
3624 4900 3710 4956 ego

2135 4986 2217 5032 ,ex
2245 4972 2463 5027 Patrum
2525 4974 2855 5031 famulorum
2885 4985 3101 5031 tuorum
3134 4978 3311 5046 libris,
3347 4987 3399 5034 te
3430 4979 3708 5051 adjuvante

2145 5067 2305 5132 atque
2363 5059 2728 5129 illuminante,
2783 5063 2850 5118 ad
2915 5063 3332 5121 aediﬁcationem
3396 5085 3571 5123 meam
3626 5081 3705 5121 ex-

2143 5158 2316 5228 cerpsi
2345 5175 2358 5224 ;
2393 5164 2593 5234 tuaque
2623 5161 2882 5234 perfectio
2909 5161 2977 5217 ad
3020 5165 3247 5234 gloriam
3274 5174 3328 5222 et
3367 5166 3580 5222 laudem
3607 5179 3704 5220 no-

2142 5249 2310 5304 minis
2347 5251 2428 5305 tui
2459 5267 2554 5324 per
2582 5252 2769 5307 omnia
2791 5253 2987 5309 saecula
3013 5255 3363 5312 saeculorum.
3393 5260 3583 5311 Amen.
