3864 6188
181 253 278 318 877
1034 244 1130 304 DE
1169 244 1330 303 FIDE
1368 241 1647 304 CONTRA
1686 244 2006 304 ARIANOS.
2050 277 2118 288 --
2155 248 2564 308 ADMONITIO.
3336 253 3442 310 578

196 355 3444 384 ww

605 488 717 571 IN
813 485 1480 586 SEQUENTEM
1562 485 2235 574 TRACTATUM
2319 490 2984 576 ADMONITIO.

249 696 362 755 Hoc
390 706 546 768 opus,
570 691 715 766 quod
744 698 936 748 contra
963 689 1458 761 manuscriptorum
1484 697 1538 745 et
1559 698 1804 748 veterum
1822 690 2126 748 editionum
2144 690 2306 748 ﬁdem
2326 693 2558 748 Romani
2592 693 3003 766 inscripserunt,
3039 696 3114 750 De
3140 695 3270 751 Filii
3303 691 3438 750 divi-

179 791 341 847 nitate
381 793 430 842 et
457 782 1012 849 consubstantialitate,
1044 781 1328 838 conditum
1361 781 1466 836 fuit
1501 781 1762 838 adversus
1789 796 1880 836 eos
1918 779 2202 837 haereticos
2230 781 2325 854 qui
2353 797 2478 838 cum
2511 782 2640 838 Filii
2671 783 3030 838 substantiam
3060 801 3184 840 cum
3216 793 3440 856 paterna

174 879 418 937 eamdem
448 889 564 932 esse
588 872 984 940 inﬁciarenlnr,
1012 876 1280 952 ὁμοούσιον
1305 869 1484 937 illum,
1518 869 1574 925 id
1604 880 1685 926 est
1716 869 1957 941 ejusdem
1989 871 2521 940 substantiae,dicere
2552 871 2944 938 detrectabant;
2977 871 3069 926 sed
3103 873 3440 929 conabantur

175 975 433 1032 inducere
459 987 646 1030 vocem
678 976 988 1051 ὁμοιοὺσιον,
1021 970 1078 1027 id
1107 978 1189 1026 est
1217 968 1414 1028 similis
1443 967 1800 1033 substantiae;
1833 984 1958 1024 cum
1990 968 2210 1025 interim
2241 968 2646 1026 emendandum
2677 986 2709 1025 a
2750 967 2956 1024 divinis
2975 968 3303 1024 substantiae
3324 984 3442 1024 ver-

174 1070 326 1136 bum,
384 1067 536 1140 quasi
569 1066 738 1124 sacris
785 1065 996 1139 paginis
1024 1066 1294 1138 ignotum,
1337 1065 1750 1122 contenderent.
1806 1065 1902 1121 His
1950 1065 2297 1138 Epiphanius
2349 1066 2567 1137 (hieres.
2610 1067 2702 1138 64)
2745 1083 2946 1122 nomen
2977 1065 3440 1121 Semiarianorum

177 1155 412 1214 inditum
436 1155 649 1213 scribit.
681 1153 786 1211 Ubi
817 1163 1006 1212 contra
1026 1155 1246 1211 eosdem
1278 1153 1680 1226 proscriptione
1701 1153 1852 1210 vocis
1875 1159 2142 1232 inoo-Seio;
2170 1155 2430 1211 Arianam
2459 1156 2711 1212 haeresim
2744 1155 2801 1211 in
2835 1156 3105 1226 integrum
3142 1152 3444 1208 restituen-

177 1251 294 1309 dam
341 1251 592 1323 patefecit
636 1258 827 1308 auctor
871 1250 965 1308 hic
1005 1259 1208 1319 noster,
1251 1251 1562 1324 Filiumque
1606 1253 1780 1306 Deum
1824 1267 1938 1306 esse
1965 1251 2190 1323 perinde
2228 1269 2290 1309 ac
2319 1254 2531 1309 Patrem
2571 1252 3011 1318 demonstravit;
3041 1248 3346 1306 rationibus
3373 1244 3442 1300 ob

179 1357 308 1414 quas
337 1339 760 1412 expungendum
791 1345 1061 1420 ὃμοοῦσιον
1104 1339 1459 1414 disputabant
1503 1337 1822 1406 adversarii,
1865 1339 2148 1396 satisfecit.
2181 1341 2443 1399 Eamdem
2478 1341 2622 1398 hanc
2647 1358 2839 1399 vocem
2870 1341 2928 1396 in
2957 1339 3127 1396 sacris
3159 1335 3443 1392 codicibus

177 1439 440 1496 contineri
486 1437 764 1496 ostendit:
809 1445 864 1496 et
910 1439 1163 1512 quamvis
1203 1454 1313 1495 non
1357 1439 1517 1496 liceat
1561 1439 1711 1493 illam
1733 1434 2048 1494 substantiae
2099 1439 2368 1496 unitatem
2399 1439 2612 1514 liquido
2639 1439 2926 1509 concipere
2953 1445 3117 1508 atque
3145 1433 3440 1505 explicare,

179 1527 320 1584 haud
361 1532 543 1584 tamen
590 1535 875 1600 propterea
926 1527 1284 1600 respuendam
1323 1527 1556 1600 probat;
1591 1525 2032 1600 quandoquidem
2064 1527 2123 1582 in
2161 1529 2448 1593 creaturis,
2479 1527 2627 1600 quod
2653 1527 2703 1582 ei
2732 1525 3037 1596 comparari
3071 1524 3270 1588 valeat,
3300 1517 3442 1574 nihil

179 1617 450 1685 occurrit;
497 1625 552 1674 et
597 1633 665 1674 ex
694 1619 1096 1692 multiplicibus
1134 1620 1247 1676 illis
1276 1619 1611 1687 nominibus,
1645 1635 1763 1692 quas
1790 1618 1847 1674 in
1877 1615 2174 1687 Scripturis
2212 1615 2344 1686 ipsis
2374 1615 2515 1672 Filio
2552 1615 2896 1683 tribuuntur,
2927 1615 3147 1670 nullum
3177 1619 3259 1666 est
3296 1604 3444 1680 quod

178 1723 283 1766 non
312 1707 496 1780 potius
531 1707 736 1766 indicet
763 1709 1002 1781 aliquam
1031 1726 1059 1765 e
1094 1709 1342 1782 mysticis
1371 1708 1523 1765 illius
1550 1710 1924 1780 qualitatibus,
1954 1723 2116 1780 quam
2147 1707 2420 1765 infinitam
2459 1716 2666 1764 naturae
2693 1706 2898 1762 divinae
2940 1703 3278 1776 majestatem
3307 1712 3445 1771 ape-

178 1797 297 1854 riat.
346 1799 516 1854 Docet
562 1805 837 1870 postremo
866 1798 1219 1855 distinctione
1249 1815 1604 1870 personarum
1634 1798 1860 1855 deorum
1893 1812 2002 1851 non
2035 1796 2225 1852 invehi
2251 1796 2588 1868 pluritatem,
2620 1811 2722 1852 nec
2749 1794 2818 1850 de
2847 1793 3000 1861 Filii,
3040 1791 3205 1849 etiam
3234 1802 3360 1844 cum
3385 1799 3444 1841 se

177 1885 620 1957 conspiciendum
648 1886 880 1943 subinde
904 1887 1177 1950 exhibuit,
1212 1886 1595 1944 invisibilitate
1627 1896 1723 1944 aut
1753 1885 2196 1942 immutabilitate
2222 1884 2520 1960 quidquam
2551 1885 2880 1941 detractum.

246 1975 442 2032 Exstat
459 1974 551 2033 hic
571 1976 708 2032 liber
738 1977 882 2032 inter
905 1975 1414 2048 GregoriiNazianz.
1435 1978 1597 2048 (orat.
1629 1977 1721 2049 49)
1755 1983 1809 2034 et
1836 1975 2115 2034 Ambrosii
2142 1975 2339 2044 nostri,
2363 1993 2596 2049 quorum
2626 1975 2846 2047 utrique
2865 1964 3441 2038 ascribitur,evulgata

185 2065 395 2137 Opera:
443 2065 539 2122 sed
585 2065 727 2135 apud
756 2065 991 2137 priorem
1021 2065 1364 2136 praefatione,
1392 2083 1498 2140 qua
1526 2069 1711 2124 nescio
1736 2067 1827 2124 cui
1857 2065 2244 2125 obscuritatem
2273 2075 2327 2125 et
2355 2068 2768 2142 ambiguitatem
2801 2065 2859 2122 in
2886 2062 3077 2122 eodem
3110 2059 3298 2117 libello
3324 2057 3445 2114 cri-

179 2154 413 2210 minanti
433 2155 745 2225 respondet,
782 2170 882 2212 nec
911 2171 1022 2211 non
1051 2155 1263 2228 adjecto
1291 2159 1446 2214 brevi
1475 2161 1688 2231 epilogo
1719 2161 2062 2236 locupletior,
2105 2167 2321 2238 qualem
2344 2183 2443 2223 nos
2472 2167 2652 2238 ipsum
2682 2169 3153 2236 repraesentamus.

251 2243 357 2310 Qui
387 2243 647 2316 Gregorio
677 2243 926 2299 Nazianz.
958 2244 1272 2315 adjudicant
1309 2247 1415 2304 hoc
1435 2249 1792 2320 Opusculum,
1824 2252 1882 2307 in
1912 2253 2053 2310 hanc
2081 2254 2396 2326 opinionem
2414 2254 2709 2326 Augustini
2734 2252 3080 2325 potissimum
3119 2243 3444 2304 auctoritate

177 2331 440 2388 adductos
467 2339 698 2389 constat.
731 2331 821 2389 Sic
848 2347 1082 2405 namque
1111 2332 1215 2404 ipsi
1245 2333 1692 2406 interpretantur,
1721 2337 1866 2408 quod
1896 2339 1989 2396 ille
2010 2341 2208 2398 tradit:
2235 2343 2518 2413 Gregorius
2546 2343 2703 2398 etiam
2722 2347 2930 2397 sanctus
2959 2339 3226 2410 episcopus
3261 2334 3445 2392 Orien-

180 2422 300 2477 talis
347 2421 674 2492 apertissime
719 2421 846 2476 dicit
889 2422 1059 2477 Deum
1103 2428 1300 2478 natura
1342 2425 1673 2492 inuisibilem,
1721 2428 1931 2494 quando
1975 2431 2227 2486 Patribus
2272 2433 2416 2487 visus
2458 2439 2552 2500 est,
2582 2433 2714 2486 sicut
2741 2431 2912 2501 Moysi
2939 2445 3056 2484 cum
3085 2444 3186 2497 quo
3216 2423 3352 2494 facie
3375 2419 3448 2478 ad

180 2509 366 2578 faciem
393 2510 721 2580 loquebatur,
751 2510 980 2580 alicujus
1008 2512 1371 2583 conspicabilis
1397 2516 1631 2571 materia:
1659 2515 1997 2586 dispositione
2023 2525 2313 2589 assumpta,
2345 2521 2494 2574 salva
2513 2536 2612 2574 sua
2635 2519 2996 2574 invisibilitate
3022 2514 3194 2570 videri
3216 2511 3450 2583 potuisse

189 2596 385 2669 (Epist.
435 2597 560 2666 148,
605 2613 734 2654 nov.
771 2597 904 2654 edit.
939 2615 1092 2656 num.
1127 2600 1240 2671 10).
1276 2591 1669 2660 Verumtamen
1697 2606 1994 2677 opponitur
2019 2623 2052 2663 a
2077 2607 2215 2663 viris
2235 2607 2412 2664 doctis
2435 2607 2638 2664 librum
2671 2605 2924 2664 eumdem
2954 2604 3135 2660 Latini
3165 2597 3450 2672 scriptoris

185 2690 349 2746 fetum
393 2689 604 2756 evinci,
634 2705 746 2745 non
777 2689 944 2748 modo
971 2692 1118 2762 quod
1143 2692 1322 2749 versio
1352 2701 1530 2763 vetus,
1555 2711 1716 2768 quam
1747 2697 1990 2754 Italicam
2020 2697 2290 2762 vocitant,
2327 2695 2443 2755 illic
2469 2696 2707 2764 citetur;
2740 2693 2835 2751 sed
2863 2694 3029 2750 etiam
3063 2689 3211 2764 quod
3244 2686 3448 2744 ibidem

185 2780 318 2851 (cap.
349 2778 406 2850 6)
439 2778 625 2846 isthm,
666 2778 948 2852 legantur:
991 2781 1147 2838 Ratio
1175 2783 1415 2854 quaedam
1441 2802 1557 2855 qua:
1582 2785 1727 2856 apud
1757 2787 1966 2844 Grrecos
1991 2793 2332 2860 nuncupatur
2360 2793 2514 2868 λόγος
2537 2805 2551 2855 ;
2579 2795 2632 2843 et
2661 2787 2794 2843 item
2821 2786 2928 2842 alia
2957 2785 3084 2840 illa:
3127 2782 3201 2838 Et
3235 2781 3327 2835 hoc
3356 2783 3449 2844 est,

182 2874 314 2944 quod
359 2874 537 2932 Graeci
570 2879 842 2955 ὁμοοὺσιον
888 2879 1180 2948 appellant,
1212 2879 1270 2935 id
1315 2887 1406 2949 est,
1456 2898 1572 2937 cum
1595 2899 1698 2938 uno
1736 2883 1888 2939 aliud
1921 2884 2112 2956 ipsum.
2146 2884 2242 2940 His
2269 2883 2407 2940 adde
2435 2884 2616 2939 locum
2651 2880 2946 2952 Augustini
2976 2875 3170 2934 referri
3197 2887 3352 2947 posse
3382 2869 3450 2927 ad

191 2969 563 3030 indubitatum
611 2973 835 3044 aliquod
885 2973 1133 3047 Gregorii
1179 2975 1430 3032 Nazianz.
1462 2977 1631 3049 Opus,
1662 2985 1725 3034 ut
1755 2987 1885 3051 puta
1920 2981 1988 3037 ad
2017 2981 2319 3038 orationem
2347 2979 2435 3049 34,
2468 2979 2563 3036 ubi
2583 2978 2771 3035 eadem
2802 2980 2960 3050 plane
3003 2969 3229 3030 materia
3254 2968 3452 3025 discu-

178 3060 332 3129 titur.
372 3063 480 3119 Sed
527 3063 670 3119 forte
716 3063 784 3119 ad
832 3063 1069 3136 priorem
1117 3064 1480 3136 objectionem
1529 3069 1652 3140 quis
1694 3067 2016 3141 respondeat
2043 3069 2326 3138 Rufinum,
2357 3085 2518 3141 quem
2554 3067 2672 3124 haec
2699 3068 2877 3139 opella
2907 3064 3258 3136 interpretem
3285 3055 3453 3113 refert

181 3150 315 3221 apud
366 3152 798 3221 Nazianzenum,
859 3154 1102 3211 maxima
1156 3155 1215 3211 in
1263 3157 1539 3213 vertendis
1585 3159 1787 3215 Graecis
1834 3158 2055 3216 licentia
2091 3159 2172 3214 uti
2219 3159 2484 3224 solitum;
2534 3156 2870 3230 proindeque
2897 3153 3041 3210 nihil
3072 3149 3297 3208 absurdi
3325 3161 3451 3203 eum

182 3236 468 3311 dicturum,
528 3241 627 3314 qui
667 3242 735 3298 ab
783 3242 903 3314 ipso
950 3243 1052 3300 hos
1099 3243 1314 3300 eosdem
1361 3247 1510 3302 locos
1537 3263 1601 3302 ea
1628 3247 1919 3304 verborum
1952 3248 2127 3302 forma
2156 3246 2398 3304 redditos
2427 3261 2542 3303 esse
2570 3241 2945 3309 aﬂirmaverit,
2979 3254 3142 3312 quam
3172 3235 3240 3292 ad
3270 3233 3452 3291 Latini

181 3325 388 3387 lectoris
418 3337 650 3405 gustum
699 3331 1053 3388 existimabat
1088 3321 1270 3405 magis
1287 3337 1750 3392 accommodatam
1779 3354 1791 3393 :
1823 3334 2063 3394 secunda
2092 3350 2222 3392 vero
2249 3334 2465 3392 ratione
2492 3332 2592 3390 vix
2624 3331 2957 3398 movebitur,
2991 3328 3087 3402 qui
3115 3340 3240 3385 cum
3271 3323 3456 3381 verbis

178 3415 458 3488 Augustini
515 3436 677 3492 supra
727 3421 909 3476 citatis
951 3419 1102 3478 hunc
1132 3423 1312 3478 locum
1343 3425 1583 3480 auctoris
1611 3425 1786 3482 nostri
1816 3427 2207 3500 composuerit,
2243 3428 2339 3484 ubi
2369 3435 2490 3500 post
2515 3426 2745 3482 allatum
2778 3421 2984 3494 Moysis
3020 3436 3145 3478 cum
3172 3419 3287 3476 Deo
3315 3415 3455 3474 facie

177 3505 240 3560 ad
283 3507 472 3566 faciem
532 3510 807 3582 loquentis
857 3512 1172 3582 exemplum
1220 3512 1438 3568 subdit:
1488 3514 1562 3571 Et
1592 3520 1761 3571 tamen
1788 3514 1862 3570 sic
1889 3516 2033 3572 visus
2070 3515 2353 3588 accipitur,
2385 3521 2445 3571 ut
2473 3512 2703 3584 alicujus
2731 3508 3190 3582 conspicabilis....
3219 3505 3456 3563 materia

177 3593 517 3666 dispositione
561 3607 833 3672 assumpta
879 3601 1166 3667 videretur,
1206 3605 1357 3658 salva
1387 3604 1581 3659 scilicet
1606 3605 1966 3661 invisibilitate
1987 3605 2098 3673 ejus
2130 3607 2274 3678 (cap.
2309 3604 2390 3676 8).
2425 3602 2560 3672 Quis
2585 3600 2733 3657 enim
2763 3599 2924 3658 facile
2951 3598 3057 3655 sibi
3088 3613 3199 3654 non
3222 3610 3456 3671 persua-

182 3681 301 3740 deat
326 3687 442 3746 haac
459 3689 588 3762 ipsa
613 3689 672 3746 in
703 3698 884 3746 mente
912 3690 1206 3762 Augustini
1233 3693 1521 3763 praesentia
1537 3694 1722 3763 fuisse,
1750 3711 1876 3753 cum
1902 3697 2163 3752 scriberet
2190 3695 2472 3769 superiora
2489 3695 2519 3752 ‘l

247 3774 403 3842 Quod
445 3793 582 3835 vero
621 3777 691 3836 ad
737 3779 1110 3848 Ambrosium,
1155 3783 1362 3837 clarum
1405 3790 1488 3838 est
1538 3783 1759 3856 quidem
1791 3784 1920 3842 huic
1947 3786 2246 3860 Scriptioni
2276 3795 2330 3844 et
2361 3788 2420 3844 in
2450 3787 2709 3844 omnibus
2736 3787 2974 3860 Operum
3001 3781 3178 3840 sancti
3213 3776 3456 3836 doctoris

185 3859 536 3937 editionibus,
568 3874 623 3924 et
652 3867 710 3923 in
741 3885 869 3924 mss.
898 3869 1061 3924 etiam
1088 3871 1392 3938 nonnullis,
1412 3870 1657 3942 ejusdem
1685 3891 1884 3932 nomen
1911 3859 2201 3948 prteﬁirum
2231 3895 2366 3936 esse.
2398 3879 2531 3935 Inde
2551 3887 2632 3935 est
2661 3859 2807 3951 quod
2839 3874 3032 3938 libenti
3054 3872 3240 3928 animo
3265 3867 3456 3940 suspi-

184 3965 424 4011 caremur
471 3973 585 4013 non
613 3957 781 4013 alium
831 3973 944 4014 esse
982 3958 1191 4016 huncce
1241 3959 1512 4029 libellum,
1557 3978 1717 4034 quam
1749 3981 1872 4020 eum
1905 3966 1998 4038 qui
2032 3967 2107 4020 De
2135 3967 2266 4021 Fide
2291 3985 2324 4023 a
2359 3967 2542 4023 Niceno
2578 3967 2695 4022 sive
2721 3965 2912 4022 Niceto
2936 3962 3187 4034 episcopo
3215 3956 3458 4032 breviter

184 4045 434 4118 scriptus,
485 4049 837 4104 voluminibus
875 4049 1040 4105 sancti
1078 4049 1364 4118 Ambrosii,
1413 4059 1475 4106 ut
1534 4052 1888 4110 Casitodorus
1927 4055 2252 4110 testificatur
2288 4055 2412 4125 (lib.
2449 4056 2522 4110 De
2561 4055 2686 4109 inst.
2717 4053 2851 4121 div.,
2877 4069 2926 4109 c.
2961 4051 3072 4121 16),
3104 4048 3330 4104 sociatus
3359 4049 3452 4114 est,

193 4145 322 4200 quos
368 4135 442 4188 ad
485 4136 805 4190 Gratianum
829 4137 1120 4206 principem
1161 4138 1462 4194 destinavit.
1487 4138 1592 4196 Sed
1629 4158 1755 4198 cum
1786 4142 1931 4200 idem
1958 4153 2164 4201 asserat
2196 4161 2307 4201 non
2337 4146 2514 4202 solum
2542 4145 2610 4202 de
2639 4145 2796 4200 Patre
2827 4159 2890 4200 ac
2919 4141 3062 4198 Filio
3089 4139 3206 4196 illic
3234 4135 3453 4204 disseri,

184 4233 381 4274 verum
423 4219 588 4276 etiam
629 4221 696 4277 de
747 4223 955 4293 Spiritu
1002 4232 1208 4291 sancto,
1261 4227 1406 4297 quod
1455 4243 1580 4281 cum
1624 4227 1728 4287 hoc
1758 4231 1901 4288 libro
1943 4232 2126 4290 minus
2154 4234 2435 4302 convenit,
2464 4234 2739 4291 malumus
2765 4231 2914 4289 hunc
2941 4231 3216 4286 diversum
3249 4227 3317 4284 ab
3345 4225 3456 4282 alio

184 4309 503 4399 existimare
533 4327 629 4366 cur
655 4321 842 4368 autem
874 4313 1098 4369 alterius
1128 4315 1330 4381 locum,
1361 4322 1416 4370 et
1442 4316 1719 4376 Ambrosii
1749 4339 1951 4380 nomen
1995 4325 2362 4399 usurpaverit,
2393 4325 2535 4384 ratio
2564 4326 2622 4383 in
2652 4332 2907 4398 promptu
2936 4331 3035 4390 est,
3069 4321 3308 4378 materia:
3336 4315 3454 4374 sci-

189 4397 313 4455 licet
360 4401 632 4471 cognatio.
658 4402 798 4457 Sunt
835 4409 1017 4458 tamen
1039 4409 1295 4472 praeterea
1316 4404 1458 4458 levia
1476 4406 1720 4477 quaedam
1768 4411 1838 4467 ab
1866 4397 2230 4471 Ambrosiano
2257 4416 2476 4473 dicendi
2511 4397 2667 4474 more
2699 4432 2810 4473 non
2839 4414 3058 4486 penitus
3083 4408 3455 4472 abhorrentia,

364 4489 526 4582 quod
551 4489 628 4582 ait
665 4488 1066 4582 deihmreticis,
1111 4491 1158 4582 si
1183 4491 1427 4582 haberent
1461 4497 1715 4563 quomodo
1747 4499 1887 4556 illud
1915 4503 1986 4558 ad
2012 4505 2180 4560 aliam
2209 4506 2603 4578 intelligentiam
2629 4524 2789 4563 δειευο
2815 4522 2966 4560 sensu
2989 4504 3360 4574 pervertere-nt.
3394 4495 3459 4548 Et

189 4573 362 4670 illud;
429 4578 666 4636 Viderint
700 4579 1022 4652 philosophi,
1069 4579 1296 4635 viderint
1339 4581 1566 4638 Ιιίωέιὶοἰ
1611 4585 1861 4659 discipuli
1905 4609 2107 4650 eorum.
2140 4595 2243 4652 Sed
2277 4573 2452 4670 neque
2483 4597 2630 4670 quod
2657 4596 2882 4662 dicitur,
2917 4573 3008 4662 qui
3033 4593 3190 4645 etiam
3217 4603 3355 4642 nunc
3382 4583 3455 4650 υἱ,

186 4666 458 4754 ambitione
505 4677 553 4725 et
573 4671 810 4743 potentia
838 4687 1015 4742 regum
1042 4671 1269 4743 eragites
1297 4687 1358 4726 ac
1389 4671 1561 4728 turbes
1588 4677 1786 4747 omnia,
1817 4679 2053 4736 nimium
2081 4683 2150 4738 ab
2179 4666 2473 4742 Ambrosio
2498 4666 2850 4754 discreparet,
2882 4682 2929 4737 si
2960 4686 3224 4734 tractatus
3252 4673 3344 4728 hic
3373 4672 3460 4727 ri—

187 4751 333 4852 Siflos
367 4758 620 4852 Al‘iancs,
651 4760 829 4852 qualis
859 4769 974 4816 erat
1002 4760 1097 4817 ille
1125 4761 1436 4818 Auxentius
1480 4781 1510 4820 a
1539 4780 1647 4839 quo
1671 4767 1885 4826 Justina
1915 4771 2141 4843 ejusque
2168 4773 2317 4830 filius
2345 4751 2768 4830 Valentinianus
2799 4771 2930 4839 imp.
2955 4767 3012 4822 in
3041 4773 3290 4822 sanctum
3323 4758 3460 4815 anti-

187 4849 362 4901 stitem
403 4849 662 4906 concitati
721 4858 874 4919 sunt,
911 4850 1274 4924 impugnaret.
1334 4853 1396 4908 In
1441 4857 1650 4911 caeteris
1699 4856 1928 4914 dissidet
1978 4857 2122 4914 idem
2163 4877 2301 4930 opus
2329 4861 2395 4915 ab
2424 4858 2701 4914 Ambrosii
2731 4858 2877 4928 stylo
2905 4863 2959 4909 et
2988 4853 3226 4924 ingenio,
3259 4855 3322 4905 ut
3350 4864 3460 4904 non

189 4932 345 5019 modo
383 4934 535 4994 illius
578 4947 771 4999 auctor
811 4955 923 4997 non
974 4939 1244 5011 videatur,
1297 4943 1391 5001 sed
1441 4961 1510 5002 ne
1555 4946 1824 5019 interpres
1853 4945 2098 5017 quidem,
2130 4955 2320 5002 contra
2353 4963 2514 5018 quam
2553 4945 2763 5017 opinati
2794 4941 3140 5015 reperiuntur
3169 4936 3451 4996 nonnulli.

191 5015 484 5097 Utrumque
513 5043 641 5086 sane
670 5031 758 5086 vel
781 5045 848 5085 ex
878 5045 942 5086 eo
971 5031 1361 5104 colligasjquod
1388 5015 1730 5106 Augustinus
1745 5015 1885 5094 cum
1903 5033 1960 5089 in
1991 5033 2340 5105 praeceptoris
2365 5015 2451 5089 sui
2472 5015 2691 5104 scriptis
2711 5030 3133 5099 versatissimus,
3158 5037 3274 5084 tum
3297 5025 3461 5082 etiam

192 5106 256 5196 ad
294 5127 415 5169 eum
465 5117 895 5187 praedicandum,
925 5119 1075 5175 omni
1107 5119 1232 5176 data
1264 5123 1693 5193 Opportunitate,
1729 5120 2213 5196 propensissimus,
2247 5122 2366 5196 ejus
2396 5132 2579 5180 tamen
2608 5138 2721 5178 non
2753 5121 3086 5190 meminerit,
3123 5117 3216 5176 sed
3246 5122 3461 5174 tantum

191 5195 429 5286 Gregorii
457 5205 697 5279 episcopi
727 5204 1040 5265 Orientalis.
1075 5207 1287 5275 Quibus
1318 5207 1553 5282 adjunge
1584 5211 1896 5268 versionem
1923 5209 2208 5280 biblicam,
2231 5214 2300 5269 ab
2333 5230 2394 5270 ea
2425 5229 2587 5286 quam
2627 5212 2833 5284 ubique
2862 5209 3188 5267 Ambrosius
3215 5206 3461 5276 adhibet,

188 5281 339 5359 longe
369 5308 483 5349 esse
521 5293 815 5356 diversam.

258 5375 316 5431 P.
357 5381 416 5436 F.
469 5381 798 5455 Chimetius,
831 5386 926 5461 qui
973 5383 1186 5446 duobus
1227 5386 1340 5446 illis
1369 5387 1622 5448 Patribus
1665 5405 1735 5446 ex
1772 5405 1931 5462 aequo
1959 5386 2210 5445 eumdem
2246 5387 2498 5447 libellum
2529 5387 2826 5462 adjudicat,
2858 5395 2922 5444 ut
2950 5385 3110 5446 illum
3141 5383 3472 5443 transcribat

191 5460 390 5550 _Vigilio
438 5486 557 5541 suo,
608 5460 948 5546 conjecturas
1001 5477 1233 5550 aliquot,
1264 5492 1397 5550 quas
1426 5478 1495 5535 ad
1533 5495 1650 5536 eam
1681 5494 1798 5534 rem
1828 5460 2198 5533 validissimas
2231 5485 2406 5549 putat,
2448 5477 2506 5532 in
2539 5460 2781 5532 medium
2812 5460 3040 5549 profert.
3073 5477 3474 5534 Verumtamen

192 5547 329 5610 haud
384 5557 547 5616 facile
585 5577 912 5635 quemquam
961 5547 1524 5633 fore—existimamus,
1570 5566 1669 5638 qui
1714 5565 1837 5629 sine
1880 5547 2390 5638 manuscriptorum
2427 5563 2772 5635 auctoritate,
2814 5547 2943 5624 sine
2985 5560 3275 5638 scriptoris
3302 5559 3480 5617 ullius
