3864 6188
517 255 623 316 583

1527 253 1620 312 AD
1660 253 1888 310 OPERA
1930 253 1983 308 S.
2028 245 2356 309 AMBROSII
2396 247 2775 307 APPENDIX.

3711 248 3806 310 5811

516 351 860 438 academicus
892 379 1198 452 disputator
1233 379 1446 446 assiste,
1481 387 1541 432 ut
1584 379 1860 450 simplices
1906 395 2042 432 sens‘
2072 395 2099 436 ι
2147 390 2172 437 \
2206 377 2376 432 nullis
2419 375 2754 442 extantibus,
2793 381 2854 429 ut
2904 372 3046 428 idem
3077 371 3241 427 Arius
3272 371 3547 439 tradidit;
3588 375 3801 432 sublato

517 469 814 524 verborum
843 470 1146 526 subtilitate
1185 478 1610 541 contorqueam:
1662 467 1755 522 sed
1797 476 1858 523 ut
1887 475 2098 521 contor-

517 564 602 614 tos
638 564 693 614 et
717 574 915 630 parvos
937 559 1090 614 tenui
1119 565 1440 630 argumento
1464 555 1796 628 compositos
1825 555 1881 608 in
1920 555 2096 610 lucem

516 647 847 720 cognitionis
877 663 1143 718 exponam
1170 665 1182 714 ;
1213 663 1320 718 quo
1359 645 1579 702 facilius
1605 646 1774 717 possit
1801 642 2018 714 cognita
2043 647 2099 698 et

515 743 790 809 comperta
809 735 1071 808 iniquitas
1098 737 1165 790 ab
1196 735 1514 791 hominibus
1542 735 1758 790 evitari.

586 828 716 894 Quae
752 827 956 882 etenim
999 841 1179 892 causa,
1231 841 1418 898 quaeve
1472 825 1615 881 ratio
1663 823 1876 880 exstitit
1906 824 2012 894 (2),
2036 828 2098 878 ut

515 915 659 988 quod
687 914 1016 981 docendum,
1048 923 1104 969 et
1131 914 1277 987 quod
1306 914 1638 970 credendum
1668 913 1881 970 cunctis
1913 911 2097 968 Eccle-

515 1003 612 1060 siis
639 1005 817 1061 fuerat
851 1005 1137 1073 traditum,
1167 1005 1422 1077 quodque
1452 1005 1636 1060 Patres
1665 1001 1837 1058 nostri
1885 1007 2097 1072 aposto-

515 1093 608 1149 lici
641 1094 747 1149 viri
777 1102 969 1152 contra
996 1095 1280 1150 universas
1306 1093 1558 1161 haereses,
1591 1101 1644 1147 et
1675 1091 1912 1146 maxime
1941 1090 2095 1146 Aria-

514 1197 680 1248 mam,
722 1183 875 1254 quasi
913 1183 1183 1254 quendam
1215 1182 1426 1238 obicem
1463 1181 1732 1247 veritatis,
1763 1196 1872 1252 quo
1902 1193 2096 1234 omnes

513 1270 696 1326 aditus
723 1271 989 1342 pestiferas
1015 1272 1279 1328 doctrinae
1322 1271 1684 1337 obstruerent,
1735 1276 1922 1325 sancto
1964 1267 2096 1339 Spi-

515 1359 626 1414 ritu
654 1361 901 1416 mundati
933 1360 1037 1431 (3),
1069 1360 1339 1416 catholica
1379 1360 1589 1414 ratione
1632 1363 1946 1430 posuerunt,
1984 1371 2094 1411 non

515 1448 632 1504 sine
661 1464 855 1520 magno
884 1449 1010 1505 nisu
1037 1449 1105 1504 ab
1145 1449 1230 1504 his
1256 1451 1350 1520 qui
1381 1449 1556 1519 elogio
1591 1447 1672 1517 (4)
1708 1447 1924 1502 Arianae
1957 1443 2094 1499 labis

514 1539 719 1597 addicti
749 1548 897 1608 sunt,
931 1541 1208 1596 laboretur
1237 1539 1472 1605 auferri;
1519 1538 1624 1593 nisi
1656 1545 1717 1591 ut
1757 1536 1958 1591 Filium
1995 1533 2092 1589 Dei

515 1630 833 1686 mutabilem
863 1639 917 1686 et
947 1630 1388 1695 convertibilem,
1421 1637 1609 1702 utpote
1641 1645 1748 1684 non
1778 1627 1844 1683 de
1873 1624 2094 1698 propria

514 1719 692 1776 Patris
745 1720 1050 1776 substantia
1099 1721 1408 1776 constitisse
1469 1719 1825 1787 conﬁngant:
1885 1716 1975 1772 cui
2041 1719 2095 1770 et

516 1807 740 1863 initium
770 1824 840 1864 ex
865 1817 1126 1880 tempore,
1160 1816 1214 1864 et
1242 1817 1423 1864 ortum
1455 1825 1522 1863 ex
1553 1807 1751 1876 nihilo,
1801 1821 1999 1861 nomen
2026 1818 2098 1858 ex

515 1896 707 1964 altero,
732 1905 795 1952 ut
823 1913 1036 1968 semper
1062 1897 1386 1963 docuerunt,
1428 1904 1648 1967 propter
1675 1895 1819 1967 quod
1866 1901 1918 1949 et
1961 1907 2100 1963 szepe

515 1981 759 2038 damnati
803 1991 953 2050 sunt,
997 2000 1144 2038 nunc
1169 1983 1281 2054 jam
1335 1983 1524 2050 libere,
1567 1993 1620 2038 et
1654 1999 1860 2049 secure,
1910 1981 2100 2035 incun-

515 2077 832 2144 ctanterque
881 2072 1146 2128 Ecclesiis
1206 2072 1418 2127 tradere
1491 2079 1545 2127 et
1609 2072 1887 2128 insinuare
1967 2084 2102 2140 pos-

517 2159 630 2216 sint
654 2159 681 2215 ?

588 2256 816 2316 CAPUT
845 2259 914 2315 II.
944 2288 1015 2300 —
1034 2257 1248 2315 Videtis
1285 2275 1412 2331 ergo
1442 2259 1630 2315 omnia
1657 2274 1748 2314 eos
1774 2257 1830 2312 in
1867 2261 2103 2312 tractatu

519 2347 784 2418 ipsorum,
813 2364 924 2403 non
950 2349 1261 2420 evangelica
1291 2348 1418 2416 ﬁde,
1450 2349 1543 2404 sed
1581 2347 1811 2403 subdola
1853 2344 2103 2415 maligni-

519 2444 629 2492 tate
673 2438 743 2493 ad
797 2435 1133 2494 seducendos
1189 2438 1466 2509 simplices
1534 2451 1776 2508 quosque
1838 2433 2101 2506 posuisse.

519 2528 637 2586 Non
672 2527 786 2599 jam
830 2536 938 2584 tam
996 2536 1329 2600 suspectum,
1379 2544 1540 2598 quam
1589 2526 1941 2580 manifestum
1973 2539 2102 2578 om-

525 2615 689 2674 nibus
734 2633 848 2673 esse
890 2617 1052 2674 debet
1081 2617 1156 2673 ita
1183 2634 1275 2673 eos
1307 2618 1479 2672 Deum
1510 2616 1577 2670 de
1605 2617 1717 2671 Deo
1747 2613 2009 2685 posuisse,
2040 2616 2102 2664 ut

523 2705 690 2762 Arius
719 2705 931 2761 tradere
978 2704 1207 2772 solebat,
1253 2712 1315 2760 ut
1347 2720 1414 2759 ex
1459 2706 1570 2759 Deo
1627 2703 1801 2758 factus
1850 2700 1942 2767 sit,
1991 2715 2099 2754 non

523 2809 592 2848 ex
620 2796 733 2849 Deo
771 2801 948 2850 natus.
999 2793 1104 2858 Qui
1135 2792 1180 2846 si
1223 2800 1382 2846 natus
1428 2801 1530 2858 est,
1569 2791 1736 2845 unius
1784 2787 2101 2842 substantiae

523 2889 606 2938 est
627 2900 640 2937 :
663 2881 710 2937 si
747 2882 921 2936 factus
949 2889 1050 2947 est,
1082 2896 1245 2935 verus
1265 2880 1458 2934 Fillius
1498 2895 1606 2932 non
1641 2887 1752 2942 est;
1785 2886 1839 2933 et
1866 2877 1909 2931 si
1941 2893 2102 2932 verus

528 2970 702 3025 Filius
745 2985 856 3024 non
902 2977 1002 3037 est,
1050 2985 1151 3025 nec
1199 2984 1361 3023 verus
1392 2969 1536 3022 Deus
1586 2973 1701 3032 est;
1749 2975 1843 3019 aut
1871 2965 1914 3019 si
1942 2981 2103 3019 verus

530 3057 676 3114 Deus
712 3063 813 3124 est,
843 3066 898 3112 et
926 3055 993 3112 de
1035 3057 1191 3111 Patre
1229 3070 1340 3110 non
1383 3063 1483 3121 est,
1521 3053 1630 3110 duo
1660 3063 1788 3109 sunt
1840 3052 2106 3107 habentes

521 3143 723 3216 singuli
752 3152 806 3200 et
848 3145 1160 3202 voluntates
1188 3143 1454 3216 proprias,
1499 3149 1553 3198 et
1592 3141 1819 3212 imperia
1843 3141 2060 3195 diversa
2087 3157 2099 3196 :

521 3236 608 3293 vel
624 3235 666 3294 si
698 3236 990 3294 concordia
1016 3244 1229 3294 tantum
1253 3244 1306 3292 et
1326 3233 1580 3291 societate
1607 3249 1778 3289 unum
1815 3238 1962 3298 sunt,
1995 3246 2105 3285 non

520 3333 699 3384 tamen
728 3337 781 3384 et
801 3329 1106 3384 substantia
1117 3345 1299 3392 verus,
1326 3335 1388 3383 ut
1403 3326 1518 3398 jam
1539 3325 1678 3392 dixi,
1697 3327 1842 3380 Deus
1871 3340 1981 3379 non
2001 3329 2102 3380 est.

589 3415 680 3471 Sic
709 3416 816 3470 erit
842 3419 1006 3482 Deus,
1036 3425 1100 3472 ut
1121 3418 1334 3487 Moyses
1364 3415 1632 3470 Pharaoni
1661 3415 1862 3484 (Exod.
1890 3431 1988 3478 v11,
2024 3411 2101 3482 1),

521 3509 803 3575 potestate,
835 3517 945 3555 non
986 3517 1178 3572 genere
1211 3520 1222 3558 :
1263 3503 1438 3558 Filius
1459 3519 1674 3574 quoque
1705 3503 1780 3558 ita
1801 3498 2104 3558 credendus

521 3593 644 3658 erit,
670 3599 734 3646 ut
763 3607 856 3662 per
885 3591 1075 3645 Isaiam
1106 3593 1308 3661 populo
1347 3592 1555 3649 dictum
1596 3601 1706 3648 est:
1757 3618 1775 3640 ι
1815 3591 1989 3648 Filios
2018 3607 2102 3662 ge-

520 3677 617 3733 nui
643 3685 697 3732 et
738 3676 977 3732 exaltavi
1016 3677 1152 3746 (18a.
1182 3695 1219 3745 1,
1263 3677 1320 3748 2)
1367 3686 1460 3732 «et
1497 3680 1664 3733 alibi:
1697 3704 1716 3726 ι
1761 3679 1851 3734 Dii
1883 3678 2014 3734 estis
2051 3685 2104 3734 et

521 3764 622 3821 ﬁlii
648 3765 918 3822 Altissimi
940 3781 1130 3822 omnes
1152 3765 1326 3838 (Psal.
1351 3782 1546 3836 LXXXI,
1569 3767 1649 3838 6).
1673 3792 1691 3814 -
1729 3767 1834 3823 Sed
1853 3775 1906 3823 et
1926 3767 2102 3840 primo

520 3855 734 3930 genitus
750 3855 828 3914 ita
855 3855 1166 3924 habebitur,
1195 3856 1472 3930 quomodo
1512 3864 1564 3912 et
1591 3858 1754 3913 Israel
1783 3873 1812 3912 a
1853 3859 1965 3914 Deo
1994 3857 2100 3929 pri-

519 3947 825 4019 mogenitus
845 3945 992 4001 ﬁlius
1029 3947 1332 4018 appellatus
1362 3954 1443 4002 est
1485 3948 1688 4019 (Exod.
1735 3964 1810 4014 1v,
1847 3946 1960 4017 22).
1994 3947 2104 4003 Nec

517 4052 629 4093 non
679 4042 736 4092 et
800 4034 1196 4107 primogentius
1267 4035 1436 4093 totius
1491 4043 1775 4104 creaturae,
1837 4034 1991 4108 quasi
2043 4035 2102 4090 in

518 4124 710 4180 ordine
746 4124 1015 4181 factorum
1049 4124 1450 4197 primogentius
1477 4125 1778 4193 habeatur;
1811 4132 1872 4180 ut
1923 4139 1992 4179 ex
2038 4139 2103 4179 eo

518 4213 711 4270 seriem
741 4213 1031 4285 quamdam
1052 4215 1302 4271 creandis
1331 4217 1525 4274 mundi
1543 4218 1704 4274 rebus
1733 4217 2028 4287 assignent.

588 4307 837 4380 Denique
885 4308 1100 4365 sublato
1151 4307 1441 4382 «Spectantes,
1497 4312 1555 4367 id
1610 4320 1690 4368 est
1745 4311 1908 4367 unius
1963 4310 2104 4367 sub-

517 4402 732 4460 stantiae
784 4401 1072 4471 vocabulo,
1123 4402 1436 4476 ὁμοιούεηον,
1478 4405 1534 4460 id
1576 4415 1657 4461 est
1712 4406 1970 4472 similem,
2026 4405 2102 4461 fa-

518 4492 656 4552 ctori
683 4507 802 4560 suo,
851 4499 1153 4562 posuerunt
1185 4493 1297 4563 (5);
1329 4509 1454 4548 cum
1485 4492 1634 4547 aliud
1659 4491 1730 4548 sit
1769 4491 2098 4560 similitudo,

516 4582 667 4640 aliud
711 4579 932 4636 veritas.
963 4581 1096 4635 Nam
1127 4589 1180 4636 et
1209 4580 1375 4637 homo
1400 4581 1466 4636 ad
1519 4581 1810 4650 imaginem
1855 4589 1909 4636 et
1950 4580 2099 4636 simi-

517 4671 804 4729 litudinem
843 4669 942 4726 Dei
989 4669 1166 4726 factus
1219 4677 1300 4725 est
1348 4670 1500 4742 (Gen.
1536 4688 1576 4734 1,
1607 4671 1724 4741 27),
1772 4686 1870 4725 nec
1915 4678 2098 4724 tamen

516 4763 660 4818 Dens
686 4767 801 4816 est:
837 4774 937 4815 nec
966 4759 1113 4830 quod
1141 4761 1288 4815 Deus
1328 4767 1428 4827 est,
1477 4760 1642 4815 homo
1670 4759 1942 4815 exstitisse
1972 4773 2100 4814 cre-

515 4849 726 4906 dendus
753 4857 852 4906 est.
883 4849 964 4904 Ita
1009 4857 1064 4905 et
1118 4849 1321 4905 Filium
1371 4849 1469 4905 Dei
1514 4849 1749 4905 similem
1790 4849 2004 4920 volunt,
2037 4853 2098 4901 ut

514 4955 639 4996 eum
687 4939 907 4996 aliunde
959 4939 1219 5009 similem,
1263 4956 1373 4996 non
1417 4940 1483 4996 de
1526 4940 1640 5012 ipsa
1675 4956 1783 4994 una
1825 4947 2010 4993 sancta
2045 4943 2098 4991 et

515 5026 668 5082 beata
724 5029 902 5084 Patris
958 5029 1264 5086 substantia
1319 5031 1524 5087 dicant.
1561 5031 1666 5097 Qui
1723 5030 1768 5084 si
1819 5029 1885 5084 de
1924 5026 2097 5083 Patris

513 5121 819 5179 substantia
863 5141 973 5180 non
1037 5135 1135 5194 est,
1177 5120 1228 5190 ἐξ
1270 5125 1361 5181 οὐκ
1397 5123 1550 5180 ὄντων
1597 5136 1695 5193 est,
1751 5125 1804 5180 id
1862 5133 1959 5192 est,
2027 5140 2094 5180 ex

585 5229 667 5303 (2)
700 5227 986 5303 [ell_._cod.
1025 5238 1080 5303 et
1106 5232 1351 5300 Amerb.,
1394 5250 1510 5303 qua:
1547 5251 1671 5287 vero.
1713 5231 1857 5303 ratio
1896 5231 2091 5286 existit.

586 5300 667 5373 (2})
705 5300 976 5373 Vigiliana
1005 5302 1377 5373 edit.,Spiritu
1402 5300 1582 5358 sancto
1613 5301 1878 5356 inundati.

587 5368 666 5444 (ᾇ)
721 5372 966 5444 Elogium
1017 5368 1308 5444 aliquando
1367 5373 1509 5429 idem
1567 5373 1857 5444 signiﬁcat,
1898 5388 1960 5426 ac
1987 5370 2092 5425 for-

513 5439 663 5493 mula
691 5440 936 5499 qusedam
959 5439 1450 5499 condemnationis.

587 5510 781 5578 (5)1ta
828 5510 960 5565 edit.
1013 5513 1168 5567 Item.
1200 5521 1252 5568 et
1301 5513 1582 5578 Chiftlet.;
1634 5519 1742 5566 vet.
1800 5519 1978 5566 autem
2029 5527 2092 5566 ac

516 5590 667 5644 mss.,
700 5579 948 5634 vocabulo
978 5581 1200 5637 similem
1221 5585 1410 5655 gestari
1437 5600 1531 5638 suo
1553 5587 1858 5652 posuerunt.

2205 465 2352 520 enim
2398 480 2463 520 eo
2501 462 2646 536 quod
2674 465 2830 519 Pater
2865 466 2967 528 est,
3011 461 3374 534 undecunque
3405 461 3579 518 fuerit
3609 463 3799 535 Filius,

2206 576 2422 617 necesse
2447 568 2528 617 est
2555 567 2689 616 utet
2718 560 2942 616 initium
2971 575 3040 615 ex
3070 559 3330 628 nihilo,et
3349 567 3540 615 ortum
3576 579 3647 615 ex
3675 571 3799 616 temo

2206 665 2336 722 pore
2366 647 2580 704 habeat:
2614 647 2755 703 nihil
2787 648 2936 704 enim
2966 647 3084 704 sine
3113 647 3298 714 initio,
3325 647 3436 704 nisi
3465 648 3624 704 solus
3641 651 3795 703 Deus.

2277 736 2431 793 Unde
2480 746 2535 792 et
2567 736 2760 804 Filius,
2792 737 2935 794 sicut
2962 735 3076 809 ipse
3104 736 3376 793 Dominus
3403 738 3502 804 ait,
3557 763 3576 785 ι
3608 738 3723 808 Ego
3751 746 3794 792 et

2206 829 2364 884 Pater
2387 843 2557 883 unum
2585 842 2776 882 sumus
2807 827 3047 898 (Joan.x,
3069 825 3208 898 30).»
3226 826 3383 893 Quod
3413 827 3542 884 ideo
3572 827 3793 896 dixit,ut

2212 916 2446 974 duarum
2479 932 2830 988 personarum
2863 915 3127 972 vocabula
3147 915 3203 988 in
3231 918 3396 971 unius
3423 917 3652 972 deitatis
3680 935 3794 972 ma-

2201 1005 2453 1076 jestatem
2480 986 2821 1060 monstraret
2853 1005 2956 1076 (ὓ),
2990 1005 3132 1062 sicut
3173 986 3228 1061 et
3257 1005 3539 1076 Propheta
3571 1023 3641 1061 ex
3671 1024 3791 1062 voce

2206 1094 2326 1149 Dei:
2375 1117 2394 1141 ‹
2423 1094 2940 1166 Eructavit,inquit,
2964 1111 3058 1150 cor
3086 1111 3267 1150 meum
3296 1095 3542 1151 Verbum
3572 1095 3789 1164 bonum,

2206 1182 2332 1240 dico
2380 1199 2478 1255 ego
2522 1201 2684 1256 opera
2714 1200 2832 1240 mea
2861 1184 2972 1254 regi
3006 1183 3179 1255 (Psat.
3239 1201 3392 1251 xuv,
3453 1184 3535 1253 2).
3571 1209 3590 1230 ι
3638 1185 3791 1240 Vides

2208 1286 2336 1342 ergo
2384 1271 2490 1329 hoc
2536 1273 2778 1329 Verbum
2827 1273 3030 1328 bonum
3074 1274 3278 1330 Filium
3331 1276 3431 1330 Dei
3465 1293 3606 1344 esse,
3637 1293 3788 1348 quem

2210 1375 2322 1414 non
2369 1361 2593 1416 aliunde
2649 1376 2810 1433 quam
2866 1361 2932 1416 de
2987 1372 3211 1434 paterno
3250 1371 3492 1434 pectore,
3523 1372 3600 1432 et,
3639 1373 3701 1420 ut
3726 1365 3792 1420 ita

2204 1448 2466 1517 dixerim,
2505 1450 2573 1506 de
2618 1458 2774 1505 utero
2821 1449 3002 1506 cordis
3028 1452 3147 1519 Dei,
3179 1451 3456 1508 credimus
3485 1462 3699 1509 natum.
3730 1454 3791 1508 Et

2204 1539 2435 1610 proinde
2464 1554 2587 1593 eum
2612 1556 2787 1611 regem
2806 1541 3168 1612 appellat,qui
3189 1541 3303 1612 ipse
3331 1550 3413 1596 est
3435 1542 3556 1598 Rex
3587 1559 3786 1614 regum;

2200 1625 2378 1680 Deum
2411 1627 2732 1695 Dominum,
2779 1628 2868 1683 cui
2902 1629 3088 1683 omnia
3117 1628 3306 1683 divina
3340 1646 3508 1701 opera
3537 1647 3790 1687 succum-

2124 1751 2169 1809 Β
2205 1713 2368 1809 bunt,
2401 1715 2494 1787 qui
2525 1715 2686 1809 dixit:
2734 1717 2954 1772 «Omnia
2983 1733 3101 1788 quae
3127 1717 3282 1774 Pater
3311 1717 3495 1788 habet,
3526 1737 3652 1777 mea
3674 1728 3788 1776 sunt

2213 1803 2393 1873 (Joan.
2438 1820 2555 1870 xvr,
2591 1805 2703 1876 15).
2739 1829 2757 1853 ι

2279 1904 2356 1958 De
2382 1902 2487 1959 hoc
2515 1911 2568 1958 et
2598 1903 2968 1974 Evangelista:
2999 1928 3018 1951 ι
3046 1906 3107 1960 In
3132 1905 3419 1978 principio,
3456 1907 3673 1980 inquit,
3691 1916 3787 1966 erat

2212 1991 2477 2060 Verbum,
2524 2001 2578 2048 et
2612 1993 2854 2050 Verbum
2883 2003 2998 2050 erat
3027 1995 3163 2066 apud
3190 1997 3380 2063 Deum,
3411 2004 3466 2052 et
3496 1999 3659 2054 Deus
3692 2006 3787 2054 erat

2212 2080 2482 2137 Verbum.
2529 2083 2727 2137 Omnia
2755 2100 2852 2154 per
2891 2084 3066 2156 ipsum
3102 2086 3238 2140 facta
3263 2093 3410 2152 sunt,
3440 2094 3500 2140 et
3528 2087 3661 2142 sine
3688 2087 3786 2160 ipso

2212 2167 2416 2223 factum
2480 2179 2561 2226 est
2620 2169 2760 2226 nihil
2813 2173 2991 2244 (Joan.
3026 2190 3064 2240 1,
3104 2174 3152 2241 1,
3196 2173 3273 2244 3).
3305 2197 3322 2220 ι
3363 2173 3543 2244 Igitur
3567 2175 3715 2248 quod
3742 2175 3786 2230 in

2213 2257 2484 2328 principio
2534 2267 2667 2328 erat,
2720 2277 2932 2333 semper
2977 2261 3142 2318 fuisse
3180 2261 3516 2318 credendum
3559 2273 3662 2319 est:
3707 2263 3786 2319 sed

2215 2361 2314 2400 nec
2368 2347 2589 2404 aliunde
2641 2366 2775 2417 esse,
2804 2367 2966 2421 quam
2997 2366 3066 2405 ex
3094 2367 3157 2404 eo
3185 2351 3281 2422 qui
3327 2351 3664 2422 principium
3691 2369 3786 2406 non

2214 2434 2399 2504 habet,
2432 2437 2489 2493 id
2508 2447 2608 2506 est,
2640 2440 2706 2494 de
2735 2439 2896 2496 corde
2920 2441 3128 2506 Patris;
3162 2441 3291 2511 quia
3339 2466 3357 2488 ι
3395 2442 3691 2509 eructavit,
3718 2441 3786 2498 in-

2215 2527 2354 2595 quit,
2385 2543 2478 2581 cor
2529 2544 2709 2584 meum
2761 2528 3000 2586 Verbum
3027 2529 3232 2584 bonum
3265 2530 3441 2600 (Psal.
3471 2546 3628 2597 XLIV,
3659 2531 3731 2602 2).
3759 2555 3774 2578 ι

2213 2613 2332 2668 Non
2361 2614 2508 2669 enim
2537 2617 2718 2672 dixit:
2749 2619 2810 2673 In
2839 2618 3110 2690 principio
3140 2619 3345 2674 factum
3384 2628 3468 2675 est
3507 2619 3742 2676 Verbum
3769 2637 3780 2685 ;

2215 2703 2308 2757 sed
2358 2727 2376 2750 ε
2408 2703 2464 2758 in
2515 2706 2809 2778 principio,
2854 2707 3058 2780 inquit,
3105 2708 3235 2779 erat}
3255 2707 3522 2764 Verbum.
3549 2733 3567 2756 -
3610 2708 3784 2775 Quod-

2215 2807 2431 2862 cunque
2480 2794 2813 2866 principium
2861 2795 3030 2852 Verbi
3073 2796 3343 2869 assignare
3374 2798 3641 2864 volueris,
3673 2813 3782 2868 pra-

2208 2877 2517 2949 judicatum
2575 2881 2823 2953 habebis,
2883 2883 3014 2956 quia
3076 2908 3094 2931 ι
3143 2885 3201 2940 in
3261 2885 3562 2957 principio,
3603 2883 3780 2956 inquit,

2215 2977 2348 3022 erat.
2385 2992 2403 3015 ι

2294 3059 2438 3116 349
2466 3062 2586 3116 Non
2618 3059 2766 3133 quod
2794 3059 2902 3116 duo
2929 3059 3204 3132 principia
3228 3075 3296 3115 ex
3326 3076 3514 3114 rerum
3555 3059 3781 3115 diversi-

2217 3162 2328 3209 tate
2376 3154 2645 3220 dicamus,
2691 3150 2784 3208 sed
2838 3150 2968 3223 quia
2997 3151 3184 3206 Sermo
3213 3150 3387 3205 Filius
3418 3165 3636 3221 semper
3675 3167 3779 3204 cum

2215 3240 2372 3296 Patre
2413 3248 2515 3309 est,
2557 3247 2611 3296 et
2646 3239 2713 3295 de
2759 3239 2916 3294 Patre
2964 3249 3122 3295 natus
3145 3247 3246 3294 est.
3273 3239 3352 3294 Ac
3380 3239 3617 3310 proinde
3647 3237 3782 3309 cujus

2215 3329 2369 3401 origo
2418 3327 2752 3400 principium
2783 3343 2896 3383 non
2932 3325 3118 3396 habet,
3149 3328 3522 3398 sempiternus
3550 3344 3676 3383 cum
3704 3328 3780 3382 Pa-

2216 3426 2296 3474 tre
2345 3417 2649 3474 credendus
2697 3425 2815 3484 est;
2863 3416 2992 3490 quia
3036 3432 3137 3472 nec
3165 3417 3322 3472 Pater
3350 3424 3531 3488 potest
3561 3432 3781 3489 unquam

2216 3508 2336 3563 sine
2368 3508 2509 3563 Filio
2539 3506 2838 3574 nominari,
2882 3522 2983 3564 nec
3014 3505 3190 3562 Filius
3221 3508 3338 3563 sine
3384 3507 3547 3562 Patre
3578 3506 3778 3564 vocari:

2213 3613 2275 3653 ac
2314 3613 2408 3668 per
2439 3596 2544 3652 hoc
2573 3611 2787 3668 semper
2822 3594 3018 3664 Filius,
3049 3595 3179 3668 quia
3217 3610 3430 3667 semper
3458 3595 3641 3651 Pater.

2296 3707 2316 3733 ι
2347 3687 2419 3741 Et
2448 3687 2612 3754 Deus,
2641 3685 2843 3757 inquit,
2875 3691 2990 3740 erat
3020 3684 3308 3741 Verbum»
3341 3683 3504 3752 Quod
3534 3686 3680 3740 Deus
3696 3689 3778 3749 est,

2212 3792 2424 3848 semper
2455 3784 2574 3842 est;
2636 3791 2706 3831 ne
2747 3775 2793 3830 si
2829 3790 3040 3846 semper
3081 3790 3192 3830 non
3238 3773 3426 3840 fuerit,
3461 3789 3630 3829 verus
3658 3774 3780 3828 Deus

2213 3880 2326 3921 esse
2374 3881 2482 3920 non
2529 3863 2722 3936 possit,
2775 3861 2939 3919 sicuti
2984 3862 3120 3918 etin
3149 3862 3366 3936 Sephiaa
3394 3863 3643 3929 nomine,
3673 3859 3780 3932 quia

2212 3954 2516 4012 secundum
2573 3953 2899 4026 Apostolum
2960 3951 3076 4024 ipse
3141 3959 3223 4006 est
3292 3950 3580 4022 Sapientia
3627 3949 3780 4007 Patris

2216 4044 2273 4113 (I
2305 4044 2431 4099 Cor.
2462 4061 2501 4110 1,
2525 4042 2641 4112 2ft).
2689 4066 2706 4089 ι
2733 4041 2870 4112 Ego,
2911 4041 3112 4112 inquit,
3151 4054 3220 4095 ex
3246 4054 3338 4094 ore
3367 4039 3639 4095 Altissimi
3664 4054 3779 4112 pro-

2213 4130 2334 4187 divi
2365 4132 2563 4204 (Eccli.
2596 4147 2758 4198 xxrv,
2797 4129 2879 4201 5).
2912 4154 2930 4178 ι
2971 4129 3092 4186 Non
3135 4143 3262 4199 ergo
3290 4126 3517 4182 aliunde
3543 4144 3699 4199 quam
3726 4125 3780 4180 de

2212 4221 2388 4287 Patre,
2444 4219 2572 4290 quia
2614 4232 2826 4290 semper
2871 4231 2998 4273 cum
3027 4215 3204 4270 Patre.
3237 4215 3310 4270 Et
3339 4213 3462 4271 ideo
3523 4212 3780 4287 Sapientia

2210 4307 2310 4363 Dei
2353 4308 2675 4379 appellatur,
2720 4311 2782 4360 ut
2823 4319 3102 4376 nunquam
3145 4303 3305 4358 Pater
3351 4303 3470 4359 sine
3494 4303 3776 4376 Sapientia,

2211 4397 2314 4453 hoc
2366 4406 2447 4453 est
2501 4397 2618 4452 sine
2665 4395 2810 4451 Filio
2855 4411 2976 4462 suo,
3027 4393 3197 4448 fuisse
3242 4391 3519 4448 credatur.
3563 4393 3687 4448 Haec
3715 4399 3778 4446 est

2210 4487 2305 4542 illa
2318 4487 2596 4559 Sapientia
2637 4485 2953 4552 ineﬁabilis,
2976 4481 3332 4556 quaeinitium
3352 4481 3436 4552 (7)
3460 4481 3678 4536 viarum
3697 4477 3778 4535 Dei

2209 4575 2350 4647 apud
2389 4575 2735 4630 Salomonem
2767 4575 2854 4629 vel
2875 4573 3117 4640 condita,
3149 4573 3234 4627 vel
3267 4571 3471 4643 genita,
3502 4572 3592 4627 vel
3621 4575 3778 4627 creata

2208 4664 2534 4720 describitur
2567 4664 2751 4733 (Prov.
2779 4678 2900 4730 VIII,
2932 4661 3024 4732 22)
3049 4679 3062 4728 ;
3088 4676 3250 4734 quam
3281 4668 3464 4716 tamen
3503 4659 3586 4716 sic
3611 4656 3778 4714 condi-

2208 4761 2320 4808 tam
2351 4752 2508 4820 dicit,
2540 4759 2601 4807 ut
2632 4767 2845 4823 semper
2873 4767 2990 4806 eam
3021 4766 3145 4806 cum
3177 4751 3289 4805 Deo
3322 4749 3492 4805 fuisse
3524 4747 3775 4804 ostendat.

2207 4839 2364 4907 Quod
2419 4840 2565 4896 enim
2617 4839 2840 4895 initium
2885 4839 2998 4894 Deo
3043 4837 3220 4904 dabis,
3264 4845 3326 4893 ut
3365 4836 3594 4891 initium
3623 4833 3777 4908 possis

2207 4927 2496 4999 Sapientia;
2552 4926 2725 5000 ipsius
2772 4926 3091 4996 consignare
3118 4925 3145 4979 εἰ
3183 4925 3306 4980 Non
3353 4925 3502 4980 enim
3539 4925 3615 4981 ita
3652 4925 3777 4979 Deus

2206 5016 2536 5088 Sapientiam
2569 5031 2720 5070 suam
2753 5013 3022 5079 condidit,
3056 5011 3522 5084 quasialiquando
3540 5012 3658 5067 sine
3684 5011 3776 5065 Sa—

2206 5103 2603 5175 pientiafuerit:
2635 5103 2729 5159 sed
2749 5119 2868 5158 cum
2890 5100 3111 5156 initium
3134 5100 3348 5154 viarum
3375 5116 3601 5156 suarum
3625 5097 3770 5161 dicat,

2279 5212 2353 5282 (6)
2396 5213 2527 5266 Laet.
2576 5210 2723 5278 cod.,
2760 5208 3011 5262 vocabula
3041 5209 3199 5262 unius
3227 5207 3440 5262 deitatis
3470 5208 3770 5276 majestatem

2204 5289 2537 5336 monstraret.

2275 5354 2356 5422 (7)
2395 5353 2523 5407 Mss.
2557 5351 2693 5405 Tell.
2739 5356 2791 5422 et
2835 5348 2977 5422 Laet.
3002 5363 3213 5422 necnon
3248 5355 3356 5403 vet.
3390 5355 3444 5403 et
3468 5349 3638 5422 edit,
3670 5360 3773 5422 quq

2202 5416 2386 5489 initio;
2413 5430 2466 5476 et
2493 5422 2660 5491 infra,
2689 5421 2778 5476 sed
2803 5436 2919 5474 cum
2956 5418 3144 5484 initio;
3181 5421 3340 5474 ltom.
3373 5428 3428 5474 et
3462 5421 3656 5494 Vigil.,
3677 5416 3772 5471 ’δαί

2199 5527 2313 5565 cum
2346 5510 2572 5566 initium.

3737 5673 3754 5700 ι
