3864 6188
111 263 209 322 585

1244 247 1339 304 DE
1378 247 1542 302 FIDE
1579 241 1860 303 CONTRA
1899 240 2223 299 ARIANOS.

3287 241 3394 300 586

107 390 318 450 initium
369 392 554 442 motus
610 382 792 454 operis
841 379 1075 452 alicujus
1131 376 1391 443 ostendit,
1449 381 1512 430 ut
1571 373 1680 429 hoc
1709 371 1760 432 A
1858 370 1971 425 Aut
2007 369 2053 424 si
2101 367 2224 424 ideo
2270 369 2672 426 nominandum
2717 384 2831 426 non
2878 378 2982 435 est,
3015 367 3146 441 quia
3187 383 3291 425 nec
3317 368 3396 424 ita

106 481 316 540 initium
345 475 542 533 habeat
571 472 853 545 Sapientia
877 471 978 527 Dei
1006 467 1154 541 quod
1201 467 1268 524 de
1312 467 1426 523 Deo
1453 480 1683 538 proces-

104 572 170 629 sit
229 568 294 625 ad
347 564 582 624 creanda
636 561 841 628 omnia,
894 567 1003 615 tam
1052 556 1304 614 coelestia
1358 571 1522 628 quam
1579 561 1682 610 ter-

105 658 307 726 restria,
366 671 480 711 non
533 669 645 726 quo
700 649 925 724 coeperit
982 664 1098 705 esse
1150 646 1209 703 in
1264 647 1397 702 Deo.
1489 644 1685 702 Creata

104 761 179 809 est
205 766 330 822 ergo
359 744 661 819 Sapientia,
711 742 824 799 imo
854 741 1055 814 genita,
1107 755 1219 796 non
1248 736 1353 794 sibi
1383 753 1502 809 quae
1531 751 1685 792 sem-

104 857 193 916 per
225 845 359 904 erat,
410 834 506 892 sed
548 833 636 889 his
685 848 808 905 quae
861 829 928 885 ab
975 845 1037 884 ea
1081 826 1200 882 ﬁeri
1246 823 1566 898 oportebat;
1622 831 1686 879 ut

103 911 230 1003 quia
255 933 459 1000 quanta
503 932 556 979 et
598 921 777 995 qualis
828 925 968 975 esset
1010 916 1137 972 sciri
1183 931 1293 971 non
1338 921 1568 986 poterat,
1617 911 1684 967 de

103 1001 296 1076 effectu
343 1029 570 1086 operum
625 1025 849 1065 suorum
904 1007 1081 1061 virtus
1131 1005 1248 1076 ejus
1317 1010 1371 1058 et
1442 1001 1686 1073 potentia

107 1111 450 1164 nosceretur:
515 1107 576 1156 ut
604 1097 752 1172 quod
798 1096 866 1152 de
903 1093 1142 1152 conditis
1186 1093 1522 1149 aestimamus
1576 1089 1680 1163 (8),

105 1205 230 1253 tunc
258 1191 428 1264 magis
458 1190 797 1257 timeremus,
828 1202 952 1242 cum
989 1185 1130 1240 facta
1160 1183 1446 1238 miramur.

173 1285 438 1343 Caeterum
485 1280 531 1337 si
560 1289 622 1337 tu
651 1279 728 1334 ita
775 1283 1012 1335 creatam
1043 1271 1377 1346 Sapientiam
1406 1270 1579 1335 dicas,
1625 1274 1688 1323 ut

110 1375 304 1433 Filium
334 1371 434 1430 Dei
470 1378 775 1428 creaturam
809 1365 1105 1437 intelligas,
1133 1361 1376 1419 occurrit
1395 1359 1498 1416 tibi
1529 1361 1688 1430 Apo-

111 1467 294 1531 stolus,
350 1461 725 1520 condemnans
788 1474 880 1515 eos
933 1455 1032 1528 qui
1091 1462 1395 1510 creaturam
1475 1450 1685 1516 colunt,

111 1557 286 1614 dicens
312 1572 324 1610 :
373 1578 391 1602 ‹
425 1553 652 1623 Propter
684 1547 833 1622 quod
857 1545 1086 1604 tradidit
1115 1544 1244 1600 illos
1268 1543 1413 1599 Deus
1451 1539 1508 1595 in
1537 1537 1690 1594 desi—

109 1646 318 1703 derium
348 1640 534 1699 cordis
562 1656 753 1696 eorum
780 1637 837 1694 in
860 1634 1302 1692 immunditiam:
1336 1638 1398 1688 ut
1411 1638 1690 1688 contume-

1792 457 2164 513 credendum:
2216 457 2460 514 obtinuit
2505 459 2725 514 Arianae
2772 458 2912 514 labis
2960 456 3227 524 assertio,
3271 473 3393 531 quae

1793 548 1916 604 ideo
1943 548 2159 602 Patrem
2190 553 2243 602 et
2276 547 2480 603 Filium
2511 549 2678 603 unius
2719 547 3042 604 substantiae
3079 546 3392 618 denegavit,

1793 639 1922 711 quia
1963 637 2171 693 Filium
2221 636 2320 692 Dei
2352 636 2514 691 modo
2561 653 2630 691 ex
2659 637 2856 704 nihilo,
2908 637 3074 693 modo
3109 652 3179 691 ex
3211 637 3390 704 Patre,

1794 727 1888 783 sed
1925 725 1992 781 ab
2035 725 2142 780 alia
2183 725 2509 793 substantia,
2543 725 2762 797 quando
2808 724 2989 779 voluit
3019 732 3072 780 et
3120 725 3394 797 quomodo

1794 815 1992 882 voluit,
2042 823 2096 870 et
2139 813 2284 869 unde
2321 813 2501 868 voluit
2547 812 2755 867 factum
2804 812 3056 879 inducit;
3097 812 3396 871 dummodo

1794 903 2018 959 aliunde
2051 918 2198 970 eum,
2223 911 2288 982 et.
2305 919 2415 957 non
2445 902 2513 957 de
2548 917 2612 956 eo
2629 900 2774 973 quod
2802 901 2962 956 Pater
2993 908 3094 968 est,
3124 902 3398 958 exstitisse

1795 992 2089 1064 conﬁngat.
2137 992 2310 1059 Quem
2357 991 2459 1047 etsi
2510 998 2700 1045 natum
2749 989 2908 1054 dicit,
2962 990 3056 1046 sed
3102 989 3208 1047 hoc
3249 991 3397 1048 dicto

1794 1091 1975 1150 tenus,
2026 1087 2171 1146 350
2218 1082 2347 1172 quia
2386 1097 2606 1137 rursum
2647 1095 2810 1135 omne
2855 1080 3004 1152 quod
3051 1088 3241 1136 natum
3296 1089 3398 1149 est,

1796 1181 2000 1239 factum
2023 1183 2302 1255 intelligit,
2336 1198 2400 1238 eo
2429 1180 2577 1254 quod
2605 1189 2658 1236 et
2686 1196 2786 1236 nos
2819 1195 2849 1235 a
2878 1180 2992 1234 Deo
3021 1177 3190 1250 geniti
3219 1181 3400 1252 appel-

1795 1271 1993 1341 lemur,
2031 1288 2168 1345 quos
2196 1278 2412 1328 constat
2440 1286 2556 1326 esse
2586 1270 2882 1326 facturam.

1870 1361 1971 1418 Vel
1996 1362 2044 1418 si
2081 1362 2320 1418 Arianus
2350 1377 2462 1417 non
2509 1377 2584 1429 es,
2616 1367 2670 1415 et
2705 1375 2897 1415 verum
2941 1357 3146 1415 Filium
3177 1357 3243 1415 de
3271 1375 3402 1416 vero

1798 1451 1956 1506 Patre
1978 1458 2170 1506 natum
2191 1467 2303 1507 non
2336 1451 2542 1507 factum
2572 1448 2842 1522 agnoscis,
2865 1463 2965 1504 cur
2984 1463 3094 1504 non
3120 1463 3247 1504 eum
3275 1464 3402 1504 cum

1799 1539 1956 1596 Patre
2019 1557 2186 1596 unam
2244 1539 2608 1596 substantiam
2658 1538 2798 1596 dicis
2829 1538 2856 1594 ‘l
2915 1539 3141 1594 Frustra
3191 1538 3354 1594 times
3385 1579 3402 1606 ,

1799 1627 1990 1698 homo,
2032 1629 2279 1702 profiteri
2324 1628 2471 1703 quod
2513 1627 2721 1685 credis:
2779 1636 2834 1684 et
2870 1627 3075 1684 frustra
3121 1627 3321 1696 credis,
3358 1629 3406 1682 si

111 1739 196 1795 liis
223 1733 464 1793 alliciant
509 1745 741 1803 corpora
771 1744 867 1785 sua
896 1727 955 1782 in
985 1722 1290 1796 semetipsis
1320 1740 1334 1790 ;
1391 1720 1486 1794 qui
1524 1735 1688 1776 com-
1714 1737 1763 1799 Β
1801 1719 1878 1775 ita
1916 1719 2284 1788 non-credis,
2334 1728 2388 1775 et
2427 1719 2624 1775 merito
2666 1717 2958 1774 haereticus
2997 1717 3294 1773 denotaris.
3336 1719 3408 1773 Et

111 1832 453 1884 mutaverunt
487 1821 774 1878 veritatem
809 1817 910 1874 Dei
938 1816 996 1872 in
1027 1812 1394 1881 mendacium,
1429 1817 1482 1867 et
1506 1812 1688 1867 colue-

112 1926 233 1974 runt
272 1924 325 1973 et
358 1911 672 1972 servierunt
701 1916 964 1967 creaturae
990 1905 1172 1978 potius
1220 1919 1383 1976 quam
1424 1899 1691 1969 Creatori,

113 2010 199 2083 qui
225 2019 306 2067 est
332 2004 656 2065 benedictus
686 2005 832 2060 Deus
862 2002 921 2058 in
950 1998 1149 2056 saecula
1199 1997 1374 2069 (Rom.
1411 2013 1452 2063 1,
1488 1993 1628 2065 24.).
1663 2019 1680 2042 ι

178 2099 302 2156 Haec
329 2105 430 2166 est,
460 2097 705 2168 inquam,
752 2093 851 2146 illa
904 2088 1184 2162 Sapientia
1212 2087 1335 2155 Dei,
1368 2101 1488 2158 qua:
1517 2083 1691 2140 dicit:

123 2193 256 2264 «Ego
268 2207 339 2246 ex
359 2203 454 2245 ore
473 2183 746 2241 Altissimi
766 2177 1460 2253 prodivi(Eccli.xxrv,5),»
1474 2174 1696 2231 univer-

111 2281 289 2338 sitatis
334 2275 618 2336 conditrix
674 2282 728 2330 et
780 2270 1049 2338 effectrix,
1098 2267 1157 2322 id
1215 2275 1298 2322 est
1352 2267 1530 2322 Filius
1574 2265 1696 2332 Dei,

113 2386 203 2443 per
233 2385 397 2441 quem
429 2365 634 2434 omnia,
683 2372 738 2420 et
781 2362 840 2418 in
871 2377 980 2434 quo
1010 2356 1216 2424 omnia,
1248 2356 1398 2427 quia,
1453 2364 1514 2412 ut
1543 2357 1703 2426 Apo-

116 2459 282 2516 stolus
310 2457 478 2514 dixit.
544 2479 563 2504 ι
592 2456 655 2511 In
686 2453 806 2526 ipso
835 2449 1142 2509 constituta
1184 2453 1314 2504 sunt
1341 2444 1598 2500 universa
1644 2443 1702 2498 in

121 2551 264 2610 cmlis
287 2559 340 2607 et
370 2548 428 2604 in
455 2555 623 2612 terra,
643 2543 891 2601 visibilia
913 2549 967 2598 et
987 2537 1313 2605 invisibilia,
1338 2537 1455 2593 sive
1471 2533 1701 2605 Throni,

123 2643 232 2698 sive
259 2637 698 2703 Dominationes,
728 2631 846 2690 sive
877 2632 1143 2698 Virtutes,
1191 2629 1307 2685 sive
1336 2626 1702 2697 Principatus,

123 2730 231 2787 sive
259 2730 561 2786 Potestates
587 2743 598 2782 :
632 2722 820 2780 omnia
850 2737 945 2793 per
973 2720 1154 2792 ipsum
1185 2725 1239 2773 et
1260 2717 1317 2772 in
1340 2715 1459 2788 ipso
1484 2715 1708 2772 condita

127 2828 264 2887 sunt,
299 2826 351 2875 et
383 2819 500 2891 ipse
529 2823 610 2873 est
639 2821 764 2872 ante
793 2810 1000 2878 omnia,
1046 2817 1100 2865 et
1134 2808 1322 2864 omnia
1351 2806 1408 2861 in
1437 2806 1555 2878 ipso
1581 2821 1706 2861 con-

127 2918 261 2966 stant
292 2909 525 2982 (Coloss.
553 2923 594 2971 1,
629 2903 714 2970 16,
750 2902 863 2972 17).
888 2924 905 2947 ι
943 2899 1086 2955 Hinc
1115 2905 1170 2954 et
1194 2898 1454 2954 Salomon
1483 2913 1493 2949 :
1529 2919 1544 2941 ι
1569 2895 1706 2951 Cum

128 2998 212 3068 sit,
245 3000 444 3073 inquit,
478 3011 612 3063 una,
646 2991 833 3049 omnia
861 2996 1076 3061 potest;
1100 2995 1154 3043 et
1184 3001 1510 3058 permanens
1541 2983 1597 3038 in
1631 3000 1708 3052 se,

129 3087 299 3143 omnia
329 3087 583 3152 innovat,
605 3091 661 3138 et
688 3097 782 3153 per
810 3078 1062 3134 nationes
1092 3075 1149 3131 in
1180 3075 1391 3130 animas
1420 3080 1634 3129 sanctas
1654 3087 1710 3127 se

128 3177 370 3232 transfert
394 3175 660 3248 (Sap.vn,
684 3170 823 3240 27).»
862 3167 1020 3235 Quod
1041 3164 1372 3223 conﬁrmans
1393 3163 1709 3234 Apostolus,

131 3264 200 3320 ait
227 3265 282 3321 in
312 3265 578 3322 interiore
605 3259 833 3317 homine
876 3256 1123 3313 habitare
1158 3253 1441 3312 Christum
1492 3253 1710 3324 (Ephes.

133 3369 205 3422 In,
240 3355 323 3421 16,
357 3355 447 3426 17)
476 3371 492 3421 ;
547 3359 609 3407 ut
638 3365 734 3423 per
761 3363 924 3422 quem
976 3363 1008 3402 a
1041 3343 1316 3417 principio
1344 3341 1532 3398 omnia
1573 3341 1716 3398 facta

132 3449 267 3513 sunt,
298 3459 393 3516 per
421 3444 610 3516 ipsum
641 3449 694 3496 et
725 3438 782 3494 in
813 3437 922 3492 ﬁne
950 3443 1152 3492 cuncta
1179 3434 1482 3490 salventur.

198 3537 417 3597 CAPUT
455 3539 558 3596 ΙΙΙ.
594 3567 660 3578 --
688 3534 792 3591 Sed
822 3531 961 3589 dicis
992 3529 1154 3600 mihi,
1187 3536 1478 3610 ὸμοούσιον,
1516 3525 1574 3583 id
1609 3533 1711 3594 est,

134 3635 286 3692 unius
312 3633 637 3693 substantiae
667 3648 869 3688 nomen
898 3629 969 3687 ob
996 3628 1103 3686 hoc
1133 3627 1318 3701 potius
1350 3641 1512 3698 quam
1542 3621 1716 3679 Crea-

139 3731 300 3783 torem
327 3727 580 3794 adorant,
632 3731 912 3780 servantes
943 3719 1138 3777 eadem
1168 3718 1359 3790 utique
1391 3731 1510 3788 quas
1555 3713 1717 3785 Apo-

138 3814 297 3871 stolus
326 3815 471 3871 dixit
499 3832 511 3871 :
581 3837 600 3862 ‹
648 3813 717 3869 Ut
748 3812 806 3866 in
836 3809 1060 3867 nomine
1089 3808 1218 3864 Iesu
1243 3820 1435 3862 omnes
1466 3800 1716 3875 genuﬂe-

139 3911 297 3973 ctant,
351 3903 684 3970 caelestium,
733 3898 1096 3966 terrestrium,
1158 3905 1212 3953 et
1238 3895 1605 3957 infernorum,
1663 3897 1718 3946 et

140 3995 306 4050 omnis
326 3994 516 4068 lingua
538 3985 1348 4062 conﬁteatur(Philipp.n,10).»
1382 3984 1454 4038 Et
1469 3983 1712 4054 Moyses:

151 4106 166 4129 ι
187 4083 449 4152 Adorent,
471 4082 804 4155 inquit,eum
829 4094 1017 4135 omnes
1037 4076 1216 4149 angeli
1238 4075 1715 4147 Dei(Deut.xxxn,

139 4169 222 4244 43)
235 4195 272 4229 ,ι
297 4173 373 4227 Et
389 4169 570 4226 David
594 4187 606 4225 :
642 4194 658 4215 -
680 4169 882 4224 Omnes
901 4183 1052 4239 reges
1069 4163 1374 4220 adorabunt
1393 4178 1517 4219 eum
1541 4161 1719 4232 (Psal.

140 4277 286 4328 Lxxr,
313 4258 452 4329 11).»
470 4256 628 4326 Quod
647 4256 867 4330 quidem
890 4257 948 4311 in
968 4253 1270 4326 Scripturis
1290 4269 1401 4308 non
1422 4251 1720 4319 diceretur,

141 4350 225 4406 sed
253 4349 385 4424 quia
415 4349 532 4422 ipse
561 4353 644 4404 est
667 4346 856 4402 Sermo
883 4344 1057 4400 Filius
1087 4342 1336 4399 omnium
1366 4340 1574 4413 opifex.

1803 1824 2115 1882 quanquam
2178 1809 2561 1865 immutaveris
2607 1807 2816 1864 dictum
2869 1807 2950 1878 (9)
2983 1849 2998 1874 ,
3047 1822 3156 1879 quo
3195 1807 3407 1878 putaris

1802 1897 2150 1971 prohibuisse
2195 1896 2294 1953 Dei
2337 1897 2543 1952 Filium
2605 1893 2916 1967 nuncupari
2959 1894 3264 1962 facturam;
3311 1894 3406 1952 sed

1803 2003 1929 2044 cum
1961 1985 2274 2058 subjungit:
2315 1985 2488 2043 Sicuti
2519 1984 2729 2057 aliquid
2759 1983 2980 2052 horum,
3015 1984 3162 2056 quod
3199 1983 3406 2041 factum

1806 2085 1907 2143 est,
1955 2093 2024 2132 ex
2072 2085 2260 2149 aperto
2305 2075 2552 2133 ostendis
2583 2091 2696 2131 non
2727 2075 2798 2132 ob
2845 2073 2953 2131 hoc
2981 2073 3248 2130 facturam
3296 2073 3406 2130 dici

1807 2167 2047 2223 noluisse
2090 2168 2231 2239 (10),
2263 2167 2418 2239 quasi
2448 2182 2563 2222 non
2599 2165 2793 2222 debeat
2823 2165 2998 2222 factus
3025 2163 3284 2236 intelligi,
3313 2162 3410 2220 sed

1809 2272 1920 2310 non
1969 2256 2045 2311 ita
2099 2256 2304 2312 factum
2362 2256 2469 2323 vis,
2522 2255 2666 2312 sicut
2719 2255 2933 2327 aliquid
2990 2253 3213 2322 horum,
3263 2251 3409 2326 quod

1810 2343 2015 2399 factum
2061 2353 2164 2412 est,
2217 2344 2314 2400 sed
2362 2352 2546 2400 tamen
2593 2344 2822 2400 factum.
2856 2343 3047 2399 Aliter
3075 2344 3224 2399 enim
3272 2340 3413 2398 dicis

1811 2433 2018 2488 factum
2051 2475 2066 2500 ,
2119 2441 2308 2504 utpote
2351 2433 2646 2505 perfectam
2695 2439 2999 2488 creaturam
3032 2475 3047 2500 ,
3095 2447 3192 2504 per
3249 2446 3410 2504 quem

1813 2521 1959 2577 facta
1982 2530 2111 2576 sunt
2141 2520 2363 2576 omnia:
2403 2519 2705 2576 dummodo
2731 2528 2786 2577 et
2811 2520 2992 2592 ipsum
3021 2520 3228 2577 factum
3254 2519 3412 2576 intel-

1815 2610 1972 2681 ligas,
2006 2610 2134 2665 licet
2155 2626 2264 2664 non
2289 2608 2366 2664 ita
2401 2616 2464 2664 ut
2491 2616 2703 2665 caetera.

1889 2699 1995 2755 Sed
2024 2709 2085 2756 ut
2114 2699 2182 2755 ad
2212 2699 2269 2755 id
2292 2707 2556 2770 revertar,
2587 2698 2733 2772 quod
2765 2697 2904 2755 dicis
2935 2696 2992 2752 in
3020 2697 3319 2770 Scripturis
3335 2696 3415 2755 di-

1818 2793 1966 2849 vinis
2007 2800 2296 2873 δμοοὺσιον,
2331 2792 2389 2848 id
2419 2799 2520 2860 est,
2539 2792 2704 2848 unius
2731 2790 3050 2847 substantiae
3083 2790 3412 2847 vocabulum

1818 2911 1929 2950 non
1952 2894 2212 2962 inveniri,
2246 2893 2388 2966 ﬁnge
2416 2894 2522 2951 hoc
2551 2893 2773 2950 interim
2806 2895 2884 2950 sic
2905 2893 2997 2960 sit,
3025 2909 3090 2948 eo
3122 2891 3268 2964 quod
3294 2891 3414 2948 ubi-

1820 3003 2034 3058 cunque
2082 2985 2386 3042 substantia
2421 2985 2642 3057 legitur,
2680 3001 2764 3040 res
2796 2983 2891 3040 Dei
2927 2999 3038 3039 non
3069 2985 3215 3039 Deus
3256 2982 3414 3038 acci—

1747 3101 1791 3162 C
1823 3076 2050 3147 piatur;
2111 3091 2421 3148 quanquam
2486 3083 2538 3130 et
2594 3074 2744 3131 aliud
2797 3073 2943 3146 quod
2990 3073 3254 3144 scriptum
3300 3087 3412 3127 non

1824 3172 1920 3232 est,
1956 3164 2159 3236 pariter
2182 3163 2510 3237 proﬁtearis,
2534 3163 2589 3218 id
2621 3171 2720 3230 est,
2754 3165 2927 3218 Deum
2952 3179 3022 3216 ex
3051 3164 3183 3228 Deo,
3226 3161 3412 3216 lumen

1823 3269 1892 3309 ex
1929 3253 2140 3308 lumine
2167 3270 2179 3308 :
2213 3252 2346 3325 quid
2375 3252 2444 3308 ad
2472 3252 2590 3308 haec
2619 3251 2759 3307 dicis
2778 3251 2806 3306 ‘l
2845 3251 2956 3305 Aut
2987 3255 3167 3304 totum
3203 3264 3414 3303 mecum

1823 3351 1970 3410 tene,
2009 3351 2104 3398 aut
2148 3350 2326 3398 totum
2373 3341 2585 3397 omitte.
2621 3339 2677 3396 Si
2706 3339 2853 3394 enim
2901 3338 3069 3394 unius
3101 3337 3420 3394 substantias

1825 3432 2156 3488 vocabulum
2205 3430 2334 3487 inde
2375 3431 2536 3487 times
2581 3429 2781 3497 dicere,
2827 3427 2958 3500 quia
2995 3427 3260 3500 scriptum
3309 3441 3422 3482 non

1826 3533 1944 3594 est;
2001 3525 2196 3582 timere
2257 3523 2560 3581 identidem
2613 3522 2777 3579 debes
2824 3523 2999 3578 Deum
3055 3537 3126 3576 ex
3177 3522 3312 3589 Deo,
3369 3525 3425 3574 et

1827 3618 2013 3673 lumen
2044 3633 2114 3672 ex
2143 3617 2352 3672 lumine
2381 3615 2646 3689 proﬁteri.

1896 3707 2000 3763 Sed
2047 3723 2144 3780 ego
2191 3707 2362 3780 probo
2409 3708 2584 3762 Deum
2641 3704 2707 3761 de
2754 3706 2907 3773 Deo,
2978 3705 3165 3759 lumen
3214 3701 3280 3759 de
3328 3701 3427 3758 lu-

1826 3797 1997 3864 mine,
2011 3804 2065 3853 et
2092 3797 2260 3853 unius
2285 3794 2604 3852 substantia).
2621 3793 2951 3851 vocabulum
2969 3792 3029 3847 in
3049 3791 3258 3847 divinis
3285 3790 3427 3846 Scri-

1826 3888 2002 3961 pturis
2035 3887 2153 3959 (11)
2186 3885 2481 3944 contineri.
2510 3885 2649 3942 Cum
2679 3883 2828 3939 enim
2851 3883 2967 3953 ipse
2990 3880 3088 3936 Dei
3111 3879 3304 3945 Filius,
3331 3893 3429 3950 qui

1826 3981 1971 4035 Deus
2015 3985 2114 4046 est,
2147 3977 2207 4032 in
2253 3976 2555 4047 Evangelio
2587 3989 2686 4030 suo
2723 3973 2903 4028 dicat:
2953 3993 2972 4016 ‹
3003 3971 3119 4040 Ego
3166 3969 3232 4024 de
3271 3968 3430 4024 Patre

1829 4066 1980 4123 exivi
2013 4066 2194 4137 (Joan.
2217 4081 2336 4132 xvr,
2368 4064 2461 4135 28)
2486 4080 2499 4129 ;
2520 4087 2538 4110 »
2569 4062 2694 4134 jure
2722 4070 2776 4117 et
2804 4059 3002 4115 merito
3021 4061 3195 4114 Deum
3229 4056 3296 4113 de
3316 4059 3431 4114 Deo

1831 4154 2172 4228 profitemur,
2215 4152 2345 4225 quia
2396 4151 2463 4207 de
2501 4152 2614 4206 Deo
2661 4151 2817 4206 Patre
2863 4147 3068 4204 Filium
3111 4145 3212 4203 Dei
3254 4148 3431 4204 Deum

1831 4262 2025 4302 verum
2056 4245 2123 4302 de
2170 4246 2283 4301 Deo
2320 4258 2451 4298 vero
2490 4250 2680 4298 natum
2719 4256 2835 4297 esse
2877 4239 3281 4312 cognoscimus.
3325 4236 3431 4292 Sed

1834 4353 1947 4394 non
1993 4353 2057 4393 eo
2106 4349 2320 4408 genere,
2368 4341 2430 4391 ut
2465 4349 2566 4390 nos
2602 4332 2682 4388 dii
2729 4348 2919 4389 sumus
2959 4331 3217 4405 appellati
3254 4330 3428 4403 (Psal.

205 4420 308 4496 Sed
335 4420 479 4496 dicis
508 4443 800 4519 ὁμοούσιον,
839 4431 1116 4490 nominari
1145 4447 1258 4487 non
1285 4437 1559 4503 oportere,
1598 4429 1726 4502 quia
1752 4463 1804 4525 Β
1840 4445 2033 4498 Lxxxr,
2078 4427 2134 4499 6)
2176 4427 2264 4482 vel
2295 4433 2357 4483 ut
2384 4425 2599 4499 Moyses
2627 4424 2926 4480 Pharaonis
2963 4423 3098 4479 deus
3140 4429 3222 4477 est
3250 4420 3433 4478 dictus

147 4535 197 4593 in
248 4537 550 4611 Scripturis
593 4534 801 4594 divinis
855 4550 966 4590 non
1014 4531 1379 4589 contineatur.
1430 4529 1625 4598 Quaero
1673 4536 1728 4585 et

148 4625 550 4700 ego,homo,qui
572 4626 679 4683 hoc
694 4623 953 4698 prohibes
978 4621 1044 4689 ;si
1064 4620 1188 4676 ideo
1209 4618 1483 4675 nominari
1507 4634 1616 4674 non
1638 4616 1727 4673 de-

147 4711 383 4788 bet,quia
411 4716 678 4788 scriptum
705 4730 816 4770 non
837 4720 1013 4780 est,an
1026 4709 1241 4784 quiaita
1253 4707 1400 4765 credi
1415 4707 1730 4765 nonliceat?

212 4803 367 4872 Quod
382 4807 428 4863 si
453 4804 530 4863 ita
540 4804 873 4865 credendum
890 4809 1095 4870 est,cur
1109 4815 1220 4856 non
1242 4798 1319 4854 ita
1331 4796 1731 4871 proﬁtendum?

163 4891 352 4951 «Corde
367 4888 1306 4968 enim,inquitApostolus,creditur
1328 4888 1395 4944 ad
1411 4887 1689 4959 justitiam
1715 4903 1728 4942 :

154 4995 238 5041 ore
268 4993 450 5043 autem
479 4985 750 5044 confessio
781 4982 844 5040 ﬁt
870 4980 939 5042 ad
966 4982 1200 5038 salutem
1248 4979 1424 5051 (Rom.
1458 4993 1516 5044 x,
1553 4976 1672 5048 10).
1702 4999 1722 5025 ι

183 5233 192 5244 _
223 5163 300 5237 (8)
341 5163 514 5240 Vigil.
545 5167 701 5237 edit.,
734 5173 793 5222 ut
818 5167 942 5222 dum
968 5164 1286 5221 conditorem
1328 5161 1390 5216 de
1417 5159 1731 5216 conditis...

157 5236 433 5292 timeamus.

514 5310 637 5368 cod.
671 5319 725 5369 et
753 5310 924 5378 Vigil.
972 5308 1129 5376 edit.,
1162 5321 1468 5377 quanquam
1496 5320 1600 5358 non
1627 5304 1739 5358 im-

157 5382 430 5435 mutaveris
459 5383 674 5439 dictum.
707 5382 861 5438 Haud
892 5389 1042 5436 recto
1072 5395 1255 5434 sensu.

161 5450 339 5589 pagg)
382 5453 514 5510 Gill.
539 5463 594 5511 et
614 5457 770 5513 Rom.
787 5451 1221 5522 edit.,facturam
1241 5448 1346 5504 dici
1364 5445 1738 5503 voluisse.Per-

228 5592 344 5665 (11)
384 5594 610 5666 Teller.,
638 5597 696 5652 in
726 5592 1022 5667 Scripturis
1046 5591 1346 5650 dominicis.

470 5695 712 5757 Parnon.
750 5695 931 5754 XVII.

1842 4520 2043 4594 (Exod.
2076 4536 2175 4589 vn,
2229 4518 2318 4590 1):
2351 4516 2446 4574 sed
2473 4517 2602 4591 quia
2648 4532 2810 4572 verus
2852 4521 2933 4571 est
2971 4514 3164 4580 Filius,
3205 4510 3272 4566 de
3301 4526 3432 4565 vero

1835 4611 1994 4668 Patre
2039 4617 2200 4666 natus
2228 4616 2309 4664 est
2350 4607 2466 4679 (12)
2504 4627 2518 4675 ;
2549 4622 2676 4663 vere
2723 4613 2776 4662 et
2813 4602 3151 4662 conﬁdenter
3194 4601 3339 4654 Deus
3366 4598 3434 4653 de

1839 4703 1951 4758 Deo
1981 4699 2268 4765 dicendus,
2301 4698 2381 4753 sic
2413 4698 2598 4752 lumen
2624 4711 2693 4751 ex
2725 4693 2954 4750 lumine.

1911 4791 2070 4858 Quod
2098 4789 2364 4859 scriptum
2387 4802 2498 4841 non
2528 4791 2629 4851 est,
2661 4797 2874 4839 mecum
2906 4778 3128 4851 quidem
3149 4774 3311 4841 dicis,
3341 4772 3436 4832 sed

1833 4871 2058 4938 mecum
2103 4878 2329 4937 omnino
2365 4876 2472 4946 (13)
2505 4890 2615 4929 non
2662 4872 2849 4928 sentis.
2887 4872 2958 4924 Et
2999 4869 3128 4942 quia
3170 4865 3436 4938 scriptum

1843 4970 2020 5027 estde
2047 4970 2238 5025 Patre:
2283 4988 2303 5011 ι
2332 4967 2478 5019 Deus
2516 4963 2614 5018 lux
2643 4969 2725 5018 est
2765 4961 2822 5032 (Ι
2846 4960 3003 5016 Joan.
3037 4975 3077 5027 ι,
3116 4957 3198 5028 5),
3231 4981 3249 5006 ι
3291 4953 3439 5011 etde

1919 5154 2036 5227 (12)
2055 5149 2226 5227 Vigil.
2259 5146 2414 5213 edit.,
2439 5146 2500 5201 de
2509 5162 2630 5227 pero
2649 5145 2809 5201 Patre
2827 5147 3006 5227 notus,
3026 5159 3132 5227 non
3149 5139 3320 5227 factus
3341 5142 3436 5219 est,

1921 5208 2266 5299 (1§)Omnes
2315 5208 2522 5299 exarati
2583 5224 2744 5289 atque
2773 5213 2932 5299 “editi
2957 5213 3106 5299 _cod..
3149 5208 3443 5299 'Ambrpsii

1845 5281 2049 5353 nomen
2096 5290 2467 5366 praeferentes,
2509 5281 2862 5366 non-sentis,
2911 5285 3143 5366 utnquia
3189 5281 3446 5366 scriptum

1847 5377 1921 5424 est
1966 5369 2027 5422 de
2084 5355 2280 5421 Patre:
2321 5355 2460 5414 Deus
2506 5361 2601 5414 tua:
2649 5367 2722 5414 est
2769 5371 2887 5426 qua:
2931 5355 3203 5408 illuminat
3243 5367 3447 5426 omnem

1849 5422 2174 5495 hominem...
2223 5433 2281 5486 id
2323 5437 2415 5498 est,
2463 5430 2704 5488 Christus
2749 5422 2808 5482 ἰὴ
2851 5426 3018 5489 σωῑο;
3061 5433 3108 5480 et
3162 5422 3448 5498 tenebrae...

1850 5513 1920 5566 Hi
1954 5509 2210 5564 scilicet...
2253 5496 2992 5574 hominesjtonhqgnooerurtt
3011 5513 3036 5574 :_
3056 5498 3144 5552 sed
3180 5496 3310 5566 ipse,
3344 5498 3450 5545 etc.

1850 5582 1960 5637 Nos
1986 5595 2117 5636 vero
2146 5577 2329 5631 locum
2357 5587 2428 5628 ex
2453 5571 2586 5628 edit.
2618 5567 2791 5642 Vigil.
2825 5567 3190 5624 restituimus.

3078 5668 3143 5723 19
