3864 6188
451 261 559 319 587

1477 265 1573 320 AD
1615 264 1860 323 OPERA
1900 267 1956 323 S.
1984 265 2317 325 AMBROSII
2353 267 2731 325 APPENDIX.

3658 275 3761 334 588

449 393 626 450 Filio:
668 416 687 440 ι
713 393 846 448 Erat
886 392 984 449 lux
1021 408 1151 449 vera
1177 410 1297 466 qum
1341 394 1618 450 illuminat
1663 412 1881 452 omnem
1931 397 2043 453 ho—
2069 400 2118 459 A
2220 401 2365 455 Deus
2407 400 2629 469 etenim,
2676 399 2956 472 inquiunt,
3003 401 3171 460 efﬁcit
3207 411 3269 459 ut
3299 405 3376 460 sit
3420 403 3757 472 substantia,

461 485 668 540 minem
702 481 1014 539 venientem
1054 483 1112 539 in
1142 483 1291 540 hunc
1320 483 1587 539 mundum
1620 485 1799 555 (Joan.
1831 503 1871 551 ι,
1894 485 1980 557 9);
2014 512 2032 535 ι

449 581 531 630 et:
582 598 601 621 ‹
630 573 753 629 Lux
804 573 949 628 lucet
983 570 1041 626 in
1094 572 1352 641 tenebris,
1385 597 1404 620 ι
1448 572 1503 628 id
1555 579 1653 639 est,
1700 572 1949 629 Christus
1989 576 2045 630 in

449 664 653 721 saeculo
699 681 712 730 ;
786 686 804 710 ‹
871 668 925 716 et
972 659 1208 717 tenebrae
1261 676 1378 717 eam
1439 677 1550 716 non
1598 670 1726 718 sunt
1787 673 2045 720 assecuta

451 753 616 826 (Ibid.
657 753 750 824 6):
788 776 804 799 ι
862 750 901 805 ii
941 749 1151 804 scilicet
1181 749 1433 806 homines
1471 767 1702 822 quorum
1760 770 1853 808 cor
1880 753 2046 826 igno-

453 845 645 900 rantiae
694 840 1314 898 tenebris'obcaecatum
1363 848 1471 909 est,
1522 842 1800 900 Christum
1852 861 2042 902 verum

448 935 644 999 Deum,
685 938 738 986 et
776 947 968 987 verum
1009 929 1106 985 Dei
1147 930 1349 986 Filium
1380 947 1491 986 non
1534 942 1893 1004 agnoverunt.
1939 934 2044 991 Sed

441 1021 559 1093 ipse
589 1019 894 1076 Dominus:
941 1042 959 1066 ‹
988 1019 1104 1090 Ego
1139 1034 1282 1086 sum,
1323 1019 1522 1092 inquit,
1561 1021 1658 1075 lux
1687 1022 1912 1078 mundi:
1949 1023 2043 1095 qui

441 1128 528 1167 me
559 1118 778 1168 secutus
811 1107 980 1164 fuerit
1024 1125 1135 1164 non
1171 1107 1273 1163 ibit
1304 1109 1362 1162 in
1393 1108 1634 1165 tenebris
1652 1128 1665 1176 ;
1696 1110 1789 1165 sed
1819 1111 2044 1166 habebit

441 1202 626 1257 lumen
682 1199 812 1256 vita».
865 1199 1045 1268 (Joan.
1097 1215 1220 1267 vm,
1263 1199 1377 1270 l2).
1417 1224 1434 1246 ι
1489 1201 1633 1272 Ergo
1679 1201 1807 1273 quia
1855 1204 2041 1259 lumen

441 1292 619 1359 Pater,
651 1297 704 1346 et
734 1290 831 1344 lux
859 1288 1056 1353 Filius,
1089 1297 1235 1345 recte
1270 1290 1456 1345 lumen
1487 1289 1553 1346 de
1581 1291 1809 1348 lumine.

508 1379 612 1436 Sed
663 1379 849 1435 lumen
897 1395 966 1434 ex
1001 1378 1193 1434 lunine
1228 1379 1313 1444 ita
1357 1379 1570 1448 asseris,
1605 1381 1759 1453 quasi
1808 1398 1840 1437 a
1884 1382 2040 1439 Patre

437 1469 531 1544 qui
559 1485 751 1524 verum
784 1469 970 1524 lumen
1001 1475 1102 1538 est,
1136 1467 1289 1523 aliud
1320 1469 1506 1524 lumen
1533 1470 1603 1524 sit
1632 1469 1858 1539 factum,
1892 1471 2038 1544 quod

435 1559 502 1614 de
545 1559 662 1631 ipsa
708 1557 886 1614 Patris
913 1556 1220 1614 substantia
1258 1573 1370 1614 non
1407 1557 1507 1614 sit:
1550 1558 1645 1614 sed
1674 1559 1835 1617 sicuti
1885 1560 2037 1617 aliud

434 1648 721 1722 quodlibet
769 1649 956 1704 lumen
987 1690 1002 1716 ,
1053 1663 1365 1720 quanquam
1425 1663 1456 1703 a
1510 1649 1623 1704 Deo
1673 1649 1746 1704 sit
1799 1650 2035 1720 factum,

2157 504 2268 543 non
2300 498 2483 545 tamen
2531 498 2594 546 ut
2637 489 2752 562 ipse
2780 491 2926 546 Deus
2973 491 3031 547 in
3059 491 3368 550 substantia
3418 495 3753 567 deputetur;

2155 578 2376 650 quippe,
2434 581 2611 648 aiunt,
2698 597 2824 637 cum
2881 583 3063 638 omnis
3119 582 3428 648 substantia
3480 587 3757 642 contraria

2153 668 2402 738 recipiat.
2454 671 2600 725 Deus
2628 686 2760 726 vero
2810 669 2904 744 qui
2947 670 3090 726 nihil
3123 672 3410 729 diversum
3465 672 3757 733 admittere

2155 769 2351 832 potest,
2387 763 2694 819 substantia
2723 763 2832 819 dici
2865 780 2974 819 non
3003 764 3182 820 debet.

2227 853 2568 923 Ignoscerem
2602 854 2702 909 tibi
2733 854 2779 909 si
2820 853 2926 910 hoc
2956 855 3285 926 simpliciter
3313 857 3554 928 diceres,
3586 860 3633 915 si
3663 878 3752 918 ra-

2151 942 2356 998 tionem
2390 943 2467 997 rei
2498 944 2667 998 velles
2696 944 2855 1013 scire,
2917 945 2962 999 si
2992 946 3147 1000 rudis
3191 946 3259 1001 ad
3307 946 3454 1004 hanc
3487 951 3749 1021 quaestio-

2154 1047 2279 1086 nem
2307 1032 2609 1100 accederes,
2642 1034 2687 1087 si
2719 1050 2828 1088 non
2860 1033 2973 1105 ipse
3003 1050 3165 1102 esses,
3198 1035 3290 1107 qui
3323 1052 3546 1108 semper
3575 1041 3666 1095 vel
3689 1041 3748 1097 de

2153 1121 2261 1176 alia
2289 1122 2619 1188 substantia,
2645 1124 2732 1178 vel
2761 1123 2828 1179 de
2851 1125 3021 1180 nullis
3041 1125 3394 1182 exstantibus
3418 1129 3521 1183 Dei
3545 1130 3746 1186 Filium

2150 1211 2464 1266 asserebas:
2517 1219 2572 1266 at
2623 1227 2749 1267 cum
2798 1212 2943 1268 idem
2995 1213 3109 1286 ipse
3161 1216 3237 1272 sis
3281 1217 3380 1289 qui
3426 1217 3564 1274 hinc
3615 1236 3748 1292 saepe

2150 1299 2459 1368 convictus,
2513 1317 2654 1372 saepe
2711 1301 3011 1371 confessus,
3067 1321 3206 1376 smpe
3257 1307 3497 1376 negasti,
3550 1311 3745 1381 saepius

2149 1389 2308 1446 aliter
2338 1390 2686 1447 immutando
2716 1391 3007 1449 damnatus
3037 1411 3096 1449 es
3123 1411 3134 1449 :
3169 1395 3266 1467 qui
3295 1397 3466 1452 etiam
3498 1414 3648 1454 nunc
3667 1398 3742 1467 vi,

2149 1480 2451 1536 ambitione
2481 1489 2536 1536 et
2564 1482 2813 1552 potentia
2841 1483 3126 1556 exagitans
3145 1485 3279 1556 (15),
3304 1489 3500 1543 turbas
3521 1489 3739 1544 omnia:

2146 1569 2430 1641 quomodo
2458 1579 2619 1642 putas
2649 1587 2734 1627 me
2766 1571 3050 1644 ignoscere
3080 1573 3181 1629 tibi
3210 1591 3368 1646 posse
3401 1576 3746 1650 frequentius

2147 1660 2336 1716 eadem
2367 1663 2685 1719 retractanti
2709 1663 2736 1719 ?
2782 1663 2888 1720 Sed
2918 1682 2986 1721 ne
3014 1663 3272 1720 videatur
3299 1665 3418 1723 haec
3461 1669 3744 1739 perversi-

434 1739 595 1810 longe
633 1744 814 1794 tamen
844 1736 996 1792 aliud
1021 1735 1192 1832 sit_ab_
1219 1753 1312 1832 eo,
1347 1736 1693 1832 quifecerit;
1727 1746 1780 1794 et
1802 1738 1929 1832 ideo
1956 1741 2035 1796 lu-
2064 1771 2110 1832 B
2149 1756 2227 1805 tas
2279 1750 2633 1822 praejudicata
2677 1753 2850 1826 magis
2897 1770 3060 1826 quam
3107 1756 3421 1811 examinata
3461 1735 3740 1825 damnari,

433 1844 560 1883 men
589 1843 658 1884 ex
689 1826 920 1896 lumine,
945 1842 1059 1882 non
1087 1825 1155 1882 de
1178 1825 1387 1882 lumine
1414 1825 1553 1882 dicis
1574 1845 1584 1882 :
1605 1827 1740 1884 Cum
1768 1845 1894 1901 ergo
1915 1828 2032 1887 haec

431 1919 764 1991 praelocutus
793 1933 935 1986 sum,
969 1917 1097 1972 licet
1125 1931 1340 1972 mecum
1381 1932 1490 1972 non
1524 1916 1816 1989 intelligas,
1847 1927 2029 1975 tamen

431 2007 932 2081 quomodocunque
965 2007 1082 2079 ipsa
1122 2006 1466 2080 pronuntias,
1513 2023 1637 2064 cum
1677 2009 1877 2081 scripta
1918 2026 2027 2066 non

429 2096 560 2153 sint.
597 2099 683 2153 An
714 2114 827 2153 non
856 2104 910 2153 et
947 2096 1113 2152 unius
1140 2095 1463 2153 substantia
1502 2097 1854 2167 vocabulum,
1881 2098 2029 2173 quod

428 2187 487 2242 in
542 2186 844 2258 Scripturis
887 2203 998 2242 non
1040 2193 1198 2258 putas
1239 2187 1532 2256 contineri,
1573 2204 1785 2244 mecum
1826 2188 2030 2261 pariter

427 2275 705 2349 proﬁteris
725 2294 736 2331 ε
760 2275 868 2332 nisi
900 2275 1028 2348 quia
1047 2276 1166 2334 illic
1194 2277 1434 2333 habuisti
1468 2278 1742 2350 quomodo
1760 2278 2028 2352 malignos

426 2381 618 2421 sensus
666 2371 792 2421 tuos
823 2365 1038 2421 occulta
1068 2366 1259 2422 fraude
1288 2367 1346 2422 in
1390 2375 1624 2440 utroque
1671 2375 2022 2440 contegeres;

424 2463 488 2511 ut
537 2470 751 2510 mecum
782 2453 888 2511 hoc
931 2455 1110 2527 ipsum
1146 2471 1282 2511 sono
1327 2456 1482 2513 vocis
1527 2457 1884 2529 exprimeres,
1933 2457 2026 2514 sed

423 2557 635 2608 tament
664 2549 828 2624 longe
857 2549 992 2609 dicti
1022 2552 1446 2625 intelligentiam
1477 2556 1792 2627 separares?

497 2641 672 2699 Sicuti
720 2649 774 2698 et
820 2641 904 2696 illi
953 2640 1197 2699 haeretici
1229 2643 1323 2716 qui
1360 2645 1814 2701 resurrectionem
1845 2645 2024 2702 carnis

426 2743 646 2805 negant,
704 2734 772 2790 ad
827 2732 1179 2804 decipiendas
1239 2735 1450 2790 animas
1500 2736 1838 2807 simplicium
1871 2780 1885 2804 ,
1943 2753 2024 2791 vae

423 2823 618 2880 dicunt
651 2823 739 2878 his
767 2823 860 2893 qui
892 2823 948 2876 in
980 2837 1141 2877 carne
1184 2839 1294 2878 non
1338 2832 1647 2894 resurgunt.
1680 2825 1782 2881 Sed
1813 2825 1859 2880 si
1901 2824 2025 2880 dis-

421 2912 598 2967 cutias
639 2928 732 2966 eos
759 2926 858 2964 cur
886 2909 989 2963 hoc
1035 2909 1302 2978 dixerint,
1334 2928 1457 2966 cum
1497 2913 1637 2968 scias
1673 2915 1797 2970 illos
1842 2916 2022 2971 carnis

425 2997 884 3054 resurrectionem
941 2997 1169 3052 omnino
1218 3013 1450 3070 negare,
1496 3001 1682 3058 dicent
1721 3003 1867 3061 tibi:
1926 3005 2022 3061 Va)

2143 1838 2385 1896 breviter
2413 1841 2517 1896 tibi
2548 1841 2615 1897 de
2641 1843 2744 1900 hac
2773 1843 3121 1916 oppositione
3155 1845 3536 1918 respondeam.

2214 1931 2480 1989 Prohibes
2522 1934 2706 2006 itaque
2752 1935 2813 1990 in
2862 1936 2976 1992 Deo
3021 1937 3378 1994 substantiam
3430 1941 3740 2010 nominari,

2142 2021 2299 2093 quasi
2325 2039 2357 2077 o
2377 2039 2503 2079 mne
2528 2023 2676 2096 quod
2707 2024 3019 2082 substantia
3049 2025 3262 2094 dicitur,
3306 2044 3390 2083 res
3414 2029 3538 2101 ipsa
3569 2032 3744 2088 unius

2144 2111 2362 2184 generis
2397 2112 2685 2172 habeatur.
2734 2118 2821 2170 An
2854 2116 3074 2188 ignoras
3101 2118 3252 2174 aliter
3278 2119 3547 2187 coelestia,
3577 2120 3744 2178 aliter

2140 2209 2353 2258 terrena
2386 2211 2654 2274 constare,
2708 2204 2803 2261 sed
2853 2214 2905 2262 et
2955 2206 3013 2262 in
3043 2207 3178 2279 ipsis
3211 2207 3528 2266 coelestibus
3577 2210 3740 2268 rebus

2139 2300 2301 2364 atque
2360 2294 2663 2351 mundanis
2712 2312 2964 2369 magnam
3012 2297 3377 2354 differentiam
3420 2299 3738 2357 interesse?

2139 2382 2320 2438 Aliter
2351 2384 2499 2440 enim
2542 2385 2744 2458 angeli,
2794 2387 2956 2443 aliter
3005 2388 3236 2461 singulae
3257 2389 3496 2445 virtutes
3537 2391 3734 2446 consti-

2137 2472 2423 2530 tutionum
2483 2491 2707 2531 suarum
2770 2475 3104 2534 substantias
3151 2487 3506 2552 acceperunt,
3574 2479 3732 2536 sicuti

2139 2563 2437 2634 Apostolus
2483 2565 2596 2622 ait:
2663 2589 2681 2612 ι
2713 2565 2840 2621 Alia
2881 2567 3102 2623 claritas
3148 2569 3302 2638 solis,
3358 2570 3470 2625 alia
3515 2569 3731 2626 claritas

2139 2653 2305 2722 lunze,
2333 2653 2442 2708 alia
2473 2654 2697 2712 claritas
2726 2657 3009 2713 stellarum
3048 2659 3107 2730 (Ι
3135 2659 3258 2715 Cor.
3293 2674 3390 2727 xv,
3422 2658 3542 2730 41).
3569 2683 3586 2707 ι
3646 2658 3731 2715 Sic

2135 2751 2188 2799 et
2219 2743 2277 2798 in
2322 2743 2427 2801 hoc
2457 2744 2684 2815 mundo,
2733 2754 2796 2802 ut
2837 2746 3055 2804 diversa
3093 2765 3289 2821 genera
3317 2765 3530 2818 rerum,
3579 2749 3657 2804 ita
3679 2757 3730 2805 et

2134 2833 2352 2890 diversa
2379 2852 2609 2907 corpora
2637 2837 3029 2907 animantium,
3059 2846 3113 2894 et
3140 2838 3400 2895 omnibus
3431 2839 3522 2895 sui
3554 2838 3731 2910 cujus-

2134 2940 2239 2996 que
2296 2925 2508 2996 generis
2564 2925 2888 2996 substantia,
2975 2927 3119 2985 sicut
3195 2929 3500 3002 Apostolus
3555 2927 3727 2987 dicit:

2148 3036 2167 3060 ‹
2195 3013 2316 3068 Νοη
2354 3014 2536 3070 omnis
2563 3031 2689 3072 caro
2717 3015 2904 3072 eadem
2935 3033 3062 3073 caro
3094 3018 3259 3088 (Ibid.
3291 3019 3408 3091 39).
3441 3043 3458 3066 ι

424 3087 616 3195 ptique
668 3084 753 3139 illi
781 3084 886 3185 erit
932 3083 1073 3184 (Ml,
1105 3086 1201 3195 qui
1246 3086 1322 3186 in.
1352 3104 1514 3145 carne
1557 3089 1863 3195 baptizatus
1908 3109 2020 3149 non
2055 3134 2099 3195 Ο
2203 3102 2261 3158 Si
2283 3120 2411 3174 ergo
2431 3121 2491 3160 ea
2515 3122 2634 3178 quae
2656 3122 2687 3161 a
2706 3108 2819 3162 Deo
2843 3106 2987 3164 facta
3008 3083 3156 3177 sunt,
3175 3083 3420 3166 diversas
3441 3111 3733 3184 qualitates

421 3175 609 3244 fuerit,
644 3183 706 3231 ut
729 3174 917 3231 anima
945 3173 1118 3248 ipsius
1145 3176 1277 3232 dum
1307 3176 1364 3232 in
1395 3193 1621 3252 corpore
1636 3189 1736 3249 est,
1764 3181 1832 3237 de
1850 3190 2024 3238 morte

422 3263 752 3321 delictorum
790 3280 1038 3334 suorum,
1087 3272 1150 3321 ut
1187 3266 1254 3324 de
1285 3267 1537 3340 sepulcro
1583 3270 1881 3327 criminum
1927 3288 2024 3345 per

421 3353 714 3427 baptisma,
766 3355 824 3412 in
865 3355 1053 3413 eadem
1093 3367 1357 3430 resurgat.
1406 3359 1589 3417 Solius
1635 3363 1781 3419 enim
1825 3363 2022 3421 animas

419 3459 516 3516 per
557 3444 762 3501 lavacri
793 3444 980 3500 vitalis
1011 3447 1238 3516 gratiam
1284 3449 1740 3507 resurrectionem
1772 3451 1831 3508 in
1859 3469 2021 3509 carne

423 3531 754 3588 defendunt:
809 3547 934 3586 nam
985 3541 1038 3587 et
1073 3533 1275 3604 ispsius
1331 3538 1514 3593 carnis
1549 3540 1781 3597 salutem
1833 3543 2020 3597 exclu-

421 3619 580 3675 dunt.
611 3621 683 3674 Et
717 3619 774 3672 hi
816 3635 912 3690 per
941 3620 1301 3677 verisimilem
1330 3625 1731 3683 confessionem
1762 3629 2019 3685 innocen-

421 3707 565 3764 tium
598 3714 810 3763 mentes
857 3709 1074 3764 occulta
1124 3708 1317 3765 fraude
1360 3712 1642 3769 seducent.
1676 3717 1747 3770 Et
1787 3727 1850 3772 ut
1883 3720 2021 3774 solet

419 3797 624 3854 lethale
655 3797 918 3870 poculum
946 3798 1129 3855 mellis
1159 3798 1452 3857 dulcedine
1483 3810 1870 3875 temperatum,
1899 3826 2018 3864 sua-

419 3887 594 3945 vitate
647 3888 893 3958 fallente,
944 3889 1248 3962 perimere;
1298 3891 1378 3948 sic
1415 3900 1470 3948 et
1515 3891 1621 3950 hoc
1672 3895 1877 3952 malum
1926 3916 2020 3971 per

416 3978 860 4037 blandimentum
914 3979 1131 4036 aurium
1165 4023 1180 4050 ,
1235 3985 1371 4044 351
1433 3981 1774 4040 audientium
1829 4003 2019 4045 sensus

418 4077 651 4150 quadam
703 4079 822 4136 labe
850 4079 1237 4137 contaminans
1277 4080 1604 4155 contagione
1657 4082 1784 4140 vitii
1839 4083 2017 4142 adhae-

417 4167 589 4222 rentis
618 4168 815 4224 inﬁcit.

489 4255 718 4311 CAPUT
747 4256 842 4313 IV.
873 4285 945 4300 --
963 4259 1214 4331 Denique
1241 4269 1294 4317 et
1323 4278 1474 4320 nunc
1501 4273 1721 4337 possent
1743 4268 2017 4345 ὃμοουσιον

416 4351 581 4409 sicuti
622 4359 675 4407 et
705 4360 899 4408 caetera
926 4355 1094 4410 verbo
1131 4364 1289 4411 tenus
1329 4360 1636 4430 nominare,
1673 4363 1719 4418 si
1750 4361 2015 4419 haberent

417 4443 694 4516 quomodo
731 4443 872 4499 illud
899 4443 969 4499 ad
997 4445 1162 4500 aliam
1193 4446 1615 4520 intelligentiam
1645 4469 1824 4509 scaevo
1850 4471 2012 4510 sensu

415 4539 825 4606 perverterent:
877 4532 971 4589 sed
1025 4549 1148 4589 cum
1195 4535 1448 4593 viderent
1491 4556 1547 4594 se
1589 4540 1646 4594 in
1705 4541 1808 4599 hoc
1843 4543 2010 4599 verbo

414 4623 694 4692 concludi,
747 4623 959 4679 nullam
1007 4624 1235 4680 omnino
1290 4627 1626 4684 mentionem
1675 4629 2013 4700 hujus’ﬁeri

414 4713 732 4783 voluerunt,
790 4730 859 4771 ne
905 4722 1004 4770 aut
1055 4714 1364 4787 profitendo
1409 4716 1515 4774 hoc
1557 4719 1862 4791 crederent,
1919 4732 2014 4780 aut

415 4801 698 4859 credentes
739 4802 970 4874 professi
1000 4803 1355 4863 viderentur:
1403 4805 1596 4864 subtili
1651 4809 1872 4881 ingenio
1919 4828 2013 4869 ex-

414 4901 687 4961 cusantes,
731 4894 878 4968 quod
916 4904 1010 4953 aut
1045 4897 1312 4971 scriptum
1359 4914 1470 4955 non
1501 4910 1659 4970 esset,
1704 4910 1800 4959 aut
1837 4905 2010 4964 Deum

414 4982 474 5038 in
504 4983 809 5041 substantia
835 4985 946 5044 dici
985 5002 1097 5043 non
1133 4996 1404 5060 oportere,
1425 5005 1494 5047 ne
1509 5008 1804 5066 corporeus
1831 4996 2012 5054 crede-

413 5082 584 5132 ΐθῒῐιΓ.

489 5216 606 5300 (iis)
647 5219 1017 5300 Hunc_etiam
1047 5224 1226 5300 locum
1269 5226 1430 5284 nobis
1472 5225 1604 5285 edit.
1645 5227 1815 5300 Vigil.
1859 5228 2011 5284 resti-

413 5290 544 5370 tuit,
577 5290 699 5347 Cum
734 5292 1048 5370 _haberetur
1095 5295 1171 5370 im
1201 5314 1330 5354 mss.
1381 5307 1434 5354 et
1462 5299 1595 5357 edit.
1632 5290 2012 5356 Anibrosianis

412 5361 472 5415 in
501 5361 618 5418 hmc
636 5363 823 5432 verba,
851 5367 1060 5422 animas
1086 5368 1647 5442 simpliciumtdicunt
1682 5373 1763 5426 his
1796 5372 1926 5442 quia
1954 5373 2012 5426 in

412 5446 570 5513 cur-ne
597 5450 703 5513 non
730 5445 1172 5508 resurgant......,
1193 5441 1362 5496 dicent
1397 5440 1492 5494 tibi
1515 5458 1527 5495 :
1559 5442 1743 5512 Utique
1772 5440 1865 5498 ille
1888 5443 2009 5513 erit,

415 5508 519 5556 etc.
553 5508 739 5564 inepto
777 5522 960 5564 sensu.

447 5571 607 5650 .(15)
640 5571 833 5650 Anthr.
882 5579 1014 5650 edit.
1047 5597 1190 5636 cum.
1231 5599 1335 5638 ms.
1374 5580 1536 5648 Tell.,
1567 5598 1706 5637 nunc
1747 5585 1805 5638 in
1845 5584 2010 5640 ambi-

417 5644 555 5696 tione
581 5644 889 5713 exagitans:
930 5649 1101 5721 Vigil.
1134 5652 1268 5708 edit.
1297 5667 1427 5711 cum
1454 5644 1589 5710 Lact.
1616 5653 1763 5726 cod.,
1796 5655 1870 5724 vi,
1899 5671 2010 5710 am-

2135 3191 2567 3250 substantiarum
2596 3213 2817 3252 suarum
2845 3196 3070 3266 habent,
3120 3205 3181 3254 tu
3220 3208 3378 3272 putas
3410 3199 3467 3256 in
3495 3203 3613 3258 Deo
3641 3211 3730 3258 ta—

2133 3282 2239 3338 lem
2269 3299 2383 3338 esse
2413 3284 2797 3354 substantiam,
2841 3288 3058 3358 qualem
3091 3287 3254 3344 habet
3283 3290 3500 3364 aliquid
3533 3293 3728 3350 horum

2135 3373 2281 3446 quod
2313 3375 2520 3431 factum
2551 3383 2632 3430 est
2662 3383 2724 3430 ut
2757 3375 2927 3448 possit
2955 3378 3231 3433 contraria
3261 3380 3508 3452 recipere
3531 3383 3559 3437 ἢ
3608 3383 3730 3439 Ab-

2132 3464 2222 3520 sit.
2255 3463 2386 3530 Quze
2418 3472 2498 3520 est
2517 3465 2664 3520 enim
2686 3465 2995 3522 substantia
3015 3468 3114 3523 Dei
3137 3469 3165 3524 7
3193 3470 3378 3541 Ipsum
3413 3472 3563 3544 quod
3590 3475 3728 3529 Deus

2131 3561 2232 3621 est,
2272 3553 2529 3624 simplex,
2584 3553 2882 3627 singulare,
2915 3572 3138 3627 purum,
3189 3560 3346 3615 nulla
3375 3562 3727 3618 concretione

2131 3643 2476 3712 permistum,
2513 3644 2827 3715 limpidum,
2857 3644 3085 3717 bonum,
3121 3649 3449 3720 perfectum,
3480 3651 3723 3722 beatum,

2129 3730 2430 3804 integrum,
2461 3741 2708 3790 sanctum
2734 3742 2931 3791 totum.
2957 3735 3041 3792 An
3070 3744 3127 3792 tu
3151 3746 3310 3810 putas
3331 3739 3498 3798 inane
3517 3742 3726 3817 aliquid

2129 3837 2244 3877 esse
2294 3831 2347 3878 et
2397 3841 2654 3892 vacuum,
2706 3826 2853 3899 quod
2891 3835 2970 3882 est
3002 3829 3189 3884 Deus?
3243 3830 3359 3886 Hoc
3409 3831 3560 3887 enim
3615 3832 3702 3889 dic

2127 3908 2472 3982 blasphemia
2503 3921 2606 3982 est,
2637 3923 2698 3970 ut
2729 3914 2890 3971 inane
2921 3923 3164 3987 putetur,
3207 3934 3304 3989 per
3333 3934 3497 3990 quem
3529 3928 3725 3976 cuncta

2127 4001 2520 4071 constiterunt,
2555 4003 2648 4075 qui
2680 4004 2865 4059 omnia
2893 4005 3063 4061 verbo
3093 4006 3284 4074 edidit,
3334 4008 3554 4064 ratione
3582 4026 3724 4067 com-

2127 4088 2333 4160 posuit,
2366 4090 2572 4145 virtute
2603 4091 2852 4162 perfecit,
2892 4091 3050 4163 cujus
3081 4103 3219 4150 nutu
3249 4103 3304 4151 et
3335 4093 3577 4168 imperio
3607 4096 3721 4152 uni-

2126 4195 2282 4234 versa
2309 4188 2593 4251 reguntur,
2623 4190 2821 4238 cuncta
2849 4182 3189 4242 deserviunt.

2196 4279 2268 4333 Et
2298 4277 2434 4334 bene
2469 4279 2536 4335 de
2560 4281 2673 4336 Deo
2705 4281 2838 4353 legis
2867 4282 3134 4355 scriptum
3163 4302 3175 4340 :
3238 4309 3256 4332 ι
3283 4284 3403 4356 Ego
3455 4301 3584 4341 sum
3631 4282 3721 4358 qui

2124 4382 2244 4421 sum
2312 4367 2514 4438 (Exod.
2569 4387 2650 4435 ιιι,
2700 4369 2858 4440 14),›
2902 4379 2993 4427 et:
3063 4371 3218 4439 «Qui
3281 4380 3382 4442 est,
3450 4375 3588 4430 nisit
3641 4390 3722 4429 me

2125 4454 2334 4526 (Ibid.).
2369 4481 2387 4503 ι
2449 4458 2520 4512 Et
2566 4458 2682 4530 ipse
2729 4459 2970 4515 salvator
3003 4463 3316 4518 Dominus:
3367 4487 3385 4511 ι
3441 4464 3573 4520 Haec
3621 4472 3718 4540 est,

2124 4543 2322 4616 inquit,
2373 4546 2489 4600 vita
2513 4553 2734 4616 atterna,
2768 4556 2828 4604 ut
2858 4559 3190 4620 cognoscant
3232 4559 3286 4606 te
3316 4552 3496 4607 solum
3532 4568 3718 4608 verum

2121 4635 2316 4703 Deum,
2350 4642 2403 4689 et
2427 4652 2588 4707 quem
2621 4638 2823 4693 misisti
2851 4639 3037 4695 Iesum
3069 4640 3353 4698 Christum
3384 4643 3716 4714 (Joan.xvu,

2121 4723 2201 4795 3).
2235 4749 2252 4772 ι
2296 4724 2395 4779 Est
2423 4741 2549 4796 ergo
2582 4724 2639 4780 in
2670 4727 2979 4785 substantia
3007 4729 3244 4786 essentia
3271 4747 3373 4785 sua
3397 4732 3517 4803 (16)
3556 4733 3717 4798 Deus,

2121 4814 2278 4886 cujus
2307 4815 2551 4888 cognitio
2602 4817 2716 4874 vita
2749 4826 2952 4875 aeterna
2999 4829 3100 4888 est,
3145 4821 3240 4893 qui
3287 4831 3342 4877 et
3387 4829 3580 4878 tantus
3619 4829 3718 4888 est,

2121 4911 2359 4978 quantus
2388 4905 2498 4961 dici
2529 4923 2640 4962 non
2668 4916 2863 4979 potest.
2897 4908 3004 4974 Qui
3039 4918 3171 4966 tunc
3196 4909 3361 4982 digne
3389 4910 3719 4978 mstimatur,

2120 5011 2247 5052 cum
2277 4995 2681 5053 inaestimabilis
2713 4996 2939 5067 dicitur,
2971 5000 3163 5072 utique
3193 5000 3334 5056 velis
3367 5017 3432 5057 ac
3460 5000 3634 5057 nolis.

2190 5084 2335 5157 Ergo
2363 5085 2542 5157 ipsum
2573 5087 2718 5159 quod
2747 5095 2850 5155 est,
2882 5087 2988 5145 hoc
3018 5097 3099 5145 est
3126 5089 3440 5145 substantia
3469 5089 3594 5162 ejus
3622 5088 3715 5156 rei,

2121 5228 2466 5304 bitionepsed
2499 5231 2615 5286 sola
2639 5229 2774 5304 edit.
2809 5230 2933 5303 Vig.
2968 5231 3122 5288 addit
3151 5238 3201 5287 et
3226 5233 3488 5304 potentia.

2194 5300 2326 5377 (16)_
2350 5302 2431 5356 Ita
2455 5319 2644 5377 omnes
2675 5301 2806 5358 edit.
2840 5300 3044 5377 et'cod,
3081 5300 3254 5377 Last}
3285 5312 3340 5359 at
3369 5305 3545 5377 Vigil.
3574 5305 3706 5361 edit.

2120 5371 2355 5446 resecuit
2384 5374 2604 5428 essentia
2629 5391 2746 5441 sua,
2768 5445 2781 5446 ί
2801 5391 2898 5444 pro
2931 5375 3131 5446 quibus
3163 5376 3299 5430 Tell.
3333 5371 3471 5432 cod:
3503 5377 3718 5432 substi-

2121 5441 2230 5496 tuit
2268 5451 2519 5518 εεῃιεηξιᾳ
2567 5462 2685 5500 sua.
2735 5441 2964 5518 Verum—
2985 5455 3200 5518 recepta
3246 5447 3413 5518 lectio
3474 5465 3592 5504 non
3641 5453 3716 5503 est

2121 5513 2414 5589 mutanda:
2446 5515 2589 5589 idem
2621 5532 2683 5571 ea
2711 5515 3003 5589 significat,
3024 5534 3086 5574 ac
3109 5513 3157 5571 si
3192 5517 3490 5589 scribatur,
3545 5519 3604 5576 in
3631 5534 3714 5575 or-

2119 5581 2250 5640 dine
2282 5585 2600 5644 substantiae
2629 5603 2723 5659 per
2751 5581 3040 5644 essentiam
3069 5604 3243 5646 suam.
