3864 6188
0 300 89 358 89
1157 303 1252 360 DE
1285 303 1451 362 FIDE
1493 302 1771 363 CONTRA
1809 305 2134 364 ARIANOS.

3186 313 3294 372 590

0 442 108 482 na;
154 441 272 483 esse
319 426 668 497 defenditur;
710 427 860 503 quod
887 435 1074 486 tamen
1102 429 1218 502 jam
1249 429 1459 486 dictum
1490 437 1591 498 est,
1614 433 1666 492 Α
1698 431 1906 488 Filium
1935 449 2066 488 vero
2096 432 2153 488 in
2179 433 2523 505 splendorem
2551 435 2820 493 claritatis
2849 437 3126 508 ostendas,
3145 439 3293 513 quod

0 522 261 572 uantum
301 524 354 572 et
383 518 542 590 quale
572 517 664 587 sit,
695 534 797 575 nec
825 527 1005 576 mente
1035 519 1271 592 concipi,
1306 535 1405 575 nec
1433 536 1596 575 sensu

0 604 278 674 :stimari,
312 623 412 662 nec
441 607 628 663 animo
656 606 877 663 deﬁniri
904 615 1114 680 potest;
1147 606 1448 663 dummodo
1469 625 1595 664 con-

0 699 91 747 tet
142 709 282 762 esse,
317 695 463 768 quod
512 712 627 752 esse
657 696 936 764 creditur;
969 704 1031 751 ut
1073 695 1140 752 de
1182 712 1245 752 eo
1294 697 1411 768 ipso
1451 696 1597 770 quod

0 790 131 839 Dens
163 792 270 852 est,
305 785 434 841 inde
463 785 536 842 sit
569 785 767 854 Filius,
804 794 867 842 ut
896 802 1061 842 verus
1091 787 1163 841 sit
1190 786 1386 852 Filius,
1417 794 1470 842 et
1490 804 1597 842 ve-

0 888 73 926 us
107 872 189 927 sit
220 873 383 928 Pater
413 875 468 929 in
510 873 674 943 Filio,
721 882 774 930 et
815 875 988 930 Filius
1024 874 1082 929 in
1113 875 1287 930 Patre.
1339 876 1452 931 Hoc
1493 877 1598 932 erit

0 964 291 1036 εισοῦσιρς,
328 963 384 1018 id
428 972 529 1030 est,
577 964 747 1019 unius
776 963 1095 1019 substantiae
1132 981 1256 1019 cum
1292 964 1467 1031 Patre,
1511 964 1597 1018 si—

0 1068 72 1115 ut
103 1059 231 1131 ipse
262 1061 538 1116 Dominus
569 1062 680 1117 ait:
727 1085 745 1107 ι
778 1061 894 1132 Ego
925 1060 979 1114 in
1021 1062 1196 1129 Patre,
1243 1071 1296 1116 et
1342 1063 1500 1118 Pater
1538 1063 1596 1117 in

0 1167 69 1204 ie
114 1149 306 1219 (Joan.
360 1167 480 1218 XIV,
534 1149 622 1220 10)
650 1168 665 1217 ;
695 1175 712 1197 ι
777 1157 864 1205 et:
920 1172 938 1196 ι
969 1151 1082 1221 Ego
1127 1157 1180 1206 et
1218 1151 1376 1206 Pater
1423 1169 1597 1206 unum

0 1257 184 1295 umus
216 1240 399 1312 (Joan.
449 1257 506 1308 x,
540 1239 665 1310 30);
699 1265 716 1288 ι
778 1248 833 1296 et
869 1258 878 1294 :
932 1265 948 1287 ε
980 1242 1096 1311 Ego
1139 1240 1204 1296 de
1254 1243 1412 1298 Patre
1445 1243 1598 1298 exivi

0 1330 180 1385 Ioan.
213 1345 330 1396 xvr,
379 1329 514 1400 28);
551 1353 570 1376 ι
629 1337 718 1384 et:
795 1351 813 1375 ε
845 1327 952 1396 Qui
1000 1345 1086 1384 me
1135 1329 1306 1398 videt,
1355 1330 1508 1387 videt
1546 1338 1600 1386 et

0 1427 208 1474 ‘atrem
239 1419 427 1487 (Joan.
464 1436 581 1487 xxv,
623 1421 704 1489 9).
738 1443 757 1466 ι

47 1509 187 1564 Non
220 1507 520 1576 immerito,
553 1507 682 1580 quia
702 1508 878 1565 Filius
906 1509 1005 1565 Dei
1027 1507 1094 1564 de
1121 1511 1230 1564 Deo
1256 1509 1416 1564 Patre
1438 1518 1600 1566 natus

0 1604 95 1662 st;
133 1602 193 1650 et
224 1594 348 1651 ideo
388 1596 455 1652 de
499 1596 712 1652 unitate
742 1597 1082 1666 substantiae,
1131 1606 1184 1653 et
1215 1598 1280 1654 de
1322 1598 1602 1670 majestate

0 1685 221 1742 letalis
252 1702 426 1742 unum
455 1695 608 1756 sunt,
641 1687 807 1743 sicuti
837 1696 891 1744 et
917 1688 1183 1744 Jeremias
1211 1688 1597 1760 prophetavit:

1705 520 1772 576 de
1801 538 1866 577 eo
1898 521 2172 594 Propheta
2201 522 2408 578 dixerit
2439 541 2450 578 :
2516 547 2534 571 ι
2578 525 2739 596 Apud
2787 534 2839 582 te
2880 534 2962 583 est
2990 527 3113 584 fons
3139 528 3288 596 vitai,

1705 621 1758 669 et
1789 613 1845 668 in
1902 613 2110 668 lumine
2158 621 2252 668 tuo
2300 613 2612 670 videbimus
2651 616 2838 672 lumen
2887 618 3059 686 (Psal.
3111 635 3292 688 xxxv,

1709 703 1797 774 10)
1829 722 1842 771 ;
1882 727 1900 750 ι
1946 705 2032 759 vel
2078 703 2358 772 Salomon,
2389 721 2515 760 cum
2546 704 2683 760 dicit
2715 723 2726 760 :
2776 729 2795 754 ι
2841 707 3057 763 Candor
3083 717 3165 764 est
3195 709 3294 764 lu-

1706 791 1785 848 cis
1827 799 2064 860 aeternae,
2112 800 2165 846 et
2203 793 2495 863 speculum
2543 793 2661 847 sine
2719 795 2932 850 macula
2975 798 3074 852 Dei
3120 798 3297 869 maje-

1707 880 1882 948 statis,
1908 888 1962 935 et
1991 881 2169 952 imago
2199 880 2464 936 bonitatis
2494 882 2645 936 illius
2676 883 2830 954 (Sap.
2858 901 2958 950 vn,
2989 884 3114 955 26);
3150 911 3168 934 ι
3210 887 3298 940 vel

1706 969 2004 1041 Apostolus
2070 969 2162 1026 hic
2221 969 2602 1042 praedicaverit
2663 971 3002 1028 Salvatorem
3050 981 3301 1028 nostrum

1709 1059 2004 1132 imaginem
2035 1077 2149 1115 esse
2195 1059 2496 1115 invisibilis
2534 1061 2656 1128 Dei,
2697 1077 2762 1115 eo
2792 1061 2939 1134 quod
2969 1063 3148 1136 imago
3182 1064 3298 1136 (18)

1708 1148 1840 1203 solis
1870 1149 1960 1203 lux
1986 1163 2085 1203 sua
2115 1149 2205 1217 sit,
2225 1166 2345 1222 quae
2367 1149 2433 1205 de
2454 1151 2644 1208 eodem
2663 1153 2775 1208 sole
2797 1151 3043 1225 procedit
3070 1153 3302 1225 (Coloss.

1711 1254 1749 1305 ι,
1786 1237 1895 1306 15).

1781 1344 1886 1400 Sed
1935 1355 2140 1417 quanta
2189 1345 2256 1400 ad
2315 1347 2432 1403 hinc
2495 1349 2812 1420 responderi
2865 1355 3122 1420 possunt,
3181 1363 3302 1420 quae

1710 1432 1834 1487 lites
1865 1442 2142 1504 generant,
2199 1433 2346 1504 quod
2393 1436 2690 1506 Apostolus
2719 1435 2975 1508 prohibet
3025 1436 3112 1506 (ΙΙ
3163 1436 3301 1490 Tim.

1710 1537 1772 1588 ιι,
1805 1520 1921 1591 24),
1973 1522 2196 1593 longum
2246 1529 2327 1577 est
2380 1523 2604 1580 dicere:
2664 1525 2865 1596 quippe
2916 1541 3042 1580 cum
3091 1530 3304 1580 constet

1712 1611 1900 1666 lumen
1932 1611 2073 1666 illud
2099 1612 2247 1684 quod
2275 1615 2422 1668 Deus
2455 1620 2556 1681 est,
2600 1613 2882 1683 aestimari,
2914 1611 3303 1685 comprehendi

1711 1708 1764 1756 et
1793 1699 2015 1755 deﬁniri
2044 1717 2154 1756 non
2186 1717 2341 1773 posse
2370 1719 2382 1758 :
2435 1719 2537 1758 nec
2565 1718 2692 1758 vere
2723 1702 2933 1774 aliquid
2969 1719 3039 1758 ex
3069 1702 3157 1757 his
3185 1717 3305 1774 quae

44 1775 201 1842 QUiS
230 1774 398 1868 Stabit
437 1776 499 1868 in,
525 1775 834 1833 Stlbstanlia
861 1776 1107 1844 Domini.
1147 1777 1438 1868 “Videbit
1465 1778 1597 1836 Vel“
1638 1807 1685 1868 B
1715 1789 1772 1844 in
1813 1788 1919 1846 hoc
1956 1789 2162 1845 mundo
2209 1798 2359 1858 sunt,
2401 1789 2672 1862 majestati
2717 1790 2920 1846 divinae
2959 1789 3302 1860 comparari;

0 1884 124 1923 tum
169 1866 399 1922 Domini
439 1867 575 1939 (Jer.
626 1883 791 1936 XXIII,
851 1867 1028 1941 18):»
1092 1868 1164 1922 Ει
1207 1867 1444 1923 iterum:
1497 1891 1514 1915 ι
1543 1868 1600 1924 Si

3 1957 287 2014 tetissent
313 1956 370 2012 in
422 1957 728 2014 substantia
756 1973 894 2026 mea,
946 1967 1000 2014 et
1036 1957 1083 2014 si
1118 1957 1399 2013 audissent
1439 1956 1604 2013 verba

0 2067 134 2118 nea,
208 2049 528 2105 avertissem
587 2065 679 2104 eos
725 2049 791 2106 ab
849 2048 1050 2104 studiis
1106 2065 1294 2104 eorum
1353 2046 1604 2120 pessimis

10 2138 161 2193 Ibid.
203 2138 322 2209 22).
347 2163 364 2184 ι
428 2138 498 2192 Et
527 2137 672 2208 apud
719 2138 1015 2193 Salomon:
1064 2161 1082 2184 ι
1111 2137 1428 2193 Substantia
1465 2152 1602 2204 mea,

0 2227 240 2283 Iulcedo
276 2241 397 2281 mea
425 2232 506 2280 est
539 2225 691 2296 (Sap.
723 2241 842 2292 xvr,
878 2224 993 2295 2i).
1031 2246 1058 2277 »

56 2315 312 2373 CAPUT
344 2314 412 2370 V.
442 2344 512 2354 ——
541 2312 678 2370 Cum
718 2329 845 2384 ergo
874 2313 1022 2370 hanc
1049 2313 1318 2370 unitatem
1347 2313 1612 2369 substan-

0 2409 76 2462 ize
113 2406 178 2460 in
214 2405 380 2459 Patre
429 2411 482 2458 et
514 2402 658 2457 Filio
702 2418 814 2457 non
840 2402 1021 2458 solum
1063 2402 1402 2476 prophetica,
1434 2402 1527 2458 sed
1559 2409 1613 2457 et

0 2494 332 2566 :vangelica
375 2491 705 2548 auctoritate
762 2497 909 2553 352
948 2509 1276 2566 cognoscas;
1339 2491 1614 2565 quomodo

0 2595 144 2649 dicis
190 2593 250 2647 in
303 2588 604 2662 Scripturis
649 2589 862 2647 divinis
887 2595 1159 2671 ὁμοοὺσιον
1206 2605 1316 2644 non
1349 2587 1614 2657 inveniri,

0 2689 158 2764 quasi
205 2686 363 2742 aliud
412 2685 484 2742 sit
513 2693 782 2766 ὁμοούσιον
829 2703 992 2759 quam
1037 2686 1185 2760 quod
1232 2685 1404 2742 dicit:
1451 2709 1470 2731 ι
1500 2687 1616 2757 Ego

0 2788 62 2843 de
95 2790 221 2842 Deo
249 2786 408 2840 Patre
434 2784 585 2839 exivi
619 2785 802 2857 (Joan.
835 2800 956 2852 xvi,
986 2783 1074 2851 27,
1106 2784 1224 2855 28),
1257 2807 1274 2829 -
1316 2791 1404 2838 et:
1453 2807 1471 2829 ι
1501 2783 1616 2853 Ego

0 2888 50 2934 et
100 2879 274 2932 Pater
325 2891 497 2930 unum
549 2890 739 2930 sumus
772 2875 954 2943 (Joan.
985 2890 1044 2941 x,
1093 2873 1225 2943 30);
1277 2897 1296 2921 ι
1353 2873 1438 2928 vel
1470 2869 1618 2943 quod

0 2969 298 3042 prophetae
329 2981 398 3020 ex
427 2973 616 3036 aperto
647 2964 1009 3020 substantiam
1038 2964 1139 3020 Dei
1169 2963 1498 3019 intimabant
1520 2963 1547 3018 ?

77 3068 217 3121 Haec
253 3070 338 3119 est
365 3071 550 3119 autem
581 3063 825 3119 nominis
852 3064 1012 3132 ratio,
1036 3071 1098 3118 ut
1127 3062 1187 3118 in
1214 3063 1372 3117 Patre
1393 3071 1449 3118 et
1477 3061 1620 3116 Filio

1712 1878 1840 1950 quia
1870 1877 2012 1933 nihil
2066 1878 2133 1934 de
2167 1878 2427 1934 omnibus
2468 1878 2588 1934 istis
2635 1896 2754 1952 quae
2782 1878 3043 1935 videntur
3083 1885 3178 1934 aut
3209 1876 3306 1932 di-

1711 1977 1932 2038 cuntur,
1993 1969 2294 2026 secundum
2350 1970 2407 2025 id
2474 1971 2622 2044 quod
2678 1973 2824 2027 Deus
2879 1978 2981 2041 est,
3033 1971 3307 2042 condigna

1713 2059 2080 2114 similitudine
2110 2060 2370 2115 aestimari
2403 2069 2600 2131 potest,
2646 2061 2848 2134 quippe
2887 2077 3014 2118 cum
3047 2061 3180 2134 ipsis
3208 2062 3307 2116 in-

1715 2148 2028 2205 tellectibus
2050 2157 2104 2204 et
2130 2149 2379 2205 sensibus
2414 2148 2588 2220 major
2617 2151 2708 2207 sit.

1789 2257 1917 2312 Ideo
1946 2256 2276 2328 praemonuit
2303 2265 2366 2312 ut
2392 2256 2741 2314 divinitatem
2771 2258 3092 2316 substantia:
3115 2258 3307 2316 crede-

1721 2363 1826 2415 res,
1857 2354 1911 2402 et
1939 2363 2131 2402 verum
2181 2346 2383 2401 Filium
2433 2347 2499 2402 de
2544 2363 2676 2403 vero
2722 2349 2878 2405 Patre
2907 2365 3260 2420 cognosceres
3293 2366 3304 2406 :

1722 2437 1791 2493 de
1818 2436 2083 2508 qualitate
2113 2445 2294 2492 autem
2324 2435 2404 2490 rei
2432 2437 2710 2508 requirere
2743 2454 2854 2493 non
2886 2437 3145 2505 deberes;
3183 2438 3314 2511 quia

1724 2526 1882 2598 quale
1911 2533 2006 2581 aut
2035 2533 2302 2597 quantum
2343 2523 2433 2592 sit,
2474 2525 2613 2580 scire
2643 2543 2754 2581 non
2797 2528 2990 2598 possis.
3022 2528 3137 2584 Hoc
3164 2527 3312 2582 enim

1723 2614 2025 2688 prophetae,
2055 2613 2161 2672 hoc
2188 2614 2420 2686 apostoli
2450 2615 2835 2687 praedicarunt.

1797 2733 2025 2791 CAPUT
2055 2731 2149 2790 VI.
2183 2762 2254 2774 -—
2286 2733 2531 2806 Denique
2576 2750 2674 2806 pro
2719 2741 2900 2806 captu,
2950 2749 3049 2806 pro
3080 2732 3314 2802 viribus,

1725 2841 1824 2896 pro
1855 2823 1961 2880 ﬁde
1993 2833 2178 2880 nostra
2223 2824 2536 2881 intueamur
2573 2827 2717 2881 Deus
2747 2824 2880 2898 quid
2909 2825 3000 2892 sit,
3033 2833 3086 2880 et
3123 2823 3320 2880 vidend-

1727 2930 1851 2969 mus
1881 2929 1948 2968 an
1980 2912 2030 2969 ei
2069 2911 2278 2986 aliquid
2318 2913 2487 2986 possit
2526 2915 2851 2986 comparari.
2893 2913 3050 2971 Certe
3089 2913 3178 2968 hic
3215 2921 3316 2981 est,

1727 3003 1794 3060 de
1841 3019 1950 3077 quo
2006 3009 2058 3058 et
2111 3020 2235 3059 cum
2290 3003 2511 3073 dicitur,
2573 3021 2683 3059 non
2737 3011 2915 3076 potest
2969 3002 3133 3060 dici:
3192 3019 3318 3060 cum

1729 3093 2050 3160 aestimatur,
2084 3109 2194 3147 non
2224 3100 2402 3164 potest
2442 3092 2701 3148 asstimari
2736 3111 2747 3148 :
2791 3110 2916 3148 cum
2947 3100 3315 3163 comparatur,

6 3158 293 3211 “nitatem
326 3151 884 3252 δῃΡῨῘέηίίξθηθτθάδθ
938 3151 1066 3208 licet
1106 3167 1221 3252 τέω
1269 3152 1463 3252 ipsa?"
1497 3167 1618 3252 (tum
1653 3169 1696 3229 Ο
1731 3197 1842 3236 non
1873 3151 2050 3252 potest
2088 3151 2391 3252 comparari
2429 3199 2440 3236 :
2473 3197 2595 3236 cum
2628 3180 2909 3248 deﬁnitur,
2944 3180 3061 3251 ipsa
3076 3151 3186 3235 .sua
3214 3151 3322 3235 de;

8 3255 89 3301 est
123 3242 546 3311 inenarrabilis,
578 3242 809 3298 deﬁnire
848 3259 961 3298 non
1002 3243 1214 3315 possis;
1253 3250 1315 3297 ut
1361 3243 1477 3298 sive
1525 3243 1622 3297 lu-

10 3353 137 3390 men
175 3334 248 3389 de
286 3331 498 3388 lumine
525 3332 696 3402 dicas,
746 3333 864 3389 sive
892 3331 1125 3388 verbum
1156 3331 1222 3388 de
1266 3331 1456 3400 verbo,
1507 3331 1624 3387 sive

15 3424 288 3496 spiritum
339 3422 405 3477 de
461 3421 681 3493 spiritu,
737 3423 854 3478 sive
898 3421 1187 3478 dominum
1236 3421 1304 3477 de
1351 3421 1619 3488 domino;

11 3514 395 3587 quodcunque
441 3511 507 3567 de
553 3529 618 3568 eo
665 3511 896 3580 dixeris,
940 3512 1108 3568 unius
1142 3520 1327 3568 tamen
1374 3509 1623 3567 essentia)

13 3605 238 3660 Patrem
283 3610 338 3657 et
370 3601 572 3657 Filium
604 3601 828 3658 credas:
863 3609 916 3658 et
940 3601 1007 3658 de
1036 3618 1100 3658 eo
1142 3602 1262 3674 ipso
1289 3601 1433 3676 quod
1466 3602 1624 3656 Pater

16 3705 114 3760 est,
175 3691 390 3747 Filium
441 3691 736 3764 intelligas.
786 3691 922 3747 Nam
970 3692 1016 3748 si
1053 3691 1292 3765 aliquam
1347 3706 1624 3763 compara-

18 3783 232 3836 tionem
285 3780 355 3835 de
403 3781 567 3836 rebus
599 3779 686 3836 his
727 3796 848 3852 qua:
891 3780 1171 3850 videntur,
1217 3783 1275 3836 in
1323 3797 1387 3836 eo
1433 3780 1622 3850 facias,

17 3871 134 3942 ipsa
166 3868 635 3926 dissimilitudine
672 3886 855 3926 rerum
887 3887 1000 3926 non
1048 3872 1315 3926 rationem
1347 3870 1620 3938 ostendes,

19 3964 106 4018 sed
139 3960 562 4016 altercationem
609 3959 1047 4032 disputationum
1078 3961 1326 4029 induces,
1357 3970 1420 4017 ut
1466 3959 1625 4032 cujus

21 4067 150 4107 voce
205 4049 548 4120 descriptum
597 4057 679 4104 est
711 4049 863 4120 (l7):
912 4074 931 4098 ι
960 4048 1064 4107 Cui
1111 4066 1198 4105 me
1234 4049 1625 4120 comparabitis

23 4143 152 4209 (Isa.
200 4155 363 4205 xLVI,
417 4137 474 4208 5)
500 4138 528 4192 ?
558 4161 577 4185 ›
621 4139 702 4192 Ac
746 4137 977 4209 proinde
1018 4140 1163 4194 Deus
1199 4139 1290 4195 cui
1333 4138 1623 4194 assimilari

22 4230 159 4284 nihil
211 4232 423 4299 potest,
485 4224 721 4280 sulliciat
767 4225 940 4296 credi,
1001 4226 1148 4298 quod
1205 4227 1321 4298 ipse
1366 4227 1622 4295 sentitur,

26 4335 183 4391 quem
212 4317 340 4388 ipse
370 4312 522 4370 credi
551 4329 608 4370 se
636 4314 834 4383 voluit,
864 4332 977 4372 non
1013 4315 1272 4372 indicari.

85 4415 350 4486 Denique
379 4412 428 4468 si
479 4411 548 4468 de
581 4411 687 4468 hoc
728 4412 846 4484 ipso
895 4412 1042 4486 quod
1087 4429 1302 4470 mecum
1331 4412 1623 4485 proﬁteris,

25 4506 84 4561 ad
109 4507 365 4577 aliquam
399 4502 829 4559 similitudinem
852 4504 988 4559 velis
1018 4504 1076 4559 in
1101 4505 1214 4560 Deo
1243 4503 1510 4574 conferre,
1534 4521 1630 4562 nec
1654 4530 1704 4590 D

26 4597 129 4652 scio
160 4612 239 4650 an
271 4593 422 4666 quod
463 4593 888 4664 comparaveris,
935 4593 1108 4666 possis
1136 4594 1451 4666 expressius
1478 4595 1624 4652 deﬁ-

27 4686 135 4742 nire
171 4704 182 4740 :
225 4691 287 4738 ut
331 4691 485 4760 puta~
503 4700 629 4739 cum
661 4683 802 4740 dicis
845 4684 1030 4740 lumen
1067 4699 1136 4740 ex
1180 4685 1411 4754 lumine,
1462 4687 1510 4742 si
1555 4687 1625 4744 ad

27 4771 438 4847 explanandum
488 4771 628 4828 illud
660 4773 981 4845 scrupulosa
1034 4773 1347 4830 narratione
1391 4775 1621 4846 cogaris,

29 4880 212 4935 quaero
242 4861 524 4934 quomodo
553 4863 740 4918 lumen
783 4879 851 4918 ex
893 4862 1103 4919 lumine
1141 4863 1329 4921 credas
1353 4865 1380 4920 ?
1431 4865 1622 4921 Utrum

28 4956 176 5026 quasi
213 4953 496 5008 lucernam
526 4968 594 5007 ex
624 4952 868 5022 lucerna,
900 4953 988 5008 vel
1013 4956 1168 5025 quasi
1197 4954 1368 5010 solem
1390 4971 1458 5010 ex
1487 4955 1620 5020 sole;

32 5053 212 5100 utaut
259 5043 399 5097 duas
447 5042 718 5110 lucernas,
763 5049 858 5098 aut
903 5041 1042 5098 duos
1085 5043 1248 5111 soles,
1295 5043 1450 5115 quasi
1487 5045 1625 5100 duos

31 5131 150 5190 deos
204 5131 310 5188 sub
360 5131 467 5187 hoc
515 5131 769 5203 exemplo
808 5131 1081 5188 inducas?
1127 5133 1237 5187 Aut
1277 5132 1622 5204 splendorem

35 5221 259 5279 luminis
289 5220 536 5292 ejusdem
583 5222 840 5289 lucernae,
887 5222 974 5276 vel
1025 5221 1331 5278 claritatem
1378 5223 1511 5278 solis
1557 5223 1624 5277 de

33 5314 216 5369 eodem
251 5311 367 5367 sole
398 5310 722 5382 fulgentem,
757 5311 943 5367 lumen
981 5310 1048 5367 de
1078 5311 1287 5366 lumine
1315 5311 1624 5383 consignes,

33 5411 85 5458 ut
118 5405 180 5459 in
235 5401 524 5457 matricem
568 5400 796 5456 luminis
830 5399 1008 5456 Patris
1053 5399 1283 5472 ﬁguram
1335 5399 1624 5469 assimiles,

95 5585 217 5658 (t7)
248 5579 424 5658 Vigil.
458 5581 595 5641 edit.
628 5580 787 5653 sola.,
829 5582 903 5641 Et
929 5581 1058 5656 quia
1102 5597 1170 5640 ea:
1204 5599 1324 5640 voce
1357 5581 1456 5640 Dei
1499 5581 1628 5638 scri-

34 5660 170 5728 ptum
197 5663 297 5716 est.

1732 3269 1984 3325 ﬁnitione
2017 3269 2231 3326 crescit.
2274 3270 2380 3336 Qui
2417 3271 2617 3325 coelum
2650 3286 2815 3324 manu
2844 3285 2942 3325 sua
2965 3268 3162 3340 operit,
3191 3285 3323 3340 pug-

1733 3376 1805 3415 no
1835 3375 2057 3415 omnem
2107 3358 2375 3414 ambitum
2422 3359 2614 3414 mundi
2654 3357 2879 3414 claudit.
2922 3358 3094 3425 Quem
3143 3364 3323 3412 totum

1733 3448 1920 3504 omnia
1946 3447 2222 3516 nesciunt,
2264 3456 2316 3503 et
2343 3446 2638 3503 metuendo
2666 3446 2867 3503 sciunt.
2909 3443 3078 3518 Cujus
3109 3446 3323 3518 nomini

1732 3545 1787 3593 et
1814 3537 2010 3592 virtuti
2043 3509 2343 3592 famulatur
2372 3534 2464 3592 hic
2493 3535 2661 3604 orbis,
2701 3544 2755 3591 et
2782 3535 2898 3607 ipsa
2926 3509 3323 3591 elementoruin

1733 3624 1839 3681 sibi
1870 3625 2280 3682 succedentium
2314 3631 2696 3681 momentanea
2720 3622 3047 3680 vicissitudo
3068 3631 3321 3681 testatur.

1732 3715 1874 3773 Vide
1919 3732 2046 3787 ergo
2083 3717 2130 3772 si
2177 3723 2357 3788 potest
2405 3715 2616 3790 aliquid
2660 3732 2776 3772 esse
2822 3714 2913 3773 cui
2957 3717 3127 3789 possit
3169 3718 3326 3773 Pater

1732 3805 2037 3879 comparari
2067 3812 2120 3862 et
2162 3805 2373 3874 Filius;
2416 3805 2547 3879 quia
2573 3805 2700 3862 talis
2729 3813 2810 3862 est
2838 3805 3033 3874 Filius,
3063 3806 3244 3878 qualis
3273 3813 3325 3862 et

1731 3895 1929 3964 Pater;
1971 3912 2084 3951 non
2112 3895 2259 3952 enim
2303 3895 2415 3968 ipse
2445 3911 2500 3952 se
2543 3911 2716 3952 unum
2745 3911 2872 3953 cum
2909 3894 3066 3950 Patre
3096 3894 3324 3965 diceret,

1732 3986 1841 4043 nisi
1869 3987 2033 4042 talem
2065 4001 2142 4054 se,
2183 3984 2363 4058 qualis
2392 3993 2473 4042 est
2503 3985 2680 4053 Pater,
2712 3985 2895 4041 sciret.

1804 4111 1964 4169 Ratio
1989 4109 2238 4183 quaedam
2271 4114 2374 4176 est,
2403 4123 2524 4180 quae
2559 4108 2706 4182 apud
2735 4107 2955 4166 Graecos
2983 4113 3134 4192 λόγος
3171 4123 3325 4164 nun-

1732 4222 1984 4287 cupatur,
2016 4229 2137 4286 quae
2181 4212 2325 4270 inter
2352 4213 2568 4269 Patrem
2617 4219 2671 4268 et
2717 4211 2921 4268 Filium
2951 4228 3208 4285 personas
3236 4207 3325 4268 vel

1733 4304 2002 4362 vocabula
2030 4301 2322 4375 distinguit
2349 4321 2362 4370 ;
2405 4302 2534 4376 quia
2567 4309 2621 4359 et
2650 4303 2765 4374 ipse
2799 4301 2974 4359 Filius
3003 4302 3144 4358 ratio
3173 4300 3328 4358 dici-

1735 4405 1844 4453 tur.
1885 4396 2016 4464 Qum
2039 4401 2222 4450 tamen
2253 4393 2393 4450 ratio
2417 4393 2610 4450 multis
2629 4393 2952 4451 nominibus
2979 4393 3322 4466 appellatur:

1735 4484 1898 4541 modo
1928 4483 2178 4553 verbum,
2210 4483 2375 4540 modo
2405 4483 2602 4553 virtus,
2646 4483 2810 4541 modo
2839 4483 3126 4556 sapientia,
3161 4481 3326 4537 modo

1732 4574 1975 4644 dextera,
2029 4573 2194 4630 modo
2236 4573 2546 4642 brachium,
2593 4573 2758 4629 modo
2809 4572 3123 4644 margarita,
3159 4571 3325 4625 modo

1733 4662 2042 4732 thesaurus,
2074 4663 2239 4720 modo
2281 4663 2438 4730 retia,
2473 4661 2637 4719 modo
2684 4669 2950 4728 aratrum,
2985 4656 3148 4713 modo
3179 4656 3322 4724 fons,

1733 4753 1899 4808 modo
1945 4760 2116 4824 petra,
2166 4752 2330 4808 modo
2385 4751 2522 4821 lapis
2567 4748 2869 4820 angularia,
2923 4745 3086 4802 modo
3131 4759 3326 4814 agnus,

1735 4841 1900 4898 modo
1925 4841 2116 4906 homo,
2141 4839 2306 4894 modo
2322 4837 2585 4904 virtnlus,
2610 4836 2774 4890 modo
2803 4835 3009 4906 aquila,
3036 4831 3200 4897 modo
3218 4832 3325 4898 leo,

1734 4929 1898 4985 modo
1928 4928 2040 4995 via,
2073 4927 2239 4982 modo
2269 4925 2493 4992 veritas,
2527 4923 2690 4979 modo
2720 4924 2854 4978 vita.
2897 4923 2969 4977 Et
2999 4922 3070 4976 ita
3099 4936 3225 4976 cum
3255 4920 3328 4976 sit

1732 5019 1878 5074 Deus
1910 5016 2096 5072 omnia
2144 5015 2201 5068 in
2240 5011 2521 5082 omnibus,
2552 5019 2614 5066 ut
2660 5026 2756 5082 per
2785 5010 2902 5067 haec
2938 5008 3206 5064 vocabula
3230 5007 3327 5064 di-

1735 5108 1992 5162 vinarum
2057 5101 2486 5177 dispositionum
2561 5100 2825 5173 mysteria
2884 5107 3281 5172 cognoscantur
3311 5142 3327 5168 ,

1734 5214 1846 5253 non
1903 5204 1965 5252 ut
2016 5196 2136 5268 ipsa
2189 5189 2447 5262 majestas
2502 5189 2633 5248 Filii
2679 5189 2780 5246 Dei
2837 5189 3057 5262 proprie
3103 5187 3330 5244 deﬁnita

1734 5291 2090 5342 monstretur.

1805 5391 1950 5461 Quid
1978 5399 2058 5449 est
2082 5387 2231 5446 enim
2261 5383 2440 5440 Filius
2468 5385 2537 5443 de
2565 5398 2630 5440 eo
2651 5381 2798 5455 quod
2824 5383 2985 5440 Pater
3009 5384 3138 5441 est?
3171 5383 3331 5440 Alius

1805 5580 1929 5654 (t8)
1971 5579 2096 5654 Vox
2109 5575 2252 5654 .Solts
2289 5571 2520 5654 incdit.
2554 5568 2914 5654 desideratur,
2949 5585 3172 5654 quamne
3204 5569 3331 5630 cod.

1736 5645 1874 5707 Tell.
1906 5645 2274 5713 restituimus,
2295 5645 2602 5715 integritati
2630 5657 2822 5699 sensus
2841 5657 2954 5700 non
2983 5645 3262 5702 inutilem.
