3864 6188
528 345 636 403 591

1526 349 1620 404 AD
1659 345 1894 404 OPERA
1931 345 1986 402 S.
2029 344 2362 404 AMBROSII
2401 344 2780 401 APPENDIX.

3750 341 3841 399 592

527 480 695 538 idem.
735 479 873 537 Nam
919 486 974 535 et
1023 478 1094 536 ob
1132 478 1240 539 hoc
1290 480 1532 541 Verbum
1584 481 1700 554 (19)
1746 486 2119 552 nuncupatur,
2150 482 2206 543 A
2237 480 2383 534 Deus
2411 486 2491 534 est
2514 479 2692 549 Pater,
2713 503 2732 527 ι
2765 484 2826 533 ut
2839 475 3133 550 Apostolus
3153 474 3324 542 dixit,
3362 497 3381 522 ι
3405 490 3479 530 ex
3501 490 3622 548 quo
3646 479 3840 558 omnis,

526 570 659 645 quia
687 586 754 626 ex
786 569 1010 643 proprio
1039 575 1184 632 353
1214 579 1407 636 divino
1437 596 1530 636 ore
1560 578 1844 650 processit,
1877 586 1931 635 et
1977 575 2126 634 nihil

528 669 693 727 Pater
720 668 839 726 sine
866 683 931 723 eo
976 674 1070 724 aut
1105 665 1293 738 jussit,
1327 676 1421 724 aut
1463 668 1614 725 fecit.
1657 668 1854 725 Virtus
1899 668 2123 736 dicitur,

529 760 660 832 quia
687 774 813 815 vere
842 757 909 813 de
939 758 1052 813 Deo
1091 763 1145 812 et
1183 773 1396 830 semper
1425 773 1551 814 cum
1589 759 1701 814 Deo
1731 765 1833 825 est,
1865 763 1918 812 et
1947 757 2128 812 omnis

526 856 766 920 potestas
793 846 970 904 Patris
1002 847 1061 901 in
1102 846 1221 919 ipso
1251 846 1524 903 consistit.
1567 847 1847 919 Sapientia
1877 847 2128 918 appella-

530 944 638 1006 tur,
674 936 803 1010 quia
845 935 912 991 de
945 934 1110 993 corde
1138 935 1316 992 Patris
1355 934 1674 1004 adveniens,
1715 951 1914 992 arcana
1955 935 2128 991 coele—

527 1027 632 1083 stia
689 1025 1040 1084 credentibus
1106 1026 1386 1083 reseravit.
1452 1029 1687 1083 Dextera
1753 1033 2123 1099 nuncupatur,

528 1119 659 1193 quia
704 1134 802 1190 per
847 1134 973 1174 eum
1013 1117 1199 1174 omnia
1241 1134 1404 1189 opera
1446 1117 1637 1173 divina
1689 1117 1929 1190 perfecta
1976 1123 2122 1172 sunt.

527 1207 829 1265 Brachium
861 1207 1087 1277 dicitur,
1118 1208 1250 1281 quia
1284 1208 1350 1264 ab
1382 1209 1502 1280 ipso
1535 1208 1722 1263 omnia
1751 1208 2123 1265 continentur.

528 1297 821 1370 Margarita
851 1298 1176 1370 appellatur,
1208 1304 1270 1352 ut
1299 1297 1442 1352 nihil
1476 1298 1573 1353 illo
1593 1297 1894 1369 pretiosius
1919 1297 2128 1353 habea—

529 1397 642 1446 tur.
684 1387 999 1446 Thesaurus
1039 1386 1268 1452 dicitur,
1317 1395 1377 1442 ut
1417 1386 1474 1442 in
1519 1387 1637 1458 ipso
1679 1403 1869 1442 omnes
1916 1403 2045 1458 opes
2077 1395 2130 1443 et

531 1477 745 1536 divitiae
785 1492 1080 1549 regnorum
1125 1475 1433 1532 ccelestium
1478 1475 1711 1531 conditae
1743 1483 2125 1546 agnoscantur.

532 1568 691 1626 Retia
720 1567 945 1633 dicitur,
995 1564 1124 1639 quia
1168 1581 1264 1637 per
1314 1565 1492 1636 ipsum
1536 1572 1589 1620 et
1622 1565 1681 1620 in
1733 1565 1850 1638 ipso
1883 1564 1950 1620 de
1993 1563 2129 1620 mari

535 1657 723 1716 saeculi
754 1656 972 1714 diversa
1002 1654 1249 1726 gentium
1276 1653 1578 1710 multitudo
1601 1655 1745 1711 sicut
1773 1655 2004 1727 piscium
2036 1670 2133 1728 per

535 1763 734 1820 aquam
784 1745 1133 1818 baptismatis
1178 1743 1237 1800 in
1289 1745 1540 1802 Ecclesia
1596 1753 1976 1817 congregatur,
2033 1743 2131 1800 ubi

2235 573 2290 622 et
2331 583 2432 622 nos
2460 583 2529 623 ex
2574 567 2730 639 ipso:
2771 573 2824 623 et
2864 582 3006 622 unus
3044 565 3313 622 Dominus
3357 565 3525 622 Jesus
3573 563 3839 630 Christus,

2236 659 2380 713 Deus
2401 657 2499 712 Dei
2521 657 2716 726 Filius,
2761 680 2778 704 ι
2801 673 2897 730 per
2910 672 3070 731 quem
3100 656 3308 726 omnia,
3341 663 3396 712 et
3414 671 3521 712 nos
3544 671 3652 728 per
3684 656 3840 729 ipsum

2241 748 2294 818 (1
2328 746 2452 802 Cor.
2486 765 2609 816 vm,
2643 747 2722 818 6).
2747 772 2766 795 ι

2306 837 2444 894 Nam
2473 855 2569 911 per
2584 837 2694 895 duo
2722 836 2855 911 quid
2876 836 3029 893 aliud
3053 835 3406 909 intelligitur,
3426 853 3604 910 quam
3624 837 3841 896 duorum

2238 946 2334 1001 per
2390 935 2575 1002 partes
2635 926 2815 984 divisa
2867 927 3197 996 substantia,
3247 935 3302 983 et
3348 945 3477 984 cum
3532 929 3841 986 nominibus

2240 1018 2374 1090 ipsis
2405 1017 2699 1075 dissociata
2734 1016 2852 1088 (22)
2907 1025 3104 1072 natura
3140 1016 3336 1088 agendi
3375 1033 3439 1073 ac
3473 1016 3723 1090 jubendi
3749 1028 3840 1073 tam

2238 1108 2520 1176 voluntas,
2553 1123 2718 1180 quam
2748 1106 2980 1178 imperia
3006 1106 3185 1162 divisa
3209 1107 3237 1161 ‘I
3267 1107 3436 1162 Porro
3469 1108 3641 1165 Pater
3671 1125 3734 1164 ac
3762 1110 3841 1163 Fi-

2239 1198 2348 1253 lius
2379 1197 2482 1252 etsi
2528 1196 2650 1252 duae
2697 1211 2942 1268 personae
2972 1194 3298 1263 creduntur,
3335 1195 3560 1251 ratione
3591 1206 3776 1253 tamen
3802 1207 3840 1253 et

2238 1285 2548 1342 substantia
2593 1285 2766 1341 unum
2825 1293 2973 1341 sunt.
3025 1285 3161 1341 Nam
3207 1285 3576 1359 inzequalium
3633 1288 3841 1343 societas

2241 1376 2487 1432 melioris
2517 1375 2722 1432 offensa
2751 1383 2850 1442 est,
2883 1381 2938 1431 et
2974 1374 3033 1430 in
3075 1373 3340 1446 injuriam
3381 1374 3526 1447 ejus,
3563 1378 3664 1449 qui
3704 1393 3840 1432 verus

2239 1468 2385 1523 Deus
2426 1473 2532 1534 est,
2572 1482 2682 1521 non
2727 1482 2890 1522 verus
2918 1465 3061 1520 alius
3093 1474 3466 1536 comparatur.
3501 1465 3648 1522 Cum
3680 1475 3837 1521 autem

2239 1572 2338 1628 ego
2367 1556 2583 1611 Patrem
2612 1563 2666 1610 et
2704 1555 2910 1610 Filium
2941 1560 3142 1622 statuo,
3185 1555 3460 1610 unitatem
3483 1555 3708 1627 generis
3735 1555 3837 1610 assi-

2241 1662 2347 1718 gno
2379 1664 2390 1702 :
2425 1654 2480 1701 et
2519 1645 2566 1700 si
2596 1645 2747 1700 illam
2779 1644 2834 1699 in
2865 1643 3114 1716 personis
3144 1642 3358 1712 divido,
3390 1643 3764 1701 discretiones
3780 1653 3838 1699 ta-

2247 1751 2374 1792 men
2409 1750 2765 1808 personarum
2797 1749 2988 1790 rursus
3018 1731 3203 1789 eadem
3237 1734 3466 1791 nomina
3497 1734 3562 1790 in
3593 1735 3833 1790 unitatem

535 1839 810 1896 bonorum
855 1836 1239 1908 malorumque
1269 1834 1567 1893 discrimen
1606 1837 1943 1909 agnoscitur.
1985 1836 2134 1893 Ara-

2265 1827 2330 1882 .ui
2360 1826 2599 1881 naturali
2622 1823 2757 1897 legis
2785 1823 2990 1880 foedere
3017 1823 3363 1896 consignant.

536 1934 686 1985 trum
731 1932 1102 1997 nuncupatur,
1136 1924 1268 1997 quia
1309 1925 1472 1998 signo.
1503 1926 1683 1982 crucis
1720 1943 1832 1982 suae
1870 1925 2007 1983 dura
2035 1941 2140 1999 pe—

538 2025 690 2077 ctora
733 2016 1123 2089 subjiciuntur,
1174 2022 1236 2070 ut
1282 2015 1587 2072 necessario
1617 2015 1814 2071 semini
1853 2015 1970 2089 ipsa
2018 2015 2136 2088 (20)

539 2114 937 2182 praeparentur.
976 2105 1120 2161 Fons
1151 2119 1305 2178 aquae
1353 2104 1496 2160 vivae
1535 2106 1862 2177 appellatur,
1911 2105 2040 2179 quia
2069 2121 2139 2161 ex

541 2214 607 2255 eo
637 2196 884 2253 sitientia
927 2195 1094 2252 corda
1137 2193 1375 2251 ccelestis
1419 2211 1573 2268 aquae
1617 2195 1788 2268 gratia
1816 2195 2135 2267 irrigantur.

541 2290 704 2346 Petra
731 2287 958 2353 dicitur,
989 2285 1118 2357 quia
1143 2283 1496 2342 credentibus
1525 2285 1934 2350 fortitudinem,
1965 2285 2137 2341 incre-

545 2378 693 2435 dulis
711 2375 971 2432 duritiam
995 2381 1234 2446 praestat.
1275 2374 1438 2446 Lapis
1462 2375 1739 2447 angularis
1759 2374 1986 2442 dicitur,
2011 2373 2140 2447 quia

543 2474 806 2540 utrosque
844 2463 1078 2537 parietes
1115 2460 1258 2518 Novi
1288 2468 1342 2517 et
1370 2462 1585 2519 Veteris
1629 2463 1963 2518 Testamenti
1994 2478 2138 2518 unus

545 2564 601 2614 et
628 2554 898 2611 mediator
919 2552 978 2608 in
1007 2551 1299 2623 semetipso
1321 2551 1610 2608 continens
1631 2552 1930 2624 copulavit.
1950 2555 2140 2623 Agnus

548 2646 775 2714 dicitur,
809 2652 871 2701 ut
910 2642 1227 2700 innocentia
1256 2641 1464 2699 Christi
1503 2652 1556 2700 et
1597 2643 1777 2715 passio
1806 2642 2139 2699 demonstre-

547 2744 659 2796 tur.
702 2737 880 2792 Homo
908 2732 1134 2803 dicitur,
1175 2733 1305 2806 quia
1333 2732 1635 2789 secundum
1670 2749 1887 2788 carnem
1919 2740 2141 2804 propter

546 2846 650 2887 nos
666 2827 920 2883 homines
942 2823 1094 2880 nasci
1120 2823 1377 2896 dignatus
1389 2830 1489 2878 est.
1523 2820 1748 2878 Vitulus
1765 2821 1988 2890 dicitur,
2012 2823 2141 2894 quia

547 2926 772 2993 propter
793 2923 1035 2972 nostram
1062 2915 1295 2970 salutem
1327 2913 1439 2985 pati
1461 2911 1745 2968 sustinuit.
1790 2912 1991 2985 Aquila
2005 2911 2139 2969 dici-

550 3014 663 3074 tur,
697 3006 827 3080 quia
867 3011 986 3076 post
1022 3001 1391 3058 venerabilem
1423 3000 1902 3068 resurrectionem,
1940 3007 2000 3056 ut
2043 3017 2139 3057 rex

551 3097 746 3156 alitum
799 3093 868 3151 ad
914 3094 1089 3150 Patris
1119 3091 1366 3164 pervolat
1413 3091 1595 3147 sedem
1641 3090 1782 3162 (21).
1825 3089 1931 3145 Leo
1961 3089 2141 3146 dictus

547 3198 650 3260 est,
681 3187 810 3262 quia
848 3184 966 3259 ipse
994 3191 1075 3242 est
1103 3199 1202 3240 rex
1241 3197 1450 3252 regum,
1483 3179 1579 3254 qui
1611 3188 1844 3236 mortem
1873 3197 1936 3236 ac
1963 3179 2140 3235 zabu—

546 3282 662 3338 lum
689 3277 914 3335 virtutis
941 3293 1052 3333 sum
1076 3278 1346 3347 potestate
1366 3271 1716 3328 comminuit.
1760 3269 1865 3328 Via
1889 3277 1991 3336 est,
2015 3269 2144 3342 quia

545 3388 641 3446 per
669 3369 848 3442 ipsum
891 3382 1149 3422 ascensus
1196 3371 1296 3420 est.
1343 3362 1582 3431 Veritas,
1622 3361 1754 3435 quia
1792 3358 2141 3416 mendacium

545 3457 737 3517 nescit.
771 3457 901 3513 Vita
929 3463 1032 3523 est,
1062 3455 1192 3526 quia
1222 3455 1338 3525 ipse
1366 3452 1625 3508 universa
1654 3449 1924 3507 viviﬁcat.

585 3543 789 3604 ~Vides
810 3561 937 3615 ergo
959 3559 1054 3614 per
1076 3542 1196 3598 haec
1220 3542 1488 3598 vocabula
1509 3540 1950 3614 signiﬁcationes
1969 3545 2023 3594 et
2035 3536 2147 3595 dis-

547 3633 889 3706 positionum
914 3638 969 3686 et
996 3644 1222 3701 operum
1253 3628 1572 3685 divinorum
1602 3639 1960 3701 praeostensas
1984 3647 1995 3684 :
2035 3643 2146 3684 non

547 3731 730 3780 tamen
781 3719 963 3792 ipsum
1009 3718 1186 3773 Deum
1233 3715 1453 3788 proprie
1504 3715 1844 3772 deﬁnitum?
1882 3717 1981 3772 Est
2019 3733 2146 3788 ergo

548 3813 708 3870 Pater
735 3812 880 3868 Deus
907 3808 1232 3875 immensus,
1258 3813 1514 3874 aeternus,
1546 3805 2145 3877 incomprehensibilis,

549 3899 973 3960 inaestimabilis.
1014 3896 1116 3953 Est
1157 3903 1212 3953 et
1254 3894 1430 3952 Filius
1457 3893 1575 3966 ejus
1621 3896 1766 3952 Deus
1795 3903 1849 3952 et
1877 3897 2148 3954 Dominus

549 3998 756 4059 noster,
793 3997 1002 4057 tantus,
1033 3992 1272 4060 quantus
1315 3990 1396 4040 est
1443 3991 1497 4042 et
1527 3985 1685 4041 Pater
1715 4002 1725 4040 :
1776 3983 1870 4040 sed
1910 4000 2022 4040 non
2051 3983 2150 4041 ali-

548 4081 697 4138 unde
723 4096 889 4154 quam
920 4077 989 4137 ds
1016 4076 1175 4133 Patre
1208 4092 1222 4133 :
1272 4098 1291 4125 ι
1326 4072 1466 4142 Quia
1491 4090 1612 4148 ego,
1643 4073 1846 4148 inquit,
1895 4073 1962 4130 de
1991 4074 2150 4130 Patre

552 4170 705 4226 exivi
758 4169 940 4240 (Joan.
991 4179 1110 4237 xu,
1161 4161 1278 4240 28),
1313 4191 1332 4217 ι
1401 4164 1507 4223 hoc
1553 4171 1634 4221 est
1691 4163 1882 4222 lumen
1940 4162 2007 4220 de
2055 4165 2151 4220 lu-

554 4261 723 4316 mine.

629 4345 857 4406 CAPUT
877 4345 1000 4404 VII.
1025 4375 1096 4386 —
1123 4343 1228 4401 Sed
1254 4360 1323 4400 ne
1352 4359 1418 4400 ex
1443 4359 1508 4400 eo
1535 4344 1877 4401 occasionem
1907 4344 2152 4418 aliquam

559 4435 850 4495 haereticus
879 4433 1078 4505 capiat,
1110 4449 1237 4489 cum
1274 4432 1385 4489 duo
1411 4434 1658 4502 nomina,
1688 4435 1776 4490 vel
1807 4435 1942 4491 duas
1971 4451 2152 4507 perso-

561 4543 679 4594 nas,
711 4524 769 4581 id
798 4532 900 4593 est,
923 4522 1100 4578 Patris
1115 4529 1169 4577 et
1197 4521 1327 4577 Filii
1357 4529 1556 4591 statuo,
1582 4524 1736 4595 quasi
1759 4525 1897 4581 duos
1924 4526 2055 4581 deos
2071 4525 2152 4581 di-

2322 1913 2476 1971 Unde
2504 1920 2559 1970 et
2577 1921 2763 1969 tantus
2783 1919 2864 1968 est
2884 1912 3079 1982 Filius,
3107 1921 3336 1986 quantus
3366 1913 3672 1970 videbitur
3686 1912 3832 1980 Pater,

2250 2011 2399 2060 totus
2428 2001 2496 2057 de
2523 2008 2661 2070 toto,
2695 2002 2908 2074 integer
2936 2002 3004 2058 de
3039 2002 3260 2074 integro,
3292 2001 3580 2074 perfectus
3615 2003 3692 2059 de
3727 2019 3832 2074 per-

2250 2095 2393 2152 fecta
2421 2100 2910 2166 consummataque
2931 2092 3158 2162 virtute,
3178 2094 3315 2150 sicut
3335 2094 3660 2165 Apostolus
3690 2093 3833 2150 dicit:

2263 2209 2282 2233 ‹
2303 2187 2367 2242 In
2389 2201 2498 2258 quo
2525 2184 2705 2240 omnis
2734 2181 3026 2258 plenitudo
3055 2182 3365 2239 divinitatis
3385 2181 3838 2255 corporaliterha-

2249 2275 2390 2331 bitat
2421 2275 2650 2346 (Coloss.
2705 2291 2766 2342 II,
2819 2274 2894 2339 9).
2939 2298 2958 2323 ι
3007 2273 3142 2330 Nam
3194 2280 3247 2328 et
3299 2273 3570 2329 Jeremias
3623 2275 3737 2346 (23)
3771 2291 3838 2330 re-

2249 2364 2600 2437 ceptissimus
2627 2362 3041 2434 prophetarum,
3076 2361 3218 2418 hanc
3246 2362 3521 2418 unitatem
3542 2362 3836 2419 divinitatis

2250 2456 2308 2511 in
2345 2456 2505 2512 Patre
2534 2464 2588 2511 et
2626 2454 2769 2510 Filio
2799 2453 2975 2511 sciens
3013 2452 3126 2510 ait:
3175 2477 3193 2502 ε
3225 2454 3326 2510 Hic
3354 2461 3439 2510 est
3467 2455 3620 2510 Deus
3654 2464 3834 2519 noster,

2251 2552 2427 2601 etnon
2449 2543 2807 2616 deputabitur
2829 2542 2971 2600 alius
2989 2542 3193 2616 absque
3209 2542 3308 2599 illo
3333 2560 3346 2598 :
3372 2543 3469 2615 qui
3500 2542 3724 2600 invenit
3742 2561 3834 2600 om-

2250 2651 2374 2691 nem
2412 2633 2557 2689 viam
2591 2631 2917 2705 prudentiae,
2949 2638 3003 2687 et
3033 2630 3186 2686 dedit
3205 2647 3324 2687 eam
3356 2631 3527 2688 Iacob
3546 2649 3720 2704 puero
3738 2648 3833 2700 suo,

2251 2731 2306 2780 et
2335 2723 2500 2779 Israel
2531 2721 2734 2778 dilecto
2785 2737 2904 2777 suo.
2948 2721 3077 2776 Post
3118 2719 3237 2776 haec
3269 2720 3328 2775 in
3363 2721 3526 2777 terris
3571 2722 3724 2777 visus
3751 2729 3833 2788 est,

2253 2821 2305 2868 et
2333 2829 2458 2868 cum
2490 2811 2814 2868 hominibus
2859 2795 3219 2867 conversatus
3247 2816 3330 2865 est
3361 2810 3610 2881 (Βαναοῆ
3657 2829 3734 2879 in,
3762 2810 3831 2877 33,

2251 2901 2366 2974 36).
2428 2925 2446 2950 ι
2524 2902 2595 2956 Et
2652 2900 2816 2956 Isaias
2883 2899 2989 2956 hoc
3045 2899 3224 2971 ipsum
3287 2898 3558 2971 pradicat
3633 2900 3830 2955 dicens:

2267 3017 2285 3039 ι
2315 2992 2442 3046 Haec
2482 2989 2621 3046 dicit
2648 2989 2920 3046 Dominus
2961 2991 3143 3045 Deus:
3186 2988 3414 3060 fatigata
3451 2997 3536 3045 est
3563 2990 3833 3061 Egyptus,

2252 3088 2306 3137 et
2335 3079 2636 3151 negotiatio
2666 3079 3016 3151 IEthiopum,
3049 3085 3102 3134 et
3145 3079 3366 3147 Sabain,
3413 3081 3528 3135 viri
3561 3081 3758 3137 excelsi
3783 3076 3833 3132 ad

2254 3177 2306 3224 te
2330 3169 2620 3235 transient,
2653 3168 2736 3225 tui
2765 3176 2926 3225 erunt
2964 3169 3132 3236 servi,
3163 3176 3216 3223 et
3249 3178 3373 3240 post
3411 3178 3466 3225 te
3499 3169 3836 3226 ambulabunt

2252 3258 2429 3314 vincti
2460 3257 2838 3330 compedibus,
2877 3264 2931 3314 et
2977 3266 3032 3313 te
3083 3257 3557 3329 deprecabuntur;
3603 3257 3836 3332 quoniam

2257 3348 2315 3404 in
2347 3355 2400 3403 te
2431 3349 2576 3403 Deus
2605 3354 2707 3414 est,
2735 3353 2789 3402 et
2821 3362 2934 3402 non
2962 3354 3044 3404 est
3069 3346 3213 3401 alius
3250 3347 3398 3402 Deus
3450 3358 3660 3420 praeter
3687 3358 3761 3405 te:
3787 3357 3835 3403 tu

2255 3454 2313 3496 es
2341 3437 2489 3493 enim
2518 3439 2664 3493 Deus
2699 3438 2833 3504 (Isa.
2859 3453 2978 3505 xxv,
3005 3436 3123 3508 14).
3165 3461 3184 3485 ι

2333 3534 2480 3590 354
2507 3526 2665 3595 Quod
2690 3541 2758 3580 ne
2787 3534 2946 3597 putes
2976 3541 3062 3580 me
3083 3540 3148 3581 eo
3171 3524 3470 3597 supercilio
3493 3525 3726 3594 dixisse,
3751 3539 3838 3598 quo

2255 3623 2526 3681 Sabellius
2557 3626 2750 3695 fertur,
2785 3626 2878 3698 qui
2924 3625 3104 3697 ipsum
3144 3625 3382 3693 Patrem,
3439 3624 3632 3696 ipsum
3662 3623 3838 3679 Filium

2256 3716 2570 3789 proﬁtetur,
2603 3731 2714 3770 non
2761 3714 2838 3770 ita
2880 3730 2980 3770 nos
3010 3724 3187 3771 totum
3219 3714 3276 3770 in
3315 3730 3486 3770 unam
3529 3712 3836 3771 sententiam

2261 3807 2530 3879 cogimus,
2559 3813 2623 3861 ut
2651 3805 2886 3861 aliorum
2918 3804 3304 3862 hereticorum
3334 3805 3532 3861 fraude
3560 3805 3837 3878 capiamur.

2259 3895 2367 3952 Sed
2402 3895 2532 3968 quia
2561 3895 2617 3950 in
2648 3894 2768 3966 ipso
2797 3893 3022 3950 nomine
3049 3910 3404 3967 personarum
3435 3895 3738 3950 auctoritas
3763 3893 3842 3946 iu-

2257 3985 2499 4042 discreta
2522 3985 2894 4057 cognoscitur,
2913 3993 2967 4042 et
2981 3984 3156 4041 Filius
3171 4000 3281 4041 non
3309 3999 3529 4055 genere,
3558 3983 3655 4038 sed
3686 3995 3843 4054 perso-

2259 4076 2461 4132 naliter
2507 4092 2538 4132 a
2594 4076 2752 4131 Patre
2799 4076 3153 4143 nominatur;
3197 4073 3431 4147 proinde
3478 4080 3663 4129 totum
3715 4069 3842 4128 Patri

2261 4165 2612 4233 ascribimus,
2645 4164 2792 4239 quod
2833 4173 2916 4222 est
2946 4166 3163 4232 Filius;
3194 4174 3248 4221 et
3288 4171 3467 4220 totum
3511 4163 3679 4231 Filio,
3719 4160 3844 4235 quod

2260 4255 2422 4312 Pater
2453 4262 2551 4313 est.
2581 4254 2733 4311 Nihil
2755 4272 2868 4311 non
2898 4255 3179 4313 videbitur
3197 4253 3397 4319 Patris,
3425 4253 3576 4326 quod
3593 4249 3845 4325 judicabi-

2261 4352 2353 4401 tur
2398 4345 2560 4401 Filii:
2616 4362 2718 4402 nec
2757 4347 2912 4414 Filii,
2953 4345 3101 4420 quod
3143 4344 3462 4401 defenditur
3509 4343 3706 4410 Patris,
3740 4340 3848 4413 quia

2260 4435 2444 4492 unitas
2488 4435 2791 4508 majestatis
2837 4452 2947 4492 non
2996 4436 3132 4492 sinit
3179 4434 3312 4492 deos
3359 4432 3565 4506 plurali
3598 4431 3849 4489 vocabulo

2265 4523 2566 4595 appellari:
2619 4525 2822 4596 quippe
2881 4541 3006 4581 cum
3057 4531 3268 4581 constet
3293 4523 3509 4578 Patrem
3560 4530 3616 4577 et
3662 4519 3850 4576 Filium

562 4621 785 4683 cam,ut
806 4613 888 4668 illi
909 4611 1127 4668 duosex
1142 4610 1459 4668 diversitate
1481 4611 1833 4684 conﬁngunt:
1855 4630 1955 4670 nos
1973 4623 2156 4671 autem
2183 4592 2233 4650 D
2268 4592 2432 4667 unius
2463 4627 2579 4668 esse
2609 4592 2956 4684 substantiae,
2992 4613 3136 4669 unde
3167 4620 3402 4686 uterque
3429 4627 3574 4667 unus
3611 4611 3759 4665 Deus
3787 4612 3854 4661 est

565 4709 779 4766 Patrem
811 4715 865 4762 et
893 4703 1100 4760 Filium
1128 4703 1206 4759 ita
1222 4703 1593 4773 nominamus,
1626 4712 1687 4760 ut
1713 4722 1884 4761 unum
1908 4709 2082 4764 Deum
2101 4708 2160 4783 in

565 4795 656 4852 his
673 4796 921 4869 personis
937 4802 990 4851 et
1005 4793 1326 4851 nominibus
1343 4795 1746 4868 consignemus.
1767 4796 2023 4853 Viderint
2041 4797 2161 4870 pllio

569 4885 812 4958 losOphi,
836 4883 1082 4942 viderint
1108 4883 1354 4941 haeretici
1375 4883 1635 4957 discipuli
1658 4901 1867 4953 eorum,
1892 4886 1986 4959 qui
2016 4894 2164 4958 pote-

570 4981 773 5030 statum
820 4973 1139 5032 diversitate
1168 4973 1452 5033 variantur
1483 4991 1495 5030 :
1541 4997 1560 5024 ι
1587 4974 1758 5033 Nobis
1796 4981 1978 5031 tamen
2022 4991 2167 5032 unus

649 5172 765 5244 (19)
798 5169 988 5244 Ambr.
1039 5171 1196 5244 edit.,
1243 5173 1384 5229 Nam
1431 5178 1478 5228 et
1521 5171 1613 5227 hoc
1667 5172 1929 5232 Verbum:
1968 5173 2170 5231 meliuc

575 5239 754 5316 Vigil.
780 5253 834 5371 ﬁt
861 5243 1036 5300 codex
1066 5243 1228 5312 Tell.,
1250 5245 1391 5302 Nam
1415 5250 1461 5299 et
1487 5245 1549 5300 ob
1582 5246 1695 5314 hoc,
1723 5244 1781 5301 id
1801 5253 1903 5312 est,
1934 5245 2004 5302 ob
2033 5246 2172 5303 bans

577 5333 714 5384 rem,
749 5332 776 5371 e
805 5333 854 5371 c.

653 5387 772 5513 (20)
802 5385 952 5442 Edit.
997 5384 1187 5455 Amb.,
1233 5391 1293 5440 ut
1330 5387 1688 5444 necessariora
1717 5388 1773 5442 in
1803 5387 1961 5513 ipsa;
1998 5390 2172 5446 codex

653 5459 742 5513 l..
791 5464 852 5512 ut
896 5457 1192 5513 necessaria
1238 5457 1296 5512 in
1342 5459 1505 5513 ipsa:
1551 5459 1757 5513 ontime
1858 5459 1974 5513 iui].
2015 5469 2078 5513 ut
2114 5462 2172 5513 in

579 5457 759 5585 'tl‘ell,
791 5464 852 5512 ut
896 5457 1192 5513 necessaria
1238 5457 1296 5512 in
1342 5459 1505 5530 ipsa:
1551 5459 1757 5530 optime
1803 5457 1974 5531 Vigil.
2015 5469 2078 5517 ut
2114 5462 2174 5517 in

605 5544 675 5584 ex
703 5545 760 5584 u.

654 5599 772 5670 (21)
808 5597 1316 5672 Ita‘codexfl‘ell.et
1331 5598 1465 5656 edit.
1499 5599 1670 5672 Vigil.
1699 5618 1711 5657 :
1744 5601 1909 5658 Amb.
1942 5617 2094 5671 vero,
2119 5609 2178 5660 ut

580 5683 703 5725 vero
727 5686 827 5739 rex
855 5670 1025 5739 altam
1051 5671 1123 5725 ad
1148 5671 1353 5739 Patris,
1382 5677 1488 5728 etc.

656 5738 775 5809 (22)
807 5738 1002 5795 Ambr.
1033 5740 1168 5798 edit.
1199 5738 1480 5798 cumcod.
1523 5741 1662 5798 Tell.
1696 5749 1750 5798 et
1786 5741 1948 5812 Last”
1976 5749 2026 5800 et
2062 5759 2179 5800 cum

2269 4700 2468 4757 dictus.

2343 4791 2489 4848 Illud
2511 4800 2638 4850 ante
2659 4802 2858 4849 cuncta
2879 4799 3202 4860 metuentes,
3225 4791 3358 4863 quia
3377 4790 3487 4846 nisi
3503 4789 3659 4844 Pater
3675 4785 3791 4856 (24)
3812 4792 3855 4840 et

2273 4881 2448 4938 Filius
2473 4899 2646 4938 unum
2679 4899 2788 4939 non
2812 4883 2942 4952 sint,
2977 4883 3036 4937 in
3066 4879 3337 4937 invidiam
3358 4886 3608 4937 recurrat
3633 4874 3855 4934 auctoris

2274 4973 2606 5046 interpolata
2634 4974 2932 5030 nativitas:
2986 4973 3092 5030 hoc
3140 4971 3289 5028 enim
3329 4971 3542 5044 placuit
3575 4966 3853 5032 hareticis,

2277 5172 2515 5232 omnibus
2559 5172 2663 5246 ipsi
2711 5173 3035 5239 dissociata;
3080 5172 3251 5245 Vigil.
3307 5170 3662 5240 concinnius,
3711 5174 3770 5222 ut
3808 5162 3855 5218 iu

2277 5257 2456 5304 textu.
2694 5274 2702 5282 °

2355 5320 2475 5393 (23)
2503 5320 2660 5376 Rom.
2693 5317 2825 5393 edit.
2858 5315 2988 5393 sola,
3022 5316 3162 5393 Na_m
3186 5322 3234 5393 et
3255 5315 3494 5393 B_aruc_h.
3517 5312 3626 5393 Sed
3647 5319 3703 5393 et
3731 5309 3857 5393 hunc

2281 5384 2528 5447 Ieremia).
2575 5391 2798 5447 nomine
2840 5388 3028 5456 etiam,
3075 5387 3142 5443 ab
3191 5386 3490 5443 Ambrosio
3546 5384 3709 5442 citari
3757 5384 3855 5451 jam

2283 5473 2408 5520 ante
2437 5479 2548 5517 non
2577 5463 2742 5518 semel
2775 5459 3055 5516 advertere
3087 5459 3263 5515 licuit.

2359 5535 2476 5606 (24)
2499 5534 2621 5589 Vet.
2648 5533 2803 5606 edit.,
2835 5531 2975 5600 quod
2989 5531 3087 5606 _ubi
3102 5531 3264 5585 Pater
3281 5547 3293 5597 ;
3310 5529 3607 5606 Vigil.,jie
3626 5527 3673 5582 si
3697 5525 3857 5606 Pater;

2284 5594 2595 5675 mss.,'quia
2623 5605 2726 5658 nisi
2753 5594 2932 5659 Pater.
2966 5604 3040 5657 At
3062 5617 3176 5673 seq.
3209 5594 3858 5675 membroubivet._edit.

2285 5691 2348 5733 ac
2375 5669 2530 5743 mss”
2576 5675 2783 5730 invidia
2808 5679 3072 5743 recurrat,
3117 5669 3294 5730 multo
3335 5672 3538 5729 melius
3585 5669 3781 5741 Vigil.,
3819 5669 3860 5716 tl

2286 5746 2544 5802 invidiam
2568 5751 2828 5802 recurrat.
