3864 6188
508 250 616 309 595
1517 246 1613 302 AD
1652 242 1888 300 OPEBA
1925 240 1981 297 S.
2025 238 2106 297 Ah

2228 236 2360 295 OSII
2401 235 2763 294 APPENDIX
2775 277 2788 293 .
3728 242 3844 298 596

510 388 727 438 noctem
748 377 808 435 in
829 378 1086 435 columna
1107 376 1249 450 ignis
1274 373 1428 450 quasi
1457 374 1574 431 dux
1593 374 1808 431 itineris
1828 372 2095 448 praeeede-
2131 367 2183 427 A
2213 374 2481 424 caecatur:
2514 376 2569 425 et
2614 367 2800 425 lumen
2830 363 2990 437 illud,
3026 364 3173 440 quod
3201 373 3320 424 toto
3377 365 3517 423 orbe
3564 365 3835 425 diﬂ'usum

510 471 605 527 hat
635 470 837 544 (Exod.
879 486 1002 537 xm,
1044 468 1171 541 21);
1208 476 1269 524 ιιι
1299 465 1558 539 baptismi
1593 465 1821 538 gratiam
1859 481 1955 536 per
1988 481 2107 520 nu-
2215 461 2364 522 claro
2393 461 2681 535 splendore
2706 469 2903 521 cuncta
2946 459 3248 534 perfundit,
3300 475 3478 532 parvo
3529 459 3830 520 admodum

509 560 658 629 bem,
690 568 743 616 et
771 559 977 616 donum
1008 557 1179 614 sancti
1221 555 1457 628 Spiritus
1495 570 1589 627 per
1620 555 1802 627 ignem
1844 553 2108 610 ostende-
2217 552 2498 610 obstaculo
2528 552 2692 612 nubis
2731 550 3055 619 includitur,
3113 566 3226 608 non
3284 549 3552 606 aufertur
3585 568 3597 609 :
3650 551 3727 609 sic
3783 565 3833 611 et

511 660 597 707 ret
632 667 643 707 :
676 647 804 722 quia
831 647 1108 718 apostolus
1143 645 1345 700 Paulus
1374 644 1432 699 in
1463 660 1498 698 ιι
1526 643 1608 700 :be
1636 651 1815 717 patres
1855 642 2109 716 baptiza-
2218 644 2385 702 homo
2413 644 2506 700 ille
2535 660 2697 717 quem
2733 641 3003 701 Dominus
3026 642 3202 710 Iesus,
3232 641 3613 716 Salvatorque
3631 654 3834 713 noster,

513 749 599 795 tos
627 738 818 794 scribit
853 738 911 808 (ι
957 736 1083 791 Cor.
1113 752 1173 803 x,
1208 734 1290 805 2),
1335 742 1391 790 et
1418 733 1683 806 Spiritum
1735 733 1879 790 sicut
1924 733 2101 807 ignem

514 845 628 884 esse
658 826 1027 899 apostolorum
1058 825 1195 879 Acta
1223 823 1507 879 declarant
1538 822 1684 894 (Act.
1718 840 1780 891 ιι,
1812 822 1894 893 3).

586 925 757 981 Vides
781 939 909 995 ergo
929 938 1025 995 per
1053 920 1260 991 omnia,
1290 921 1566 990 haeretice,
1595 920 1938 978 characteres
1966 915 2110 973 divi-

515 1031 710 1073 narum
740 1013 1145 1085 Scripturarum
1172 1011 1230 1067 in
1262 1011 1525 1067 honorem
1557 1010 1660 1067 Dei
1688 1007 1936 1083 patrihus
1961 1025 2112 1081 prce-

516 1113 795 1171 ostensos;
830 1110 1145 1159 nontamen
1167 1100 1347 1173 ipsum
1376 1101 1575 1168 Deum,
1600 1106 1662 1155 ut
1689 1106 1769 1155 est
1791 1097 2011 1171 proprie
2031 1113 2112 1153 re-

515 1194 779 1250 velatum.
814 1190 1063 1263 Denique
1092 1206 1219 1247 cum
1251 1189 1468 1261 Moyses
1497 1194 1677 1244 oraret
1698 1194 1758 1243 ut
1782 1185 1980 1243 faciem
2011 1185 2112 1243 Dei

518 1298 652 1355 pure
671 1280 904 1348 videret,
920 1277 1055 1352 quid
1073 1277 1143 1334 ad
1162 1277 1324 1333 illum
1345 1276 1611 1333 continuo
1625 1274 1811 1332 Deus?
1843 1298 1861 1321 ι
1882 1274 2004 1331 Νοιι
2022 1291 2113 1346 ρο-

519 1372 671 1439 teris,
697 1368 902 1443 inquit,
931 1366 1123 1424 videre
1152 1364 1349 1423 faciem
1379 1381 1556 1421 meam
1591 1382 1602 1420 :
1635 1380 1748 1420 non
1777 1363 1927 1419 enim
1963 1361 2113 1419 vide-

517 1461 601 1519 bit
621 1461 789 1517 homo
808 1456 1003 1515 faciem
1021 1471 1220 1523 meam,
1241 1461 1295 1511 et
1314 1454 1466 1510 vivet
1489 1453 1693 1526 (Exod.
1712 1468 1918 1521 χχχιιι,
1939 1451 2057 1523 20).
2080 1476 2100 1501 ι

520 1553 636 1609 Hoc
665 1551 784 1623 ipso
812 1546 960 1621 quod
990 1552 1220 1617 negatur
1239 1552 1512 1616 aspectus,
1541 1541 1759 1599 claritas
1785 1541 2110 1613 assignatur,

520 1657 640 1714 quae
670 1637 884 1695 scilicet
902 1642 1055 1692 tanta
1072 1642 1154 1690 est
1174 1640 1379 1707 quanta
1407 1631 1677 1689 credenda
1704 1638 1804 1701 est,
1832 1647 1952 1704 quae
1974 1629 2114 1686 invi-

2220 737 2278 793 id
2333 745 2434 805 est,
2482 738 2626 794 Deus
2681 736 2889 809 Deique
2936 732 3355 802 Filiusiuduit;
3408 736 3596 792 Deum
3649 743 3827 793 tamen

2222 830 2281 885 in
2306 828 2402 885 illo
2437 828 2551 901 (31)
2585 845 2695 884 non
2728 827 3040 900 intercepit,
3071 825 3166 882 sed
3197 825 3518 883 abscondit.

2291 919 2538 992 Denique
2566 936 2694 976 cum
2724 918 2783 974 in
2812 925 2999 974 monte
3028 933 3084 973 se
3130 916 3423 989 paululum
3454 926 3622 975 extra
3656 919 3825 992 ipsum

2222 1008 2502 1065 hominem
2533 1008 2841 1076 extulisset,
2896 1006 3111 1080 fulgore
3139 1005 3375 1063 luminis
3404 1005 3533 1080 ejus
3564 1024 3701 1082 pene
3721 1008 3830 1066 oh—

2221 1102 2407 1160 caecati
2436 1100 2667 1173 apostoli
2706 1101 2764 1156 in
2824 1108 3021 1156 terram
3054 1098 3255 1171 quippe
3287 1098 3552 1156 homines
3610 1100 3824 1157 cecide-

2223 1199 2355 1247 runt
2384 1190 2595 1264 (Matth.
2625 1207 2767 1259 xvn,
2807 1189 2888 1262 6),
2922 1186 3218 1261 periclitati
3246 1187 3446 1257 vitam,
3479 1189 3593 1246 nisi
3624 1190 3701 1245 eis
3726 1192 3827 1246 Do~

2224 1282 2410 1338 minus
2463 1297 2773 1353 compresso
2817 1296 3036 1336 rursum
3085 1279 3389 1351 majestatis
3454 1297 3571 1336 suae
3623 1280 3825 1338 honore

2222 1379 2286 1428 ut
2312 1371 2623 1428 misericors
2672 1370 3041 1439 subvenisset,
3079 1370 3383 1428 secundum
3416 1369 3575 1425 illam
3602 1379 3826 1428 senten-

2222 1460 2357 1517 tiam
2393 1479 2405 1517 :
2453 1486 2472 1508 ι
2496 1461 2668 1516 Nemo
2696 1459 2839 1516 vidit
2880 1461 3076 1529 Deum,
3104 1469 3158 1516 et
3204 1459 3351 1515 vixit
3382 1460 3595 1533 (Exod.
3627 1477 3819 1528 χχχιιι,

2224 1549 2339 1619 20).
2375 1575 2392 1597 ι
2434 1550 2505 1607 Ut
2559 1566 2688 1622 ergo
2742 1548 2962 1606 claritas
3010 1550 3165 1616 solis,
3195 1566 3321 1607 cum
3368 1567 3484 1607 non
3547 1568 3720 1624 usque
3762 1552 3819 1606 ad

2225 1647 2441 1696 nostros
2474 1640 2591 1713 (32)
2619 1640 2818 1697 emicat
2855 1641 3031 1709 visus,
3065 1639 3171 1696 sibi
3194 1642 3346 1697 salva
3376 1649 3461 1697 est
3489 1660 3504 1709 ;
3536 1642 3670 1715 quia
3689 1641 3815 1715 quod

519 1730 698 1787 sibilis
717 1728 1013 1783 indicatur.
1039 1725 1176 1783 Cum
1199 1741 1326 1798 ergo
1351 1725 1566 1797 Moyses
1586 1722 1678 1797 qui
1702 1730 1757 1779 et
1776 1721 1943 1778 situm
1965 1721 2111 1790 caeli,
2145 1729 2194 1792 Β
2225 1747 2336 1787 non
2366 1731 2605 1801 videtur,
2638 1730 2980 1789 inﬁrmitatis
3009 1739 3090 1789 est
3117 1741 3335 1802 nostra,
3369 1749 3615 1807 quorum
3646 1735 3815 1789 acula,

520 1827 574 1876 et
603 1817 825 1873 ordines
855 1810 1070 1882 mundi,
1102 1820 1157 1870 et
1185 1815 1583 1870 elementorum
1614 1814 1785 1881 vices,
1816 1812 1989 1869 totius
2017 1810 2116 1867 de-

522 1909 690 1982 nique
720 1906 870 1964 orbis
893 1912 1216 1962 ornamenta
1242 1904 1554 1977 digesserit,
1585 1903 1869 1969 indicarit,
1899 1917 2117 1974 expres-

520 1999 676 2067 serit,
708 1997 797 2054 cui
837 1996 952 2069 ipse
981 1995 1254 2053 Dominus
1288 1994 1668 2050 testimonium
1704 1990 1985 2065 perhibuit
2018 1991 2116 2047 di-

519 2109 649 2151 cens
677 2110 689 2149 :
732 2114 749 2138 ε
781 2091 952 2147 Nemo
977 2087 1082 2146 erit
1097 2104 1167 2144 ex
1188 2084 1470 2159 prophetis
1491 2091 1554 2139 ut
1573 2099 1764 2139 servus
1793 2098 1947 2137 meus
1964 2082 2116 2154 Moy-

519 2199 625 2250 ses,
678 2181 768 2238 cui
815 2178 955 2236 facie
992 2177 1061 2234 ad
1105 2176 1322 2243 faciem,
1367 2188 1461 2228 ore
1508 2172 1578 2227 ad
1619 2189 1681 2228 os
1730 2172 1948 2229 loculus
1992 2187 2114 2227 sum

522 2272 709 2343 (Nam.
753 2287 856 2338 xu,
904 2270 956 2337 7,
987 2268 1080 2339 8);
1114 2290 1133 2313 ι
1176 2266 1350 2322 Deum
1391 2269 1574 2319 tamen
1608 2277 1743 2335 pure
1779 2260 1967 2318 videre
2004 2277 2116 2317 non

520 2361 719 2434 potuit.
736 2360 933 2417 Merito
949 2357 1171 2432 quidem
1192 2353 1479 2429 prophetia
1494 2352 1646 2409 omni
1661 2352 1879 2425 dignus,
1893 2350 1989 2408 sed
2004 2366 2117 2407 non

518 2440 692 2525 usque
718 2450 853 2506 adeo
881 2458 944 2506 ut
974 2447 1177 2504 intueri
1204 2448 1381 2503 Deum
1411 2445 1639 2514 valeret,
1669 2459 1777 2516 qua
1804 2441 1972 2499 homo
1998 2449 2115 2498 tan-

516 2539 805 2599 tummodo
828 2546 987 2597 esset.

588 2640 660 2695 Et
711 2637 903 2712 utique
955 2636 1074 2694 haec
1117 2634 1306 2692 omnia
1348 2633 1478 2690 Filii
1526 2630 1693 2688 verba
1745 2627 2113 2697 defendimus,

518 2748 681 2805 quem
706 2730 767 2786 in
810 2735 995 2785 monte
1030 2727 1161 2784 Sina
1190 2742 1317 2783 cum
1350 2725 1538 2796 Moyse
1577 2723 1824 2778 locutum
1855 2735 1970 2775 esse
1998 2717 2117 2775 sci-

519 2840 643 2879 mus
673 2821 875 2894 (Exod.
907 2835 1070 2884 χχχι,
1116 2817 1233 2888 18),
1275 2816 1371 2888 qui
1410 2814 1636 2886 agendis
1665 2810 2115 2885 explicandisque

516 2910 680 2965 rebus
727 2924 758 2963 a
805 2907 965 2961 Patre
995 2904 1293 2960 advenerat
1335 2920 1348 2958 :
1393 2902 1523 2974 quia
1560 2900 1747 2957 omnia
1775 2916 1804 2956 a
1839 2899 2114 2972 principio

516 3011 614 3069 per
641 2994 820 3067 ipsum
850 2999 904 3048 et
932 2990 1199 3058 ordinari,
1231 2998 1284 3046 et
1312 2987 1599 3062 explicari,
1629 2998 1684 3045 et
1713 3004 1933 3044 manere
1969 3004 2115 3045 con-

2224 1822 2457 1879 nubium
2480 1824 2619 1880 texit
2647 1822 2953 1880 obscuritas
2986 1842 2998 1879 :
3033 1824 3110 1879 ita
3136 1824 3326 1897 prohat
3352 1841 3411 1881 se
3440 1841 3559 1882 non
3592 1841 3693 1880 suo
3713 1823 3813 1895 (33)

2224 1913 2555 1970 detrimento
2585 1914 2793 1987 proprii
2825 1913 3049 1970 latuisse
3076 1914 3317 1986 fulgoris,
3364 1913 3465 1970 sed
3495 1914 3711 1981 carnis,
3767 1924 3813 1967 ut

2224 2001 2365 2072 dixi,
2390 2002 2683 2073 beneﬁcio,
2710 2003 2869 2077 cujus
2898 2020 3062 2060 causa
3089 2003 3256 2059 Filius
3278 2003 3376 2060 Dei
3396 2002 3555 2059 ﬁlius
3587 2002 3816 2059 hominis

2224 2109 2339 2149 esse
2368 2093 2651 2149 sustinuit.

2294 2182 2498 2257 Nempe
2541 2183 2690 2239 enim
2740 2182 2807 2239 de
2846 2181 3056 2256 Spiritu
3101 2182 3201 2239 Dei
3230 2182 3401 2254 Virgo
3439 2182 3717 2254 concepit,
3772 2191 3816 2237 et

2225 2272 2372 2348 quod
2401 2273 2676 2347 concepit,
2730 2273 2837 2331 hoc
2885 2273 3116 2347 peperit,
3148 2273 3203 2330 id
3251 2280 3354 2342 est,
3403 2274 3584 2329 Deum
3616 2272 3811 2328 homini

2225 2381 2345 2433 suo,
2360 2372 2433 2420 -ιιι
2460 2361 2571 2435 jam
2603 2363 2744 2431 dixi,
2768 2363 3055 2431 sociatum,
3079 2362 3224 2419 sicut
3248 2362 3364 2436 ipse
3393 2361 3543 2418 dixit
3569 2379 3581 2418 :
3630 2387 3649 2410 ε
3671 2360 3811 2430 Quod

2224 2453 2472 2510 nascitur
2500 2453 2568 2510 de
2620 2469 2803 2522 carne,
2847 2470 2974 2510 caro
3002 2461 3110 2509 est:
3161 2461 3215 2510 et
3266 2452 3416 2527 quod
3472 2454 3715 2509 nascitur
3755 2452 3811 2508 de

2225 2544 2447 2617 Spiritu,
2476 2542 2704 2615 spiritus
2732 2551 2813 2599 est
2840 2542 3023 2615 (Joan.
3054 2560 3135 2611 ιιι,
3167 2542 3224 2615 6)
3253 2561 3267 2611 ;
3300 2568 3318 2591 ι
3362 2542 3496 2616 quia
3536 2544 3680 2598 Deus
3706 2542 3811 2614 spi-

2223 2633 2365 2690 ritus
2388 2641 2490 2703 est,
2519 2640 2571 2689 et
2610 2632 2677 2689 de
2723 2633 2837 2689 Deo
2866 2640 3030 2689 natus
3056 2640 3155 2689 est.
3183 2631 3337 2688 Sicut
3381 2639 3437 2687 et
3489 2631 3709 2704 angelus
3752 2627 3807 2683 ad

2221 2723 2452 2781 Mariam
2483 2722 2771 2796 Virginem
2800 2721 2982 2791 dixit:
3057 2746 3077 2770 ι
3109 2720 3347 2796 Spiritus
3376 2719 3480 2776 Dei
3524 2718 3705 2775 veniet
3759 2718 3805 2773 in

2223 2824 2296 2884 te,
2337 2823 2391 2871 et
2432 2814 2614 2870 virtus
2663 2812 2939 2869 Altissimi
2996 2810 3350 2868 obumbrabit
3403 2817 3480 2867 te.
3541 2809 3805 2881 Propterea

2223 2907 2370 2981 quod
2394 2916 2649 2963 nascetur
2691 2922 2762 2962 ex
2808 2912 2863 2962 te
2890 2913 3160 2974 sanctum,
3191 2902 3487 2963 vocabitur
3516 2902 3688 2961 Filius
3724 2900 3803 2958 Dei

2225 2997 2374 3069 (Luc.
2402 3014 2443 3065 ι,
2464 2996 2580 3069 35).
2614 3020 2634 3045 ι

516 3089 763 3151 venerat,
790 3089 853 3138 ut
881 3079 1121 3137 habendi
1149 3078 1279 3136 Filii
1305 3078 1423 3135 haec
1440 3076 1717 3168 praecipua
1730 3077 1881 3168 ratio
1901 3084 2112 3135 consta-
2143 3098 2186 3159 ρ
2294 3094 2462 3153 Vides
2490 3110 2618 3168 ergo
2668 3095 2849 3168 ipsum
2879 3092 3168 3167 spiritum,
3217 3091 3275 3149 id
3307 3100 3395 3150 est
3444 3092 3655 3150 Filium
3700 3093 3801 3158 Dei,

515 3181 617 3232 ret.
638 3174 710 3232 Et
723 3179 907 3229 tamen
926 3171 1007 3229 sic
1021 3170 1173 3227 visus
1188 3168 1477 3242 accipitur,
1500 3175 1561 3223 ut
1578 3165 1813 3239 alicujus
1832 3167 2109 3241 conspica-

512 3264 662 3335 bilis,
695 3274 759 3322 ut
786 3262 928 3334 dixi,
958 3261 1202 3320 materiae
1223 3259 1583 3334 dispositione
1603 3266 1882 3331 assumpta
1900 3257 2109 3314 videre-

512 3363 626 3426 tur,
656 3354 810 3412 salva
836 3353 1050 3411 scilicet
1072 3349 1459 3409 invisibilitate
1488 3347 1626 3421 ejus,
1650 3362 1814 3420 quam
1837 3363 1868 3403 a
1887 3363 2109 3419 conspe-

512 3453 607 3502 ctu
637 3442 885 3500 omnium
918 3440 1171 3512 majestas
1198 3439 1467 3496 interfusa
1506 3436 1770 3511 seposuit.
1807 3437 1928 3493 Non
1959 3435 2108 3491 enim

513 3530 594 3586 sic
621 3527 879 3585 humanis
908 3526 1219 3599 aspectibus
1246 3527 1522 3582 revelatus
1551 3534 1652 3594 est,
1685 3532 1747 3580 ut
1776 3531 1893 3579 tota
1922 3523 1979 3578 in
2010 3524 2108 3579 illo

513 3616 689 3673 deitas
714 3622 997 3687 appareret
1029 3631 1041 3669 :
1072 3613 1167 3669 sed
1194 3613 1264 3669 ad
1291 3612 1471 3669 vicem
1499 3612 1708 3684 speculi
1740 3628 1867 3668 cum
1900 3628 2109 3669 conce-

512 3713 635 3781 ptos
649 3706 796 3763 intra
810 3704 989 3761 lucem
1006 3718 1161 3759 suam
1175 3702 1366 3758 vultus
1381 3700 1535 3774 quasi
1551 3700 1618 3756 ad
1636 3699 1852 3772 plenam
1871 3701 2107 3773 effigiem

510 3796 758 3856 hominis
782 3794 1021 3854 includit
1050 3812 1062 3851 :
1094 3793 1173 3851 ita
1200 3790 1501 3865 majestatis
1531 3790 1650 3864 ejus
1675 3799 1955 3864 praeeunte
1986 3792 2107 3848 ful-

511 3904 659 3961 gore,
690 3887 838 3944 intra
863 3885 922 3943 id
948 3885 1131 3942 visum
1158 3890 1240 3940 est
1271 3882 1412 3956 (29),
1441 3881 1589 3956 quod
1623 3881 1916 3953 imaginem
1948 3881 2106 3941 veri-

508 3978 661 4049 tatis,
690 3994 803 4036 non
830 3978 1011 4053 ipsum
1041 3978 1213 4034 Deum
1244 3974 1467 4049 proprie
1486 3973 1906 4032 demonstraret.

580 4084 672 4141 Sic
708 4091 764 4141 et
798 4100 926 4141 cum
968 4083 1250 4151 hominem
1289 4079 1809 4162 indueredignatus
1846 4087 1948 4149 est,
1990 4097 2101 4137 non

509 4171 689 4229 labem
736 4171 1031 4229 aeternitati
1091 4172 1305 4241 intulit,
1355 4180 1419 4229 ut
1466 4170 1723 4245 spiritum
1775 4170 1835 4228 in
1879 4188 2098 4229 carnem

508 4268 766 4329 mutaret,
814 4261 909 4317 sed
958 4267 1021 4317 ut
1064 4268 1316 4333 suscepto
1357 4260 1574 4318 homini
1626 4261 2095 4320 immortalitatem

506 4355 671 4423 atque
725 4346 1086 4403 aeternitatem
1140 4348 1377 4404 caelestis
1426 4348 1556 4405 vitae
1608 4358 1910 4421 praestaret.
1959 4353 2096 4408 Nam

2218 3184 2436 3241 venisse
2465 3185 2534 3242 ad
2559 3184 2868 3257 Virginem,
2901 3192 2955 3240 et
2997 3183 3129 3240 inde
3179 3180 3279 3239 Dei
3334 3190 3391 3238 et
3444 3181 3691 3239 hominis
3734 3180 3802 3237 Fi-

2220 3274 2357 3331 lium
2387 3272 2750 3347 processisse;
2796 3289 2898 3331 nec
2934 3260 3118 3329 tamen
3165 3271 3283 3344 ipso
3334 3270 3665 3329 indumento
3707 3286 3796 3327 car-

2219 3363 2306 3420 nis
2334 3364 2434 3420 Dei
2462 3364 2667 3421 Filium
2697 3379 2813 3420 esse
2852 3370 3150 3431 mutatum,
3179 3361 3276 3419 sed
3326 3361 3589 3418 eumdem
3646 3361 3796 3433 ipsum

2218 3468 2335 3509 esse
2364 3452 2423 3509 in
2451 3452 2697 3522 homine,
2729 3452 2824 3526 qui
2854 3452 3033 3509 fuerat
3085 3459 3211 3509 ante
3239 3449 3513 3506 mundum
3562 3466 3683 3508 cum
3708 3450 3796 3505 Pa-

2216 3549 2299 3598 tre
2328 3559 2341 3609 ;
2376 3558 2472 3615 per
2500 3558 2662 3615 quem
2693 3542 2837 3598 facta
2889 3550 3020 3598 sunt
3047 3540 3255 3609 omnia,
3312 3547 3368 3595 et
3405 3539 3529 3595 sine
3587 3555 3690 3612 quo
3731 3536 3793 3591 fa-

2215 3639 2363 3688 ctum
2393 3639 2474 3688 est
2498 3631 2667 3700 nihil,
2703 3631 2846 3688 sicut
2874 3629 3208 3703 evangelista
3234 3628 3315 3685 ait
3342 3646 3354 3684 :
3396 3651 3416 3675 ι
3454 3627 3694 3685 Mundus
3718 3642 3792 3700 per

2217 3720 2395 3793 ipsum
2440 3721 2617 3778 factus
2669 3729 2770 3792 est,
2819 3728 2873 3778 et
2925 3717 3166 3778 mundus
3201 3734 3331 3777 eum
3387 3734 3505 3776 non
3565 3716 3793 3792 cognovit

2218 3808 2400 3882 (Joan.
2434 3828 2476 3880 ι,
2519 3810 2634 3883 10).
2674 3835 2695 3860 ι

2284 3910 2554 3969 Caeterum
2601 3911 2835 3968 amentis
2888 3919 2970 3968 est
3021 3908 3244 3968 credere
3291 3908 3361 3966 ab
3390 3923 3456 3965 eo
3485 3923 3643 3981 posse
3685 3905 3789 3963 libe-

2213 4008 2342 4076 rari,
2377 4008 2472 4080 qui
2503 4016 2566 4064 ut
2593 4007 2868 4075 liberaret,
2900 4006 3136 4063 amissus
3174 4013 3295 4062 est:
3355 4013 3420 4061 ut
3481 4010 3788 4062 nasceretur,

2210 4113 2498 4169 oppressus
2525 4104 2607 4153 est
2657 4115 2668 4153 :
2703 4104 2765 4153 ut
2793 4095 3263 4151 immortalitatem
3306 4093 3599 4165 reciperet,
3628 4098 3789 4146 trans-

2210 4186 2315 4243 ivit
2340 4187 2408 4243 ad
2437 4193 2690 4243 mortem.
2726 4184 2832 4242 Sed
2859 4184 3024 4254 absit,
3060 4183 3339 4252 haeretice,
3370 4190 3436 4238 ut
3475 4197 3669 4239 sensus
3703 4188 3789 4235 tua:

2208 4275 2518 4350 iniquitatis
2553 4291 2586 4331 a
2612 4273 2901 4332 catholicis
2928 4272 3289 4340 admittatur;
3328 4288 3431 4328 nos
3467 4271 3619 4327 enim
3646 4262 3789 4325 credi-

2206 4381 2330 4421 mus
2357 4363 2759 4421 immutabilem
2817 4370 2870 4418 et
2899 4360 3406 4419 inconvertibilem.
3455 4359 3697 4416 Verbum
3747 4356 3790 4409 et

507 4435 612 4494 etsi
655 4434 952 4526 Apostolus
989 4435 1351 4526 semetipsum
1395 4436 1707 4526 exinanisse
1753 4438 1890 4495 dicit
1929 4457 1942 4496 :
1987 4442 2097 4498 for-
2131 4454 2181 4515 D
2209 4454 2484 4526 spiritum,
2530 4452 2588 4508 id
2616 4461 2699 4508 est
2742 4451 2948 4508 Filium
3007 4450 3130 4519 Dei,
3189 4449 3282 4524 qui
3337 4466 3467 4506 cum
3533 4446 3786 4504 hominem

508 4541 655 4582 mam
684 4523 828 4581 servi
860 4522 1227 4596 suscipiendo,
1270 4540 1382 4580 non
1410 4525 1603 4597 utique
1640 4525 1720 4583 sic
1753 4527 2101 4588 exinanitum

506 4612 832 4688 accipimus,
862 4619 924 4669 ut
967 4611 1119 4670 aliud
1148 4628 1312 4687 quam
1342 4612 1489 4687 quod
1514 4613 1713 4684 fuerat,
1745 4615 1891 4672 idem
1918 4617 2104 4691 Spiri-

504 4722 597 4771 tus
624 4712 780 4773 ﬁeret
818 4713 935 4789 (30)
972 4732 984 4771 :
1031 4709 1176 4769 356
1204 4712 1300 4771 sed
1332 4718 1394 4769 ut
1437 4712 1675 4785 seposito
1712 4712 1936 4772 interim
1974 4733 2101 4774 ma-

501 4800 717 4874 jestatis
765 4820 876 4861 suae
927 4804 1158 4875 honore,
1215 4802 1520 4860 humanum
1572 4818 1772 4877 corpus
1823 4805 2099 4876 indueret,

507 4906 617 4965 quo
672 4901 944 4968 suscepto,
998 4895 1146 4951 salus
1195 4893 1440 4968 gentium
1484 4892 1657 4950 ﬁeret.
1708 4894 1779 4951 Ut
1825 4896 1974 4953 enim
2017 4898 2099 4954 sol

505 4995 632 5036 cum
671 4981 817 5038 nube
852 4982 1076 5057 tegitur,
1120 4983 1343 5041 claritas
1380 4981 1498 5056 ejus
1538 4983 1945 5057 comprimitur,
1985 5001 2098 5042 non

515 5181 526 5192 .
573 5111 857 5192 _(29)_Vet_.
887 5111 1020 5169 edit.
1055 5119 1121 5192 et_
1151 5128 1281 5168 mss.
1321 5112 1482 5192 Τειι.,
1524 5112 1603 5192 ita
1629 5110 2094 5192 maiestaaejus...

504 5182 651 5239 intra
678 5182 754 5256 id
786 5182 958 5239 visum
996 5188 1124 5256 esset
1159 5200 1177 5238 :
1208 5182 1380 5255 magis
1417 5183 1688 5256 concinne
1726 5183 1918 5256 Vigill.
1960 5182 2093 5256 edit.

503 5269 631 5335 cum
689 5254 844 5338 Laet.‘
882 5255 1137 5338 ms.,_ita
1726 5298 1739 5310 .
1773 5254 1987 5335 (iam:
2042 5254 2097 5309 id

502 5325 675 5451 Egit?
706 5332 797 5395 est,
828 5324 938 5383 hoc
965 5332 1067 5393 est,
1100 5325 1202 5385 sub
1221 5324 1310 5383 his
1337 5324 1754 5383 conditionibus
1782 5324 1925 5382 visio
1952 5342 2097 5382 con-

607 5414 620 5450 l
653 5414 736 5451 ur.

607 5403 736 5452 itur.

578 5466 694 5539 (30)
723 5466 855 5539 Gill.
883 5476 938 5524 et
966 5469 1123 5539 Rom.
1155 5467 1313 5536 edit.,
1344 5468 1482 5523 idem
1505 5466 1745 5539 Christus
1766 5468 1943 5539 ﬁeret;
1973 5468 2096 5524 alia:

504 5548 591 5612 ac.
614 5537 943 5612 mss.,‘idem
978 5538 1211 5612 spiritus
1252 5540 1418 5612 ﬁeret.
1442 5537 1680 5612 Minime
1721 5537 1899 5605 male;
1932 5555 2097 5610 supra

505 5603 652 5661 enim
681 5607 947 5680 scriptum
978 5603 1230 5681 legimus,
1252 5603 1334 5665 ἰιι
1368 5608 1618 5685 spiritum
1642 5608 1702 5663 in
1728 5603 1936 5665 carnem
1966 5603 2096 5664 niu—

2212 4540 2417 4609 induit,
2450 4557 2562 4597 non
2598 4547 2801 4597 statum
2854 4540 3046 4609 vertit,
3078 4556 3191 4597 non
3245 4537 3503 4595 ordinem
3552 4532 3786 4611 perdidit,

2210 4646 2321 4687 non
2368 4628 2732 4685 substantiam
2770 4627 3121 4685 immutavit:
3154 4628 3248 4685 sed
3300 4627 3528 4683 illuvies
3572 4623 3785 4697 ejusdem

2208 4721 2452 4793 corporis
2503 4728 2708 4776 aeterno
2741 4719 3016 4777 claritatis
3062 4735 3175 4775 suae
3207 4717 3417 4775 lumine
3471 4712 3782 4774 illustravit;

2206 4817 2271 4865 ut
2298 4808 2367 4865 ad
2404 4825 2504 4865 nos
2544 4824 2643 4881 per
2688 4807 2967 4865 tramitem
3015 4807 3261 4880 corporis
3315 4807 3433 4880 ejus
3486 4805 3591 4862 lux
3636 4796 3782 4859 sancti

2206 4898 2465 4972 Spiritus,
2494 4906 2549 4955 et
2575 4904 2791 4954 aeternae
2819 4895 2948 4953 vitae
2968 4895 3142 4968 gratia
3169 4893 3524 4952 redundaret.

2276 4989 2449 5058 Quem
2492 4987 2594 5045 etsi
2652 5003 2871 5059 passum
2923 4984 3202 5043 credimus
3257 4992 3312 5041 et
3366 4984 3667 5058 sepultum,
3707 4973 3779 5034 sed

2207 5120 2358 5170 taret.

2303 5185 2395 5257 31)
2428 5184 2598 5257 νὶςίίι.
2630 5183 2786 5257 edi_t.,
2821 5180 3147 5239 divinitatem
3176 5181 3234 5237 in
3267 5181 3384 5238 illo.

2303 5251 2394 5324 32)
2439 5251 2631 5312 Ambr.
2666 5254 2800 5312 edit.
2833 5271 2897 5312 ac
2927 5269 3080 5324 mss,
3108 5270 3228 5308 cum
3256 5269 3418 5323 usque
3445 5251 3523 5324 ad
3550 5256 3773 5324 nostra;

2203 5317 2387 5399 Vigih
2407 5327 2539 5400 edit.
2593 5326 2934 5400 negationem
2974 5317 3186 5396 adjicit,
3235 5317 3654 5398 quamquidem
3683 5317 3775 5375 illic

2203 5396 2507 5455 necessario
2537 5396 2727 5454 sensus
2754 5396 2945 5468 exigit.

2277 5470 2399 5541 (33)
2428 5469 2597 5541 Vigil.
2630 5468 2787 5541 edit.,
2818 5464 2894 5522 ita
2923 5472 2970 5522 et
3000 5465 3251 5541 majestas
3290 5466 3391 5522 illa
3428 5464 3631 5524 divina.
3661 5472 3771 5533 quit,

2282 5539 2422 5608 dixi,
2451 5539 2641 5612 corpus
2667 5540 2932 5606 induerat,
2958 5539 3158 5610 probat
3191 5555 3245 5594 se
3270 5554 3378 5594 non
3402 5553 3519 5605 suo,
3549 5544 3653 5593 etc.
