3864 6188
115 296 221 355 597
1516 301 1928 361 ADMONITIO.
3300 311 3410 370 598

116 427 280 484 homo
316 428 411 485 ille
457 445 647 502 passus
690 439 797 500 est,
854 447 1015 505 quem
1061 433 1237 490 Filius
1290 433 1393 491 Dei
1442 434 1703 508 suscepit,
1733 441 1784 501 Α
1811 433 2002 508 utique
2034 433 2181 506 quod
2208 441 2293 491 est
2320 433 2516 506 Filius,
2545 437 2677 512 quia
2725 446 2779 496 et
2818 438 2999 499 Filius
3034 440 3105 499 de
3150 457 3216 499 eo
3258 442 3407 516 quod

115 535 274 592 quem
327 520 528 591 induit,
568 539 733 596 quem
772 524 1032 596 portavit.
1091 525 1196 582 Sed
1242 527 1373 599 quia
1413 534 1593 584 totum
1638 530 1709 587 ad

115 616 388 667 auctorem
430 611 771 669 referebatur
802 613 1073 688 quidquid
1110 614 1278 671 homo
1326 616 1422 672 ille
1454 618 1708 690 patieba—

115 710 221 772 tur,
261 702 387 760 ideo
426 721 575 762 mors
611 712 664 761 et
701 707 882 780 passio
919 706 1146 763 Domini
1176 705 1459 779 judicatur
1501 727 1512 766 :
1578 727 1705 766 nam

112 803 329 853 constat
359 796 671 852 immortale
693 812 827 865 esse,
846 796 993 871 quod
1011 798 1111 855 Dei
1132 805 1213 853 est
1236 815 1248 853 :
1272 798 1536 867 hominis,
1560 799 1707 873 quod

110 884 379 943 caducum
390 929 402 942 .

179 978 363 1034 Tertia
397 994 617 1052 quoque
642 978 733 1035 die
761 981 1066 1036 resurrexit
1094 996 1205 1037 non
1244 981 1391 1038 Deus
1420 981 1479 1038 in
1511 981 1702 1039 homi-

111 1083 254 1136 nem,
287 1067 382 1123 sed
415 1067 584 1123 homo
616 1068 799 1140 potius
827 1069 886 1123 in
915 1070 1110 1125 Deum.

175 1156 443 1214 Ascendit
475 1157 533 1212 in
562 1158 746 1227 caelos,
780 1158 982 1215 obtulit
1011 1158 1159 1215 Patri
1200 1176 1301 1216 suo
1332 1158 1615 1217 hominem
1639 1161 1705 1217 il-

111 1245 220 1302 lum
247 1245 618 1318 gratissimum
648 1264 869 1316 munus,
902 1248 1153 1304 consedit
1181 1248 1250 1304 ad
1278 1248 1563 1307 dexteram
1607 1251 1703 1308 Pa-

111 1336 225 1405 tris,
257 1334 559 1391 secundum
588 1336 734 1409 quod
764 1337 1029 1410 scriptum
1059 1346 1170 1393 est:
1210 1362 1228 1386 ι
1247 1338 1405 1394 Dixit
1434 1338 1705 1396 Dominus

111 1424 341 1482 Domino
394 1442 516 1483 meo
558 1443 570 1481 :
632 1425 769 1484 Sede
825 1426 893 1483 ad
950 1426 1231 1484 dexteram
1289 1444 1467 1485 meam
1526 1429 1700 1502 (Psal.

111 1531 215 1583 CIX,
251 1514 327 1587 1).
362 1540 382 1564 ι

174 1610 322 1671 Misit
352 1611 515 1671 nobis
540 1612 807 1687 Spiritum
849 1623 1098 1672 sanctum
1132 1615 1198 1672 de
1228 1618 1450 1690 propria
1487 1634 1605 1687 sua,
1651 1625 1704 1675 et

111 1702 220 1777 ipsa
242 1720 352 1760 una
380 1704 691 1761 substantia
738 1721 853 1773 sua,
902 1713 1288 1777 protectorem,
1338 1708 1701 1765 sanctiﬁcato-

1814 524 1972 581 Pater
1997 531 2098 580 est.

1884 612 2103 671 Exinde
2130 613 2403 687 praeﬁnito
2432 621 2678 688 tempore
2704 626 2991 689 venturus,
3034 620 3196 679 vivos
3244 638 3406 680 mor-

1813 711 2045 777 tuosque
2064 702 2415 775 judicaturus
2440 723 2454 772 ;
2489 714 2553 761 ut
2582 705 2770 762 reddat
2789 708 3136 767 credentibus
3155 712 3400 785 pramia,

1814 811 1927 851 non
1955 794 2307 851 credentibus
2332 811 2466 851 vero
2490 796 2782 868 supplicia.

1886 882 2056 955 Cujus
2084 899 2311 956 regnum
2342 891 2631 951 aternum,
2663 885 2995 953 immortale,
3035 904 3138 946 nec
3174 889 3403 949 initium

1813 974 1999 1043 habet,
2032 991 2132 1031 nec
2157 976 2496 1032 terminum:
2551 974 2643 1034 cui
2693 984 2775 1033 est
2821 977 3000 1035 honor
3044 986 3099 1036 et
3136 980 3310 1052 gloria
3346 982 3406 1039 iu

1814 1066 2013 1122 saecula
2043 1067 2391 1123 saculorum.

1885 1154 2291 1213 CONCLUSIO.
2323 1189 2393 1199 —
2421 1158 2549 1217 Haec
2578 1160 2673 1233 qui
2712 1160 2867 1233 legis,
2900 1152 2996 1233 per
3032 1161 3207 1218 Deum
3238 1160 3407 1219 obse-

1813 1260 1928 1313 cro,
1951 1262 2018 1301 ne
2038 1246 2448 1319 simplicitatem
2475 1265 2666 1306 sensus
2695 1251 2752 1306 in
2783 1250 3102 1322 ambiguum
3127 1258 3402 1324 torqueas,

1812 1341 1907 1390 aut
1939 1335 2074 1391 alias
2098 1351 2262 1408 quam
2291 1337 2437 1395 dicta
2465 1347 2615 1408 sunt,
2649 1339 2871 1409 trahas;
2902 1340 3031 1416 quia
3059 1357 3160 1398 nos
3189 1341 3405 1400 Patrem

1814 1442 2007 1481 verum
2056 1427 2271 1484 Patrem
2319 1429 2667 1500 conﬁtemur,
2709 1438 2763 1487 et
2809 1431 3011 1487 Filium
3059 1432 3161 1488 Dei
3214 1448 3407 1489 verum

1813 1514 2017 1570 Filium
2065 1516 2185 1584 Dei,
2238 1524 2291 1573 et
2345 1518 2611 1590 Spiritum
2650 1528 2901 1577 sanctum
2956 1536 3083 1577 vere
3134 1520 3407 1594 Spiritum

1813 1616 2063 1667 sanctum
2093 1608 2367 1667 credimus
2401 1629 2412 1668 :
2448 1620 2558 1669 tres
2589 1628 2846 1685 personas
2868 1614 3035 1671 unius
3063 1614 3403 1688 substantia,

1813 1707 1866 1756 et
1892 1701 2058 1758 unius
2088 1701 2399 1761 divinitatis
2426 1706 2766 1763 conﬁtentes.
2821 1707 3047 1765 Sabellii
3091 1718 3297 1780 autem,
3351 1720 3408 1770 et

110 1811 242 1864 rem,
270 1802 323 1851 et
352 1795 710 1852 deductorem
741 1796 799 1850 in
827 1795 998 1852 vitam
1028 1803 1307 1866 aternam,
1358 1798 1501 1855 sicut
1555 1799 1701 1855 scri—

1825 1792 2057 1861 Photini,
2092 1810 2307 1851 necnon
2336 1794 2455 1851 Arii
2486 1806 2711 1865 sectam,
2754 1805 2807 1853 et
2852 1798 2898 1854 si
2947 1816 3055 1872 qua
3098 1798 3208 1855 alia
3252 1808 3403 1870 sunt,

109 1890 256 1956 ptum
296 1891 379 1940 est
433 1901 501 1941 ex
538 1900 673 1941 voce
721 1884 821 1940 Dei
863 1903 875 1941 :
933 1909 951 1934 ι
1007 1884 1303 1942 Effundam
1365 1888 1433 1945 de
1489 1888 1699 1961 Spiritu

109 1988 223 2028 meo
251 1990 418 2047 super
444 1991 629 2031 servos
678 1990 829 2031 meos
875 1982 929 2030 et
972 1973 1199 2031 ancillas
1232 1992 1380 2032 meas
1428 1978 1584 2050 (Joel.
1632 1996 1696 2047 II,

108 2063 216 2137 29).
245 2090 262 2113 ι
310 2067 382 2122 Et
423 2067 624 2122 iterum
667 2085 679 2123 :
738 2091 755 2114 ι
793 2066 1030 2139 Spiritus
1069 2083 1139 2122 ex
1165 2084 1251 2123 me
1279 2069 1527 2140 prodibit
1558 2071 1693 2143 (Isa.

109 2169 236 2223 Lvn,
267 2156 382 2227 16).
416 2179 436 2202 ι
478 2155 551 2210 Et
597 2154 712 2226 ipse
753 2154 1023 2211 Dominus
1064 2154 1421 2230 Salvatorque
1470 2165 1694 2214 noster:

119 2266 136 2291 σ
162 2245 246 2299 De
268 2260 412 2312 meo,
446 2243 647 2317 inquit,
679 2243 912 2317 accipiet
967 2244 1146 2317 (Joan.
1178 2261 1299 2314 xvr,
1334 2246 1461 2318 l5);
1513 2264 1582 2303 ex
1631 2263 1696 2303 eo

1809 1900 1929 1957 qua
1953 1893 2146 1941 contra
2172 1887 2415 1959 regulam
2461 1886 2710 1944 veritatis
2756 1887 3007 1958 veniunt,
3061 1888 3406 1947 condemna-

1807 1989 1949 2029 mus.
1980 1973 2214 2031 Nicana
2243 1982 2424 2031 autem
2451 1977 2653 2050 synodi
2690 1986 2983 2036 tractatum
3040 1980 3195 2035 omni
3229 1980 3403 2037 animi

1806 2068 1933 2124 nisu
1979 2084 2049 2124 ex
2104 2076 2219 2125 tota
2268 2068 2376 2125 ﬁde
2416 2078 2715 2142 servantes,
2777 2072 3202 2147 amplectimur;
3253 2072 3404 2131 hunc

1806 2159 1953 2215 enim
1990 2167 2284 2217 tractatum
2314 2161 2519 2219 scimus
2569 2169 2762 2221 contra
2808 2181 3000 2222 omnes
3044 2163 3279 2224 hareses
3320 2164 3403 2223 in-

1804 2249 1955 2305 victa
1982 2249 2217 2307 veritate
2244 2252 2581 2324 oppositum.

106 2401 3403 2429 mw

228 2551 362 2636 ΙΝ
455 2551 1143 2641 LIBELLUM
1234 2557 1393 2642 DE
1502 2552 2225 2641 DIGNITATE
2312 2554 3273 2644 SACERDOTALI

1512 2725 1989 2797 ADMONITIO.

171 2969 286 3028 Non
317 2967 551 3027 omnino
579 2967 952 3043 perfunctorie
979 2968 1124 3028 hanc
1153 2970 1389 3044 opellam
1420 2969 1738 3045 dispicienti
1759 2970 2082 3044 ambiguum
2101 2986 2215 3028 non
2240 2968 2346 3029 erit
2373 2986 2490 3029 eam
2517 2978 2707 3030 sancto
2735 2970 3031 3030 Ambrosio
3056 2975 3399 3050 suppositam

113 3058 297 3117 fuisse:
330 3058 501 3134 idque
530 3076 643 3116 non
672 3060 852 3117 solum
882 3060 1031 3134 quod
1059 3060 1258 3119 habeat
1286 3062 1601 3119 versionem
1636 3061 1979 3136 Hieronymi,
2022 3070 2075 3119 et
2101 3068 2380 3119 senatores
2422 3061 2728 3121 nascendos
2765 3078 2879 3120 non
2926 3064 3038 3121 lato
3083 3065 3262 3136 clavo,
3303 3068 3400 3125 sed

110 3148 382 3224 chlamyde
419 3157 649 3220 asserat,
700 3159 763 3208 ut
805 3150 1059 3210 observat
1109 3152 1434 3210 Blondellus
1480 3154 1582 3228 (De
1630 3153 1795 3226 form.
1844 3170 1991 3225 regn.
2048 3152 2176 3209 Chr.
2207 3169 2327 3226 cap.
2361 3153 2461 3225 7):
2517 3160 2571 3209 at
2596 3147 2793 3208 multo
2839 3153 3012 3227 magis
3055 3156 3203 3227 quod
3251 3155 3393 3213 nihil

109 3241 365 3299 contineat
392 3242 462 3299 ab
490 3241 774 3299 Ambrosii
803 3249 858 3298 et
886 3241 1111 3317 ingenio
1140 3252 1193 3301 et
1222 3245 1425 3301 saeculo
1456 3259 1569 3300 non
1597 3244 1861 3300 alienum.
1893 3243 2290 3301 Verumtamen
2321 3242 2381 3297 in
2411 3240 2673 3298 omnibus
2703 3242 2944 3313 Operum
2983 3244 3161 3298 sancti
3192 3243 3397 3301 docto-

110 3331 175 3387 ris
200 3332 536 3390 editionibus
574 3331 721 3389 idem
750 3332 972 3389 libellus
1012 3334 1195 3392 locum
1229 3334 1495 3403 obtinuit,
1528 3334 1665 3391 etin
1695 3333 1915 3406 scriptis
1960 3332 2126 3389 etiam
2171 3330 2477 3399 codicibus,
2526 3329 2575 3387 si
2621 3346 2796 3386 unum
2830 3330 3133 3404 exceperis,
3166 3332 3397 3406 praﬁxo

108 3423 363 3481 Ambrosii
388 3422 618 3481 nomine
646 3423 979 3479 illustratur.
1014 3424 1153 3482 Cum
1185 3441 1317 3481 vero
1348 3432 1535 3481 tantus
1575 3424 1646 3481 sit
1689 3439 1881 3480 eorum
1933 3438 2232 3479 consensus
2271 3420 2329 3476 in
2375 3427 2596 3477 auctore
2636 3418 3129 3493 pseudepigrapho,
3184 3420 3391 3480 mirum

108 3520 179 3569 est
210 3523 405 3587 quanta
443 3515 521 3571 sit
547 3513 866 3571 eorumdem
907 3514 965 3570 in
997 3514 1297 3571 indicando
1342 3513 1534 3588 Operis
1591 3522 1913 3586 argumento
1940 3513 2195 3570 varietas.
2224 3512 2447 3569 Etenim
2496 3528 2622 3568 cum
2671 3520 2782 3568 tam
2829 3510 3165 3584 frequentes.
3193 3528 3397 3571 occur-

110 3610 219 3659 rant
246 3604 301 3661 in
327 3604 709 3673 bibliothecis,
750 3612 812 3660 ut
838 3605 895 3660 in
925 3607 1042 3661 sola
1072 3605 1340 3663 Vaticana
1384 3603 1799 3678 quatuordecim
1849 3604 2101 3660 invenire
2143 3603 2236 3673 sit,
2281 3603 2393 3659 fere
2438 3602 2667 3659 totidem
2711 3601 2830 3675 ejus
2886 3602 3143 3675 leguntur
3197 3602 3395 3660 inscri-

110 3692 320 3763 ptiones,
353 3704 488 3770 quot
521 3696 903 3769 manuscripti.
935 3697 1089 3752 Alibi
1118 3697 1322 3770 quippe
1350 3696 1549 3754 titulus
1578 3695 1662 3751 illi
1703 3692 2023 3768 praﬁgitur,
2072 3693 2230 3749 Liber
2270 3692 2594 3758 Pastoralis,
2639 3691 2756 3749 sive
2798 3693 2875 3748 De
2913 3708 3045 3747 cura
3078 3693 3348 3765 pastorali
3374 3710 3396 3758 ;

110 3782 244 3852 alibi,
267 3785 343 3841 De
369 3786 705 3841 observantia
737 3787 1139 3857 episcoporum;
1168 3785 1356 3856 modo,
1396 3787 1473 3843 De
1501 3785 1611 3841 vita
1641 3792 1692 3842 et
1717 3785 2052 3842 ordinatione
2088 3784 2469 3855 episcoporum,
2518 3789 2568 3838 et
2609 3782 2912 3839 Simoniaca
2960 3783 3147 3837 haeresi
3164 3800 3186 3848 ;
3228 3782 3395 3838 modo

112 3871 270 3928 Sermo
327 3876 387 3931 de
442 3875 697 3948 episcopis
751 3882 798 3931 et
852 3876 1227 3931 sacerdotibus.
1283 3877 1358 3932 De
1409 3876 1663 3947 Apostolo
1709 3876 1767 3931 in
1813 3876 1941 3941 loco,
1984 3873 2075 3929 ubi
2112 3874 2237 3929 ait:
2282 3873 2483 3929 Fidelis
2523 3889 2712 3941 sermo,
2764 3879 2869 3928 etc.
2907 3888 2919 3927 :
2962 3886 3391 3957 nonnunquam,

114 3959 270 4019 Sermo
315 3966 376 4020 de
412 3966 757 4037 pastoribus;
804 3966 1103 4039 interdum,
1145 3967 1325 4022 Sermo
1373 3967 1435 4022 de
1478 3969 1786 4039 mysteriis;
1830 3965 2033 4023 alicubi
2079 3965 2267 4033 etiam,
2318 3965 2392 4020 De
2442 3963 2777 4019 ordinatione
2821 3961 3047 4034 episcopi
3087 3978 3187 4034 per
3225 3960 3395 4017 simo—

112 4049 255 4108 niam.
305 4053 413 4110 Sed
469 4055 539 4109 ab
582 4054 707 4110 aliis
748 4038 925 4110 codex
972 4053 1234 4111 Ecclesia
1277 4054 1453 4111 sancti
1492 4038 1764 4113 Martialis
1813 4056 1959 4129 apud
2000 4054 2317 4110 Lemovices
2365 4053 2552 4109 minus
2594 4051 2662 4107 ab
2706 4050 2830 4107 aliis
2874 4050 3083 4108 recedit
3127 4050 3392 4115 materia,

112 4153 255 4210 quam
309 4143 552 4199 auctoris
601 4143 1033 4213 signiﬁcatione;
1085 4144 1165 4200 sic
1214 4144 1362 4200 enim
1406 4145 1628 4216 prafert
1675 4164 1687 4202 :
1759 4147 1942 4202 Sermo
1992 4143 2214 4200 Gilberti
2254 4142 2574 4214 philosophi,
2634 4141 2798 4214 Papa
2849 4140 3000 4196 urbis
3052 4143 3250 4211 Roma,
3301 4142 3394 4213 qui

110 4231 488 4299 cognominatus
514 4238 586 4286 est
616 4233 881 4302 Silvester,
914 4234 975 4287 de
998 4233 1383 4304 Informalione
1411 4236 1793 4307 episcoporum.
1835 4233 1996 4289 Hunc
2032 4230 2285 4287 libellum
2317 4246 2387 4285 ex
2422 4228 2613 4286 eodem
2661 4228 2849 4286 codice
2890 4229 3230 4304 exscriptum
3267 4231 3392 4288 Ma—

110 4314 362 4377 hillonius
410 4328 597 4377 noster
642 4338 741 4394 pro
787 4338 1038 4379 sermone
1083 4323 1331 4379 nondum
1387 4325 1632 4396 vulgato,
1678 4344 1717 4382 n
1744 4331 1898 4399 parte
1933 4323 2326 4380 Analectorum
2357 4320 2447 4377 edi
2476 4320 2711 4390 curavit,
2751 4320 2900 4378 haud
2924 4320 3091 4378 dubie
3119 4336 3263 4378 nova
3293 4320 3393 4380 illa

111 4406 350 4483 deceptus
387 4411 771 4485 inscriptione.
802 4413 1196 4471 Verumtamen
1238 4412 1295 4468 in
1346 4412 1453 4470 hoc
1488 4413 1625 4470 bene
1669 4413 1899 4472 meritus
1944 4421 2025 4469 est
2071 4410 2138 4468 de
2184 4410 2435 4480 eruditis,
2487 4409 2634 4484 quod
2671 4410 2884 4485 primus
2939 4410 3099 4468 illum
3155 4410 3259 4467 sub
3297 4428 3389 4468 au.

110 4499 258 4555 cteris
283 4498 450 4572 hujus
476 4500 704 4557 nomine
733 4502 792 4556 in
831 4500 1011 4558 lucem
1040 4499 1215 4556 misit.
1256 4499 1455 4557 Omnia
1495 4502 1739 4573 profecto
1768 4513 1824 4561 et
1851 4519 2096 4577 persona
2125 4509 2179 4559 et
2208 4501 2445 4575 tempori
2485 4502 2617 4558 satis
2662 4508 2977 4574 congruunt
3028 4502 3172 4574 (cap.
3211 4501 3260 4568 1,
3292 4500 3387 4556 sub

111 4583 237 4659 tim).
264 4590 569 4663 Episcopus
598 4590 747 4649 enim
776 4591 991 4649 ordinis
1016 4591 1102 4648 sui
1129 4590 1280 4648 viros
1317 4591 1396 4648 ibi
1431 4592 1752 4666 alloquitur,
1800 4593 2054 4668 idemque
2098 4596 2361 4652 saculum
2411 4591 2531 4649 labe
2582 4591 2897 4649 Simoniaca
2942 4590 3185 4646 maxime
3223 4588 3390 4644 labo-

112 4688 236 4734 rasse
261 4683 607 4754 exploratum
639 4690 741 4739 est.
773 4683 849 4740 At
884 4684 1256 4740 nihilominus
1283 4699 1408 4741 cum
1447 4686 1857 4758 manuscriptus
1884 4685 1979 4742 ille
2007 4686 2075 4742 ab
2105 4685 2232 4742 aliis
2261 4683 2521 4741 omnibus
2550 4698 2664 4739 non
2701 4681 2761 4738 in
2807 4696 2974 4737 sensu
3012 4678 3260 4751 quidem,
3291 4678 3387 4735 sed

111 4768 356 4827 tamenin
385 4772 696 4831 elocutione
726 4782 991 4847 perpetuo
1037 4774 1320 4844 dissideat,
1369 4777 1616 4833 revocari
1663 4785 1842 4849 potest
1887 4776 1946 4831 in
1986 4776 2219 4832 dubium
2265 4789 2501 4830 verusne
2550 4771 2669 4843 ejus
2716 4777 2907 4827 auctor
2952 4768 3145 4824 haberi
3192 4766 3388 4826 debeat

111 4850 237 4913 idem
266 4859 544 4934 Silvester,
573 4882 643 4921 an
678 4865 881 4939 aliquis
910 4864 1271 4938 interpolator
1305 4883 1316 4922 :
1352 4865 1501 4939 quod
1553 4882 1655 4922 nos
1698 4867 1964 4922 lectorum
1992 4863 2206 4934 judicio
2244 4861 2621 4919 deﬁniendum
2663 4858 3058 4933 permittimus.
3116 4858 3286 4912 Porro
3315 4871 3386 4913 ex

112 4945 260 5003 variis
294 4950 406 5008 illis
447 4951 699 5011 codicum
741 4971 911 5011 manu
959 4962 1309 5011 exaratorum
1358 4954 1540 5010 titulis
1583 4953 1801 5011 abunde
1846 4952 2197 5023 cognoscitur
2248 4951 2359 5006 duo
2407 4950 2633 5005 tractari
2676 4947 2783 5004 hoc
2829 4947 2888 5002 in
2934 4946 3133 5019 Opere,
3173 4945 3386 5004 scilicet

114 5033 236 5109 (ϐαρ.
266 5040 316 5109 2,
350 5043 382 5099 3
410 5052 463 5100 et
491 5044 549 5119 4)
577 5046 941 5120 episcopalem
969 5046 1237 5103 declarari
1273 5047 1711 5120 ampliﬁcarique
1741 5041 2087 5113 dignitatem,
2126 5048 2181 5097 et
2223 5039 2365 5112 (cap.
2393 5038 2428 5093 5
2454 5036 2586 5109 seq.)
2636 5035 2889 5092 simonia
2929 5036 3141 5093 crimen
3185 5036 3386 5093 acriter

113 5120 418 5200 impugnari.
448 5133 585 5191 Cum
616 5153 748 5192 vero
792 5136 937 5193 idem
982 5144 1249 5194 tractatus
1292 5135 1350 5191 in
1393 5136 1711 5193 memoratis
1747 5129 2034 5188 codicibus
2080 5127 2281 5202 partim
2333 5124 2623 5194 sermonis,
2672 5122 2876 5196 partim
2923 5124 3105 5181 libelli
3152 5124 3385 5182 nomine

113 5208 402 5275 inveniatur
439 5220 759 5296 inscriptus,
807 5225 863 5280 in
911 5225 1347 5282 controversiam
1389 5226 1532 5281 forte
1576 5221 1792 5280 venerit
1838 5228 2027 5276 utrum
2076 5216 2408 5278 vocabulum
2456 5214 2630 5287 magis
2678 5219 2802 5284 apte
2845 5212 3020 5270 eidem
3068 5214 3383 5272 conveniat.

114 5297 391 5364 Fatendum
454 5311 675 5384 quidem
731 5323 814 5371 est
865 5315 922 5370 in
980 5314 1152 5387 priori
1210 5321 1365 5387 parte
1433 5312 1583 5369 haud
1636 5328 1808 5386 pauca
1862 5327 1979 5367 esse
2002 5354 2020 5377 ,
2086 5326 2209 5385 qua
2266 5306 2536 5364 sermonis
2594 5302 2833 5378 speciem
2894 5305 3029 5363 satis
3095 5308 3381 5375 referant;

113 5389 192 5529 sed
240 5410 361 5451 cum
423 5399 524 5455 sub
574 5402 741 5459 ﬁnem
799 5411 983 5476 aperte
1036 5403 1358 5459 nominetur
1414 5401 1654 5470 libellus,
1711 5403 1894 5474 ipsum
1942 5398 2087 5456 inter
2142 5398 2362 5455 libellos
2418 5395 2536 5453 sive
2594 5398 2860 5451 tractatus
2906 5395 3170 5453 exhibere
3215 5396 3388 5455 satius

145 5492 350 5529 ullan

145 5492 369 5542 uximus.

112 5595 489 5662 (Maurinorum
516 5607 741 5666 Patrum
768 5608 1195 5666 Admonitionem
1230 5624 1465 5662 resecare
1506 5604 1810 5667 noluimus;
1844 5607 1900 5655 at
1936 5603 2169 5660 libellum
2194 5605 2390 5671 ipsum,
2423 5600 2517 5671 qui
2548 5596 2789 5656 Gerberti
2822 5606 2924 5670 est,
2960 5601 3208 5659 Gerberto
3237 5603 3392 5658 resti-

1141 5679 1360 5735 tuimus.
1397 5677 1521 5737 Vide
1550 5682 1673 5732 tom.
1711 5673 2006 5743 CXXXIX,
2029 5677 2129 5733 col.
2164 5673 2324 5745 169.)
