3864 6188
1527 327 1622 381 AD
1663 325 1899 382 OPERA
1937 323 1993 379 S.
2034 323 2367 382 AMBIlOSIl
2407 325 2786 381 APPENDIX.

497 320 606 377 599

1026 645 1138 727 IN
1216 642 1892 741 SEQUENTEM
1964 645 2515 731 LlBELLUM
2583 647 3256 735 ADMONITIO.

567 948 627 1001 In
661 945 764 1000 hoc
793 951 1029 1000 tractatu
1068 943 1223 1015 Virgo
1254 946 1474 1014 Devota,
1517 945 1574 1001 id
1605 953 1703 1014 est,
1747 945 2122 1019 virginitatem
2167 948 2383 1020 publice
2431 951 2690 1022 professa,
2732 951 2800 1006 ab
2848 950 3138 1006 hominum
3185 949 3540 1007 saecularium
3599 969 3702 1009 usu
3741 962 3794 1010 et

494 1034 871 1091 familiaritate
900 1033 1225 1101 deterretur,
1257 1042 1310 1090 et
1341 1035 1407 1090 iis
1439 1034 1641 1107 quibus
1669 1034 1792 1091 talis
1819 1038 2158 1094 consuetudo
2197 1042 2424 1111 pra-texi
2461 1042 2620 1110 solet,
2654 1042 2916 1114 explosis,
2948 1043 3224 1114 simulque
3255 1042 3410 1098 illius
3443 1043 3706 1116 periculis
3732 1062 3789 1104 ac

493 1124 710 1180 damnis
742 1123 848 1195 ipsi
878 1122 946 1178 ob
977 1125 1165 1179 oculos
1196 1123 1408 1195 positis,
1441 1125 1712 1180 nonnulla
1740 1125 1806 1181 de
1837 1125 2138 1183 virtutibus
2167 1129 2233 1184 ab
2264 1144 2325 1183 ea
2354 1129 2590 1185 maxime
2618 1146 2702 1184 am
2713 1130 3014 1201 plectendis
3045 1130 3444 1203 adjunguntur.
3480 1133 3554 1188 Et
3576 1132 3680 1191 hoc
3695 1146 3785 1204 est,

493 1231 593 1271 cur
621 1213 858 1268 editores
889 1212 1120 1269 Romani
1149 1213 1324 1268 solita:
1355 1213 1705 1286 inscriptioni
1737 1213 1878 1270 hanc
1907 1216 2273 1286 praemiserint
2299 1235 2309 1271 :
2352 1217 2429 1271 De
2459 1218 2680 1290 virginis
2709 1218 2888 1288 forma
2918 1218 3145 1274 vivendi.
3189 1219 3458 1285 Quamvis
3505 1234 3685 1280 autem
3732 1243 3785 1282 ea

493 1304 721 1377 scriptio
751 1303 810 1359 in
839 1305 1098 1359 omnibus
1127 1304 1409 1360 Ambrosii
1441 1307 1679 1376 Operum
1709 1305 2050 1362 editionibus
2081 1306 2225 1362 beati
2265 1305 2507 1362 doctoris
2556 1323 2758 1362 nomen
2807 1307 2864 1362 in
2911 1308 3091 1363 fronte
3129 1317 3300 1380 gerat,
3343 1311 3567 1369 nullum
3613 1321 3782 1372 tamen

495 1393 647 1448 illius
678 1392 1113 1465 manuscriptum
1151 1393 1310 1450 licuit
1334 1394 1594 1466 reperire,
1633 1393 1778 1450 unde
1808 1395 2084 1467 intelligas
2115 1396 2260 1452 haud
2293 1397 2488 1465 multa,
2535 1404 2596 1452 ut
2641 1396 2934 1454 Ambrosio
2979 1397 3340 1467 tribueretur,
3400 1399 3573 1456 fuisse
3627 1418 3782 1475 argu-

494 1495 700 1544 menta.
732 1488 809 1542 De
839 1494 1058 1543 auctore
1090 1487 1258 1560 igitur
1287 1487 1392 1545 hoc
1423 1505 1594 1544 unum
1630 1489 1888 1561 colligere
1919 1506 2074 1562 posse
2105 1485 2265 1542 nobis
2305 1486 2580 1554 videmur,
2627 1504 2752 1542 eum
2796 1487 3049 1544 ascetivze
3101 1487 3230 1544 vitae
3275 1487 3448 1544 fuisse
3492 1489 3777 1560 addictum,

492 1593 615 1632 cum
648 1576 727 1632 sic
760 1578 1014 1648 loquatur
1039 1577 1210 1633 :Absit
1242 1583 1301 1632 ut
1327 1584 1382 1632 tu
1411 1577 1540 1632 mihi
1568 1595 1723 1632 soror
1748 1578 1965 1648 dicaris,
2000 1595 2115 1648 qua:
2141 1593 2257 1631 cum
2288 1576 2483 1630 talibus
2511 1576 2860 1632 conversaris.
2901 1581 2974 1632 At
3012 1577 3079 1632 de
3119 1578 3294 1650 Opere
3332 1577 3452 1650 ipso
3494 1579 3780 1638 certissime

491 1667 762 1720 afﬁrmare
793 1683 1082 1737 possumus
1110 1667 1249 1722 illud
1275 1667 1340 1721 ab
1371 1666 1735 1723 Ambrosiana
1765 1668 2078 1742 eloquentia
2105 1674 2158 1722 et
2185 1665 2495 1722 eruditione
2525 1667 2718 1738 procul
2745 1666 2953 1723 abesse.
2994 1668 3180 1739 Ipsum
3218 1667 3495 1725 contende
3522 1687 3648 1728 cum
3677 1671 3778 1744 ejus

491 1755 637 1810 veris
670 1754 827 1810 libris
860 1756 921 1810 de
957 1755 1277 1828 Virginibus,
1309 1765 1360 1811 et
1391 1758 1661 1813 calculum
1695 1765 1851 1814 tuum
1883 1759 1999 1813 sine
2027 1757 2197 1813 dubio
2227 1757 2387 1814 nobis
2419 1757 2691 1815 conferes.

670 2081 978 2254 AD
1101 2081 2274 2256 VIRGINEM
2392 2085 3581 2262 DEVOTAM.

567 2487 894 2549 357-365
951 2492 1178 2551 CAPUT
1226 2492 1517 2550 PRIMUM,
1575 2523 1644 2533 -
1693 2493 1867 2564 (Ρεαῑ,
1921 2509 2074 2560 κων,
2105 2488 2157 2548 Α
2185 2483 2480 2553 desideras,
2513 2486 2715 2542 nescio.
2759 2487 2815 2543 Si
2867 2503 3084 2557 aurum,
3132 2498 3444 2562 argentum,
3495 2491 3544 2547 si
3595 2491 3772 2562 vitam,

489 2586 576 2651 11,
611 2582 724 2655 12.)
771 2605 788 2630 ι
821 2583 989 2652 Audi,
1023 2583 1161 2649 ﬁlia,
1193 2591 1247 2639 et
1274 2583 1436 2640 vide;
1472 2582 1678 2640 inclina
1697 2599 1882 2638 aurem
1909 2591 2079 2650 tuam,
2195 2575 2242 2630 si
2285 2585 2491 2632 vestem
2535 2576 2913 2649 splendidam;
2954 2577 3060 2636 hoc
3100 2579 3204 2636 tibi
3251 2597 3362 2637 non
3415 2581 3625 2654 placuit
3663 2600 3771 2640 cum

486 2683 538 2730 et
571 2675 898 2733 obliviscere
929 2675 1192 2747 populum
1224 2682 1404 2743 tuum,
1432 2682 1485 2730 et
1512 2673 1738 2730 domum
1771 2673 1940 2745 patris
1978 2671 2079 2740 tui,

484 2766 746 2838 quoniam
798 2765 1118 2835 concupivit
1162 2766 1278 2821 Rex
1326 2763 1560 2835 speciem
1596 2771 1744 2818 tuam
1777 2781 1789 2829 ;
1823 2760 2082 2833 quoniam

483 2854 598 2926 ipse
627 2863 710 2911 est
737 2855 1010 2910 Dominus
1034 2855 1178 2908 Deus
1207 2859 1355 2919 tuus,
1390 2859 1442 2906 et
1471 2852 1776 2907 adorabunt
1796 2867 1918 2907 eum
1939 2851 2068 2920 (1).»

483 2943 660 3013 Ipsius
685 2949 739 2996 te
770 2940 1042 2996 devovisti
1073 2956 1187 2995 esse
1217 2955 1494 3011 sponsam,
1527 2938 1723 2994 devota
1768 2942 1880 2995 Deo
1921 2939 2082 2995 dice-

483 3031 579 3086 ris.
637 3029 783 3098 Quid
842 3029 945 3086 tibi
1000 3047 1124 3086 cum
1183 3029 1507 3085 hominibus
1561 3031 1938 3098 saecularibus,
1985 3037 2080 3086 aut

483 3109 984 3192 quem‘tractatum
1029 3117 1194 3175 habes
1240 3135 1365 3176 cum
1413 3117 1573 3175 illis?
1619 3117 1763 3186 Quid
1811 3119 1895 3174 vis
1942 3119 2079 3175 scire

481 3225 605 3266 cum
652 3208 828 3282 ipsis?
875 3209 1268 3278 Perditionem,
1301 3225 1463 3283 quam
1495 3207 1598 3281 ipsi
1637 3218 1941 3282 sequuntur
1963 3210 1990 3265 ?
2021 3208 2078 3264 Si

479 3302 784 3359 castitatem
829 3303 1049 3376 quaeris,
1080 3303 1224 3360 hanc
1255 3303 1339 3360 illi
1371 3320 1482 3359 non
1528 3301 1732 3359 habent
1769 3321 1779 3358 :
1829 3305 1875 3358 si
1911 3303 2075 3360 ﬁdem

481 3393 702 3466 quaeris,
734 3393 859 3466 quis
887 3401 969 3450 est
997 3394 1175 3450 ﬁdelis
1209 3395 1266 3450 in
1294 3395 1425 3462 illis,
1465 3411 1624 3466 quem
1666 3401 1726 3449 tu
1764 3393 2076 3450 comitabe—

481 3484 557 3537 ris
579 3483 606 3537 ?
635 3482 690 3538 Si
718 3491 898 3538 autem
932 3482 1210 3539 Christum
1243 3483 1463 3556 quaeris,
1495 3500 1604 3539 non
1639 3491 1821 3539 manet
1852 3484 1907 3537 in
1940 3483 2070 3538 illis.

437 3636 452 3650 I
479 3570 674 3626 Nescio
721 3569 854 3639 quid
902 3586 1132 3642 quaeras,
1179 3573 1366 3642 quales
1412 3572 1684 3628 amicitias
1736 3573 1822 3627 vel
1890 3573 2076 3645 quales

479 3658 693 3714 fabulas
721 3657 919 3714 habeas
957 3675 1080 3714 cum
1124 3659 1257 3716 illis.
1303 3661 1590 3717 Devovisti
1639 3662 1879 3717 animam
1923 3669 2073 3719 tuam

480 3745 549 3803 ad
614 3744 944 3802 destruenda
1011 3747 1197 3804 omnia
1261 3765 1381 3822 quae
1447 3755 1577 3805 sunt
1627 3749 1790 3820 hujus
1837 3751 2070 3809 saeculi:

2195 2667 2329 2734 Deo,
2360 2667 2466 2723 hoc
2493 2669 2638 2723 Deus
2664 2685 2773 2724 non
2803 2667 3126 2738 admiratur,
3159 2671 3253 2728 sed
3281 2689 3379 2728 cor
3407 2673 3706 2730 contritum
3732 2681 3776 2730 et

2196 2755 2550 2814 humiliatum
2601 2761 2776 2830 (Psal.
2828 2777 2881 2828 L,
2932 2761 3044 2832 19).
3095 2760 3239 2828 Quid
3288 2763 3491 2835 quaeris
3541 2762 3774 2819 homines

2193 2849 2428 2917 saeculi,
2489 2866 2625 2922 quos
2671 2857 2893 2906 sanctus
2949 2851 3226 2922 apostolus
3277 2852 3496 2924 judicat
3551 2855 3772 2922 Paulus,

2193 2935 2416 2994 dicens:
2464 2962 2482 2985 ι
2531 2940 2777 3006 Quorum
2825 2941 2971 2996 Deus
3017 2949 3210 2997 venter
3257 2952 3356 3011 est,
3409 2950 3464 2998 et
3513 2943 3683 3016 gloria
3724 2944 3772 2998 in

2192 3026 2462 3096 pudendis
2519 3027 2784 3099 ipsorum,
2842 3029 2936 3101 qui
2995 3036 3206 3084 terrena
3258 3030 3535 3103 sapiunt:
3604 3039 3773 3088 nostra

2191 3126 2370 3172 autem
2419 3120 2765 3175 conversatio
2821 3120 2879 3175 in
2934 3121 3085 3177 cmlis
3144 3129 3224 3178 est
3276 3123 3548 3196 (Philipp.
3583 3125 3766 3193 111,19,

2191 3206 2330 3278 20)?
2362 3233 2380 3255 ι
2422 3208 2478 3264 Si
2508 3225 2634 3282 ergo
2681 3210 3152 3266 conversationem
3200 3211 3258 3267 in
3309 3214 3447 3270 ccelo
3499 3213 3766 3281 habemus,

2189 3312 2308 3368 quae
2341 3314 2557 3354 sursum
2607 3307 2735 3356 sunt
2778 3317 3018 3374 quaerere
3056 3299 3338 3369 debemus,
3388 3302 3485 3359 ubi
3535 3304 3767 3362 Christus

2188 3401 2290 3460 est,
2324 3409 2433 3448 non
2464 3411 2584 3469 quae
2626 3412 2787 3468 super
2825 3405 3025 3453 terram
3068 3398 3296 3468 (Coloss.
3343 3415 3426 3466 ur,
3481 3400 3559 3471 1).
3613 3400 3763 3471 Rogo,

2187 3499 2361 3552 soror,
2392 3483 2484 3556 qui
2515 3493 2643 3540 sunt
2674 3484 2768 3540 isti
2795 3484 3046 3542 homines
3088 3485 3254 3560 hujus
3296 3487 3482 3544 saeculi
3503 3489 3530 3545 ?
3569 3491 3763 3545 Fratres

2187 3574 2310 3624 tuos
2353 3569 2624 3642 spiritales
2671 3570 2924 3628 homines
2971 3589 3080 3629 non
3123 3576 3388 3648 sequeris,
3439 3585 3495 3634 et
3539 3577 3762 3650 sequeris

2187 3659 2476 3715 carnales:
2529 3660 2624 3733 qui
2676 3662 2722 3717 si
2781 3680 2892 3718 non
2940 3672 3274 3733 saturentur,
3332 3665 3756 3722 murmurabunt.

2187 3743 2382 3801 Misisti
2414 3749 2732 3820 margaritas
2761 3759 2881 3806 tuas
2913 3759 3038 3807 ante
3068 3769 3281 3824 porcos,
3321 3752 3418 3826 qui
3454 3753 3758 3810 conculcent

479 3837 755 3911 quomodo
784 3846 965 3896 autem
997 3838 1196 3913 quieris
1233 3839 1518 3908 saeculum,
1563 3838 1653 3896 cui
1698 3841 2076 3899 renuntiasti?
2106 3853 2152 3912 B
2185 3849 2275 3889 88$
2304 3835 2535 3906 [ﬁdibus
2577 3839 2711 3906 suis:
2743 3845 2797 3895 εἴ
2825 3841 3077 3897 οοηνθτδί
3129 3842 3337 3898 elidant
3383 3850 3455 3898 ιθ·
3501 3843 3620 3900 Νοῑι
3663 3859 3754 3897 all-

479 3929 699 3986 Reverti
728 3929 813 3985 vis
843 3929 910 3986 ad
937 3929 1210 3986 vomitum
1240 3937 1396 3986 tuum
1437 3931 1580 3987 sicut
1610 3930 1782 4000 canis,
1825 3939 1919 3986 aut
1949 3932 2074 3987 vel-

477 4035 538 4083 ut
566 4044 658 4083 sus
687 4026 798 4082 lota
826 4026 1025 4083 iterum
1073 4027 1131 4082 in
1173 4027 1598 4098 volutationem,
1633 4029 1778 4086 sicut
1804 4030 2068 4102 scriptum

475 4125 555 4172 est
603 4119 694 4188 (II
723 4119 866 4173 Petr.
899 4136 959 4187 11,
1001 4119 1120 4192 22),
1168 4120 1386 4177 dicente
1429 4123 1730 4194 Apostolo:
1786 4146 1806 4170 ι
1852 4122 1907 4179 Si
1949 4139 2069 4196 quae

475 4204 744 4272 destruxi,
786 4205 986 4263 iterum
1024 4209 1388 4280 reaedificabo,
1429 4212 1902 4283 praevaricatorem
1936 4211 2070 4284 legis

476 4309 561 4348 me
602 4294 879 4349 constituo
916 4296 1122 4367 (Galat.
1158 4315 1218 4365 11,
1255 4300 1366 4370 18).
1419 4324 1438 4348 ι
1497 4301 1700 4358 Iterum
1745 4303 1859 4374 ipse
1905 4319 2069 4375 repe-

476 4384 541 4441 tit
573 4385 653 4457 (2)
695 4385 884 4442 dicens
917 4404 929 4442 :
978 4410 996 4436 ‹
1037 4387 1313 4460 Quidquid
1348 4391 1405 4446 in
1435 4395 1633 4449 saeculo
1663 4403 1762 4464 est,
1791 4396 2065 4470 concupi-

471 4475 680 4532 scentia
713 4474 894 4532 carnis
941 4483 1043 4545 est,
1090 4485 1144 4533 et
1189 4480 1632 4552 concupiscentia
1677 4485 1961 4542 oculorum
2013 4489 2071 4556 (Ι

469 4564 626 4620 Joan.
667 4581 726 4634 n,
766 4563 878 4636 16),
929 4588 948 4613 ι
991 4564 1138 4638 quod
1167 4581 1278 4621 non
1307 4575 1389 4623 est
1420 4567 1487 4623 de
1515 4570 1648 4638 Deo,
1703 4571 1798 4627 sed
1843 4574 1910 4630 de
1959 4573 2065 4630 hoc

469 4654 677 4711 mundo
735 4663 835 4710 est.
882 4654 1019 4710 ltcm
1063 4654 1195 4712 alibi
1232 4655 1412 4714 dicit:
1460 4681 1478 4704 ι
1534 4658 1590 4714 Si
1647 4659 1769 4733 quis
1823 4663 2062 4719 voluerit

467 4745 676 4802 amicus
698 4760 813 4800 esse
843 4742 1008 4817 hujus
1037 4745 1252 4815 mundi,
1281 4745 1540 4806 inimicus
1568 4735 1668 4806 Dei
1697 4751 2062 4809 constituetur

469 4832 611 4904 (Jac.
651 4851 728 4902 1v,
762 4833 844 4906 4).
877 4857 894 4882 ι
949 4833 1095 4902 Quid
1141 4835 1301 4907 dicis,
1342 4837 1541 4896 devota
1585 4841 1748 4899 Deo?
1796 4843 1928 4915 quid
1976 4843 2060 4900 vis

463 4921 783 4983 hominibus
805 4927 1018 4999 placere
1039 4928 1066 4984 τ
1095 4928 1228 5002 quid
1249 4929 1541 5002 desideras,
1565 4935 1653 4989 vel
1675 4932 1807 5007 quid
1829 4934 2058 5006 quaeris?

460 5013 515 5068 Si
569 5018 744 5072 Deum
787 5018 1006 5090 quaeris,
1047 5028 1230 5077 tecum
1276 5031 1402 5077 est:
1452 5022 1499 5079 si
1543 5031 1725 5080 autem
1774 5023 2054 5080 hominem

460 5107 678 5177 quieris,
730 5125 842 5164 non
890 5108 995 5166 hoc
1037 5109 1331 5168 devovisti.
1385 5113 1529 5182 Quid
1577 5122 1707 5172 sunt
1757 5113 2056 5172 homines?

2186 3922 2361 3979 disti:
2437 3949 2455 3972 ι
2527 3927 2704 3984 Vitate
2762 3946 2971 4000 canes,
3034 3932 3204 3988 vitate
3269 3933 3444 3990 malos
3501 3932 3753 4006 operarios

2186 4013 2444 4086 (Philipp.
2481 4034 2563 4085 III,
2597 4019 2706 4090 2)?
2754 4045 2771 4067 ι
2816 4020 2921 4088 Qui
2960 4029 3089 4078 sunt
3121 4021 3264 4079 isti?
3304 4023 3568 4080 Homines
3609 4023 3754 4094 hujus

2179 4104 2384 4172 saeculi,
2432 4105 2523 4178 qui
2571 4123 2681 4162 non
2727 4119 3030 4181 sequuntur
3071 4109 3301 4184 vestigia
3349 4112 3575 4170 Christi.
3623 4113 3751 4183 Rogo

2179 4198 2250 4260 te,
2296 4193 2429 4265 quid
2473 4195 2576 4250 tibi
2621 4195 3029 4266 demonstrant;
3079 4200 3170 4257 dic
3219 4201 3378 4257 mihi.
3433 4201 3750 4266 Castitatem,

2177 4295 2337 4352 quam
2370 4299 2479 4338 non
2507 4283 2758 4343 habent?
2787 4287 2930 4355 Quid
2951 4288 2978 4344 ?
3007 4287 3194 4359 ﬁdem,
3240 4307 3405 4364 quam
3451 4308 3562 4348 non
3606 4291 3754 4348 inve-

2176 4370 2338 4428 niunt
2360 4374 2387 4430 ?
2416 4374 2740 4444 doctrinam,
2765 4393 2929 4450 quam
2950 4395 3060 4435 non
3091 4391 3417 4454 sequuntur,
3448 4383 3558 4439 nisi
3584 4380 3754 4438 diabo-

2177 4465 2334 4521 licam
2386 4469 2708 4539 sapientiam
2757 4470 2922 4544 hujus
2967 4474 3212 4530 saeculi?
3273 4474 3573 4547 jejunium,
3621 4474 3751 4549 quod

2146 4553 2410 4614 ‘odiunt?
2435 4557 2844 4627 abstinentiam,
2870 4577 3033 4634 quam
3059 4561 3353 4634 judicant?
3372 4563 3748 4629 humilitatem,

2172 4659 2333 4717 quam
2385 4648 2748 4719 opprimunt?
2796 4651 3166 4722 sobrietatem,
3214 4671 3378 4727 quam
3427 4652 3751 4729 negligunt?

2170 4735 2437 4794 sinceram
2465 4749 2726 4810 mentem,
2770 4759 2933 4816 quam
2981 4761 3092 4800 non
3139 4745 3364 4814 habent,
3415 4747 3522 4802 nisi
3570 4742 3750 4817 dupli-

2168 4841 2284 4882 cem
2308 4828 2335 4883 ?
2365 4828 2774 4899 verecundiam,
2818 4848 2980 4905 quam
3012 4832 3314 4906 projiciunt
3351 4852 3382 4891 a
3424 4851 3479 4891 se
3501 4835 3529 4892 ?
3570 4831 3747 4891 Nescio

2167 4921 2349 4970 autem
2379 4915 2512 4988 quid
2549 4918 2634 4974 vis
2660 4921 2880 4977 studere
2908 4938 3033 4978 cum
3065 4923 3217 4995 ipsis.

2246 5029 2391 5088 366
2422 5033 2648 5126 CAPUT
2678 5037 2746 5093 ll.
2777 5067 2848 5077 —
2889 5037 2994 5094 Sed
3023 5038 3158 5126 quid
3187 5037 3372 5124 dicis?
3421 5041 3536 5113 Ego
3575 5045 3741 5095 autem

2163 5133 2427 5180 converto
2453 5141 2545 5180 eos
2573 5125 2642 5182 ad
2671 5142 2777 5182 me.
2811 5126 2868 5183 Si
2897 5134 3079 5183 autem
3111 5127 3197 5208 (ad
3242 5137 3297 5185 te
3327 5131 3576 5187 conversi
3625 5128 3740 5183 fue—

457 5195 718 5254 llomines
760 5197 928 5271 hujus
959 5201 1156 5294 saeculi
1188 5220 1198 5258 :
1247 5225 1265 5249 ι
1309 5203 1381 5259 Et
1427 5205 1688 5260 saeculum
1737 5205 1954 5273 transit,
2005 5212 2058 5261 et
2089 5213 2132 5272 Ο
2163 5209 2293 5280 rint,
2327 5229 2438 5269 non
2467 5214 2571 5270 tibi
2601 5215 2842 5288 expedit.
2874 5215 3021 5283 Quid
3050 5195 3248 5289 quaerit
3273 5219 3436 5294 lupus
3451 5213 3736 5290 cumagno?

453 5289 897 5361 concupiscentia
925 5289 1077 5362 ejus:
1111 5292 1204 5364 qui
1235 5303 1415 5350 autem
1447 5295 1639 5352 fecerit
1684 5313 1803 5369 quas
1851 5295 2053 5368 scripta

449 5384 600 5444 sunt,
658 5385 844 5433 manet
895 5378 952 5434 in
991 5387 1254 5436 aeternum
1302 5383 1366 5448 (Ι
1407 5382 1563 5438 Joan.
1603 5401 1666 5450 ri,
1700 5385 1812 5457 17).
1843 5409 1862 5434 ι
1905 5384 2049 5452 Quid

399 5638 422 5650 ,,
499 5589 1125 5669 ἒ(11110111.θάίῐε-βοιεξ,
1165 5601 1211 5669 et
1251 5595 1362 5669 ipse
1406 5595 1666 5654 Dominus
1711 5600 1854 5656 Deus
1903 5606 2041 5665 tuus,

349 5675 354 5680 ο
387 5651 396 5658 ’
444 5651 746 5718 adorabunt
773 5677 888 5716 eum
915 5665 1041 5733 ﬁlia:
1075 5651 1221 5735 Tyri.

2161 5301 2246 5355 vel
2277 5301 2411 5373 quid
2441 5303 2636 5375 quaerit
2673 5304 2842 5372 canis,
2895 5303 3001 5360 nisi
3050 5315 3246 5377 panem
3277 5308 3306 5364 ?
3348 5308 3525 5376 Quare
3567 5313 3733 5361 autem

2158 5389 2302 5461 rugit
2344 5390 2427 5446 leo
2480 5391 2614 5462 (Isa.
2661 5408 2820 5460 xxxx,
2869 5393 2951 5464 lt),
3001 5392 3108 5449 nisi
3156 5411 3258 5468 pro
3305 5396 3527 5468 praeda?
3569 5394 3647 5449 Tu
3689 5398 3732 5445 te

2223 5603 2304 5680 (2)
2336 5604 2544 5680 Eadem
2570 5606 2730 5680 Boni.
2757 5604 3130 5680 edit.__ltor_um
3166 5607 3304 5680 idem
3346 5611 3620 5680 reperitur.
3664 5604 3724 5659 Et

2152 5673 2316 5744 infra,
2346 5677 2421 5732 Et
2448 5676 2580 5733 alibi
2607 5676 2840 5732 dicitur:
2872 5677 2930 5733 Si
2953 5678 3072 5750 quis
3101 5679 3352 5747 voluerit,
3383 5673 3487 5737 etc.
