3864 6188
140 277 239 336 601
1334 271 1431 329 AD
1467 267 1820 329 VIRGINEM
1856 269 2225 328 DEVOTAM.
3331 269 3439 329 602

141 405 311 476 ipsam
333 408 540 460 castam
572 399 810 469 custodi,
857 399 905 456 si
959 405 1133 472 potes.
1193 395 1336 468 Quid
1381 397 1468 453 vis
1526 395 1724 454 docere
1753 398 1805 457 A
1839 412 1973 452 nos:
2015 403 2111 452 aut
2137 395 2299 453 facite
2354 396 2603 455 arborem
2657 399 2883 467 malam,
2931 404 2986 454 et
3042 397 3264 454 fructus
3317 396 3440 470 ejus

141 492 284 566 quod
309 500 371 548 tu
398 493 517 565 ipsa
536 507 649 548 non
673 489 811 546 facis
830 489 1019 548 ?sicut
1051 487 1190 547 dicit
1209 488 1546 562 Apostolus:
1581 511 1600 535 ι
1624 487 1730 544 No-
1837 486 2029 542 malos.
2062 485 2408 559 Unaquaeque
2436 487 2598 544 arbor
2637 503 2708 544 ex
2735 487 2923 545 fructu
2961 503 3064 544 suo
3132 487 3441 561 cognosci-

141 582 235 639 lite
263 580 416 639 omni
449 579 671 654 spiritui
703 578 943 648 credere,
975 578 1072 636 sed
1127 577 1354 652 probate
1405 577 1655 650 spiritus,
1684 576 1730 632 si
1840 582 1931 632 tur
1961 574 2170 646 (Matth.
2210 589 2310 642 xit,
2341 573 2451 648 33).
2479 599 2498 623 ι
2541 607 2614 618 -
2651 598 2670 624 ‹
2692 576 3019 650 Quicunque
3056 585 3249 635 autem
3287 583 3436 644 367

140 689 207 728 ex
234 674 349 728 Deo
377 679 506 727 sunt
536 670 594 742 (Ι
638 670 797 726 Joan.
848 687 930 736 iv,
964 669 1043 742 1).
1075 692 1093 717 ι
1158 666 1217 724 Si
1261 675 1444 724 autem
1501 667 1569 722 ab
1599 665 1734 738 ipsis
1841 673 2020 748 qualis
2042 673 2228 742 fuerit,
2259 690 2385 730 cum
2414 673 2513 730 tali
2541 690 2600 730 se
2637 673 2822 746 jungit
2857 674 3056 746 (Eccli.
3089 692 3216 746 xm,
3251 676 3372 749 20).
3403 701 3424 727 ι

140 762 448 819 doctrinam
481 759 738 833 accipias,
765 758 1042 816 docebunt
1094 765 1170 828 te,
1199 757 1348 831 quod
1377 755 1610 824 faciunt,
1643 757 1733 812 vel
1844 763 2112 822 Columba
2139 762 2367 819 dimissa
2403 763 2470 820 de
2501 778 2669 820 manu
2714 763 2980 832 hominis,
3012 765 3196 822 statim
3219 783 3441 826 reversa

139 849 288 922 quod
317 859 646 923 sequuntur,
695 847 1223 921 concupiscentiam,
1281 845 1730 915 fornicationem,
1843 859 1925 909 est
1953 853 2020 908 ad
2049 867 2175 907 eum
2213 852 2271 907 in
2303 867 2484 909 arcam
2509 870 2521 908 ;
2550 868 2678 908 nam
2706 867 2906 908 corvus
2935 851 3198 910 dimissus
3217 871 3439 913 carnem

138 939 457 1010 libidinem,
489 939 801 1008 avaritiam,
835 937 1108 1007 fraudem,
1159 936 1598 1006 immunditiam,
1619 937 1735 993 im—
1843 949 2062 999 secutus
2089 949 2170 998 est
2194 941 2349 1014 (Gen.
2384 959 2508 1010 vni,
2539 941 2620 1014 7),
2654 957 2815 1014 quem
2873 948 2936 997 tu
2965 957 3182 1014 quoque
3208 943 3295 999 vis
3345 960 3441 1002 se-

139 1027 489 1101 pudicitiam,
542 1029 842 1096 luxuriam,
902 1027 1242 1096 ebrietatem,
1299 1027 1732 1100 improbitatem,
1844 1033 1960 1106 qui;
1995 1041 2194 1090 utnon
2220 1032 2518 1090 revertaris
2547 1031 2615 1088 ad
2638 1031 2867 1106 januam
2922 1031 3154 1090 Christi.
3207 1034 3308 1089 Est
3339 1033 3444 1092 tibi

141 1117 565 1192 turpiloquium,
647 1116 964 1185 stultitiam,
1042 1115 1332 1185 maleﬁCia,
1411 1116 1732 1184 homiCidia,
1845 1125 2190 1183 conversatio
2240 1141 2368 1181 cum
2410 1123 2607 1180 bestiis
2655 1122 2772 1196 agri
2828 1129 2882 1179 et
2931 1139 3060 1180 cum
3119 1122 3445 1182 volatilibus

143 1205 299 1275 iram,
331 1206 535 1276 rixam,
569 1212 623 1261 θῑ
649 1221 869 1261 omnem
922 1205 1214 1262 Militiam-
1250 1205 1397 1274 Qllid
1427 1205 1587 1275 diCiS,
1621 1205 1737 1261 mi-
1845 1215 2008 1272 coeli:
2042 1215 2183 1272 sicut
2209 1217 2532 1283 et'corvus,
2563 1229 2677 1271 non
2747 1211 3072 1270 memoraris
3116 1213 3442 1283 Dominum,

143 1316 277 1368 sera,
312 1299 404 1355 vel
464 1295 598 1370 quid
629 1295 908 1353 excusas?
961 1294 1250 1353 Devovisti
1290 1295 1530 1351 animam
1561 1303 1669 1350 tua:

1915 1305 1943 1360 ,i
1967 1313 2021 1361 te
2053 1305 2119 1361 de
2153 1304 2368 1361 diluvio
2398 1305 2692 1361 liberavit:
2718 1320 2830 1360 non
2852 1303 3053 1377 quaeris
3070 1301 3252 1359 cubile
3287 1310 3441 1360 tuum

143 1396 202 1446 ut
221 1387 287 1444 ab
311 1387 449 1461 ipsis
480 1385 804 1443 hominibus
839 1385 1158 1442 recederes:
1200 1402 1349 1444 nunc
1390 1394 1574 1443 autem
1604 1386 1739 1459 quid
1847 1395 2170 1451 umbrosum
2200 1403 2254 1450 et
2292 1394 2520 1462 bonum,
2553 1393 2651 1449 ubi
2680 1393 2926 1467 requiem
2963 1393 3321 1465 temporalem
3352 1391 3447 1448 ha.

145 1481 342 1556 quaeris
364 1481 393 1538 ?
424 1481 598 1554 Rogo,
631 1496 743 1536 non
799 1479 1179 1548 confundaris,
1223 1477 1444 1552 quando
1473 1477 1542 1534 de
1568 1485 1622 1533 te
1653 1477 1670 1532 i

1926 1484 2040 1541 isti.
2089 1483 2212 1541 Nou
2266 1483 2371 1540 tibi
2402 1492 2528 1540 ante
2570 1484 2760 1541 oculos
2786 1490 2869 1540 est
2913 1490 3230 1555 tempestas,
3285 1489 3448 1554 atque

145 1570 248 1629 sibi
295 1570 515 1626 fabulas
569 1569 803 1638 faciunt,
849 1569 1128 1626 dicentes:
1185 1570 1328 1626 Ecce
1358 1568 1558 1625 devota
1602 1569 1671 1624 De

1923 1577 2024 1635 lita
2050 1594 2106 1634 es
2155 1575 2480 1636 charitatem
2539 1573 2769 1644 Christi,
2809 1580 2863 1629 et
2915 1583 3067 1631 tenes
3122 1572 3448 1630 charitatem

146 1679 261 1736 quae
293 1679 395 1718 nos
425 1661 714 1736 sequitur;
756 1660 1055 1735 dereliquit
1101 1659 1251 1717 enim
1284 1659 1430 1716 viam
1471 1675 1644 1727 suam,
1686 1667 1741 1715 et
1849 1667 2139 1724 hominum
2171 1666 2336 1738 hujus
2365 1665 2573 1732 saeculi,
2605 1663 2702 1736 qui
2731 1679 2844 1721 non
2874 1662 3080 1720 habent
3123 1661 3450 1720 charitatem

145 1774 238 1831 per
255 1757 526 1814 terminos
548 1756 664 1828 agri
693 1757 781 1812 sui
810 1753 1034 1824 erravit,
1059 1755 1208 1810 viam
1239 1753 1601 1832 habitationis
1622 1769 1733 1809 suae
1770 1764 1818 1824 B
1848 1757 1907 1814 in
1936 1773 2012 1825 se,
2045 1756 2153 1812 nisi
2189 1754 2516 1811 diabolicam
2540 1771 2552 1809 :
2583 1753 2668 1808 illi
2691 1759 2876 1808 autem
2909 1753 3076 1808 aliam
3104 1768 3327 1810 carnem
3352 1767 3451 1807 se-

147 1863 255 1905 non
285 1845 524 1904 invenit.
557 1845 777 1915 Venite,
811 1860 1260 1918 prmoccupemus
1288 1859 1431 1912 eam,
1459 1849 1512 1898 et
1564 1841 1742 1900 duce-
1849 1855 2117 1921 quuntur,
2148 1853 2202 1902 et
2231 1861 2344 1901 non
2399 1844 2661 1900 desinunt
2695 1841 3053 1916 quoadusque
3115 1842 3444 1899 moriantur.

147 1953 268 1994 mus
296 1936 356 1992 in
385 1935 532 1992 viam
563 1943 829 1992 nostram.
862 1931 1150 2003 Cecidisti,
1174 1933 1392 2001 misera,
1429 1933 1488 1988 in
1518 1933 1610 1987 via
1633 1933 1742 1989 lata
1850 1936 2081 2006 Recede,
2109 1935 2326 2004 misera,
2360 1933 2428 1990 de
2459 1931 2574 1988 illis
2593 1931 2934 1999 hominibus;
2991 1947 3061 1989 ne
3091 1947 3284 1990 carnes
3326 1940 3451 1989 tuas

148 2033 200 2084 et
227 2025 487 2099 spatiosa,
519 2041 639 2098 quae
668 2022 822 2080 ducit
839 2021 907 2079 ad
935 2031 1189 2079 mortem.
1213 2021 1454 2080 Videtur
1492 2020 1597 2078 tibi
1627 2037 1744 2078 esse
1852 2030 2051 2085 electas
2078 2024 2388 2093 comedam,
2419 2024 2560 2081 talos
2596 2028 2723 2078 tuos
2769 2029 3038 2091 evertant,
3068 2029 3123 2078 et
3158 2022 3452 2094 relinqua-

146 2114 310 2184 bona,
345 2131 467 2188 quae
487 2114 632 2169 mala
659 2121 741 2169 est
768 2131 780 2168 :
813 2112 1060 2185 sequeris
1087 2128 1182 2168 eos
1221 2127 1430 2181 amenS,
1461 2118 1516 2168 et
1566 2111 1746 2168 nescis
1853 2118 1932 2174 ris
1960 2117 2128 2187 nuda,
2158 2124 2212 2172 et
2241 2115 2494 2188 spoliata,
2545 2113 2690 2170 sicut
2720 2112 2780 2168 in
2838 2112 3236 2171 cucumerario.
3287 2111 3452 2170 Modo

147 2203 414 2278 quoniam
453 2208 602 2258 recta
659 2200 719 2255 in
774 2199 992 2256 foveam
1047 2199 1218 2257 cadis-
1274 2201 1486 2257 Memor
1510 2216 1644 2274 ,ῐιοῐι
1691 2216 1749 2257 83
1855 2219 2039 2267 autem
2068 2208 2202 2283 quid
2225 2208 2414 2278 facies,
2442 2206 2572 2280 quia
2598 2203 2750 2262 nuda
2779 2219 2836 2261 es
2869 2211 2923 2261 et
2944 2202 3220 2277 spoliata?
3241 2200 3352 2259 Ibis
3381 2201 3452 2258 ad

147 2299 357 2350 arctam
389 2297 444 2346 ει
476 2295 765 2361 angustam
794 2303 909 2343 ϐεδε
939 2287 1109 2355 Viam,
1141 2305 1261 2362 quae
1293 2287 1448 2345 ducit
1476 2289 1545 2346 ad
1576 2289 1749 2344 Vitam
1858 2299 2072 2356 vicinos
2090 2307 2234 2366 tuos,
2267 2314 2404 2371 quos
2431 2303 2557 2352 ante
2587 2294 2800 2364 oderas,
2829 2302 3020 2367 petens
3049 2292 3118 2348 ab
3147 2292 3282 2364 ipsis
3312 2306 3454 2362 ope—

154 2378 374 2451 (Matth.
405 2395 508 2447 vn,
533 2377 620 2446 i3,
660 2376 1119 2450 ih)?Laboriosa
1173 2377 1278 2434 tibi
1338 2377 1560 2435 videtur
1612 2393 1680 2433 es:

1920 2396 2157 2444 mentum
2170 2386 2398 2460 pudoris
2422 2404 2432 2441 :
2451 2385 2537 2441 illi
2567 2394 2752 2442 autem
2773 2383 2902 2439 dare
2927 2383 3149 2450 nolunt,
3167 2381 3446 2438 dicentes:

157 2483 274 2540 quae
303 2465 450 2522 bona
479 2473 561 2521 est
593 2482 605 2521 :
642 2464 815 2521 oblita
843 2480 901 2520 es
927 2466 1140 2524 dictum
1165 2466 1336 2524 fuisse
1373 2484 1386 2522 :
1427 2490 1446 2515 ι
1490 2465 1630 2535 Quia
1657 2483 1752 2541 per
1876 2503 1894 2530 .
1947 2477 2054 2534 Ubi
2105 2484 2186 2534 est
2217 2476 2612 2532 vestimentum
2651 2481 2810 2529 tuum
2868 2471 3247 2544 splendidum,
3306 2469 3453 2544 quod

157 2558 354 2614 multas
374 2554 766 2611 tribulationes
792 2571 893 2611 nos
920 2563 1135 2628 oportet
1158 2556 1216 2612 in
1241 2572 1470 2628 regnum
1487 2555 1752 2612 caelorum
1861 2573 1988 2622 ante
2016 2571 2234 2637 portare
2245 2562 2457 2618 solebas
2478 2563 2505 2618 τ
2532 2585 2550 2609 ι
2585 2561 2731 2628 Quid
2762 2559 2992 2628 dicis,et
3013 2559 3147 2629 quid
3159 2558 3454 2630 respondes

162 2645 388 2702 introire
421 2643 564 2732 (Act.
625 2660 745 2712 xrv,
790 2644 935 2715 2i)?
964 2667 983 2693 ι
1046 2646 1206 2703 Nunc
1235 2654 1418 2704 autem
1477 2647 1688 2702 volunt:

1929 2704 1934 2722 ,
1975 2675 2137 2732 quam
2163 2657 2338 2729 frigus
2387 2654 2712 2728 obligavit?
2745 2654 3103 2711 Gratulantur
3157 2661 3340 2710 autem
3394 2653 3455 2710 in

164 2741 266 2791 tuae
306 2733 392 2788 vis
419 2730 663 2788 studere.
695 2732 818 2788 Non
845 2731 1024 2805 legisti
1054 2732 1404 2792 Salomonem
1427 2735 1745 2794 dicentem:
1865 2730 2024 2806 malis
2077 2747 2208 2816 suis,
2265 2763 2386 2820 quae
2435 2744 2540 2802 tibi
2590 2751 2882 2802 venerunt.
2931 2743 3085 2800 Tunc
3130 2750 3183 2798 te
3231 2741 3454 2813 planges

180 2859 197 2881 ι
222 2833 388 2892 Bonis
412 2832 560 2889 bona
590 2839 771 2889 creata
801 2837 931 2887 sunt
960 2826 1028 2884 ab
1058 2825 1248 2896 initio,
1274 2825 1536 2884 similiter
1563 2825 1755 2900 impiis
1863 2837 2130 2896 dicendo;
2164 2839 2283 2894 Heu
2327 2837 2468 2893 mihi
2523 2836 2756 2904 miserm,
2805 2834 2894 2892 cui
2959 2833 3093 2890 talia
3134 2831 3446 2889 venerunt!

164 2930 215 2979 et
243 2920 626 2995 peccatoribus
654 2921 802 2978 bona
830 2928 882 2977 et
913 2920 1058 2976 mala
1087 2919 1280 2991 (Eccli.
1314 2934 1518 2987 xxxix,
1549 2918 1640 2990 30)
1666 2917 1690 2974 ?

1927 2929 2010 2986 1id
2040 2928 2178 2984 mihi
2209 2927 2416 3001 profuit
2443 2928 2540 2982 illa
2569 2925 2886 2997 captivitas,
2920 2940 3041 2997 quae
3079 2938 3167 2979 me
3196 2919 3453 2993 captiva-

165 3017 292 3074 Item
321 3016 442 3090 ipso
474 3014 693 3073 dicente
721 3031 732 3070 :
777 3037 795 3062 ι
823 3012 1055 3070 Initium
1085 3011 1213 3068 vitae
1243 3010 1491 3068 hominis
1537 3009 1755 3082 spirita-
1862 3018 1948 3074 vi;
1976 3018 2232 3073 miseram
2271 3025 2325 3073 et
2355 3015 2679 3072 infelicem?
2721 3038 2739 3062 ι
2766 3013 2885 3082 Quo
2925 3011 3018 3068 ibo
3047 3009 3310 3084 aSpiritu
3329 3013 3448 3075 tuo,

163 3105 283 3163 liter
310 3115 575 3180 arguetur
603 3104 684 3178 (3)
735 3103 898 3176 (Ibid.
935 3102 1050 3174 31).
1088 3123 1106 3150 ι
1164 3123 1184 3149 ι
1232 3100 1507 3173 Spiritalis
1567 3099 1752 3156 omnia
1787 3129 1830 3189 Ο
1864 3117 1918 3165 ει
1940 3125 1972 3164 ει
2023 3107 2159 3163 facie
2189 3116 2284 3164 tua
2304 3123 2413 3179 quo
2441 3105 2648 3179 fugiam
2669 3105 2697 3162 ?
2725 3104 2784 3162 Si
2813 3102 3108 3161 ascendero
3138 3101 3197 3156 in
3226 3098 3453 3189 caelum,

158 3195 380 3269 judicat,
413 3197 536 3271 ipse
564 3203 748 3252 autem
802 3210 834 3250 a
862 3193 1084 3250 nemine
1106 3191 1390 3265 judicatur
1439 3193 1498 3265 (Ι
1525 3192 1652 3249 Cor.
1687 3208 1750 3261 II,
1793 3183 1830 3189 ⁷
1861 3205 1922 3253 tu
1950 3195 2162 3254 illices:
2213 3196 2260 3253 si
2315 3194 2647 3253 descendero
2694 3194 2764 3251 ad
2811 3193 3116 3260 infernum,
3173 3188 3322 3246 ades.
3391 3183 3450 3241 Si

166 3286 272 3358 15).
304 3307 328 3336 ι
369 3285 477 3345 Ubi
512 3302 590 3355 es,
619 3286 734 3342 Deo
785 3281 1032 3340 devota?
1081 3280 1356 3354 Spiritalis
1405 3281 1626 3354 quidem
1685 3279 1754 3336 de
1862 3303 2145 3361 sumpsero
2173 3304 2379 3360 pennas
2413 3304 2559 3344 meas
2588 3295 2713 3343 ante
2744 3287 2946 3353 lucem,
2968 3291 3023 3340 et
3047 3281 3369 3338 habitavero
3395 3275 3454 3331 in

164 3375 280 3432 aliis
297 3374 580 3448 judicans,
613 3380 675 3429 tu
708 3371 826 3445 ipsa
850 3370 1140 3444 judicaris.
1202 3369 1346 3439 Quid
1376 3370 1575 3444 quaeris
1625 3385 1690 3426 cu

1927 3385 2112 3434 .tremo
2160 3377 2364 3445 maris;
2416 3377 2621 3434 etenim
2671 3375 2806 3433 illuc
2834 3389 3030 3431 manus
3081 3378 3178 3427 tua
3218 3367 3453 3425 deducet

165 3462 312 3522 illis?
356 3490 374 3514 ι
403 3466 541 3534 Qua
573 3476 698 3536 pars
735 3461 887 3518 ﬁdeli
917 3477 1043 3518 cum
1072 3460 1290 3517 inﬁdeli
1345 3461 1434 3533 (ΙΙ
1483 3462 1609 3518 σον.
1670 3476 1751 3528 VI,
1867 3483 1973 3536 me,
2007 3475 2061 3524 et
2096 3467 2304 3524 tenebit
2334 3483 2421 3524 me
2455 3467 2682 3524 dextera
2709 3473 2803 3522 tua
2834 3465 3008 3536 (Psal.
3073 3475 3349 3526 cxxxvni,
3385 3457 3456 3513 7-

169 3557 297 3629 15)?
323 3582 342 3608 ι
386 3560 477 3616 vel
538 3574 659 3630 quae
686 3573 811 3630 pars
861 3554 1038 3612 sancti
1069 3553 1315 3610 hominis
1375 3553 1443 3610 ad
1490 3553 1756 3611 carnem?
1869 3557 1983 3629 10).
2014 3581 2032 3605 ι
2073 3557 2226 3615 Tunc
2245 3556 2426 3614 dices:
2470 3579 2488 3606 ι
2518 3556 2727 3614 Vadam
2767 3563 2821 3612 et
2851 3559 3094 3611 revertar
3149 3551 3219 3606 ad
3265 3547 3453 3603 virum

167 3644 328 3720 Virgo
364 3656 524 3721 potes
541 3662 657 3703 esse
687 3660 938 3719 corpore,
967 3643 1062 3701 sed
1100 3659 1214 3699 non
1245 3650 1429 3699 mente
1472 3649 1752 3715 corrupta.
1868 3662 2050 3703 meum
2081 3646 2439 3718 primarium;
2475 3645 2604 3718 quia
2633 3645 2833 3702 melius
2863 3642 3003 3699 mihi
3035 3648 3152 3699 erat
3179 3649 3312 3696 tunc
3342 3651 3454 3691 ma-

169 3733 320 3792 Oculi
351 3743 539 3793 autem
571 3736 653 3792 tui
687 3735 946 3791 obcaecati
976 3740 1107 3790 sunt
1134 3731 1310 3788 nimio
1339 3731 1538 3788 ardore
1571 3730 1756 3788 libidi-
1867 3735 1968 3808 gis,
2001 3752 2163 3809 quam
2214 3735 2378 3792 modo
2436 3736 2586 3806 (Osee
2614 3752 2674 3803 ιι,
2711 3734 2790 3806 7),
2855 3757 2874 3781 ι
2943 3732 3040 3805 qui
3093 3727 3234 3786 mihi
3289 3725 3456 3782 dabat

170 3823 272 3893 nis,
301 3824 360 3880 in
387 3825 594 3898 quibus
627 3823 776 3881 t'rabs
805 3821 1050 3895 subjacet
1071 3839 1082 3878 :
1106 3837 1265 3878 aures
1291 3829 1401 3878 tuae
1427 3822 1602 3894 plena:
1625 3828 1758 3877 sunt
1869 3825 2195 3881 vestimenta
2237 3841 2376 3894 mea,
2427 3833 2480 3881 et
2509 3825 2693 3880 oleum
2737 3837 2921 3879 meum
2951 3820 3010 3876 in
3057 3826 3300 3889 tempore
3330 3829 3451 3870 suo.

172 3913 316 3969 omni
346 3914 614 3987 spurcitia
642 3913 797 3968 virili
822 3930 834 3969 :
869 3911 1033 3984 pedes
1061 3927 1194 3968 vero
1224 3910 1307 3966 tui
1334 3911 1553 3970 veloces
1599 3917 1754 3979 sunt,
1867 3914 2030 3970 Modo
2049 3921 2232 3969 autem
2263 3913 2398 3986 quid
2426 3914 2569 3971 facio
2589 3914 2617 3970 ?
2644 3913 2799 3968 Tunc
2830 3905 3124 3967 reverteris
3152 3905 3211 3960 in
3227 3905 3456 3961 domum

171 4008 222 4057 et
243 4018 353 4059 non
376 4012 510 4059 sunt
558 4001 700 4076 pigri
730 4001 799 4058 ad
818 4000 1046 4074 januam
1076 4000 1231 4057 foris.
1289 4001 1393 4058 Ubi
1442 4001 1708 4058 sanctitas
1732 4001 1760 4058 ?
1873 4015 2020 4062 tuam
2060 4023 2184 4063 cum
2208 4006 2359 4074 ﬂetu,
2393 4004 2540 4061 unde
2587 4003 2800 4060 exieras
2828 4000 3089 4074 gaudens.
3138 3993 3362 4054 Sedebis
3398 3990 3458 4046 in

171 4088 259 4145 ubi
288 4090 627 4146 verecundia
648 4091 676 4146 ?
704 4089 804 4145 ubi
833 4089 1102 4145 sobrietas
1127 4089 1156 4145 ?
1190 4088 1286 4144 ubi
1339 4089 1581 4161 gravitas
1603 4091 1631 4147 ?
1661 4090 1760 4148 ubi
1870 4096 2070 4168 angulo
2100 4095 2296 4152 domus
2325 4103 2433 4151 tum
2495 4094 2687 4166 lugens
2732 4100 2787 4148 et
2834 4088 3178 4157 contristata,
3235 4086 3459 4160 plorans

170 4179 431 4236 castitas?
455 4177 551 4234 ubi
579 4178 890 4235 modestia?
922 4178 1018 4234 ubi
1053 4177 1186 4234 ﬁdes
1204 4178 1232 4234 ?
1258 4177 1354 4234 ubi
1377 4179 1761 4236 continentia?
1870 4163 1967 4241 die
1981 4203 2042 4242 ac
2072 4194 2252 4253 nocte,
2285 4199 2534 4258 qurerens
2562 4163 2659 4257 qui
2689 4181 2855 4238 simul
2884 4188 3068 4238 tecum
3099 4175 3460 4236 contristetur
3549 4163 3558 4171 ’

171 4269 264 4326 ubi
291 4283 432 4343 pura
461 4283 615 4324 mens
635 4268 664 4324 ?
694 4267 798 4324 Ubi
827 4277 956 4325 sunt
975 4269 1072 4325 illa
1100 4268 1304 4338 omnis,
1330 4285 1428 4341 pro
1458 4270 1659 4343 quibus
1685 4271 1763 4326 ﬁ-
1869 4283 1924 4331 et
1956 4291 2068 4330 non
2103 4274 2210 4331 erit
2243 4293 2253 4330 :
2287 4283 2342 4331 et
2371 4273 2718 4332 consolantes
2747 4279 2822 4338 te,
2855 4279 2910 4328 et
2948 4286 3060 4327 non
3089 4265 3358 4325 invenies.
3387 4263 3462 4319 Et

174 4357 291 4416 dem
321 4367 475 4416 tuam
515 4374 866 4432 opposueras,
923 4375 1087 4432 quam
1117 4358 1451 4432 perdidisti?
1493 4385 1512 4409 ‹
1567 4361 1762 4418 Melius
1871 4363 2081 4422 dabunt
2127 4365 2230 4422 tibi
2273 4364 2701 4438 eleemosynam,
2749 4378 2886 4437 quos
2938 4368 3066 4418 ante
3111 4358 3350 4415 oderas:
3403 4358 3461 4409 et

175 4451 315 4508 enim
345 4450 527 4507 fuerat
554 4458 608 4507 te
637 4466 752 4506 non
781 4449 1001 4507 vovisse
1020 4459 1076 4507 et
1105 4449 1303 4521 facere,
1336 4469 1499 4525 quam
1537 4469 1758 4522 vovere,
1793 4496 1838 4552 ι)
1871 4455 2173 4512 movebunt
2197 4455 2377 4529 capita
2409 4471 2509 4512 sua
2547 4470 2714 4527 super
2733 4462 2808 4522 te,
2845 4451 3090 4510 dicentes
3114 4467 3125 4506 :
3171 4449 3312 4504 Ecce
3337 4457 3459 4517 quin

177 4548 226 4596 et
251 4557 361 4597 non
390 4541 570 4598 facere
594 4541 791 4614 (Eccle.
826 4559 886 4608 v,
917 4540 998 4613 4).
1023 4563 1042 4590 ι
1074 4571 1146 4583 -
1179 4566 1197 4589 ι
1216 4541 1347 4598 Non,
1365 4551 1518 4615 potes
1546 4542 1762 4599 duobus
1797 4531 1838 4552 u
1869 4553 1984 4601 erat
2019 4545 2218 4602 devota
2242 4547 2376 4616 Deo,
2409 4545 2574 4602 modo
2603 4544 2746 4602 facta
2773 4551 2850 4599 est
2883 4549 2944 4597 ut
2973 4549 3216 4598 stercora
3258 4535 3316 4590 in
3343 4531 3456 4599 via,

177 4628 409 4686 dominis
438 4630 666 4698 servire,
706 4636 803 4686 aut
832 4631 967 4698 Deo,
1013 4637 1108 4687 aut
1148 4646 1492 4700 mammonae,
1527 4655 1546 4680 ι
1619 4630 1762 4687 sicut
1870 4642 1923 4691 et
1955 4635 2100 4691 sicut
2137 4634 2334 4692 civitas
2387 4651 2508 4707 quae
2538 4640 2907 4706 expugnatur.
2940 4629 3044 4687 Ubi
3100 4635 3181 4682 est
3234 4619 3459 4679 castitas

180 4719 431 4792 scriptum
458 4727 539 4776 est
579 4719 795 4793 (Matth.
828 4736 906 4788 vr,
937 4719 1052 4792 24).
1091 4745 1110 4767 ι
1139 4719 1276 4778 Cum
1327 4737 1581 4792 perverso
1637 4719 1761 4776 sub-
1871 4722 2070 4780 illius?
2120 4725 2224 4781 Ubi
2255 4733 2384 4780 sunt
2438 4722 2626 4779 omnia
2673 4722 2789 4787 illa,
2848 4736 2969 4792 quas
2997 4731 3116 4772 eam
3147 4708 3465 4784 sequeban-

180 4809 400 4865 verteris
430 4809 604 4881 (Psat.
638 4827 782 4878 xvxi,
816 4809 932 4882 27).
963 4833 982 4858 ι
1041 4838 1114 4852 -
1157 4834 1176 4860 ι
1200 4811 1321 4868 Νοιι
1375 4804 1763 4884 potest'com—
1872 4813 2007 4870 tur?
2034 4813 2460 4884 Dereliquerunt
2509 4811 2657 4866 enim
2685 4809 2858 4875 illam,
2891 4807 3019 4879 quia
3069 4801 3293 4860 castitas
3345 4803 3461 4855 erat

181 4899 318 4956 mitti
347 4917 587 4973 pannum
618 4910 780 4961 vetus
827 4919 953 4960 cum
993 4920 1176 4972 novo;
1232 4905 1382 4962 tollit
1414 4905 1562 4961 enim
1593 4903 1764 4961 forti-
1873 4903 1990 4960 dux
2019 4918 2210 4958 eorum
2236 4919 2247 4956 :
2277 4901 2518 4972 perdidit
2537 4899 2867 4964 castitatem,
2899 4903 2954 4952 et
2983 4896 3244 4966 fugerunt
3273 4887 3464 4946 omnia

181 4989 420 5047 tudinem
451 4991 589 5065 ejus,
618 5002 672 5050 et
698 4992 854 5067 pejor
873 4993 1111 5051 scissura
1137 4993 1202 5050 ﬁt
1229 4994 1444 5067 (Matth.
1488 5012 1568 5062 rx,
1593 4995 1705 5066 16).
1729 5019 1748 5042 ιι
1874 4996 1989 5050 illa.
2023 4993 2184 5050 Modo
2213 4999 2395 5048 autem
2429 4991 2563 5064 quid
2618 4987 2804 5055 facies,
2857 4988 3057 5044 misera
3079 4986 3108 5043 ?
3161 4983 3266 5042 Ubi
3331 4989 3461 5039 sunt

183 5075 435 5137 Volatilia
463 5081 532 5137 ad
561 5083 668 5140 sibi
697 5083 906 5139 similia
935 5083 1313 5151 conveniunt;
1368 5091 1423 5140 et
1458 5084 1666 5139 veritas
1695 5081 1763 5139 ad
1875 5083 1978 5150 illi,
2015 5098 2152 5156 quos
2183 5077 2603 5152 insequebaris?
2654 5075 2949 5133 Redimant
3000 5086 3054 5134 te
3115 5075 3162 5132 si
3209 5081 3460 5148 possunt.

185 5183 288 5237 eos,
309 5171 401 5243 qui
427 5181 884 5246 operantuream,
907 5182 1234 5232 revertetur.
1258 5174 1418 5231 Absit
1443 5182 1504 5231 ut
1543 5181 1602 5230 tu
1625 5173 1764 5230 mihi
1875 5177 2049 5243 Quam
2080 5178 2234 5246 potes
2253 5169 2383 5226 dare
2421 5167 2910 5226 commutationem
2963 5185 3062 5242 pro
3099 5167 3284 5224 anima
3342 5173 3460 5235 tua,

185 5274 329 5316 soror
355 5279 468 5320 esse
517 5264 740 5336 dicaris,
772 5282 894 5339 quae
955 5282 1084 5324 cum
1137 5265 1343 5323 talibus
1396 5265 1760 5324 conversaris.
1875 5281 2037 5338 quam
2069 5259 2335 5318 fraudasti
2390 5276 2486 5332 per
2522 5255 2956 5315 inobedientiam
3009 5267 3184 5325 tuam;
3232 5265 3294 5313 ut
3349 5271 3462 5312 non

199 5373 216 5394 ι
247 5351 355 5406 Aut
403 5352 566 5410 facite
593 5353 844 5412 arborem
870 5355 1096 5426 bonam,
1137 5363 1193 5413 et
1241 5355 1458 5412 fructus
1485 5353 1604 5428 ejus
1654 5354 1765 5410 bo—
1875 5354 2092 5409 audires
2122 5351 2316 5406 fratres
2346 5357 2489 5414 tuos,
2530 5348 2617 5404 vel
2647 5362 2882 5417 sorores,
2916 5365 3035 5422 quas
3064 5348 3168 5406 tibi
3198 5347 3466 5404 demons-

255 5510 341 5591 (ἦ)
369 5512 571 5591 Eadem
623 5516 992 5591 Rom._edit.,
1019 5523 1070 5591 et
1106 5517 1477 5591 peccatoribus
1503 5517 1762 5571 mal/1?...
1871 5515 2230 5591 peccatoribns
2261 5517 2660 5591 “convertentur
2718 5507 2801 5589 in_
2842 5515 3006 5591 mata.
3071 5514 3192 5591 Yita
3237 5511 3462 5570 hominis

190 5579 404 5662 initium
427 5585 596 5640 omnis
622 5587 940 5662 necessitatis
1063 5579 1228 5662 viiam
1253 5589 1480 5662 hominis
1511 5603 1683 5662 _aqua
1722 5593 1770 5662 et
1871 5579 2032 5644 Etiam
2059 5585 2376 5662 spiritaliter
2403 5587 2679 5660 arguatur,
2708 5579 2838 5656 quia
2867 5586 3155 5662 spiritalis,
3195 5595 3302 5648 etc.

193 5651 337 5725 ignis,
370 5654 578 5726 ferrum
624 5663 673 5714 et
701 5660 808 5728 sal,
833 5667 940 5719 etc.
968 5658 1163 5719 Omnia
1189 5659 1297 5715 haec
1353 5659 1461 5732 piis
1508 5651 1666 5728 bona,
1695 5657 1769 5714 sic
