3864 6188
411 279 518 338 603

1417 279 1513 336 ΑΙ)
1552 278 1786 335 OPERA
1823 277 1879 333 S.
1919 274 2250 333 AMBROSII
2287 271 2669 329 APPENDIX.

3618 263 3738 324 604

412 407 650 474 trahant,
682 421 751 461 ne
775 413 829 463 te
874 405 1132 478 jungeres
1184 421 1309 464 cum
1340 403 1663 460 hominibus
1710 400 2008 458 saeculari-
2035 404 2086 463 A
2108 400 2181 455 sit
2208 398 2289 472 (4)
2321 415 2499 454 sermo
2528 405 2658 454 tuus
2690 415 2702 455 :
2731 398 2852 467 Est,
2880 404 2983 465 est,
2999 398 3141 466 Non,
3162 410 3278 452 non
3303 412 3316 452 :
3344 392 3499 468 quod
3529 400 3730 451 autem

410 498 516 556 bus
535 497 563 554 ?
589 498 749 555 Nunc
776 504 957 553 autem
989 495 1123 569 quid
1153 495 1417 551 faciemus
1438 493 1542 551 tibi
1571 493 1659 549 vel
1691 491 1825 565 quid
1860 489 2006 546 dice-

412 604 554 656 mus,
583 603 721 661 quos
757 588 948 643 audire
975 585 1241 653 noluisti;
1276 584 1385 640 nisi
1416 591 1478 638 ut
1527 599 1627 638 nos
1658 582 1803 654 ipsos
1838 582 2007 653 plan-

411 693 601 751 gamus
628 692 792 749 super
819 684 892 744 te,
925 675 1201 731 dicentes:
1262 674 1446 741 Parce,
1480 671 1737 739 Domine,
1784 687 1943 745 parce
1977 670 2006 726 ?

409 767 515 836 Qui
546 768 685 823 forte
712 766 901 822 ﬂetum
930 773 1180 820 nostrum
1210 770 1263 818 et
1314 762 1581 836 gemitum
1613 761 1877 818 exaudire
1909 760 2007 817 di-

409 864 626 930 gnetur,
671 862 734 911 ut
762 854 853 911 det
880 853 983 908 tibi
1021 853 1269 909 animum
1325 852 1687 910 convertendi
1717 851 1786 907 ad
1821 852 2003 923 ipsum

408 944 627 1010 denuo;
699 950 761 999 ut
838 958 1167 999 rememores
1231 949 1452 1016 peccata
1524 950 1640 1011 tua,
1720 940 1998 996 dicendo:

422 1056 444 1082 ι
470 1033 704 1101 Quantis
732 1031 965 1106 panibus
994 1032 1318 1090 mercenarii
1350 1034 1524 1104 patris
1561 1033 1667 1088 mei
1697 1030 2000 1098 abundant,

406 1136 507 1193 ego
548 1128 729 1177 autem
777 1122 920 1178 fame
949 1122 1160 1194 pereo?
1200 1121 1428 1191 Surgam
1468 1121 1676 1193 itaque,
1718 1127 1771 1175 et
1802 1117 1999 1173 vadam

407 1213 477 1270 ad
506 1220 713 1285 patrem
760 1228 967 1279 meum,
1011 1220 1065 1269 et
1088 1212 1268 1291 dicam
1301 1213 1421 1268 illi:
1468 1213 1647 1280 Pater,
1681 1209 1901 1284 peccavi
1936 1210 1995 1265 in

406 1303 607 1360 cmlum
660 1309 716 1358 et
744 1319 928 1361 coram
958 1312 1041 1370 te;
1087 1303 1203 1375 jam
1234 1320 1346 1359 non
1402 1321 1523 1360 sum
1592 1305 1759 1376 digna
1816 1301 2002 1359 vocari

406 1390 525 1448 ﬁlia
557 1398 671 1460 tua,
702 1392 921 1463 suscipe
952 1408 1039 1447 me
1077 1393 1221 1449 sicut
1273 1409 1439 1449 unam
1500 1410 1570 1449 ex
1599 1394 1820 1449 ancillis
1868 1393 2001 1457 tuis,

407 1489 470 1539 ut
500 1482 685 1538 vivam
709 1482 862 1554 (Luc.
919 1500 1017 1553 xv,
1052 1484 1276 1556 17-19).
1310 1508 1328 1530 ι
1371 1483 1517 1552 Quid
1545 1483 1591 1539 si
1623 1484 1766 1539 forte
1824 1499 1921 1554 pro
1950 1490 2005 1537 te

407 1571 672 1629 occiderit
702 1571 945 1628 vitulum
995 1578 1142 1636 368
1197 1572 1359 1628 illum
1390 1572 1699 1644 saginatum
1730 1572 1758 1628 ?
1811 1571 2004 1626 Zelans

406 1669 557 1727 enim
602 1677 657 1726 te
715 1672 907 1728 zelor:
964 1695 983 1718 ι
1043 1672 1378 1743 Desponsavi
1437 1670 1584 1727 enim
1618 1679 1672 1726 te
1730 1669 1829 1725 uni
1879 1668 2003 1724 viro

2111 490 2348 562 amplius
2392 497 2494 557 est,
2524 505 2555 544 a
2583 489 2728 544 malo
2782 496 2864 544 est
2892 488 3105 561 (Matth.
3154 505 3213 555 v,
3243 484 3465 556 34-37).
3500 508 3520 532 ι
3592 485 3731 541 Ira-

2112 596 2281 647 scere,
2313 587 2369 634 et
2388 579 2502 634 noli
2532 594 2755 651 peccare
2787 577 2971 649 (Psal.
3004 594 3085 645 ιν,
3123 576 3205 648 5),
3254 575 3324 630 ad
3370 572 3730 631 excusandas

2112 672 2490 728 excusationes
2528 670 2586 727 in
2615 670 2855 743 peccatis
2901 686 3028 727 cum
3054 667 3379 725 hominibus
3438 664 3726 740 operanti-

2109 760 2215 816 bus
2241 761 2587 833 iniquitatem
2621 760 2797 832 (Psal.
2832 775 2957 827 exn,
3012 756 3095 831 4).
3146 757 3396 819 Humilia
3443 764 3522 824 te,
3575 755 3725 824 ﬁlia,

2111 860 2236 907 ante
2262 851 2581 919 Dominum,
2614 849 2876 923 quoniam
2927 874 2945 895 ‹
2991 849 3137 906 Deus
3169 846 3424 921 superbis
3481 845 3721 914 resistit,

2110 942 2416 999 humilibus
2472 949 2655 997 autem
2714 941 2808 997 dat
2847 940 3075 1010 gratiam
3132 939 3193 1012 (Ι
3238 940 3387 995 Petr.
3448 957 3509 1007 v,
3565 938 3651 1008 5).
3684 963 3703 983 ι

2110 1031 2319 1087 Accede
2336 1031 2402 1087 ad
2431 1032 2751 1098 Dominum,
2792 1040 2855 1086 ut
2883 1028 3162 1085 illuminet
3197 1035 3273 1096 te,
3323 1035 3378 1084 et
3410 1044 3530 1084 non
3589 1044 3717 1085 eru-

2109 1123 2294 1180 besces
2323 1124 2379 1179 in
2412 1131 2705 1195 conspectu
2736 1122 2887 1178 illius
2920 1122 3095 1193 (Psal.
3128 1137 3336 1190 xxxm,
3389 1121 3473 1193 6).
3505 1120 3718 1178 Recede

2110 1217 2177 1273 de
2207 1218 2487 1290 voluptate
2516 1216 2724 1284 saeculi,
2751 1223 2804 1271 et
2834 1214 3001 1271 indue
3028 1224 3082 1272 te
3111 1215 3429 1272 constantia
3460 1213 3715 1271 virtutis.

2108 1307 2330 1378 Depone
2361 1307 2687 1362 vestimenta
2716 1305 2881 1379 hujus
2910 1305 3121 1374 saeculi,
3160 1313 3215 1361 et
3245 1303 3419 1360 indue
3450 1311 3502 1359 te
3520 1303 3714 1360 tunica

2110 1396 2509 1468 perpetuitatis.
2586 1396 2917 1469 Derelinque
2971 1395 3125 1452 cibos
3180 1395 3343 1451 istius
3391 1393 3605 1462 saeculi,
3663 1400 3715 1449 et

2110 1488 2295 1558 accipe
2310 1487 2413 1543 tibi
2435 1486 2631 1544 Sancta
2661 1494 2977 1543 sanctorum
3002 1486 3107 1558 (5).
3132 1486 3439 1541 Memorare
3460 1481 3711 1551 Sidrach,

2110 1575 2337 1643 Misach,
2387 1576 2705 1649 Abdenago,
2768 1584 2822 1633 et
2848 1575 3045 1631 Daniel
3101 1589 3383 1630 recusasse
3436 1589 3633 1629 carnes
3661 1580 3712 1629 et

2112 1665 2305 1720 vinum
2334 1666 2653 1736 gentilium,
2672 1673 2726 1721 et
2749 1665 3019 1737 accepisse
3047 1663 3154 1719 sibi
3185 1662 3333 1719 olera
3350 1669 3403 1719 et
3423 1661 3702 1735 legumina

405 1757 681 1831 virginem
719 1769 924 1817 castam
984 1759 1248 1816 exhibere
1304 1759 1545 1817 Christo.
1605 1759 1796 1814 Timeo
1852 1758 1999 1813 enim
2033 1772 2076 1831 Β
2113 1754 2277 1827 (Dan.
2312 1771 2352 1821 ι,
2384 1754 2560 1825 8-12).
2592 1756 2871 1811 Memento
2886 1752 3252 1810 Machabmam
3275 1759 3503 1824 propter
3521 1765 3711 1807 carnes

406 1862 495 1916 ne,
572 1847 715 1904 sicut
776 1864 1000 1921 serpens
1068 1850 1247 1904 Evam
1300 1849 1523 1905 seduxit
1603 1847 1807 1903 astutia
1882 1863 1998 1916 sua,

406 1936 488 1992 sic
552 1936 632 1993 tui
716 1953 908 1993 sensus
973 1945 1422 2009 corrumpantur,
1507 1943 1561 1992 et
1628 1932 1894 1991 excidant
1972 1948 2004 1987 a

405 2023 671 2092 charitate
727 2040 848 2097 qua)
905 2033 988 2082 est
1033 2027 1092 2082 in
1152 2026 1375 2084 Christo
1419 2026 1548 2082 Jesu
1604 2025 1696 2096 (ΙΙ
1746 2022 1871 2079 Cor.
1919 2037 1999 2089 x1,

405 2114 459 2183 2,
492 2104 571 2189 3)‘.
604 2141 623 2164 .

477 2204 706 2261 CAPUT
743 2206 839 2262 III.
868 2237 940 2247 —
975 2205 1118 2263 Vide
1144 2222 1272 2279 ergo
1292 2213 1346 2261 et
1375 2221 1507 2263 cave
1535 2204 1602 2261 de
1657 2203 1779 2260 istis
1824 2201 2002 2258 homi-

407 2294 593 2363 nibus,
612 2304 674 2352 ut
704 2295 844 2351 mihi
878 2313 1033 2353 soror
1058 2304 1115 2353 et
1142 2296 1369 2353 domina
1411 2294 1737 2352 nomineris.
1782 2318 1800 2341 ι
1858 2294 2005 2349 Intra

404 2384 465 2441 in
492 2386 835 2455 cubiculum,
867 2387 1055 2443 clauso
1074 2386 1215 2443 ostio
1231 2402 1327 2442 ora
1348 2386 1563 2442 Patrem
1584 2392 1745 2440 tuum
1776 2384 1997 2455 (Matth.

410 2493 485 2544 ιιι,
517 2476 597 2548 6),
635 2502 655 2524 ι
703 2484 766 2533 ut
792 2476 884 2533 det
908 2476 1011 2533 tibi
1046 2485 1287 2534 mentem
1317 2477 1521 2533 bonam
1550 2483 1606 2531 et
1626 2474 1997 2541 intellectum,

406 2573 469 2624 ut
494 2566 635 2624 scias
686 2581 825 2639 quos
853 2566 1052 2624 debeas
1109 2568 1285 2642 sequi,
1323 2575 1377 2623 et
1402 2583 1540 2641 quos
1598 2566 1816 2632 \itare;
1873 2562 2003 2636 quia

406 2657 569 2714 multi
595 2665 726 2714 sunt
754 2656 851 2730 qui
880 2656 1098 2730 ﬁngunt
1120 2674 1177 2715 se
1215 2672 1331 2713 esse
1356 2656 1505 2730 quod
1554 2670 1667 2710 non
1695 2660 1845 2722 sunt,
1905 2651 2002 2707 sed

405 2747 789 2804 mentiuntur:
817 2756 873 2803 et
896 2747 1075 2803 nescis
1103 2747 1367 2819 quoniam
1396 2746 1466 2802 de
1514 2743 1699 2800 anima
1723 2751 1820 2798 tua
1874 2740 2003 2813 agi-

404 2844 532 2904 tur;
563 2852 631 2893 ne
657 2838 865 2893 ducant
890 2842 944 2891 te
990 2837 1289 2907 captivam,
1339 2835 1485 2891 sicut
1544 2834 1746 2891 bovem
1790 2831 1886 2905 qui
1932 2832 2002 2888 ad

405 2924 737 2980 occisionem
767 2922 1025 2978 ducitur:
1052 2931 1148 2979 aut
1177 2924 1333 2979 velut
1373 2938 1588 2990 canem,
1626 2930 1689 2978 ut
1717 2922 1994 2993 alligetur.

405 3013 483 3069 Ne
512 3010 739 3067 festines
767 3010 911 3066 sicut
935 3011 1054 3067 avis
1081 3011 1140 3066 in
1169 3012 1445 3083 laqueum.
1466 3010 1616 3067 Audi
1641 3028 1751 3076 me,
1776 3025 2000 3066 remove

2113 1845 2365 1917 porcinas
2403 1861 2614 1917 passam
2647 1844 2839 1913 fuisse,
2866 1851 2920 1899 et
2950 1842 3099 1899 ﬁlios
3157 1843 3326 1916 ipsius
3350 1849 3568 1898 assatos
3622 1841 3707 1897 vel

2110 1937 2284 1993 frixos
2312 1937 2367 1992 in
2395 1939 2516 1994 oleo
2549 1938 2639 2009 (II
2661 1938 2834 1995 Much.
2870 1955 2971 2004 vn,
3006 1937 3032 1991 1
3066 1935 3219 2007 seq.).
3251 1933 3511 2002 Ambula,
3549 1933 3697 2002 ﬁlia,

2112 2026 2170 2082 in
2199 2026 2391 2082 habitu
2419 2034 2630 2095 sancto,
2661 2043 2787 2083 cum
2813 2025 3169 2092 verecundia,
3197 2031 3248 2080 et
3300 2022 3625 2092 sobrietate,
3658 2031 3711 2081 et

2112 2115 2396 2188 gravitate.
2459 2118 2682 2188 Depone
2710 2114 3087 2182 mendacium,
3145 2114 3364 2186 loquere
3412 2111 3706 2168 veritatem

2111 2223 2236 2263 cum
2268 2205 2527 2277 proximo
2578 2215 2691 2262 tuo.
2726 2205 2853 2273 Ora,
2910 2204 3047 2274 ﬁlia,
3097 2204 3216 2262 sine
3264 2200 3702 2271 intermissione;

2106 2293 2295 2367 jejuna
2322 2295 2659 2368 frequenter,
2691 2304 2746 2351 et
2781 2295 2853 2352 da
2908 2295 3334 2367 eleemosynam,
3382 2317 3401 2340 ι
3447 2290 3703 2367 quoniam

2112 2387 2461 2457 eleemosyna
2488 2402 2519 2441 a
2567 2392 2741 2441 morte
2799 2383 3021 2453 liberat,
3052 2390 3107 2439 et
3136 2399 3248 2438 non
3279 2380 3490 2454 patitur
3543 2378 3622 2436 ire
3651 2377 3703 2433 in

2110 2477 2360 2533 tenebras
2392 2478 2548 2550 (Tob.
2608 2495 2689 2543 ιν,
2722 2477 2834 2549 11).
2876 2501 2894 2524 ι
2940 2477 3141 2533 Munus
3165 2474 3376 2531 bonum
3431 2479 3514 2529 est
3567 2470 3703 2528 elec-

2112 2583 2361 2639 mosyna,
2395 2583 2515 2639 quae
2545 2574 2740 2640 purgat
2768 2583 2989 2623 omnem
3018 2566 3236 2622 sordem
3292 2572 3347 2620 et
3376 2562 3701 2636 squalorem.

2108 2655 2275 2711 Beata
2303 2657 2428 2725 eris,
2462 2657 2509 2712 si
2535 2656 2652 2715 haec
2682 2656 2869 2712 omnia
2896 2673 3022 2713 cum
3052 2653 3271 2728 legeris,
3300 2653 3493 2710 facias.
3524 2651 3702 2708 Zelare

2110 2734 2257 2820 quod
2283 2746 2492 2805 bonum
2521 2756 2624 2816 est,
2653 2755 2715 2804 ut
2767 2748 2916 2821 quod
2948 2749 3157 2803 malum
3193 2755 3275 2802 est
3335 2743 3696 2802 obliviscaris.

2110 2835 2407 2893 Benedicat
2457 2846 2506 2893 te
2536 2838 2713 2906 Pater,
2753 2845 2807 2894 et
2835 2836 3037 2905 Filius,
3088 2843 3144 2892 et
3172 2835 3413 2908 Spiritus
3469 2841 3695 2901 sanctus,

2108 2924 2492 2983 benedictione
2525 2942 2632 3000 qua
2661 2934 2840 3000 patres
2855 2934 3075 2983 nostros
3088 2924 3421 2982 benedicere
3445 2923 3696 2997 dignatus

2108 3022 2190 3070 est
2221 3014 2525 3085 Abraham,
2556 3017 2725 3084 Isaac,
2757 3024 2811 3073 et
2856 3014 3045 3072 Iacob.
3095 3016 3206 3073 Ora
3249 3031 3349 3087 pro
3382 3029 3489 3082 me,
3548 3010 3693 3077 filia;

406 3101 598 3176 pedem
641 3101 919 3190 tuumide
946 3100 1082 3170 illis,
1137 3102 1265 3159 sede
1300 3100 1493 3157 sedula
1548 3101 1608 3156 in
1664 3099 1829 3190 domo
1877 3106 1994 3168 tua,
2029 3130 2072 3190 Ο
2106 3104 2236 3177 quia
2265 3113 2319 3161 et
2351 3121 2451 3177 ego
2500 3106 2772 3163 sollicitus
2832 3122 2954 3161 sum
2983 3104 3052 3161 de
3102 3112 3177 3173 te,
3237 3105 3382 3161 sicut
3438 3103 3691 3175 scriptum

401 3208 626 3267 operare
660 3189 917 3249 manibus
947 3192 1058 3249 tuis
1095 3190 1242 3265 quod
1280 3190 1489 3247 bonum
1525 3197 1641 3257 est;
1679 3197 1742 3246 ut
1793 3189 1999 3246 habeas

402 3283 549 3341 unde
590 3283 1001 3341 communicare
1056 3281 1231 3356 possis
1269 3281 1651 3339 necessitatem
1708 3280 1998 3337 sustinen-

400 3374 571 3431 tibus.
605 3375 713 3431 Ora
728 3373 848 3430 sine
878 3372 1310 3441 intermissione,
1332 3387 1436 3429 nec
1466 3371 1646 3428 facilis
1666 3369 1913 3427 videaris
1938 3369 1998 3424 in

401 3464 616 3536 plateis.
655 3463 817 3521 Certa
843 3462 1050 3518 bonum
1080 3471 1379 3531 certamen,
1408 3478 1567 3519 curre
1617 3462 1902 3526 velocius;
1936 3466 1999 3515 ut

398 3551 853 3623 co‘znprehendas,
886 3550 946 3605 in
1000 3567 1109 3622 quo
1168 3551 1563 3622 comprehensa
1607 3568 1665 3607 es
1718 3568 1749 3606 a
1776 3550 1997 3607 Christo

403 3642 666 3712 (Philipp.
701 3658 783 3709 ιιι,
820 3641 933 3713 12).
965 3640 1213 3696 Audiant
1240 3648 1294 3696 te
1333 3640 1608 3708 homines,
1638 3649 1693 3697 et
1739 3642 1997 3696 laetentur

398 3730 467 3787 de
492 3731 639 3788 bono
676 3730 899 3799 animo;
932 3738 987 3786 et
1015 3730 1083 3787 de
1113 3738 1298 3787 mente
1328 3746 1437 3803 qua
1467 3731 1633 3787 vivis.
1684 3756 1701 3778 ε
1730 3734 1810 3787 Da
1844 3732 1997 3786 elee—

399 3837 710 3893 mosynam,
741 3828 797 3876 et
845 3836 968 3878 ecce
1012 3819 1202 3876 omnia
1227 3819 1437 3875 munda
1490 3826 1653 3876 erunt
1681 3819 1783 3875 tibi
1844 3820 1992 3889 (Luc.

397 3926 477 3978 ιιι,
507 3910 624 3983 41).
655 3935 674 3959 ι
718 3910 839 3967 Non
869 3919 922 3967 te
969 3910 1149 3983 pigeat
1173 3909 1400 3966 visitare
1439 3908 1724 3977 inﬁrmos;
1783 3925 1852 3964 ex
1906 3907 1995 3964 his

397 3999 545 4054 enim
579 3998 1289 4058 indilectioneﬂrmaberis.
1329 4024 1347 4048 ι
1367 3999 1488 4056 Νοιι
1504 3997 1718 4070 jurabis
1739 3998 1989 4065 omnino,

396 4106 573 4163 neque
629 4108 725 4163 per
785 4108 1001 4161 verum,
1055 4108 1235 4165 neque
1301 4107 1397 4165 per
1444 4090 1837 4148 mendacium:
1897 4089 1993 4146 sed

469 4252 550 4325 (4)
581 4252 930 4329 Ro_m._edit.,
987 4272 1149 4327 neque
1172 4273 1269 4328 per
1293 4258 1497 4325 calum,
1533 4274 1698 4328 neque
1746 4272 1847 4329 per
1892 4261 1991 4310 ter-

397 4341 553 4379 ram:
586 4325 676 4379 sed
704 4325 792 4393 sit,
826 4333 931 4382 etc.

2105 3202 2220 3250 est:
2265 3218 2284 3241 ι
2315 3194 2479 3252 Orate
2509 3211 2606 3267 pro
2639 3195 2877 3251 invicem
2908 3195 3049 3266 (Jac.
3079 3212 3134 3263 v,
3172 3193 3284 3265 16).
3317 3216 3337 3242 ι
3400 3193 3558 3261 Item,
3589 3192 3691 3247 fra-

2105 3290 2189 3338 ter
2217 3283 2443 3340 fratrem
2473 3283 2740 3365 adjuvaps
2766 3284 3102 3340 exaltabitur
3132 3283 3323 3354 (Prov.
3374 3299 3542 3345 xvni,
3579 3281 3710 3360 19).⁴

2105 3376 2327 3431 Exaltet
2356 3383 2409 3431 te
2438 3377 2708 3432 Dominus
2735 3375 2793 3431 in
2841 3374 3188 3432 sanctitatem
3220 3380 3273 3431 et
3320 3371 3688 3437 dilectionem,

2105 3464 2249 3521 sicut
2275 3465 2543 3538 scriptum
2593 3473 2707 3523 est:
2752 3489 2771 3512 ι
2826 3464 2933 3533 Qui
2991 3462 3179 3535 diligit
3232 3462 3461 3518 fratrem
3515 3474 3685 3525 suum,

2105 3556 2280 3623 legem
2322 3555 2575 3626 implevit
2607 3555 2783 3626 (Rom.
2811 3570 2938 3623 xm,
2967 3552 3049 3625 8).
3076 3576 3099 3599 ι
3133 3582 3205 3593 -
3268 3575 3286 3598 ι
3310 3550 3542 3623 Impleat
3592 3551 3684 3606 Do-

2105 3643 2291 3699 minus
2312 3659 2505 3699 omnes
2531 3643 2825 3715 petitiones
2853 3652 2975 3699 tuas
3006 3641 3186 3714 (Psal.
3217 3656 3341 3709 xIx,
3365 3639 3447 3711 7).
3479 3664 3500 3686 ι
3533 3640 3684 3695 Praes-

2105 3739 2183 3787 tet
2211 3731 2317 3788 hoc
2354 3731 2455 3788 tibi
2488 3734 2631 3788 Deus
2659 3732 2818 3787 Pater
2847 3747 2942 3804 per
2971 3730 3159 3786 Jesum
3189 3728 3475 3788 Christum
3492 3727 3679 3785 Filium

2104 3838 2289 3890 suum,
2320 3823 2620 3878 Dominum
2654 3829 2707 3878 et
2739 3823 2937 3889 Deum,
2967 3837 3173 3893 regem,
3201 3818 3475 3893 judicem,
3505 3818 3679 3874 salva-

2103 3919 2297 3977 torem,
2332 3913 2842 3985 redemptoremque
2896 3918 3171 3979 nostrum,
3204 3909 3301 3983 qui
3325 3917 3409 3966 est
3455 3906 3673 3964 benedi-

2100 4008 2222 4057 ctus
2247 4018 2373 4058 cnm
2404 4001 2613 4073 Spiritu
2641 4009 2851 4070 sancto,
2886 4016 2981 4072 per
3004 4000 3192 4056 omnia
3223 3999 3427 4057 saecula
3449 3996 3671 4055 saeculo-

2102 4108 2246 4159 rum,
2278 4108 2459 4147 amen.

2175 4256 2256 4325 (5)
2301 4255 2503 4311 Eadem
2561 4256 2719 4313 Rom.
2776 4255 2934 4325 edit.,
2998 4254 3094 4311 tibi
3144 4270 3314 4310 escam
3370 4259 3673 4309 sanctorum.

2101 4326 2257 4382 Hand
2289 4327 2604 4383 infeliciter.

1566 4647 1697 4731 IN
1795 4644 2514 4733 SERMONES

1198 4822 1568 4882 HACTENUS
1606 4824 1736 4883 SUB
1774 4825 2111 4883 AMBROSII
2148 4782 2418 4881 NOMlNE
2455 4821 2879 4880 EVULGATOS

1662 4996 1669 5006 '
1769 4969 2298 5045 ADMONlTlO.

458 5299 809 5367 Sermonum,
843 5313 980 5369 quos
1001 5296 1060 5352 in
1091 5294 1503 5369 antiquioribus
1532 5293 1811 5351 Ambrosii
1860 5290 2034 5348 nostri
2065 5288 2402 5347 edit-ionibus
2430 5287 2741 5362 persolvere
2766 5291 2870 5355 est,
2932 5281 3276 5341 mentionem
3324 5299 3499 5357 prope
3551 5280 3666 5338 fecit

389 5404 572 5456 nemo,
594 5389 688 5462 qui
721 5396 931 5460 partem
957 5404 1145 5444 eorum
1182 5386 1332 5442 haud
1364 5385 1698 5442 mediocrem
1731 5383 1908 5440 eidem
1937 5388 2129 5438 sancto
2182 5381 2304 5435 viro
2333 5394 2615 5452 perperam
2644 5373 2896 5444 attribui,
2927 5382 2981 5430 et
3011 5373 3157 5430 inter
3195 5373 3436 5429 aliorum
3465 5373 3666 5429 Patrum

389 5478 585 5548 Opera,
611 5478 852 5533 maxime
880 5492 1013 5532 vero
1040 5475 1186 5534 beati
1215 5474 1445 5532 Maximi
1483 5471 1836 5530 circumferri
1856 5487 1969 5527 non
1998 5470 2303 5542 agnoverit.
2358 5471 2604 5526 Romana
2641 5465 2814 5523 editio
2842 5464 3048 5521 nedum
3081 5462 3400 5519 mederetur
3427 5462 3558 5525 huic
3583 5462 3667 5517 in-

388 5565 699 5633 commodo,
723 5565 861 5621 alios
890 5565 1114 5636 insuper
1146 5564 1389 5637 adjectos
1434 5560 1614 5617 voluit
1651 5561 1720 5619 al)
1751 5560 1973 5633 ingenio
2018 5559 2272 5631 styloque
2302 5558 2670 5615 Ambrosiano
2697 5555 2870 5627 magis
2898 5554 3282 5622 abhorrentes,
3317 5570 3484 5627 quam
3516 5549 3663 5625 primi

392 5651 499 5711 illi.
541 5649 646 5708 Sed
697 5667 812 5709 non
864 5654 1091 5710 unicum
1118 5653 1362 5726 ejusdem
1419 5651 1680 5711 editionis
1707 5652 1765 5708 in
1818 5668 1882 5708 ea
1927 5667 1986 5707 re
2043 5649 2150 5708 hoc
2181 5658 2463 5724 peccatum
2511 5661 2593 5709 est
2644 5658 2907 5724 prasterea
2932 5647 3079 5705 enim
3122 5652 3178 5703 et
3233 5661 3520 5703 sermones
3557 5656 3661 5700 non
