3864 6188
237 272 343 333 605
779 273 1149 336 SERMONES
1185 273 1244 334 S.
1281 273 1637 333 AMBROSIO
1678 273 2047 333 HACTENUS
2087 275 2422 333 ASCRIPTI.
2458 308 2529 320 -—
2564 278 2992 336 ADMONlTIO.
3431 274 3535 332 606

235 418 439 476 paucos
464 402 533 461 ab
564 404 802 462 aliorum
830 406 1005 464 classe
1032 406 1252 463 avulsos
1278 404 1338 460 in
1372 404 1579 460 alienas
1630 402 1788 458 sedes
1828 401 2167 471 amandavit,
2199 412 2253 459 et
2280 406 2452 461 multa
2490 423 2614 463 cum
2645 406 2704 461 in
2734 406 2935 475 titulis,
2988 414 3107 464 tum
3149 406 3208 461 in
3254 405 3375 478 ipso
3403 420 3531 462 con-

238 500 419 564 textu,
451 510 560 568 quo
590 494 911 553 viderentur
939 497 1112 569 magis
1138 492 1514 563 Ambrosiani,
1545 492 1771 567 propria
1796 491 2118 549 immutavit
2152 494 2505 563 auctoritate;
2538 496 2682 553 unde
2708 496 2941 569 contigit
2970 495 3029 552 in
3057 512 3297 553 errorem
3329 492 3526 555 induci

233 579 492 640 homines
525 583 733 658 alioqui
765 584 1165 659 sagacissimos.

307 670 656 748 Quapropter
685 683 747 731 ut
775 676 835 731 in
865 683 1143 749 posterum
1178 676 1407 732 lectores
1452 672 1519 730 ab
1567 670 1889 746 hujusmodi
1929 671 2120 728 fraude
2176 673 2550 743 liberaremus,
2584 692 2773 732 omnes
2801 678 3093 733 Sermones
3122 675 3217 748 qui
3247 672 3531 730 Ambrosii

233 777 441 820 nomen
467 764 530 821 in
568 764 908 838 quibuslibet
933 765 1273 823 editionibus
1299 781 1411 837 prae
1440 780 1497 821 se
1525 763 1733 831 ferunt,
1766 762 1834 818 ad
1863 777 2093 818 examen
2120 764 2327 835 placuit
2356 781 2609 821 revocare
2645 783 2655 820 :
2694 782 2801 838 qua
2846 764 2903 821 in
2953 781 3187 821 censura
3224 771 3345 836 post
3375 760 3530 818 adhi-

232 848 435 922 bitam,
469 869 577 927 qua
609 855 869 928 majorem
896 871 1008 912 non
1045 855 1342 923 valuimus,
1374 853 1722 925 diligentiam
1768 861 1821 909 et
1852 853 2222 919 severitatem,
2244 854 2559 910 eorumdem
2589 842 2937 922 Sermonum,
2969 853 3219 926 exceptis
3249 851 3527 909 concioni-

231 935 341 994 bus
370 949 624 1013 quatuor,
654 942 919 999 nimirum
950 945 1017 1001 In
1050 943 1237 1014 funere
1273 940 1650 1003 Valentiniani.
1682 940 1749 995 In
1775 939 1963 1011 funere
2010 942 2307 1010 Theodosii,
2337 943 2415 997 De
2453 942 2683 998 basilicis
2722 960 2826 997 non
2876 942 3167 1009 tradendis,
3215 957 3277 998 ac
3306 942 3381 995 De
3408 939 3532 996 reli-

230 1027 378 1097 quiis
404 1036 706 1085 sanctorum
738 1031 979 1088 Gervasii
1007 1038 1056 1087 et
1084 1031 1344 1100 Protasii,
1392 1045 1528 1104 quas
1558 1027 1837 1084 edidimus
1866 1029 2103 1101 propriis
2153 1033 2306 1099 locis,
2330 1034 2548 1088 nullum
2583 1033 2814 1089 omnino
2848 1031 3335 1105 deprehendimus,
3367 1044 3531 1101 quem

229 1134 361 1175 cum
396 1121 581 1193 aliqua
600 1123 718 1178 veri
746 1124 927 1196 specie
956 1142 1020 1183 ac
1042 1123 1410 1181 similitudine
1440 1121 1669 1179 attribui
1700 1121 1995 1177 Ambrosio
2043 1138 2197 1193 posse
2244 1122 2656 1179 arbitraremur.
2706 1122 3006 1178 Enimvero
3046 1122 3165 1178 illic
3200 1120 3385 1177 omnia
3414 1127 3531 1174 tan-

231 1213 420 1278 topere
449 1223 481 1263 a
515 1210 690 1267 sancti
726 1210 966 1269 doctoris
995 1215 1308 1271 elocutione
1360 1228 1423 1268 ac
1478 1210 1753 1269 tractandi
1782 1213 1996 1268 ratione
2036 1211 2401 1282 discrepantia
2432 1208 2593 1270 nobis
2619 1213 2738 1268 visa
2774 1220 2926 1281 sunt,
2959 1219 3020 1267 ut
3046 1210 3189 1267 nulli
3215 1209 3531 1265 dubitemus

230 1301 478 1351 nostram
528 1295 587 1353 in
657 1301 990 1358 sententiam
1049 1309 1321 1376 quotquot
1375 1298 1595 1356 eosdem
1624 1342 1639 1369 ,
1710 1316 1818 1373 qua
1873 1316 1971 1371 par
2029 1310 2130 1371 est,
2191 1302 2494 1359 attentione
2544 1303 2962 1371 examinabunt,
3019 1300 3253 1374 pedibus
3310 1313 3527 1357 conces~

228 1397 409 1439 suros.

298 1472 461 1542 Quod
488 1476 658 1548 igitur
685 1476 1044 1536 Cassiodorus
1071 1478 1194 1552 (lib.
1225 1480 1304 1535 De
1333 1479 1502 1535 instit.
1538 1480 1707 1536 divin.
1739 1481 1867 1537 Litt.
1900 1498 2019 1554 cap.
2052 1483 2111 1555 5)
2144 1491 2302 1541 aetate
2349 1500 2447 1539 sua
2472 1482 2732 1540 homilias
2778 1500 2875 1540 seu
2931 1499 3210 1541 sermones
3256 1479 3532 1537 exstitisse

227 1562 492 1635 afﬁrmat,
524 1567 619 1641 qui
651 1568 936 1626 Ambrosii
966 1586 1167 1627 nomen
1201 1569 1259 1625 in
1274 1570 1455 1626 fronte
1486 1578 1755 1643 gererent,
1803 1570 1909 1627 nisi
1950 1572 2206 1629 credatur
2236 1573 2501 1629 memoria
2531 1590 2629 1629 sua
2650 1574 2734 1627 vel
2765 1573 2902 1630 falsa
2928 1572 3236 1645 cujuspiam
3265 1569 3532 1625 relatione

227 1652 490 1728 deceptus
527 1672 663 1726 esse,
711 1658 1007 1716 dicendum
1038 1660 1145 1717 erit
1166 1659 1283 1732 jam
1313 1659 1522 1716 dudum
1574 1659 1847 1717 excidisse
1877 1661 1973 1717 illa
2003 1663 2360 1733 exemplaria.
2402 1662 2559 1729 Quod
2591 1679 2721 1718 vero
2751 1662 2819 1719 ad
2850 1679 2913 1718 ea
2943 1661 3144 1734 quibus
3174 1660 3533 1716 continentur

229 1742 270 1799 ii
293 1760 598 1815 sermones,
631 1746 726 1821 qui
747 1747 924 1805 eidem
952 1749 1180 1805 Praesuli
1212 1764 1360 1806 nunc
1392 1748 1737 1817 tribuuntur,
1771 1749 1982 1805 nullius
2008 1751 2356 1807 auctoritatis
2386 1752 2481 1806 illa
2513 1760 2788 1823 putamus.
2822 1753 3086 1823 Namque,
3121 1758 3185 1805 ut
3204 1749 3530 1821 plurimum,

226 1841 322 1889 aut
344 1836 711 1894 recentiorem
739 1838 1047 1917 praeferunt
1072 1853 1319 1907 manum,
1350 1845 1446 1893 aut
1486 1838 1616 1895 libri
1646 1839 1803 1897 fuere
1830 1842 1955 1897 usui
1986 1842 2197 1899 chorali
2238 1843 2621 1911 inservientes,
2655 1843 2919 1898 nimirum
2948 1839 3294 1897 lectionuarii
3336 1846 3390 1894 et
3419 1837 3533 1893 ho-

227 1922 480 1994 miliarii,
511 1943 744 2000 quorum
793 1935 1135 1984 momentum
1159 1926 1501 1984 levissimum
1529 1945 1644 1985 esse
1687 1931 1907 2004 negabit
1933 1949 2116 1990 nemo.
2165 1934 2270 1991 Sed
2318 1950 2387 1989 ne
2417 1933 2815 1989 vetustioribus
2856 1932 3079 2006 quidem
3111 1930 3397 1988 codicibus
3426 1927 3532 1986 hac

225 2011 286 2069 in
315 2030 375 2070 re
408 2014 578 2072 ﬁdem
617 2016 819 2073 habere
847 2016 980 2074 satis
1014 2025 1198 2074 tutum
1236 2025 1337 2073 est.
1370 2018 1592 2075 Etenim
1624 2018 1784 2076 docet
1826 2022 2185 2096 experientia,
2210 2041 2319 2097 quo
2349 2024 2522 2095 magis
2554 2024 2639 2079 illi
2687 2024 2882 2080 fierent
2910 2023 3242 2089 vendibiles,
3283 2019 3531 2076 homiliis

226 2114 322 2163 aut
350 2107 700 2163 sermonibus
728 2108 928 2180 quibus
955 2108 1299 2176 constabant,
1330 2124 1528 2182 magna
1557 2110 1784 2170 nomina
1812 2132 1952 2187 saepe
1978 2116 2180 2189 saepius
2232 2116 2300 2171 ab
2345 2116 2672 2190 antiquariis
2719 2116 2996 2188 inscripta
3036 2130 3172 2171 esse.
3205 2114 3321 2169 lloc
3348 2110 3529 2183 ipsum

227 2199 289 2255 in
320 2198 412 2255 his
441 2200 785 2257 sermonibus
812 2208 996 2273 aperte
1023 2202 1371 2274 cognoscitur
1397 2219 1411 2270 ;
1445 2219 1571 2258 cum
1603 2204 1750 2258 enim
1781 2205 2093 2278 antiquiora
2126 2207 2368 2278 ipsorum
2399 2208 2739 2279 exemplaria
2768 2206 2928 2261 nulla
2968 2204 3270 2261 habeamus
3299 2200 3529 2259 condice

227 2288 613 2361 Lugdunensi,
659 2289 816 2362 cujus
860 2288 1043 2344 varias
1088 2289 1350 2346 lectiones
1397 2289 1688 2346 clarissimi
1726 2292 1935 2348 Baluzii
1966 2295 2225 2352 amicitia:
2255 2294 2537 2364 debemus,
2588 2303 2643 2351 et
2668 2295 2897 2352 condice
2927 2291 3193 2358 Gallensi,
3220 2306 3383 2365 quem
3411 2306 3443 2345 a
3472 2305 3529 2345 se

230 2386 527 2436 tractatum
551 2387 713 2453 atque
740 2395 1032 2437 excussum
1062 2386 1291 2437 testatur
1308 2378 1665 2437 Mabillonius
1691 2389 1875 2437 noster
1912 2392 2037 2439 ante
2069 2384 2223 2440 mille
2252 2401 2425 2440 annos
2453 2392 2739 2440 exaratum
2770 2400 2907 2452 esse,
2938 2382 3315 2439 nihilominus
3340 2389 3526 2436 tamen

235 2468 437 2526 borum
469 2478 698 2543 uterque
735 2484 1015 2526 sermones
1042 2469 1289 2526 continet
1314 2469 1587 2527 Gallensis
1615 2470 1837 2544 quidem
1856 2472 2249 2545 Augustinum,
2282 2472 2664 2545 Lugdunensis
2692 2488 2824 2527 vero
2854 2470 3211 2527 Ambrosium
3236 2477 3520 2526 auctorem

228 2557 369 2615 falso
401 2566 761 2626 ostentantes,
792 2566 847 2615 et
875 2558 1176 2616 maximam
1206 2566 1418 2632 partem
1448 2567 1637 2616 sancto
1673 2560 1922 2618 Maximo
1976 2563 2366 2632 restituendos,
2411 2572 2471 2619 ut
2516 2563 2585 2619 de
2630 2562 2977 2620 Gallensibus
3020 2559 3380 2617 Mabillonius
3411 2560 3526 2631 ipse

237 2646 548 2718 proﬁtetur.
578 2647 669 2703 Ex
712 2646 913 2704 borum
942 2663 1173 2730 censura
1220 2648 1289 2705 de
1334 2648 1691 2723 Lugdunensi
1743 2657 1950 2708 statuas
2005 2652 2153 2722 licet,
2212 2668 2336 2709 cum
2369 2659 2603 2727 utroque
2652 2651 2842 2709 codice
2891 2649 3063 2706 iidem
3124 2646 3523 2722 propemodum

231 2750 516 2794 sermones
540 2736 927 2794 exhibeantur.

294 2827 489 2901 Neque
517 2844 649 2885 vero
669 2828 1037 2885 admirabitur
1064 2827 1353 2902 quisquam
1389 2826 1549 2884 beato
1602 2826 1847 2885 Maximo
1883 2836 1967 2885 tot
2004 2845 2283 2887 sermones
2329 2815 2552 2901 ascribi,
2611 2828 3058 2904 quandoquidem
3098 2844 3209 2885 non
3240 2827 3524 2900 ignoratur

233 2925 472 2990 quantus
502 2917 560 2974 in
589 2917 969 2975 concionando
998 2915 1091 2975 hic
1132 2925 1352 2976 sanctus
1381 2918 1677 2974 exstiterit.
1706 2919 1864 2988 Quod
1890 2929 2073 2977 autem
2117 2939 2186 2979 ex
2226 2921 2344 2995 ejus
2397 2923 2745 2979 sermonibus
2774 2939 2898 2995 pars
2930 2938 3041 2978 non
3072 2920 3304 2977 minima
3336 2926 3524 2975 trans—

221 3007 396 3081 cripta
427 3009 514 3066 sit
553 3009 612 3066 in
643 3009 926 3066 Ambrosii
956 3025 1178 3078 nomen,
1206 3015 1404 3082 praeter
1433 3018 1761 3066 memoratas
1802 3012 2129 3085 scriptorum
2152 3014 2390 3084 fraudes,
2437 3013 2495 3070 id
2546 3014 2712 3070 etiam
2763 3012 2894 3070 hinc
2940 3011 3121 3085 potuit
3174 3009 3517 3081 contingere,

223 3098 363 3170 quod
392 3116 533 3156 cum
559 3099 737 3173 Opera
764 3100 943 3157 sancti
970 3098 1213 3157 doctoris
1241 3099 1415 3155 nostri
1440 3099 1632 3156 sedulo
1661 3102 1952 3169 evolverit,
1989 3119 2291 3176 magnaque
2320 3104 2627 3175 fragmenta
2673 3119 2741 3159 ex
2785 3102 2990 3159 eisdem
3021 3118 3083 3158 ac
3111 3099 3461 3173 potissimum
3489 3114 3519 3155 e

218 3188 636 3247 Commentario
656 3190 716 3246 in
746 3191 950 3248 Lucam
977 3190 1045 3247 ad
1075 3189 1303 3247 verbum
1333 3200 1591 3265 excerpta
1618 3191 1901 3258 indiderit,
1935 3192 2173 3249 incautis
2233 3192 2474 3249 librariis
2524 3191 2740 3248 errandi
2805 3187 3101 3263 przebuerit
3152 3187 3517 3255 occasionem,

215 3277 344 3335 Inde
372 3278 642 3336 similiter
669 3279 941 3353 conjicere
967 3280 1153 3335 forsan
1183 3280 1346 3336 liceat
1382 3297 1493 3337 non
1542 3281 1712 3338 alium
1743 3290 2022 3338 auctorem
2068 3281 2239 3352 libris.
2265 3298 2360 3337 seu
2393 3281 2740 3337 sermonibus
2765 3281 2841 3335 De
2881 3277 3227 3335 sacramentis
3259 3291 3518 3350 quaeren-

221 3369 348 3427 dum
382 3389 521 3442 esse,
558 3389 722 3445 quam
752 3372 1006 3429 eumdem
1036 3371 1341 3429 Maximum
1376 3388 1388 3427 :
1421 3372 1511 3429 cui
1540 3371 1870 3445 conjecturae
1902 3373 2053 3429 locus
2080 3389 2143 3428 ac
2171 3379 2389 3444 tempus
2417 3371 2855 3445 patrocinantur.

288 3460 416 3528 Quae
442 3468 579 3518 sunt
610 3480 643 3518 a
669 3461 830 3519 nobis
867 3462 1131 3519 hactenus
1159 3460 1327 3529 dicta,
1362 3461 1587 3533 planum
1633 3460 1846 3517 faciunt
1903 3462 2049 3517 solos
2096 3477 2397 3529 sermones,
2452 3477 2522 3516 ex
2552 3459 2751 3533 quibus
2782 3458 2840 3512 in
2878 3456 3145 3513 librorum
3184 3454 3417 3509 formam
3446 3449 3514 3507 ab

221 3546 505 3607 Ambrosio
543 3550 664 3623 ipso
693 3548 951 3620 redactis,
982 3556 1168 3606 tomus
1213 3550 1367 3622 prior
1404 3556 1552 3606 totus
1584 3550 1696 3606 fere
1729 3550 2101 3622 componitur,
2149 3558 2203 3608 et
2230 3566 2427 3623 magna
2474 3565 2689 3622 quoque
2735 3563 2859 3619 pars
2901 3543 3240 3618 posterioris,
3265 3541 3513 3597 Ambro-

222 3637 398 3697 siauos
426 3648 581 3698 certo
611 3641 818 3698 vocari.
860 3642 970 3698 Nos
1014 3640 1187 3713 igitur
1212 3647 1415 3696 temere
1455 3640 1647 3696 fecisse
1679 3657 1788 3698 non
1820 3641 2156 3710 videbimur,
2189 3641 2335 3713 quod
2361 3641 2579 3696 nullum
2610 3656 2799 3696 eorum
2838 3653 2975 3710 quos
3002 3636 3096 3693 hic
3123 3632 3509 3707 expendimus,

223 3726 359 3786 inter
375 3733 554 3805 Opera
580 3733 755 3790 sancti
785 3732 1039 3790 Doctoris
1069 3747 1200 3788 vera
1232 3738 1285 3787 et
1314 3732 1600 3804 explorata
1650 3732 2005 3789 ediderimus.
2036 3732 2174 3790 Cum
2209 3738 2392 3787 autem
2423 3748 2492 3787 ex
2522 3730 2613 3786 bis
2661 3730 2758 3785 alii
2794 3745 2908 3785 non
2940 3727 3048 3783 nisi
3077 3725 3223 3798 apud
3266 3722 3512 3779 Ambro-

222 3817 379 3889 sium,
412 3822 507 3878 alii
540 3838 673 3880 vero
702 3823 871 3881 etiam
897 3821 1033 3879 alibi
1072 3820 1283 3894 vulgati
1324 3829 1563 3890 exstent,
1610 3822 1821 3894 priores
1876 3830 2085 3878 tantum
2113 3820 2521 3889 exhibebimus,
2552 3835 2620 3875 ne
2649 3818 2890 3890 pondere
2922 3816 3108 3871 minus
3136 3813 3261 3869 utili
3300 3819 3511 3867 crescat

221 3909 496 3969 volumen.
539 3913 801 3970 Attamen
848 3922 911 3971 ut
944 3912 1117 3985 magis
1148 3919 1328 3984 pateat
1373 3928 1474 3969 nos
1524 3911 1775 3969 liberiori
1815 3927 2044 3968 censura
2091 3909 2515 3982 haudquaquam
2560 3924 2709 3976 usos,
2742 3905 3012 3978 cujusque
3044 3899 3314 3959 sermonis
3342 3897 3510 3970 capiti

220 4000 449 4058 strictim
479 4004 878 4075 prmmittemus
924 4020 1014 4060 eas
1041 4003 1298 4071 rationes,
1333 4003 1488 4075 queis
1531 4020 1600 4059 ne
1632 4003 1789 4059 illum
1818 3999 2242 4057 Ambrosianum
2268 3998 2683 4065 arbitraremur,
2730 3994 2951 4051 adducti
2981 4009 3192 4049 sumus.
3226 3991 3337 4047 Nec
3370 4005 3509 4061 pro-

219 4093 399 4158 pterea
439 4089 870 4160 obluctabimur,
917 4091 963 4148 si
1008 4091 1137 4165 quis
1182 4092 1450 4149 lectorum
1492 4090 1713 4149 eosdem
1760 4106 2038 4148 sermones
2076 4087 2414 4161 argumentis
2455 4084 2765 4159 potioribus
2797 4080 3093 4140 Ambrosio
3123 4088 3311 4137 nostro
3340 4077 3509 4136 iverit

220 4176 580 4233 vindicatum.

286 4260 445 4329 Quod
478 4279 640 4335 porro
666 4265 735 4322 ad
763 4280 855 4322 eas
883 4267 1199 4341 conciones,
1226 4283 1348 4340 qua;
1376 4267 1435 4323 in
1472 4266 1709 4324 aliorum
1750 4269 1972 4326 Patrum
2022 4268 2281 4342 operibus
2330 4267 2820 4337 circumferuntur,
2867 4283 2993 4325 cum
3040 4282 3152 4339 pra:
3204 4262 3415 4321 caeteris
3442 4276 3507 4317 eo

217 4365 431 4425 quoque
461 4350 787 4425 praejudicio
817 4354 943 4411 solas
982 4354 1249 4422 laborent,
1280 4355 1428 4427 quod
1474 4372 1586 4411 non
1623 4358 1797 4429 magis
1825 4359 2142 4429 Ambrosio,
2192 4376 2354 4433 quam
2385 4360 2471 4416 vel
2501 4358 2743 4417 Maximo
2774 4358 2861 4414 vel
2913 4355 3081 4414 alicui
3108 4355 3265 4413 alteri
3293 4350 3507 4425 adjudi-

218 4448 346 4498 catm
370 4450 524 4510 sunt,
574 4443 761 4499 minus
799 4443 994 4501 timide
1036 4444 1181 4516 ipsas
1211 4444 1527 4503 recidimus.
1556 4446 1635 4502 Ne
1666 4463 1797 4505 vero
1822 4452 2100 4522 negotium
2134 4452 2371 4524 cuipiam
2399 4451 2629 4509 facessat
2659 4453 2755 4509 illa
2784 4450 3038 4518 mutatio,
3072 4449 3291 4522 gemino
3322 4443 3506 4500 indice

218 4530 615 4598 providebitur.
666 4532 914 4600 Quorum
944 4532 1003 4589 in
1031 4533 1211 4606 primo
1244 4551 1521 4592 sermones
1550 4536 1744 4595 omissi
1773 4539 2193 4598 collocabuntur
2222 4542 2316 4598 tali
2362 4542 2578 4613 ordine,
2606 4550 2670 4598 ut
2698 4558 2809 4598 non
2842 4542 3021 4597 solum
3068 4554 3233 4610 quam
3264 4534 3501 4607 quisque

218 4619 393 4677 sedem
429 4629 592 4679 antea
618 4621 679 4678 in
709 4621 1049 4680 editionibus
1088 4623 1467 4682 Ambrosianis
1514 4624 1836 4695 obtinuerit,
1892 4645 2084 4686 verum
2124 4631 2289 4688 etiam
2342 4632 2488 4705 apud
2543 4648 2706 4705 quem
2754 4631 2979 4687 Patrum
3028 4624 3354 4697 reperiatur.
3387 4635 3500 4675 11110

219 4704 420 4767 intuitu
457 4710 744 4770 advertere
774 4711 868 4769 sit.
899 4713 963 4768 In
989 4713 1228 4770 secundo
1249 4713 1433 4772 indice
1469 4715 1674 4789 triplex
1702 4717 1869 4773 series
1898 4733 2089 4775 eorum
2120 4737 2459 4789 sermonum,
2498 4704 2635 4792 quos
2685 4720 3009 4783 retinemus,
3049 4715 3125 4769 ita
3152 4716 3498 4777 contexetur,

217 4803 275 4853 ut
303 4815 492 4857 omnes
518 4800 898 4859 Ambrosianai
931 4801 1223 4870 editiones,
1252 4805 1492 4879 antiquas
1520 4804 1800 4873 videlicet,
1834 4808 2098 4875 Romana,
2123 4819 2177 4866 et
2210 4826 2353 4865 nova
2381 4817 2566 4864 nostra
2595 4826 2624 4865 e
2654 4808 2878 4879 regione
2899 4804 3143 4867 invicem
3173 4799 3279 4857 sibi
3309 4797 3501 4873 positas

216 4899 608 4962 comparentur.
641 4890 746 4949 Sed
776 4891 934 4965 prius
962 4892 1212 4966 quaedam
1232 4894 1302 4951 ad
1326 4895 1562 4951 omissos
1582 4910 1860 4951 sermones
1891 4895 2174 4965 speciatim
2208 4896 2542 4967 pertinentia
2569 4892 2886 4950 annotanda
2912 4898 3063 4949 sunt.

284 4978 550 5038 Sermones
577 4983 639 5038 de
674 4985 947 5056 Tempore.
987 5013 1059 5024 —
1084 4983 1300 5041 Priores
1329 4984 1463 5053 duo,
1504 4987 1763 5043 Romana:
1793 4983 2006 5041 scilicet
2048 4985 2310 5041 editionis
2339 4988 2554 5059 primus
2583 5000 2647 5041 ac
2687 4985 2906 5052 tertius,
2943 4983 3001 5038 in
3032 4979 3272 5038 Gallensi
3310 4978 3499 5037 codice

216 5062 515 5138 Augustino
544 5070 946 5143 attribuuntur,
978 5072 1075 5130 sed
1103 5073 1163 5129 in
1194 5072 1513 5131 Corbeiensi
1556 5090 1621 5131 ac
1658 5073 2039 5142 Germanensi,
2070 5074 2305 5148 aliisque
2341 5074 2593 5147 pluribus
2642 5072 2844 5128 dantur
2892 5073 3154 5140 Maximo,
3196 5086 3359 5145 quem
3392 5068 3498 5125 toti

216 5152 434 5224 spirant.
464 5158 613 5216 Idem
645 5161 809 5218 etiam
840 5162 910 5219 de
936 5162 1189 5236 sequenti
1212 5164 1393 5223 dicere
1424 5165 1573 5233 licet,
1604 5162 1767 5236 cujus
1797 5163 2214 5236 inscriptionem
2241 5162 2417 5220 codex
2434 5161 2817 5235 Lugdunensis
2842 5178 3030 5220 veram
3062 5161 3207 5218 hanc
3235 5159 3491 5233 praefert:

215 5241 493 5303 Dicendum
517 5256 637 5306 ante
659 5252 852 5309 Natale
880 5252 1120 5309 Domini.

280 5331 512 5400 Quartus
537 5339 890 5411 omissorum,
922 5341 1019 5415 qui
1046 5349 1237 5413 sextus
1285 5350 1368 5400 est
1400 5343 1661 5400 Romanae
1700 5339 1986 5411 editionis,
2016 5342 2075 5396 in
2122 5336 2444 5411 Appendice
2492 5336 2897 5406 Augustiniana
2926 5337 3164 5395 Cmsario
3192 5334 3491 5394 addicitur.

217 5418 348 5480 Huic
376 5427 623 5498 opinioni
653 5429 801 5488 haud
843 5433 1225 5503 reclamamus,
1258 5434 1611 5491 admonuisse
1648 5448 1845 5504 nempe
1870 5431 2115 5491 contenti
2148 5426 2584 5501 comparationes
2623 5425 2683 5480 in
2714 5444 2777 5483 eo
2808 5444 2945 5493 esse,
2975 5443 3095 5501 (ιιιω
3141 5443 3269 5483 cum
3300 5425 3496 5498 legan-

217 5516 302 5566 tur
328 5512 383 5569 in
412 5520 756 5577 sermonibus
786 5538 951 5594 supra
990 5525 1332 5594 memoratis,
1364 5521 1848 5595 interpolationem
1882 5519 2141 5577 videntur
2169 5532 2418 5590 arguere.
2466 5514 2787 5571 Sermonem
2817 5515 3020 5588 pariter
3050 5523 3171 5589 post
3200 5514 3300 5575 hos
3331 5515 3493 5570 omis-

217 5616 349 5671 sum,
375 5601 431 5658 id
462 5616 562 5676 est,
594 5608 983 5669 duodecimum
1014 5613 1179 5671 dictae
1207 5613 1478 5670 editionis
1505 5611 1694 5667 eadem
1726 5610 2017 5681 Appendix
2057 5608 2256 5664 tribuit
2299 5606 2534 5665 Caesario
2573 5620 2585 5657 :
2639 5605 2934 5662 Ambrosio
2962 5623 3091 5663 sane
3119 5624 3245 5663 eum
3284 5605 3381 5677 qui
3422 5605 3497 5659 le-

220 5692 372 5763 Berit,
389 5709 553 5753 nemo
581 5698 804 5761 tribuet.
819 5702 935 5763 Nec
947 5702 1060 5761 alio
1084 5701 1258 5761 modo
1278 5702 1347 5761 de
1374 5699 1755 5774 subsequenti,
1774 5713 1937 5769 quem
1956 5698 2016 5754 in
2035 5697 2356 5772 Appendice
2371 5710 2685 5754 sermonem
2704 5697 3003 5771 Augustini
3030 5698 3198 5756 etiam
3228 5691 3490 5769 reperias,
