3864 6188
373 253 476 311 607
1380 255 1477 311 AD
1515 254 1751 310 OPEBA
1790 252 1844 309 S.
1889 251 2224 310 AMBROSII
2260 252 2642 311 APPENDIX.
3567 259 3666 319 608

371 379 798 452 disputabimus.
855 381 992 437 Nam
1049 396 1175 439 cum
1215 379 1720 452 manuscriptorum
1773 377 1997 451 quidam
2033 378 2348 448 Ambrosio,
2381 378 2606 452 quidam
2644 378 2956 453 Augustino
2990 381 3153 438 illum
3207 381 3509 455 ascribant,
3568 402 3669 444 nos

371 485 498 528 cum
530 468 850 528 Corbeiensi
879 468 1089 526 nemini
1118 470 1436 525 astruimus.

443 558 549 628 Qui
579 559 681 616 hos
708 561 937 634 excipit,
984 560 1043 616 in
1093 560 1411 634 Appendice
1437 559 1636 630 saepius
1665 557 1831 616 citata
1860 557 2038 612 solum
2068 554 2264 627 incipit
2293 554 2361 612 ab
2392 555 2511 613 istis
2531 555 2716 614 verbis
2744 575 2755 614 :
2795 558 2940 614 Dicit
2967 558 3229 616 Dominus
3257 559 3315 616 in
3343 561 3660 635 Evangelia,

372 656 478 706 etc.
507 649 652 706 Eum
683 650 941 708 similiter
963 650 1235 706 Gallensis
1282 650 1456 706 codex
1493 649 1569 703 ita
1621 647 1846 724 dividit,
1880 653 1939 701 ut
1969 647 2100 702 novi
2134 647 2402 703 sermonis
2431 648 2620 704 eadem
2650 647 2817 704 verba
2844 648 2955 706 sint
2984 650 3298 706 exordium.
3324 650 3504 719 Quam
3541 670 3668 710 vero

372 736 559 809 inepta
582 737 653 794 sit
692 738 814 796 haec
842 737 1066 807 divisio,
1097 755 1166 795 ex
1195 740 1376 813 primo
1414 745 1635 811 aspectu
1664 752 1988 808 cognoscere
2026 744 2124 792 est.
2163 737 2322 795 Hunc
2346 755 2507 810 porro
2538 738 2680 795 sicut
2726 747 2780 794 et
2817 747 3154 813 sequentem,
3189 741 3284 814 qui
3313 743 3659 802 continuatio

373 826 490 901 ejus
519 845 634 885 esse
674 829 914 894 videtur,
945 829 1156 900 optimo
1182 827 1306 900 jure
1335 827 1580 884 Maximo
1609 826 1928 899 adjudicant
1961 842 1972 880 :
2024 824 2118 881 sed
2169 825 2263 881 ille
2327 843 2544 902 quoque
2601 845 2764 902 quem
2820 829 3068 885 Romana
3112 828 3287 886 editio
3336 831 3662 890 vicesimum

371 925 629 991 quartum
660 924 932 984 numerat,
951 916 1281 988 jamdudum
1310 917 1488 974 eidem
1519 916 1757 973 antistiti
1788 916 2102 973 vindicatus
2128 925 2228 972 est.

441 1008 687 1062 Duorum
718 1007 1063 1081 sequentium
1095 1009 1246 1081 prior
1274 1009 1407 1065 olim
1449 1006 1932 1082 quinquagesimus
1959 1013 2145 1062 sextus
2177 1006 2321 1062 inter
2349 1006 2782 1079 Augustinianos
2809 1007 3205 1077 collocabatur,
3238 1025 3391 1067 nunc
3419 1010 3652 1070 Caesario

369 1095 656 1153 restitutus
685 1105 786 1166 est,
824 1097 982 1170 cujus
1016 1098 1316 1156 dictionem
1369 1097 1517 1154 haud
1548 1115 1739 1170 parum
1788 1096 1972 1153 refert.
2021 1095 2297 1151 Posterior
2327 1102 2508 1151 autem
2539 1112 2650 1151 non
2683 1096 2886 1152 minori
2917 1095 3043 1168 jure
3071 1097 3250 1154 eidem
3280 1099 3430 1155 Patri
3471 1101 3660 1158 reddi-

370 1195 460 1245 tus
489 1187 620 1255 fuit;
654 1187 808 1244 illius
841 1195 1020 1243 tamen
1043 1205 1168 1261 pars
1198 1204 1308 1244 non
1342 1186 1572 1242 minima
1627 1185 1942 1243 Rabaniano
1993 1182 2213 1241 cuidam
2261 1183 2503 1238 sermoni
2553 1183 2838 1253 inseritur,
2875 1184 3034 1258 cujus
3079 1186 3283 1242 lemma
3313 1193 3395 1243 est
3427 1203 3441 1244 ;
3477 1188 3559 1243 De
3574 1189 3662 1259 je-

360 1274 521 1345 junio
542 1277 784 1346 Domini,
815 1284 861 1332 et
880 1276 1087 1332 ratione
1113 1276 1596 1348 quadragesimalis
1616 1275 1831 1346 jejunii.

438 1368 628 1425 Sermo
661 1367 974 1425 tricesimus
999 1383 1179 1423 nonus
1207 1368 1466 1424 Romanae
1508 1366 1768 1423 editionis
1806 1367 1882 1422 ita
1916 1364 2273 1422 inscribitur:
2313 1365 2423 1422 Cur
2456 1364 2698 1422 Christus
2719 1364 2934 1451 jeju'nia
2959 1365 3018 1421 in
3045 1366 3267 1435 deserto,
3300 1375 3408 1424 etc.
3440 1369 3543 1426 Hic
3577 1380 3660 1428 est

368 1457 426 1513 in
450 1457 770 1530 Appendice
817 1457 1220 1528 Augustiniana
1247 1457 1581 1512 centesimus
1627 1454 2077 1528 quadragesimus
2107 1454 2395 1526 septimus,
2435 1455 2531 1529 qui
2575 1463 2628 1511 et
2682 1454 2777 1510 alii
2834 1453 2963 1522 duo,
3022 1456 3288 1512 nimirum
3350 1458 3657 1514 tricesimus

365 1547 630 1618 septimus
659 1563 721 1603 ac
751 1545 1083 1614 tricesimus,
1116 1562 1144 1601 e
1180 1545 1383 1618 quibus
1413 1546 1550 1601 alter
1597 1544 1662 1602 de
1720 1545 1902 1617 prima
1956 1542 2163 1599 Christi
2210 1543 2516 1599 tentatione
2559 1543 2825 1616 disputat,
2871 1544 3010 1600 alter
3063 1543 3129 1600 de
3179 1544 3440 1613 secunda,
3503 1544 3657 1600 unius

366 1632 720 1707 ejusdemque
757 1636 996 1692 auctoris
1021 1642 1171 1704 sunt,
1205 1642 1260 1690 at
1290 1642 1439 1691 certo
1469 1635 1672 1693 certius
1711 1650 1822 1690 non
1860 1633 2160 1691 Ambrosii.
2194 1633 2430 1690 Tantum
2479 1635 2681 1709 quippe
2711 1634 3010 1692 abhorrent
3057 1651 3087 1690 a
3133 1636 3279 1707 ston
3308 1634 3452 1708 ejus,
3482 1651 3658 1709 quau-

368 1729 486 1779 tum
519 1724 586 1780 ad
617 1723 847 1780 Maximi
875 1724 1043 1780 iidem
1071 1723 1360 1782 accedunt.

435 1812 539 1880 Qui
580 1829 810 1870 numero
840 1813 1254 1887 quadragesimo
1282 1812 1461 1886 primo
1503 1812 1561 1868 in
1587 1815 1831 1871 Romana
1867 1812 2112 1869 editione
2141 1812 2386 1886 ponitur,
2435 1813 2703 1888 cujusque
2739 1829 2936 1886 magna
2981 1812 3286 1885 fragmenta
3324 1812 3384 1868 in
3436 1812 3657 1870 homilia

364 1898 572 1956 Babani
603 1901 781 1958 Mauri
810 1902 868 1958 in
897 1903 1243 1959 Dominicam
1289 1901 1508 1959 tertiam
1541 1902 1971 1975 quadragesimae
2000 1903 2506 1976 deprehenduntur,
2554 1904 2612 1959 in
2653 1903 2971 1977 Appendice
3001 1902 3405 1976 Augustiniana
3446 1903 3651 1977 adjudio

362 1995 518 2047 catur
570 1998 760 2048 sancto
819 1991 1076 2049 Caesario.
1111 1991 1506 2048 Verumtamen
1543 1990 1600 2047 in
1623 1991 1772 2048 hunc
1801 2008 2111 2063 sermonem
2163 1992 2310 2048 haud
2337 1993 2476 2049 male
2507 1993 2757 2065 quadrat,
2803 1991 2949 2065 quod
2995 1992 3308 2048 Gennadius
3336 2003 3654 2050 memorata

361 2079 604 2138 Maximo
639 2083 934 2139 conciones
990 2082 1240 2154 scriptas,
1272 2083 1350 2138 De
1395 2081 1606 2152 Jejunio
1645 2081 1861 2153 speciali
1915 2082 2364 2154 Quadragesima,
2423 2089 2476 2136 et
2518 2082 2658 2153 quod
2712 2099 2819 2136 non
2874 2081 2946 2135 sit
2998 2080 3057 2134 in
3102 2099 3159 2137 eo
3201 2081 3506 2151 jocandum.
3547 2082 3652 2138 Sed

359 2168 582 2228 aliunde
616 2189 727 2230 non
759 2175 942 2230 minus
970 2175 1193 2231 videtur
1221 2191 1336 2231 esse
1381 2172 1629 2243 Caesarii,
1676 2188 1841 2248 quam
1881 2189 2062 2229 sermo
2091 2173 2392 2230 vicesimus
2443 2180 2635 2228 sextus
2673 2173 2934 2230 Romanis
2991 2170 3272 2241 editionis,
3305 2187 3466 2245 quem
3495 2172 3564 2230 ab
3591 2190 3650 2230 eo

359 2261 625 2334 scriptum
651 2265 839 2321 nullus
865 2265 1125 2339 ambigat.

429 2351 888 2426 Quadragesimus
937 2356 1212 2414 secundus
1257 2363 1571 2413 memoratas
1600 2354 1862 2412 editionis
1908 2352 2049 2408 nihil
2083 2353 2242 2425 plane
2285 2351 2448 2409 habet
2485 2351 2632 2426 quod
2674 2367 2785 2407 non
2818 2352 2991 2425 sapiat
3021 2358 3273 2410 sanctum
3327 2353 3643 2411 Maximum.

358 2440 509 2496 Idem
538 2442 799 2500 similiter
823 2446 891 2501 de
944 2446 1363 2518 quadragesimo
1393 2446 1628 2520 septimo
1675 2445 2028 2501 statuendum
2077 2452 2179 2513 est,
2211 2442 2369 2516 cujus
2399 2444 2623 2499 initium
2655 2443 2844 2500 eadem
2891 2444 3135 2500 Romana
3162 2443 3334 2501 editio
3379 2461 3646 2518 perperam

357 2537 620 2598 mutarat,
657 2548 931 2610 quemque
960 2536 1201 2594 Maximo
1230 2537 1416 2594 deberi
1449 2536 1656 2592 indicat
1697 2535 2014 2592 Gennadius
2060 2535 2162 2591 sub
2199 2534 2304 2591 hoc
2332 2534 2494 2592 titulo
2535 2553 2547 2591 :
2580 2536 2658 2591 De
2681 2535 2823 2591 Juda
2847 2534 3141 2606 proditore.

427 2620 525 2677 His
555 2621 886 2698 adjungatur
913 2626 1363 2700 quadragesimus
1405 2634 1652 2704 octavus,
1709 2635 1762 2682 et
1791 2625 1886 2699 qui
1917 2641 1985 2680 ex
2028 2639 2092 2680 eo
2122 2625 2380 2696 pendent,
2435 2623 2882 2698 quadragesimus
2935 2641 3113 2682 nonus
3156 2632 3210 2681 et
3257 2625 3647 2700 quinquagesi»

354 2726 498 2768 mus.
527 2714 636 2770 Hos
671 2715 820 2772 enim
853 2719 1082 2775 Maximi
1111 2737 1226 2776 esse
1265 2719 1406 2774 nihil
1433 2736 1545 2775 non
1591 2719 1810 2775 clamat.
1851 2719 1974 2773 Non
2005 2731 2294 2789 possumus
2335 2724 2518 2772 autem
2559 2717 2693 2790 quin
2725 2715 2819 2773 hic
2846 2717 3258 2788 expostulemus
3293 2734 3421 2774 cum
3443 2720 3646 2776 Roma-

354 2801 442 2858 nis
469 2803 795 2876 editoribus,
829 2807 922 2880 qui
955 2825 1080 2864 cum
1113 2809 1269 2877 alibi,
1293 2818 1412 2865 tum
1441 2809 1499 2863 in
1533 2807 1732 2862 ultimo
1763 2805 1963 2862 horum
1996 2821 2334 2876 sermonum,
2362 2807 2601 2880 plurima
2638 2806 3040 2880 refragantibus
3074 2807 3198 2865 aliis
3225 2806 3560 2865 editionibus
3588 2826 3644 2866 ac

355 2894 762 2965 manuscriptis,
795 2895 1092 2951 immutare
1118 2912 1228 2951 non
1250 2896 1596 2951 dubitarunt.

424 2979 615 3035 Sermo
636 2983 1122 3056 quinquagesimus
1149 2984 1381 3055 primus,
1413 2984 1557 3040 sicut
1588 2991 1639 3039 et
1687 2984 1797 3040 duo
1827 2987 2076 3058 proxime
2105 2987 2359 3062 subjecti,
2409 2989 2555 3046 inter
2598 2988 2962 3046 Maximianos
3009 3004 3227 3063 quoque
3283 2989 3640 3062 reperiuntur.

350 3069 461 3127 Nec
489 3069 807 3129 dubitamus
834 3072 970 3147 quin
1017 3073 1076 3130 hi
1124 3075 1228 3148 ipsi
1259 3075 1391 3144 sint,
1425 3076 1519 3150 qui
1551 3087 1928 3133 memorantur
1954 3096 1984 3135 a
2011 3078 2296 3136 Gennadio
2341 3077 2442 3133 sub
2472 3078 2559 3134 his
2587 3078 2766 3134 titulis
2797 3096 2807 3135 :
2840 3079 2918 3134 De
2963 3094 3114 3134 cruce
3159 3078 3397 3146 Domini,
3446 3079 3524 3134 De
3564 3095 3640 3133 se-

343 3161 537 3233 pulcro
559 3160 691 3233 ejus,
723 3165 801 3222 De
830 3167 1212 3223 resurrectione
1241 3166 1424 3240 ipsius.
1458 3165 1717 3239 Ejusdem
1750 3167 1977 3224 Maximi
2030 3179 2160 3225 sunt
2215 3168 2418 3241 pariter
2460 3167 2944 3242 quinquagesimus
2992 3167 3239 3242 quintus,
3273 3175 3326 3222 et
3355 3167 3633 3241 quinqua-

353 3251 594 3323 gesimus
623 3262 832 3326 sextus,
864 3256 959 3330 qui
990 3257 1333 3316 continuatio
1382 3265 1464 3316 est
1505 3257 1946 3333 quinquagesimi
1995 3260 2168 3330 tertii,
2215 3275 2327 3315 non
2377 3274 2533 3316 secus
2561 3275 2624 3316 ac
2663 3258 3106 3333 quinquagesimi
3151 3258 3632 3332 quinquagesimus

348 3343 636 3415 septimus.

419 3431 654 3490 Casario
683 3435 995 3493 restituitur
1020 3436 1079 3492 in
1106 3438 1513 3511 Augustiniana
1554 3437 1872 3511 Appendice
1921 3435 2408 3511 quinquagesimus
2438 3443 2687 3505 octavus,
2741 3435 2836 3508 qui
2866 3452 2966 3494 cur
3008 3434 3308 3510 aliquando
3353 3434 3643 3491 attributus

347 3523 518 3581 fuerit
558 3527 873 3598 Ambrosio,
906 3528 1048 3583 nihil
1078 3531 1238 3600 plane
1282 3530 1464 3586 habet.
1493 3529 1597 3586 Sed
1627 3547 1726 3588 nec
1762 3527 1962 3604 potiori
2003 3526 2126 3598 jure
2175 3525 2417 3598 ejusdem
2466 3524 2690 3582 nomine
2741 3525 2950 3581 censeri
2997 3524 3201 3580 meruit
3249 3524 3635 3596 sexagesimus.

348 3611 484 3668 Nam
513 3623 878 3688 praeterquam
907 3616 1054 3688 quod
1089 3616 1145 3672 in
1175 3618 1402 3673 Maximi
1431 3619 1787 3687 editionibus,
1823 3627 1875 3675 et
1919 3616 2311 3690 manuscriptis
2346 3633 2457 3673 non
2488 3615 2676 3689 paucis
2705 3615 2810 3688 ipsi
2842 3615 3176 3684 vindicatur,
3209 3631 3331 3688 quas
3376 3615 3438 3670 in
3468 3631 3531 3670 eo
3559 3613 3634 3669 di-

345 3705 549 3755 cuntur
579 3699 645 3756 de
671 3699 946 3775 baptismo
976 3705 1370 3776 apostolorum,
1403 3723 1526 3763 cum
1561 3707 1629 3763 iis
1673 3722 1792 3778 qua:
1821 3708 1879 3763 in
1907 3708 2175 3780 Apologia
2220 3705 2400 3763 David
2427 3722 2546 3779 cap.
2593 3706 2646 3775 9,
2694 3721 2849 3761 num.
2886 3704 2978 3770 50,
3022 3706 3198 3777 legere
3254 3704 3409 3776 licet,
3455 3710 3635 3777 aperte

343 3795 609 3859 pugnant.

412 3876 820 3952 Sexagesimum
844 3881 1086 3954 primum
1126 3890 1321 3956 praeter
1348 3883 1456 3940 alia
1483 3883 1724 3940 Maximo
1767 3883 1824 3940 id
1853 3885 2016 3941 etiam
2038 3885 2305 3956 vindicat,
2346 3885 2492 3960 quod
2523 3901 2624 3941 nos
2669 3884 2738 3941 ad
2777 3899 3085 3940 sermonem
3119 3884 3632 3958 quinquagesimum

341 3965 660 4036 septimum,
695 3984 854 4042 quem
901 3969 1146 4042 ejusdem
1195 3971 1444 4043 praesulis
1474 3989 1588 4029 esse
1637 3989 1801 4044 supra
1829 3972 2098 4045 diximus,
2131 3975 2353 4031 videtur
2401 3975 2704 4030 remittere.
2756 3973 2914 4042 Quod
2944 3983 3127 4029 autem
3156 3974 3224 4030 de
3247 3974 3466 4046 jejunio
3497 3974 3634 4032 Sab-

339 4051 452 4109 bati
490 4064 615 4112 ante
645 4058 1001 4116 Pentecosten
1031 4060 1122 4117 hic
1154 4069 1508 4132 memoratur,
1544 4061 1614 4117 iis
1643 4078 1754 4118 non
1785 4064 2058 4138 congruit,
2115 4081 2236 4137 quae
2279 4063 2336 4119 in
2362 4062 2702 4134 sexagesimo
2731 4062 2920 4118 eadem
2947 4061 3015 4117 de
3044 4079 3101 4118 re
3130 4062 3336 4118 tradita
3363 4064 3584 4120 fuerunt
3612 4077 3626 4116 :

340 4143 678 4219 proindeque
709 4148 953 4206 incidere
991 4158 1169 4222 potest
1196 4151 1380 4226 aliqua
1409 4151 1703 4221 dubitatio,
1744 4170 1880 4210 num
1909 4154 2050 4210 forte
2077 4154 2146 4210 ad
2175 4160 2454 4210 auctorem
2481 4151 2554 4209 sit
2592 4151 2914 4208 referendus
2939 4151 3131 4208 eodem
3164 4150 3415 4208 Maximo
3442 4167 3637 4209 recen-

339 4231 539 4288 tiorem
555 4276 567 4288 .

410 4321 601 4378 Sermo
627 4325 997 4397 sexagesimus
1026 4336 1251 4401 quartus
1277 4329 1419 4385 nihil
1440 4330 1592 4386 aliud
1621 4339 1721 4400 est,
1769 4349 1932 4406 quam
1987 4329 2179 4388 Basilii
2226 4327 2446 4384 homilia
2486 4327 2545 4383 in
2587 4328 2784 4384 dictum
2829 4326 2966 4383 illud
3011 4344 3079 4382 ea:
3127 4327 3423 4399 Evangelia
3470 4343 3638 4384 secun-

339 4411 464 4467 dum
495 4414 694 4469 Lucam
727 4432 739 4469 :
773 4419 1053 4472 Destruam
1082 4420 1274 4473 horrea
1301 4436 1436 4487 mea,
1478 4428 1610 4487 etc.,
1642 4425 1927 4479 nonnullis
1974 4430 2160 4479 tamen
2191 4417 2390 4491 partim
2431 4415 2658 4484 additis,
2693 4415 2893 4488 partim
2925 4416 3136 4473 recisis.
3168 4416 3379 4472 Eadem
3413 4415 3639 4472 homilia

337 4500 614 4558 Basiliana
636 4493 995 4559 Ambrosium
1025 4505 1084 4560 in
1112 4504 1254 4561 libro
1283 4508 1344 4561 de
1370 4509 1610 4564 Nabuthe
1637 4526 1800 4565 usum
1831 4511 2108 4578 vidimus;
2151 4525 2266 4565 non
2297 4517 2481 4564 tamen
2520 4523 2590 4562 ex
2637 4506 2742 4563 hoc
2771 4506 2977 4562 inferre
3008 4507 3137 4563 licet
3168 4515 3454 4564 auctorem
3495 4523 3638 4581 quo-

336 4607 441 4664 que
469 4590 635 4664 hujus
677 4593 946 4650 sermonis
975 4594 1328 4652 Ambrosium
1358 4613 1492 4654 esse.
1526 4599 1786 4666 Quinimo
1833 4601 1877 4658 si
1927 4599 2329 4658 contendantur
2364 4613 2491 4654 cum
2531 4595 2637 4652 hoc
2678 4613 2930 4653 sermone
2978 4613 3099 4669 quae
3148 4597 3207 4652 in
3257 4597 3452 4654 eodem
3501 4597 3635 4653 libro

333 4699 402 4739 ex
435 4683 533 4740 illa
562 4683 796 4742 homilia
827 4685 1076 4745 imitatus
1125 4698 1206 4746 est
1249 4697 1472 4746 sanctus
1497 4690 1842 4761 Ambrosius,
1876 4695 2025 4750 illico
2075 4697 2438 4764 cognoscetur
2479 4689 2771 4744 Doctorem
2806 4697 3057 4744 nostrum
3089 4688 3284 4744 Basilii
3333 4689 3636 4746 sententias

334 4774 509 4830 multo
540 4775 802 4832 nobiliori
831 4777 1043 4835 ratione
1083 4795 1198 4835 esse
1227 4778 1674 4854 interpretatum,
1725 4798 1888 4854 quam
1920 4782 2236 4838 tralatorem
2266 4775 2433 4847 hujus
2475 4775 2745 4832 sermonis
2780 4778 2982 4849 quippe
3026 4777 3122 4850 qui
3168 4777 3339 4834 verba
3388 4795 3460 4834 ex
3505 4793 3636 4832 ver-

332 4862 418 4919 bis
449 4866 729 4924 serviliter
757 4866 1013 4938 reddens,
1044 4875 1160 4926 tota
1187 4870 1520 4942 elocutione,
1571 4887 1634 4927 ac
1684 4872 2031 4945 potissimum
2081 4871 2139 4926 in
2169 4869 2238 4926 iis
2265 4865 2502 4934 laciniis,
2556 4881 2691 4939 quas
2727 4867 3029 4924 identidem
3059 4867 3127 4924 de
3157 4885 3258 4925 suo
3287 4869 3535 4925 intexuit
3567 4865 3633 4922 ab

331 4952 624 5012 Ambrosio
651 4956 804 5013 abest
835 4974 1001 5031 quam
1033 4959 1370 5032 longissime.

402 5041 815 5115 Sexagesimum
849 5057 1090 5118 sextum,
1133 5050 1228 5122 qui
1276 5051 1466 5107 eodem
1520 5066 1751 5107 numero
1779 5049 1837 5106 in
1869 5049 2186 5124 Appendice
2229 5051 2759 5126 Augustinianorum
2790 5063 3107 5105 sermonum
3139 5053 3342 5115 exstat,
3376 5047 3630 5119 opinatur

329 5133 686 5192 Mabillonius
715 5137 784 5192 ad
815 5139 1194 5205 undecimum,
1227 5141 1321 5214 qui
1368 5141 1435 5196 ab
1479 5141 1598 5214 ipso
1627 5149 1889 5215 tanquam
1919 5141 2150 5197 Maximi
2188 5142 2370 5199 editus
2415 5141 2544 5209 fuit,
2593 5139 2786 5198 referri
2843 5153 3020 5210 posse.
3049 5138 3450 5195 Verumtamen
3483 5134 3632 5192 illius

329 5223 527 5295 stylus,
552 5234 742 5283 nostro
773 5227 998 5301 quidem
1019 5228 1255 5300 judicio,
1291 5231 1358 5286 ab
1387 5230 1553 5303 hujus
1590 5233 1768 5287 Patris
1814 5230 2092 5290 scribendi
2147 5232 2312 5290 modo
2353 5239 2569 5289 tantum
2600 5230 2891 5301 discrepat,
2941 5235 3004 5284 ut
3033 5226 3291 5284 eumdem
3323 5241 3627 5283 sermonem

326 5317 538 5373 auctori
566 5319 807 5392 cuipiam
833 5321 1123 5393 posteriori
1160 5321 1441 5379 lubentius
1468 5323 1866 5396 adjudicemus.

398 5402 757 5463 Sermonibus
793 5409 855 5464 de
892 5412 1144 5482 Tempore
1176 5411 1434 5482 subjectae
1474 5413 1691 5469 fuerant
1731 5413 1791 5469 in
1828 5415 2073 5471 Romana
2102 5409 2346 5469 editione
2375 5410 2668 5468 conciones
2702 5407 2932 5481 aliquot,
2985 5421 3225 5479 quarum
3269 5414 3386 5462 tres
3435 5404 3624 5477 prima

330 5507 523 5566 nempe
553 5497 616 5551 de
647 5499 922 5568 Basilicis,
953 5508 1007 5556 et
1033 5500 1091 5554 in
1119 5500 1306 5570 funere
1335 5501 1691 5559 Valentiniani
1734 5521 1796 5559 ac
1850 5499 2128 5559 Theodosii
2183 5499 2567 5570 imperatorum
2619 5511 2718 5552 suo
2768 5509 3040 5568 quamque
3069 5493 3194 5550 loco
3225 5492 3582 5549 exhibuimus
3609 5505 3620 5544 :

329 5587 578 5648 quartam
600 5598 779 5641 autem
806 5588 910 5642 soli
939 5587 1205 5656 Maximo,
1236 5587 1396 5660 cujus
1422 5597 1477 5645 et
1505 5589 1714 5660 stylum
1735 5589 1900 5661 sapit,
1933 5587 2064 5644 etin
2092 5587 2320 5645 Patrum
2339 5588 2688 5646 Bibliotheca
2709 5585 2824 5659 jam
2850 5601 3054 5643 nomen
3082 5583 3328 5656 prafert,
3370 5583 3621 5640 relictum

329 5667 630 5725 voluimus.

403 5757 678 5818 Sermones
704 5761 768 5819 de
797 5763 1024 5822 Sanctis.
1056 5794 1128 5807 —
1154 5765 1437 5825 Secundus
1475 5781 1813 5834 sermonum,
1845 5782 1983 5842 quos
2027 5773 2229 5825 vocant
2269 5769 2332 5825 de
2374 5767 2600 5838 Sanctis,
2648 5765 2792 5842 apud
2838 5763 3209 5839 Augustinum
3249 5768 3415 5837 atque
3457 5756 3622 5821 Maxi-
