  <div class='ocr_page' id='page_1' title='image "/cluster/home/n/w/nwhite01/storage/ocr_20150623/17/uva.x000826553/312.png"; bbox 0 0 3864 6188; ppageno 0'>
   <div class='ocr_carea' id='block_1_1' title="bbox 243 279 3569 345">
    <p class='ocr_par' dir='ltr' id='par_1_1' title="bbox 243 279 3569 345">
     <span class='ocr_line' id='line_1_1' title="bbox 243 279 3569 345; baseline 0.002 -8"><span class='ocrx_word' id='word_1_1' title='bbox 243 279 369 340; x_wconf 87' lang='grc'><strong>609</strong></span> <span class='ocrx_word' id='word_1_2' title='bbox 807 281 1176 341; x_wconf 83' lang='lat' dir='ltr'><strong>SERMONES</strong></span> <span class='ocrx_word' id='word_1_3' title='bbox 1213 283 1270 339; x_wconf 90' lang='lat' dir='ltr'><strong>S.</strong></span> <span class='ocrx_word' id='word_1_4' title='bbox 1314 279 1668 339; x_wconf 81' lang='lat' dir='ltr'><strong>AMBROSIO</strong></span> <span class='ocrx_word' id='word_1_5' title='bbox 1707 279 2080 338; x_wconf 83' lang='lat' dir='ltr'><strong>HACTENUS</strong></span> <span class='ocrx_word' id='word_1_6' title='bbox 2119 279 2456 339; x_wconf 79' lang='lat' dir='ltr'><strong>ASCRIPTI.</strong></span> <span class='ocrx_word' id='word_1_7' title='bbox 2496 313 2563 324; x_wconf 98' lang='lat'><em>—</em></span> <span class='ocrx_word' id='word_1_8' title='bbox 2600 284 3017 342; x_wconf 85' lang='lat' dir='ltr'><strong>ADMONITIO.</strong></span> <span class='ocrx_word' id='word_1_9' title='bbox 3463 289 3569 345; x_wconf 73' lang='lat'><strong>610</strong></span> 
     </span>
    </p>
   </div>
   <div class='ocr_carea' id='block_1_2' title="bbox 245 404 3576 484">
    <p class='ocr_par' dir='ltr' id='par_1_2' title="bbox 245 404 3576 484">
     <span class='ocr_line' id='line_1_2' title="bbox 245 404 3576 484; baseline 0.002 -22"><span class='ocrx_word' id='word_1_10' title='bbox 245 423 428 462; x_wconf 87' lang='lat' dir='ltr'><strong>mum</strong></span> <span class='ocrx_word' id='word_1_11' title='bbox 457 405 639 484; x_wconf 73' lang='lat' dir='ltr'><strong>editus</strong></span> <span class='ocrx_word' id='word_1_12' title='bbox 664 406 770 463; x_wconf 91' lang='lat' dir='ltr'><strong>fuit</strong></span> <span class='ocrx_word' id='word_1_13' title='bbox 803 424 815 463; x_wconf 93' lang='lat'>:</span> <span class='ocrx_word' id='word_1_14' title='bbox 849 406 943 464; x_wconf 87' lang='lat' dir='ltr'><strong>sed</strong></span> <span class='ocrx_word' id='word_1_15' title='bbox 969 406 1099 464; x_wconf 90' lang='lat' dir='ltr'><strong>huic</strong></span> <span class='ocrx_word' id='word_1_16' title='bbox 1127 407 1227 463; x_wconf 91' lang='lat' dir='ltr'><strong>uni</strong></span> <span class='ocrx_word' id='word_1_17' title='bbox 1249 423 1360 463; x_wconf 93' lang='lat' dir='ltr'><strong>non</strong></span> <span class='ocrx_word' id='word_1_18' title='bbox 1381 407 1562 466; x_wconf 89' lang='lat' dir='ltr'><strong>solum</strong></span> <span class='ocrx_word' id='word_1_19' title='bbox 1593 405 1786 475; x_wconf 80' lang='lat' dir='ltr'><strong>dictio,</strong></span> <span class='ocrx_word' id='word_1_20' title='bbox 1819 421 2012 462; x_wconf 89' lang='lat' dir='ltr'><strong>verum</strong></span> <span class='ocrx_word' id='word_1_21' title='bbox 2042 404 2207 460; x_wconf 87' lang='lat' dir='ltr'><strong>etiam</strong></span> <span class='ocrx_word' id='word_1_22' title='bbox 2243 421 2368 461; x_wconf 88' lang='lat' dir='ltr'><strong>cum</strong></span> <span class='ocrx_word' id='word_1_23' title='bbox 2415 406 2865 481; x_wconf 88' lang='lat' dir='ltr'><strong>quinquagesimo</strong></span> <span class='ocrx_word' id='word_1_24' title='bbox 2897 417 3096 466; x_wconf 90' lang='lat' dir='ltr'><strong>octavo</strong></span> <span class='ocrx_word' id='word_1_25' title='bbox 3127 410 3370 468; x_wconf 72' lang='lat' dir='ltr'><strong>affinitas</strong></span> <span class='ocrx_word' id='word_1_26' title='bbox 3416 411 3576 470; x_wconf 91' lang='lat' dir='ltr'><strong>illum</strong></span> 
     </span>
    </p>
   </div>
   <div class='ocr_carea' id='block_1_3' title="bbox 243 495 490 550">
    <p class='ocr_par' dir='ltr' id='par_1_3' title="bbox 243 495 490 550">
     <span class='ocr_line' id='line_1_3' title="bbox 243 495 490 550; baseline 0.008 -2"><span class='ocrx_word' id='word_1_27' title='bbox 243 495 490 550; x_wconf 76' lang='lat' dir='ltr'><strong>asserit.</strong></span> 
     </span>
    </p>
   </div>
   <div class='ocr_carea' id='block_1_4' title="bbox 329 583 3577 660">
    <p class='ocr_par' dir='ltr' id='par_1_4' title="bbox 329 583 3577 660">
     <span class='ocr_line' id='line_1_4' title="bbox 329 583 3577 660; baseline 0.002 -22"><span class='ocrx_word' id='word_1_28' title='bbox 329 583 664 640; x_wconf 81' lang='lat' dir='ltr'><strong>Sermonem</strong></span> <span class='ocrx_word' id='word_1_29' title='bbox 700 583 978 657; x_wconf 88' lang='lat' dir='ltr'><strong>quintum,</strong></span> <span class='ocrx_word' id='word_1_30' title='bbox 1023 586 1118 660; x_wconf 86' lang='lat' dir='ltr'><strong>qui</strong></span> <span class='ocrx_word' id='word_1_31' title='bbox 1149 585 1216 642; x_wconf 86' lang='lat' dir='ltr'><strong>ab</strong></span> <span class='ocrx_word' id='word_1_32' title='bbox 1246 583 1540 642; x_wconf 85' lang='lat' dir='ltr'><strong>Ambrosio</strong></span> <span class='ocrx_word' id='word_1_33' title='bbox 1589 584 1648 639; x_wconf 91' lang='lat' dir='ltr'><strong>in</strong></span> <span class='ocrx_word' id='word_1_34' title='bbox 1677 583 2000 640; x_wconf 88' lang='lat' dir='ltr'><strong>Gervasium</strong></span> <span class='ocrx_word' id='word_1_35' title='bbox 2056 593 2110 641; x_wconf 90' lang='lat' dir='ltr'><strong>et</strong></span> <span class='ocrx_word' id='word_1_36' title='bbox 2139 584 2447 640; x_wconf 89' lang='lat' dir='ltr'><strong>Protasium</strong></span> <span class='ocrx_word' id='word_1_37' title='bbox 2478 584 2671 641; x_wconf 83' lang='lat' dir='ltr'><strong>fratres</strong></span> <span class='ocrx_word' id='word_1_38' title='bbox 2715 595 2984 660; x_wconf 78' lang='lat' dir='ltr'><strong>martyres</strong></span> <span class='ocrx_word' id='word_1_39' title='bbox 3009 588 3232 646; x_wconf 87' lang='lat' dir='ltr'><strong>habitus</strong></span> <span class='ocrx_word' id='word_1_40' title='bbox 3262 589 3390 660; x_wconf 90' lang='lat' dir='ltr'><strong>fuit,</strong></span> <span class='ocrx_word' id='word_1_41' title='bbox 3424 589 3577 646; x_wconf 90' lang='lat' dir='ltr'><strong>inter</strong></span> 
     </span>
    </p>
   </div>
   <div class='ocr_carea' id='block_1_5' title="bbox 243 669 3570 748">
    <p class='ocr_par' dir='ltr' id='par_1_5' title="bbox 243 669 3570 748">
     <span class='ocr_line' id='line_1_5' title="bbox 243 669 3570 748; baseline 0.004 -25"><span class='ocrx_word' id='word_1_42' title='bbox 243 669 534 740; x_wconf 77' lang='lat' dir='ltr'><strong>epistolas</strong></span> <span class='ocrx_word' id='word_1_43' title='bbox 559 673 950 728; x_wconf 76' lang='lat' dir='ltr'><strong>constituimus</strong></span> <span class='ocrx_word' id='word_1_44' title='bbox 983 689 996 726; x_wconf 87' lang='lat'>:</span> <span class='ocrx_word' id='word_1_45' title='bbox 1056 689 1220 746; x_wconf 86' lang='lat' dir='ltr'><strong>quem</strong></span> <span class='ocrx_word' id='word_1_46' title='bbox 1252 673 1434 730; x_wconf 92' lang='lat' dir='ltr'><strong>locum</strong></span> <span class='ocrx_word' id='word_1_47' title='bbox 1491 671 1608 744; x_wconf 90' lang='lat' dir='ltr'><strong>ejus</strong></span> <span class='ocrx_word' id='word_1_48' title='bbox 1639 672 1940 744; x_wconf 89' lang='lat' dir='ltr'><strong>genuinum</strong></span> <span class='ocrx_word' id='word_1_49' title='bbox 1971 689 2087 729; x_wconf 91' lang='lat' dir='ltr'><strong>esse</strong></span> <span class='ocrx_word' id='word_1_50' title='bbox 2119 674 2177 729; x_wconf 94' lang='lat' dir='ltr'><strong>in</strong></span> <span class='ocrx_word' id='word_1_51' title='bbox 2224 672 2619 730; x_wconf 80' lang='lat' dir='ltr'><strong>Admonitione</strong></span> <span class='ocrx_word' id='word_1_52' title='bbox 2653 673 2784 745; x_wconf 88' lang='lat' dir='ltr'><strong>ipsis</strong></span> <span class='ocrx_word' id='word_1_53' title='bbox 2812 677 3092 748; x_wconf 82' lang='lat' dir='ltr'><strong>praemissa</strong></span> <span class='ocrx_word' id='word_1_54' title='bbox 3135 677 3570 738; x_wconf 87' lang='lat' dir='ltr'><strong>demonstratum</strong></span> 
     </span>
    </p>
   </div>
   <div class='ocr_carea' id='block_1_6' title="bbox 241 767 365 815">
    <p class='ocr_par' dir='ltr' id='par_1_6' title="bbox 241 767 365 815">
     <span class='ocr_line' id='line_1_6' title="bbox 241 767 365 815; baseline 0.016 -2"><span class='ocrx_word' id='word_1_55' title='bbox 241 767 365 815; x_wconf 87' lang='lat' dir='ltr'><strong>est.</strong></span> 
     </span>
    </p>
   </div>
   <div class='ocr_carea' id='block_1_7' title="bbox 329 849 3573 924">
    <p class='ocr_par' dir='ltr' id='par_1_7' title="bbox 329 849 3573 924">
     <span class='ocr_line' id='line_1_7' title="bbox 329 849 3573 924; baseline 0.003 -19"><span class='ocrx_word' id='word_1_56' title='bbox 329 849 536 906; x_wconf 89' lang='lat' dir='ltr'><strong>Sermo</strong></span> <span class='ocrx_word' id='word_1_57' title='bbox 565 859 752 908; x_wconf 82' lang='lat' dir='ltr'><strong>sextus</strong></span> <span class='ocrx_word' id='word_1_58' title='bbox 800 851 1012 924; x_wconf 84' lang='lat' dir='ltr'><strong>pridem</strong></span> <span class='ocrx_word' id='word_1_59' title='bbox 1049 852 1294 908; x_wconf 86' lang='lat' dir='ltr'><strong>Maximo</strong></span> <span class='ocrx_word' id='word_1_60' title='bbox 1345 851 1592 908; x_wconf 89' lang='lat' dir='ltr'><strong>redditus</strong></span> <span class='ocrx_word' id='word_1_61' title='bbox 1625 850 1753 919; x_wconf 87' lang='lat' dir='ltr'><strong>fuit,</strong></span> <span class='ocrx_word' id='word_1_62' title='bbox 1809 867 1910 907; x_wconf 92' lang='lat' dir='ltr'><strong>nec</strong></span> <span class='ocrx_word' id='word_1_63' title='bbox 1948 851 2245 908; x_wconf 88' lang='lat' dir='ltr'><strong>obscurum</strong></span> <span class='ocrx_word' id='word_1_64' title='bbox 2276 859 2357 908; x_wconf 88' lang='lat' dir='ltr'><strong>est</strong></span> <span class='ocrx_word' id='word_1_65' title='bbox 2411 853 2571 909; x_wconf 92' lang='lat' dir='ltr'><strong>illum</strong></span> <span class='ocrx_word' id='word_1_66' title='bbox 2605 871 2636 909; x_wconf 91' lang='lat' dir='ltr'><strong>a</strong></span> <span class='ocrx_word' id='word_1_67' title='bbox 2668 854 2823 909; x_wconf 89' lang='lat' dir='ltr'><strong>nullo</strong></span> <span class='ocrx_word' id='word_1_68' title='bbox 2852 855 2960 910; x_wconf 91' lang='lat' dir='ltr'><strong>nisi</strong></span> <span class='ocrx_word' id='word_1_69' title='bbox 2991 854 3321 913; x_wconf 90' lang='lat' dir='ltr'><strong>Taurinensi</strong></span> <span class='ocrx_word' id='word_1_70' title='bbox 3361 857 3573 914; x_wconf 90' lang='lat' dir='ltr'><strong>dictum</strong></span> 
     </span>
    </p>
   </div>
   <div class='ocr_carea' id='block_1_8' title="bbox 243 939 466 998">
    <p class='ocr_par' dir='ltr' id='par_1_8' title="bbox 243 939 466 998">
     <span class='ocr_line' id='line_1_8' title="bbox 243 939 466 998; baseline 0.022 -5"><span class='ocrx_word' id='word_1_71' title='bbox 243 939 466 998; x_wconf 85' lang='lat' dir='ltr'><strong>fuisse.</strong></span> 
     </span>
    </p>
   </div>
   <div class='ocr_carea' id='block_1_9' title="bbox 327 1027 3577 1103">
    <p class='ocr_par' dir='ltr' id='par_1_9' title="bbox 327 1027 3577 1103">
     <span class='ocr_line' id='line_1_9' title="bbox 327 1027 3577 1103; baseline 0.002 -19"><span class='ocrx_word' id='word_1_72' title='bbox 327 1029 604 1086; x_wconf 88' lang='lat' dir='ltr'><strong>Decimus</strong></span> <span class='ocrx_word' id='word_1_73' title='bbox 640 1031 696 1086; x_wconf 91' lang='lat' dir='ltr'><strong>in</strong></span> <span class='ocrx_word' id='word_1_74' title='bbox 727 1029 1042 1103; x_wconf 83' lang='lat' dir='ltr'><strong>Appendice</strong></span> <span class='ocrx_word' id='word_1_75' title='bbox 1065 1030 1304 1101; x_wconf 90' lang='lat' dir='ltr'><strong>Operum</strong></span> <span class='ocrx_word' id='word_1_76' title='bbox 1326 1028 1621 1102; x_wconf 81' lang='lat' dir='ltr'><strong>Augustini</strong></span> <span class='ocrx_word' id='word_1_77' title='bbox 1645 1027 1852 1084; x_wconf 91' lang='lat' dir='ltr'><strong>dicitur</strong></span> <span class='ocrx_word' id='word_1_78' title='bbox 1871 1027 2155 1083; x_wconf 78' lang='lat' dir='ltr'><strong>Ambrosio</strong></span> <span class='ocrx_word' id='word_1_79' title='bbox 2180 1030 2352 1084; x_wconf 79' lang='lat' dir='ltr'><strong>verius</strong></span> <span class='ocrx_word' id='word_1_80' title='bbox 2380 1031 2518 1101; x_wconf 80' lang='lat' dir='ltr'><strong>forte</strong></span> <span class='ocrx_word' id='word_1_81' title='bbox 2543 1032 3014 1103; x_wconf 84' lang='lat' dir='ltr'><strong>quamAugustino</strong></span> <span class='ocrx_word' id='word_1_82' title='bbox 3050 1032 3274 1088; x_wconf 79' lang='lat' dir='ltr'><strong>tributus</strong></span> <span class='ocrx_word' id='word_1_83' title='bbox 3300 1049 3310 1086; x_wconf 91' lang='lat'>:</span> <span class='ocrx_word' id='word_1_84' title='bbox 3337 1033 3431 1090; x_wconf 90' lang='lat' dir='ltr'><strong>sed</strong></span> <span class='ocrx_word' id='word_1_85' title='bbox 3451 1050 3577 1090; x_wconf 82' lang='lat' dir='ltr'><strong>vere</strong></span> 
     </span>
    </p>
   </div>
   <div class='ocr_carea' id='block_1_10' title="bbox 248 1116 3577 1195">
    <p class='ocr_par' dir='ltr' id='par_1_10' title="bbox 248 1116 3577 1195">
     <span class='ocr_line' id='line_1_10' title="bbox 248 1116 3577 1195; baseline 0.002 -23"><span class='ocrx_word' id='word_1_86' title='bbox 248 1119 504 1191; x_wconf 87' lang='lat' dir='ltr'><strong>utrique</strong></span> <span class='ocrx_word' id='word_1_87' title='bbox 545 1119 954 1192; x_wconf 87' lang='lat' dir='ltr'><strong>&#39;abjudicandus</strong></span> <span class='ocrx_word' id='word_1_88' title='bbox 986 1119 1144 1176; x_wconf 91' lang='lat' dir='ltr'><strong>nobis</strong></span> <span class='ocrx_word' id='word_1_89' title='bbox 1177 1119 1418 1187; x_wconf 85' lang='lat' dir='ltr'><strong>videtur,</strong></span> <span class='ocrx_word' id='word_1_90' title='bbox 1451 1127 1502 1174; x_wconf 90' lang='lat' dir='ltr'><strong>et</strong></span> <span class='ocrx_word' id='word_1_91' title='bbox 1549 1117 1667 1190; x_wconf 91' lang='lat' dir='ltr'><strong>pari</strong></span> <span class='ocrx_word' id='word_1_92' title='bbox 1693 1116 1836 1188; x_wconf 86' lang='lat' dir='ltr'><strong>jure.</strong></span> <span class='ocrx_word' id='word_1_93' title='bbox 1872 1118 2009 1172; x_wconf 84' lang='lat' dir='ltr'><strong>Nam</strong></span> <span class='ocrx_word' id='word_1_94' title='bbox 2054 1118 2099 1172; x_wconf 91' lang='lat' dir='ltr'><strong>si</strong></span> <span class='ocrx_word' id='word_1_95' title='bbox 2131 1119 2430 1176; x_wconf 85' lang='lat' dir='ltr'><strong>dictionem</strong></span> <span class='ocrx_word' id='word_1_96' title='bbox 2463 1120 2582 1192; x_wconf 88' lang='lat' dir='ltr'><strong>ejus</strong></span> <span class='ocrx_word' id='word_1_97' title='bbox 2610 1123 2908 1193; x_wconf 84' lang='lat' dir='ltr'><strong>expendas,</strong></span> <span class='ocrx_word' id='word_1_98' title='bbox 2939 1139 3056 1178; x_wconf 88' lang='lat' dir='ltr'><strong>eam</strong></span> <span class='ocrx_word' id='word_1_99' title='bbox 3089 1139 3198 1178; x_wconf 93' lang='lat' dir='ltr'><strong>non</strong></span> <span class='ocrx_word' id='word_1_100' title='bbox 3230 1125 3401 1195; x_wconf 87' lang='lat' dir='ltr'><strong>magis</strong></span> <span class='ocrx_word' id='word_1_101' title='bbox 3432 1127 3577 1179; x_wconf 86' lang='lat' dir='ltr'><strong>Am-</strong></span> 
     </span>
    </p>
   </div>
   <div class='ocr_carea' id='block_1_11' title="bbox 243 1207 3574 1284">
    <p class='ocr_par' dir='ltr' id='par_1_11' title="bbox 243 1207 3574 1284">
     <span class='ocr_line' id='line_1_11' title="bbox 243 1207 3574 1284; baseline 0.002 -23"><span class='ocrx_word' id='word_1_102' title='bbox 243 1207 440 1263; x_wconf 86' lang='lat' dir='ltr'><strong>brosii</strong></span> <span class='ocrx_word' id='word_1_103' title='bbox 483 1225 597 1266; x_wconf 88' lang='lat' dir='ltr'><strong>esse</strong></span> <span class='ocrx_word' id='word_1_104' title='bbox 645 1227 809 1284; x_wconf 90' lang='lat' dir='ltr'><strong>quam</strong></span> <span class='ocrx_word' id='word_1_105' title='bbox 840 1211 1138 1283; x_wconf 79' lang='lat' dir='ltr'><strong>Augustini</strong></span> <span class='ocrx_word' id='word_1_106' title='bbox 1167 1212 1317 1267; x_wconf 91' lang='lat' dir='ltr'><strong>ultro</strong></span> <span class='ocrx_word' id='word_1_107' title='bbox 1347 1208 1605 1266; x_wconf 85' lang='lat' dir='ltr'><strong>fateberis</strong></span> <span class='ocrx_word' id='word_1_108' title='bbox 1643 1225 1655 1262; x_wconf 91' lang='lat'>:</span> <span class='ocrx_word' id='word_1_109' title='bbox 1688 1208 1966 1280; x_wconf 88' lang='lat' dir='ltr'><strong>simulque</strong></span> <span class='ocrx_word' id='word_1_110' title='bbox 1993 1207 2249 1265; x_wconf 87' lang='lat' dir='ltr'><strong>advertes</strong></span> <span class='ocrx_word' id='word_1_111' title='bbox 2285 1217 2567 1265; x_wconf 85' lang='lat' dir='ltr'><strong>auctorem</strong></span> <span class='ocrx_word' id='word_1_112' title='bbox 2596 1209 2716 1282; x_wconf 90' lang='lat' dir='ltr'><strong>ejus</strong></span> <span class='ocrx_word' id='word_1_113' title='bbox 2744 1211 2920 1266; x_wconf 87' lang='lat' dir='ltr'><strong>videri</strong></span> <span class='ocrx_word' id='word_1_114' title='bbox 2952 1211 3348 1284; x_wconf 87' lang='lat' dir='ltr'><strong>Chrysostomo</strong></span> <span class='ocrx_word' id='word_1_115' title='bbox 3380 1221 3574 1284; x_wconf 91' lang='lat' dir='ltr'><strong>poste-</strong></span> 
     </span>
    </p>
   </div>
   <div class='ocr_carea' id='block_1_12' title="bbox 241 1311 493 1353">
    <p class='ocr_par' dir='ltr' id='par_1_12' title="bbox 241 1311 493 1353">
     <span class='ocr_line' id='line_1_12' title="bbox 241 1311 493 1353; baseline 0.02 -5"><span class='ocrx_word' id='word_1_116' title='bbox 241 1311 493 1353; x_wconf 81' lang='lat' dir='ltr'><strong>norem.</strong></span> 
     </span>
    </p>
   </div>
   <div class='ocr_carea' id='block_1_13' title="bbox 318 1385 3574 1462">
    <p class='ocr_par' dir='ltr' id='par_1_13' title="bbox 318 1385 3574 1462">
     <span class='ocr_line' id='line_1_13' title="bbox 318 1385 3574 1462; baseline 0.003 -21"><span class='ocrx_word' id='word_1_117' title='bbox 318 1387 739 1444; x_wconf 88' lang='lat' dir='ltr'><strong>Duodecimum</strong></span> <span class='ocrx_word' id='word_1_118' title='bbox 798 1389 960 1444; x_wconf 88' lang='lat' dir='ltr'><strong>etiam</strong></span> <span class='ocrx_word' id='word_1_119' title='bbox 995 1388 1236 1460; x_wconf 85' lang='lat' dir='ltr'><strong>reperias</strong></span> <span class='ocrx_word' id='word_1_120' title='bbox 1292 1387 1349 1442; x_wconf 92' lang='lat' dir='ltr'><strong>in</strong></span> <span class='ocrx_word' id='word_1_121' title='bbox 1386 1387 1700 1460; x_wconf 88' lang='lat' dir='ltr'><strong>Appendice</strong></span> <span class='ocrx_word' id='word_1_122' title='bbox 1757 1385 2211 1458; x_wconf 87' lang='lat' dir='ltr'><strong>Augustiniania,</strong></span> <span class='ocrx_word' id='word_1_123' title='bbox 2243 1389 2336 1445; x_wconf 89' lang='lat' dir='ltr'><strong>sed</strong></span> <span class='ocrx_word' id='word_1_124' title='bbox 2369 1399 2633 1462; x_wconf 84' lang='lat' dir='ltr'><strong>praeterea</strong></span> <span class='ocrx_word' id='word_1_125' title='bbox 2659 1391 2804 1462; x_wconf 88' lang='lat' dir='ltr'><strong>apud</strong></span> <span class='ocrx_word' id='word_1_126' title='bbox 2836 1391 3137 1448; x_wconf 90' lang='lat' dir='ltr'><strong>Maximum</strong></span> <span class='ocrx_word' id='word_1_127' title='bbox 3169 1401 3367 1462; x_wconf 78' lang='lat' dir='ltr'><strong>exstat,</strong></span> <span class='ocrx_word' id='word_1_128' title='bbox 3402 1394 3492 1450; x_wconf 91' lang='lat' dir='ltr'><strong>cui</strong></span> <span class='ocrx_word' id='word_1_129' title='bbox 3521 1403 3574 1451; x_wconf 92' lang='lat' dir='ltr'><strong>et</strong></span> 
     </span>
    </p>
   </div>
   <div class='ocr_carea' id='block_1_14' title="bbox 241 1475 3576 1552">
    <p class='ocr_par' dir='ltr' id='par_1_14' title="bbox 241 1475 3576 1552">
     <span class='ocr_line' id='line_1_14' title="bbox 241 1475 3576 1552; baseline 0.002 -22"><span class='ocrx_word' id='word_1_130' title='bbox 241 1490 542 1532; x_wconf 89' lang='lat' dir='ltr'><strong>consensu</strong></span> <span class='ocrx_word' id='word_1_131' title='bbox 595 1476 939 1534; x_wconf 86' lang='lat' dir='ltr'><strong>eruditorum</strong></span> <span class='ocrx_word' id='word_1_132' title='bbox 995 1477 1338 1533; x_wconf 88' lang='lat' dir='ltr'><strong>attribuitur.</strong></span> <span class='ocrx_word' id='word_1_133' title='bbox 1371 1475 1475 1534; x_wconf 92' lang='lat' dir='ltr'><strong>Sed</strong></span> <span class='ocrx_word' id='word_1_134' title='bbox 1523 1491 1624 1533; x_wconf 91' lang='lat' dir='ltr'><strong>nec</strong></span> <span class='ocrx_word' id='word_1_135' title='bbox 1652 1477 1812 1532; x_wconf 88' lang='lat' dir='ltr'><strong>aliter</strong></span> <span class='ocrx_word' id='word_1_136' title='bbox 1867 1475 1934 1530; x_wconf 91' lang='lat' dir='ltr'><strong>de</strong></span> <span class='ocrx_word' id='word_1_137' title='bbox 1967 1475 2127 1531; x_wconf 90' lang='lat' dir='ltr'><strong>tertio</strong></span> <span class='ocrx_word' id='word_1_138' title='bbox 2155 1476 2369 1533; x_wconf 89' lang='lat' dir='ltr'><strong>decimo</strong></span> <span class='ocrx_word' id='word_1_139' title='bbox 2401 1479 2566 1534; x_wconf 81' lang='lat' dir='ltr'><strong>statui</strong></span> <span class='ocrx_word' id='word_1_140' title='bbox 2597 1477 2794 1546; x_wconf 87' lang='lat' dir='ltr'><strong>debet;</strong></span> <span class='ocrx_word' id='word_1_141' title='bbox 2835 1480 3036 1552; x_wconf 90' lang='lat' dir='ltr'><strong>quippe</strong></span> <span class='ocrx_word' id='word_1_142' title='bbox 3065 1480 3161 1552; x_wconf 87' lang='lat' dir='ltr'><strong>qui</strong></span> <span class='ocrx_word' id='word_1_143' title='bbox 3191 1482 3462 1538; x_wconf 89' lang='lat' dir='ltr'><strong>sermonis</strong></span> <span class='ocrx_word' id='word_1_144' title='bbox 3487 1482 3576 1540; x_wconf 92' lang='lat' dir='ltr'><strong>dei</strong></span> 
     </span>
    </p>
   </div>
   <div class='ocr_carea' id='block_1_15' title="bbox 240 1565 2628 1641">
    <p class='ocr_par' dir='ltr' id='par_1_15' title="bbox 240 1565 2628 1641">
     <span class='ocr_line' id='line_1_15' title="bbox 240 1565 2628 1641; baseline 0 -20"><span class='ocrx_word' id='word_1_145' title='bbox 240 1572 516 1638; x_wconf 90' lang='lat' dir='ltr'><strong>tempore</strong></span> <span class='ocrx_word' id='word_1_146' title='bbox 547 1566 801 1624; x_wconf 73' lang='lat' dir='ltr'><strong>vicesimi</strong></span> <span class='ocrx_word' id='word_1_147' title='bbox 830 1569 1034 1641; x_wconf 88' lang='lat' dir='ltr'><strong>quarti,</strong></span> <span class='ocrx_word' id='word_1_148' title='bbox 1069 1585 1227 1641; x_wconf 90' lang='lat' dir='ltr'><strong>quem</strong></span> <span class='ocrx_word' id='word_1_149' title='bbox 1259 1567 1488 1624; x_wconf 86' lang='lat' dir='ltr'><strong>Maximi</strong></span> <span class='ocrx_word' id='word_1_150' title='bbox 1518 1583 1635 1623; x_wconf 93' lang='lat' dir='ltr'><strong>esse</strong></span> <span class='ocrx_word' id='word_1_151' title='bbox 1667 1583 1830 1638; x_wconf 88' lang='lat' dir='ltr'><strong>supra</strong></span> <span class='ocrx_word' id='word_1_152' title='bbox 1861 1565 2128 1633; x_wconf 86' lang='lat' dir='ltr'><strong>vidimus,</strong></span> <span class='ocrx_word' id='word_1_153' title='bbox 2159 1567 2507 1623; x_wconf 88' lang='lat' dir='ltr'><strong>continuatio</strong></span> <span class='ocrx_word' id='word_1_154' title='bbox 2536 1567 2628 1623; x_wconf 91' lang='lat' dir='ltr'><strong>sit.</strong></span> 
     </span>
    </p>
   </div>
   <div class='ocr_carea' id='block_1_16' title="bbox 321 1655 3564 1731">
    <p class='ocr_par' dir='ltr' id='par_1_16' title="bbox 321 1655 3564 1731">
     <span class='ocr_line' id='line_1_16' title="bbox 321 1655 3564 1731; baseline 0.002 -21"><span class='ocrx_word' id='word_1_155' title='bbox 321 1655 568 1712; x_wconf 92' lang='lat' dir='ltr'><strong>Decimo</strong></span> <span class='ocrx_word' id='word_1_156' title='bbox 597 1657 833 1729; x_wconf 90' lang='lat' dir='ltr'><strong>septimo</strong></span> <span class='ocrx_word' id='word_1_157' title='bbox 881 1658 1246 1730; x_wconf 81' lang='lat' dir='ltr'><strong>fragmentum</strong></span> <span class='ocrx_word' id='word_1_158' title='bbox 1295 1656 1572 1730; x_wconf 88' lang='lat' dir='ltr'><strong>quoddam</strong></span> <span class='ocrx_word' id='word_1_159' title='bbox 1602 1655 1660 1711; x_wconf 93' lang='lat' dir='ltr'><strong>in</strong></span> <span class='ocrx_word' id='word_1_160' title='bbox 1690 1655 1931 1712; x_wconf 85' lang='lat' dir='ltr'><strong>editione</strong></span> <span class='ocrx_word' id='word_1_161' title='bbox 1961 1655 2208 1710; x_wconf 82' lang='lat' dir='ltr'><strong>Romana</strong></span> <span class='ocrx_word' id='word_1_162' title='bbox 2238 1656 2560 1728; x_wconf 83' lang='lat' dir='ltr'><strong>praefigitur,</strong></span> <span class='ocrx_word' id='word_1_163' title='bbox 2593 1656 2739 1729; x_wconf 92' lang='lat' dir='ltr'><strong>quod</strong></span> <span class='ocrx_word' id='word_1_164' title='bbox 2772 1657 2844 1720; x_wconf 68' lang='lat' dir='ltr'><strong>in</strong></span> <span class='ocrx_word' id='word_1_165' title='bbox 2857 1657 3102 1730; x_wconf 91' lang='lat' dir='ltr'><strong>antiquis</strong></span> <span class='ocrx_word' id='word_1_166' title='bbox 3135 1659 3564 1731; x_wconf 67' lang='lat' dir='ltr'><strong>prmtermissum</strong></span> 
     </span>
    </p>
   </div>
   <div class='ocr_carea' id='block_1_17' title="bbox 244 1742 3572 1821">
    <p class='ocr_par' dir='ltr' id='par_1_17' title="bbox 244 1742 3572 1821">
     <span class='ocr_line' id='line_1_17' title="bbox 244 1742 3572 1821; baseline 0.001 -19"><span class='ocrx_word' id='word_1_167' title='bbox 244 1753 337 1802; x_wconf 91' lang='lat' dir='ltr'><strong>est</strong></span> <span class='ocrx_word' id='word_1_168' title='bbox 363 1765 378 1814; x_wconf 86' lang='lat'><strong>;</strong></span> <span class='ocrx_word' id='word_1_169' title='bbox 412 1745 692 1819; x_wconf 87' lang='lat' dir='ltr'><strong>integrum</strong></span> <span class='ocrx_word' id='word_1_170' title='bbox 747 1763 878 1805; x_wconf 89' lang='lat' dir='ltr'><strong>vero</strong></span> <span class='ocrx_word' id='word_1_171' title='bbox 910 1748 1059 1804; x_wconf 89' lang='lat' dir='ltr'><strong>hunc</strong></span> <span class='ocrx_word' id='word_1_172' title='bbox 1087 1763 1397 1804; x_wconf 88' lang='lat' dir='ltr'><strong>sermonem</strong></span> <span class='ocrx_word' id='word_1_173' title='bbox 1427 1746 1656 1802; x_wconf 90' lang='lat' dir='ltr'><strong>exhibet</strong></span> <span class='ocrx_word' id='word_1_174' title='bbox 1683 1745 1872 1802; x_wconf 90' lang='lat' dir='ltr'><strong>eadem</strong></span> <span class='ocrx_word' id='word_1_175' title='bbox 1917 1742 2213 1817; x_wconf 82' lang='lat' dir='ltr'><strong>Appendix</strong></span> <span class='ocrx_word' id='word_1_176' title='bbox 2241 1745 2672 1817; x_wconf 80' lang='lat' dir='ltr'><strong>Augustiniaua.</strong></span> <span class='ocrx_word' id='word_1_177' title='bbox 2714 1747 2782 1802; x_wconf 89' lang='lat' dir='ltr'><strong>Ut</strong></span> <span class='ocrx_word' id='word_1_178' title='bbox 2813 1763 2978 1818; x_wconf 91' lang='lat' dir='ltr'><strong>porro</strong></span> <span class='ocrx_word' id='word_1_179' title='bbox 3006 1755 3186 1821; x_wconf 87' lang='lat' dir='ltr'><strong>pateat</strong></span> <span class='ocrx_word' id='word_1_180' title='bbox 3215 1749 3298 1804; x_wconf 89' lang='lat' dir='ltr'><strong>illi</strong></span> <span class='ocrx_word' id='word_1_181' title='bbox 3329 1750 3572 1806; x_wconf 87' lang='lat' dir='ltr'><strong>sermoni</strong></span> 
     </span>
    </p>
   </div>
   <div class='ocr_carea' id='block_1_18' title="bbox 241 1833 3572 1912">
    <p class='ocr_par' dir='ltr' id='par_1_18' title="bbox 241 1833 3572 1912">
     <span class='ocr_line' id='line_1_18' title="bbox 241 1833 3572 1912; baseline 0.001 -20"><span class='ocrx_word' id='word_1_182' title='bbox 241 1835 692 1894; x_wconf 81' lang='lat' dir='ltr'><strong>Ambrosianum</strong></span> <span class='ocrx_word' id='word_1_183' title='bbox 741 1839 882 1894; x_wconf 89' lang='lat' dir='ltr'><strong>nihil</strong></span> <span class='ocrx_word' id='word_1_184' title='bbox 912 1839 1111 1909; x_wconf 90' lang='lat' dir='ltr'><strong>inesse,</strong></span> <span class='ocrx_word' id='word_1_185' title='bbox 1144 1838 1192 1895; x_wconf 90' lang='lat' dir='ltr'><strong>is</strong></span> <span class='ocrx_word' id='word_1_186' title='bbox 1238 1835 1625 1894; x_wconf 89' lang='lat' dir='ltr'><strong>tantummodo</strong></span> <span class='ocrx_word' id='word_1_187' title='bbox 1653 1852 1778 1892; x_wconf 89' lang='lat' dir='ltr'><strong>cum</strong></span> <span class='ocrx_word' id='word_1_188' title='bbox 1813 1835 1882 1891; x_wconf 92' lang='lat' dir='ltr'><strong>iis</strong></span> <span class='ocrx_word' id='word_1_189' title='bbox 1928 1833 2262 1905; x_wconf 88' lang='lat' dir='ltr'><strong>conferatur,</strong></span> <span class='ocrx_word' id='word_1_190' title='bbox 2291 1853 2411 1909; x_wconf 86' lang='lat' dir='ltr'><strong>quae</strong></span> <span class='ocrx_word' id='word_1_191' title='bbox 2443 1835 2510 1893; x_wconf 90' lang='lat' dir='ltr'><strong>de</strong></span> <span class='ocrx_word' id='word_1_192' title='bbox 2557 1835 2614 1893; x_wconf 91' lang='lat' dir='ltr'><strong>S.</strong></span> <span class='ocrx_word' id='word_1_193' title='bbox 2647 1835 2943 1893; x_wconf 91' lang='lat' dir='ltr'><strong>Laurentio</strong></span> <span class='ocrx_word' id='word_1_194' title='bbox 2987 1837 3046 1894; x_wconf 92' lang='lat' dir='ltr'><strong>in</strong></span> <span class='ocrx_word' id='word_1_195' title='bbox 3078 1837 3235 1895; x_wconf 89' lang='lat' dir='ltr'><strong>libris</strong></span> <span class='ocrx_word' id='word_1_196' title='bbox 3268 1839 3572 1912; x_wconf 63' lang='lat' dir='ltr'><strong>Oﬁciorum</strong></span> 
     </span>
    </p>
   </div>
   <div class='ocr_carea' id='block_1_19' title="bbox 243 1927 860 2000">
    <p class='ocr_par' dir='ltr' id='par_1_19' title="bbox 243 1927 860 2000">
     <span class='ocr_line' id='line_1_19' title="bbox 243 1927 860 2000; baseline 0.006 -18"><span class='ocrx_word' id='word_1_197' title='bbox 243 1927 489 2000; x_wconf 88' lang='lat' dir='ltr'><strong>scripsit</strong></span> <span class='ocrx_word' id='word_1_198' title='bbox 517 1929 860 1986; x_wconf 85' lang='lat' dir='ltr'><strong>Ambrosius.</strong></span> 
     </span>
    </p>
   </div>
   <div class='ocr_carea' id='block_1_20' title="bbox 324 2011 3471 2089">
    <p class='ocr_par' dir='ltr' id='par_1_20' title="bbox 324 2011 3471 2089">
     <span class='ocr_line' id='line_1_20' title="bbox 324 2011 3471 2089; baseline 0 -16"><span class='ocrx_word' id='word_1_199' title='bbox 324 2018 598 2074; x_wconf 89' lang='lat' dir='ltr'><strong>Decimus</strong></span> <span class='ocrx_word' id='word_1_200' title='bbox 624 2029 852 2076; x_wconf 87' lang='lat' dir='ltr'><strong>octavus</strong></span> <span class='ocrx_word' id='word_1_201' title='bbox 883 2019 1028 2075; x_wconf 88' lang='lat' dir='ltr'><strong>inter</strong></span> <span class='ocrx_word' id='word_1_202' title='bbox 1054 2018 1282 2078; x_wconf 83' lang='lat' dir='ltr'><strong>Maximi</strong></span> <span class='ocrx_word' id='word_1_203' title='bbox 1308 2033 1588 2074; x_wconf 88' lang='lat' dir='ltr'><strong>sermones</strong></span> <span class='ocrx_word' id='word_1_204' title='bbox 1619 2016 1840 2089; x_wconf 83' lang='lat' dir='ltr'><strong>legitur,</strong></span> <span class='ocrx_word' id='word_1_205' title='bbox 1867 2015 1925 2071; x_wconf 88' lang='lat' dir='ltr'><strong>in</strong></span> <span class='ocrx_word' id='word_1_206' title='bbox 1955 2031 2064 2088; x_wconf 91' lang='lat' dir='ltr'><strong>quo</strong></span> <span class='ocrx_word' id='word_1_207' title='bbox 2093 2013 2210 2086; x_wconf 88' lang='lat' dir='ltr'><strong>ejus</strong></span> <span class='ocrx_word' id='word_1_208' title='bbox 2240 2011 2523 2086; x_wconf 89' lang='lat' dir='ltr'><strong>ingenium</strong></span> <span class='ocrx_word' id='word_1_209' title='bbox 2557 2023 2719 2087; x_wconf 89' lang='lat' dir='ltr'><strong>atque</strong></span> <span class='ocrx_word' id='word_1_210' title='bbox 2748 2015 2989 2071; x_wconf 90' lang='lat' dir='ltr'><strong>elocutio</strong></span> <span class='ocrx_word' id='word_1_211' title='bbox 3017 2014 3471 2088; x_wconf 89' lang='lat' dir='ltr'><strong>deprehenditur.</strong></span> 
     </span>
    </p>
   </div>
   <div class='ocr_carea' id='block_1_21' title="bbox 277 2102 3570 2180">
    <p class='ocr_par' dir='ltr' id='par_1_21' title="bbox 277 2102 3570 2180">
     <span class='ocr_line' id='line_1_21' title="bbox 277 2102 3570 2180; baseline 0.001 -19"><span class='ocrx_word' id='word_1_212' title='bbox 277 2117 282 2120; x_wconf 87' lang='lat'>&#39;</span> <span class='ocrx_word' id='word_1_213' title='bbox 323 2104 686 2162; x_wconf 79' lang='lat' dir='ltr'><strong>Vicesimum</strong></span> <span class='ocrx_word' id='word_1_214' title='bbox 742 2123 959 2180; x_wconf 89' lang='lat' dir='ltr'><strong>quoque</strong></span> <span class='ocrx_word' id='word_1_215' title='bbox 1005 2108 1241 2178; x_wconf 90' lang='lat' dir='ltr'><strong>reperire</strong></span> <span class='ocrx_word' id='word_1_216' title='bbox 1287 2113 1368 2162; x_wconf 90' lang='lat' dir='ltr'><strong>est</strong></span> <span class='ocrx_word' id='word_1_217' title='bbox 1396 2105 1542 2178; x_wconf 88' lang='lat' dir='ltr'><strong>apud</strong></span> <span class='ocrx_word' id='word_1_218' title='bbox 1600 2104 1928 2160; x_wconf 87' lang='lat' dir='ltr'><strong>Maximum.</strong></span> <span class='ocrx_word' id='word_1_219' title='bbox 1979 2103 2035 2159; x_wconf 93' lang='lat' dir='ltr'><strong>Si</strong></span> <span class='ocrx_word' id='word_1_220' title='bbox 2065 2111 2251 2160; x_wconf 90' lang='lat' dir='ltr'><strong>tamen</strong></span> <span class='ocrx_word' id='word_1_221' title='bbox 2293 2103 2400 2170; x_wconf 85' lang='lat' dir='ltr'><strong>illi,</strong></span> <span class='ocrx_word' id='word_1_222' title='bbox 2449 2102 2628 2160; x_wconf 91' lang='lat' dir='ltr'><strong>sicuti</strong></span> <span class='ocrx_word' id='word_1_223' title='bbox 2657 2104 2896 2173; x_wconf 88' lang='lat' dir='ltr'><strong>videtur,</strong></span> <span class='ocrx_word' id='word_1_224' title='bbox 2931 2104 3286 2162; x_wconf 86' lang='lat' dir='ltr'><strong>ascribendus</strong></span> <span class='ocrx_word' id='word_1_225' title='bbox 3313 2107 3406 2172; x_wconf 91' lang='lat' dir='ltr'><strong>sit,</strong></span> <span class='ocrx_word' id='word_1_226' title='bbox 3445 2124 3570 2164; x_wconf 92' lang='lat' dir='ltr'><strong>cum</strong></span> 
     </span>
    </p>
   </div>
   <div class='ocr_carea' id='block_1_22' title="bbox 247 2191 3570 2268">
    <p class='ocr_par' dir='ltr' id='par_1_22' title="bbox 247 2191 3570 2268">
     <span class='ocr_line' id='line_1_22' title="bbox 247 2191 3570 2268; baseline 0.001 -18"><span class='ocrx_word' id='word_1_227' title='bbox 247 2193 549 2265; x_wconf 88' lang='lat' dir='ltr'><strong>oportebit</strong></span> <span class='ocrx_word' id='word_1_228' title='bbox 603 2211 635 2250; x_wconf 90' lang='lat' dir='ltr'><strong>a</strong></span> <span class='ocrx_word' id='word_1_229' title='bbox 663 2194 833 2251; x_wconf 90' lang='lat' dir='ltr'><strong>sciolo</strong></span> <span class='ocrx_word' id='word_1_230' title='bbox 895 2195 1154 2268; x_wconf 86' lang='lat' dir='ltr'><strong>quopiam</strong></span> <span class='ocrx_word' id='word_1_231' title='bbox 1184 2195 1245 2250; x_wconf 85' lang='lat' dir='ltr'><strong>de</strong></span> <span class='ocrx_word' id='word_1_232' title='bbox 1273 2201 1450 2249; x_wconf 83' lang='lat' dir='ltr'><strong>sancto</strong></span> <span class='ocrx_word' id='word_1_233' title='bbox 1516 2193 1750 2252; x_wconf 62' lang='lat' dir='ltr'><strong>Michltee</strong></span> <span class='ocrx_word' id='word_1_234' title='bbox 1802 2191 1899 2248; x_wconf 92' lang='lat' dir='ltr'><strong>illa</strong></span> <span class='ocrx_word' id='word_1_235' title='bbox 1946 2191 2013 2248; x_wconf 90' lang='lat' dir='ltr'><strong>de</strong></span> <span class='ocrx_word' id='word_1_236' title='bbox 2069 2208 2231 2248; x_wconf 82' lang='lat' dir='ltr'><strong>causa</strong></span> <span class='ocrx_word' id='word_1_237' title='bbox 2286 2207 2399 2247; x_wconf 87' lang='lat' dir='ltr'><strong>esse</strong></span> <span class='ocrx_word' id='word_1_238' title='bbox 2439 2191 2800 2264; x_wconf 89' lang='lat' dir='ltr'><strong>inscriptum,</strong></span> <span class='ocrx_word' id='word_1_239' title='bbox 2857 2193 2985 2266; x_wconf 89' lang='lat' dir='ltr'><strong>quia</strong></span> <span class='ocrx_word' id='word_1_240' title='bbox 3015 2193 3074 2249; x_wconf 91' lang='lat' dir='ltr'><strong>in</strong></span> <span class='ocrx_word' id='word_1_241' title='bbox 3103 2193 3208 2251; x_wconf 89' lang='lat' dir='ltr'><strong>hoc</strong></span> <span class='ocrx_word' id='word_1_242' title='bbox 3255 2195 3393 2252; x_wconf 90' lang='lat' dir='ltr'><strong>festo</strong></span> <span class='ocrx_word' id='word_1_243' title='bbox 3433 2194 3570 2252; x_wconf 87' lang='lat' dir='ltr'><strong>illud</strong></span> 
     </span>
    </p>
   </div>
   <div class='ocr_carea' id='block_1_23' title="bbox 249 2279 3569 2355">
    <p class='ocr_par' dir='ltr' id='par_1_23' title="bbox 249 2279 3569 2355">
     <span class='ocr_line' id='line_1_23' title="bbox 249 2279 3569 2355; baseline 0.001 -18"><span class='ocrx_word' id='word_1_244' title='bbox 249 2282 660 2354; x_wconf 85' lang='lat' dir='ltr'><strong>Evangelium,</strong></span> <span class='ocrx_word' id='word_1_245' title='bbox 701 2282 848 2355; x_wconf 89' lang='lat' dir='ltr'><strong>quod</strong></span> <span class='ocrx_word' id='word_1_246' title='bbox 910 2282 1154 2354; x_wconf 83' lang='lat' dir='ltr'><strong>ejusdem</strong></span> <span class='ocrx_word' id='word_1_247' title='bbox 1213 2283 1480 2339; x_wconf 90' lang='lat' dir='ltr'><strong>sermonis</strong></span> <span class='ocrx_word' id='word_1_248' title='bbox 1532 2289 1917 2353; x_wconf 80' lang='lat' dir='ltr'><strong>argumentum</strong></span> <span class='ocrx_word' id='word_1_249' title='bbox 1973 2287 2075 2348; x_wconf 90' lang='lat' dir='ltr'><strong>est,</strong></span> <span class='ocrx_word' id='word_1_250' title='bbox 2130 2279 2236 2352; x_wconf 90' lang='lat' dir='ltr'><strong>legi</strong></span> <span class='ocrx_word' id='word_1_251' title='bbox 2286 2281 2592 2337; x_wconf 85' lang='lat' dir='ltr'><strong>consuevit.</strong></span> <span class='ocrx_word' id='word_1_252' title='bbox 2649 2281 2811 2353; x_wconf 83' lang='lat' dir='ltr'><strong>Apud</strong></span> <span class='ocrx_word' id='word_1_253' title='bbox 2867 2282 3120 2338; x_wconf 89' lang='lat' dir='ltr'><strong>eumdem</strong></span> <span class='ocrx_word' id='word_1_254' title='bbox 3171 2284 3569 2340; x_wconf 90' lang='lat' dir='ltr'><strong>Taurinensem</strong></span> 
     </span>
    </p>
   </div>
   <div class='ocr_carea' id='block_1_24' title="bbox 213 2368 3570 2444">
    <p class='ocr_par' dir='ltr' id='par_1_24' title="bbox 213 2368 3570 2444">
     <span class='ocr_line' id='line_1_24' title="bbox 213 2368 3570 2444; baseline 0.001 -18"><span class='ocrx_word' id='word_1_255' title='bbox 213 2371 570 2442; x_wconf 88' lang='lat' dir='ltr'><strong>_vicesimus</strong></span> <span class='ocrx_word' id='word_1_256' title='bbox 621 2373 831 2444; x_wconf 90' lang='lat' dir='ltr'><strong>primus</strong></span> <span class='ocrx_word' id='word_1_257' title='bbox 885 2389 1012 2428; x_wconf 91' lang='lat' dir='ltr'><strong>cum</strong></span> <span class='ocrx_word' id='word_1_258' title='bbox 1071 2389 1200 2428; x_wconf 91' lang='lat' dir='ltr'><strong>vero</strong></span> <span class='ocrx_word' id='word_1_259' title='bbox 1260 2389 1358 2428; x_wconf 89' lang='lat' dir='ltr'><strong>suo</strong></span> <span class='ocrx_word' id='word_1_260' title='bbox 1410 2371 1578 2427; x_wconf 91' lang='lat' dir='ltr'><strong>titulo</strong></span> <span class='ocrx_word' id='word_1_261' title='bbox 1633 2377 1833 2437; x_wconf 84' lang='lat' dir='ltr'><strong>exstat,</strong></span> <span class='ocrx_word' id='word_1_262' title='bbox 1891 2369 1997 2424; x_wconf 91' lang='lat' dir='ltr'><strong>isto</strong></span> <span class='ocrx_word' id='word_1_263' title='bbox 2056 2368 2267 2425; x_wconf 89' lang='lat' dir='ltr'><strong>scilicet</strong></span> <span class='ocrx_word' id='word_1_264' title='bbox 2315 2369 2376 2423; x_wconf 87' lang='lat' dir='ltr'><strong>de</strong></span> <span class='ocrx_word' id='word_1_265' title='bbox 2431 2371 2848 2441; x_wconf 83' lang='lat' dir='ltr'><strong>Hospitalitate;</strong></span> <span class='ocrx_word' id='word_1_266' title='bbox 2917 2378 3078 2444; x_wconf 88' lang='lat' dir='ltr'><strong>atque</strong></span> <span class='ocrx_word' id='word_1_267' title='bbox 3138 2373 3275 2428; x_wconf 85' lang='lat' dir='ltr'><strong>adeo</strong></span> <span class='ocrx_word' id='word_1_268' title='bbox 3305 2373 3570 2429; x_wconf 89' lang='lat' dir='ltr'><strong>credibile</strong></span> 
     </span>
    </p>
   </div>
   <div class='ocr_carea' id='block_1_25' title="bbox 249 2459 3570 2536">
    <p class='ocr_par' dir='ltr' id='par_1_25' title="bbox 249 2459 3570 2536">
     <span class='ocr_line' id='line_1_25' title="bbox 249 2459 3570 2536; baseline 0 -19"><span class='ocrx_word' id='word_1_269' title='bbox 249 2469 338 2517; x_wconf 89' lang='lat' dir='ltr'><strong>est</strong></span> <span class='ocrx_word' id='word_1_270' title='bbox 419 2460 576 2516; x_wconf 91' lang='lat' dir='ltr'><strong>hunc</strong></span> <span class='ocrx_word' id='word_1_271' title='bbox 637 2459 816 2534; x_wconf 92' lang='lat' dir='ltr'><strong>ipsum</strong></span> <span class='ocrx_word' id='word_1_272' title='bbox 899 2479 1015 2519; x_wconf 89' lang='lat' dir='ltr'><strong>esse</strong></span> <span class='ocrx_word' id='word_1_273' title='bbox 1093 2480 1254 2536; x_wconf 89' lang='lat' dir='ltr'><strong>quem</strong></span> <span class='ocrx_word' id='word_1_274' title='bbox 1331 2463 1399 2520; x_wconf 91' lang='lat' dir='ltr'><strong>ab</strong></span> <span class='ocrx_word' id='word_1_275' title='bbox 1459 2463 1649 2519; x_wconf 90' lang='lat' dir='ltr'><strong>eodem</strong></span> <span class='ocrx_word' id='word_1_276' title='bbox 1711 2461 1943 2533; x_wconf 85' lang='lat' dir='ltr'><strong>praesule</strong></span> <span class='ocrx_word' id='word_1_277' title='bbox 2014 2460 2075 2514; x_wconf 86' lang='lat' dir='ltr'><strong>de</strong></span> <span class='ocrx_word' id='word_1_278' title='bbox 2148 2459 2398 2515; x_wconf 78' lang='lat' dir='ltr'><strong>Avaritia</strong></span> <span class='ocrx_word' id='word_1_279' title='bbox 2471 2467 2518 2514; x_wconf 91' lang='lat' dir='ltr'><strong>et</strong></span> <span class='ocrx_word' id='word_1_280' title='bbox 2584 2461 2956 2532; x_wconf 83' lang='lat' dir='ltr'><strong>Hospitalitate</strong></span> <span class='ocrx_word' id='word_1_281' title='bbox 3019 2462 3284 2536; x_wconf 88' lang='lat' dir='ltr'><strong>scriptum</strong></span> <span class='ocrx_word' id='word_1_282' title='bbox 3339 2471 3570 2520; x_wconf 87' lang='lat' dir='ltr'><strong>testatur</strong></span> 
     </span>
    </p>
   </div>
   <div class='ocr_carea' id='block_1_26' title="bbox 251 2538 3573 2628">
    <p class='ocr_par' dir='ltr' id='par_1_26' title="bbox 251 2538 3573 2628">
     <span class='ocr_line' id='line_1_26' title="bbox 251 2538 3573 2628; baseline -0.001 -18"><span class='ocrx_word' id='word_1_283' title='bbox 251 2538 608 2610; x_wconf 86' lang='lat' dir='ltr'><strong>Gennadius.</strong></span> <span class='ocrx_word' id='word_1_284' title='bbox 674 2555 898 2611; x_wconf 86' lang='lat' dir='ltr'><strong>Nullam</strong></span> <span class='ocrx_word' id='word_1_285' title='bbox 927 2573 1054 2628; x_wconf 87' lang='lat' dir='ltr'><strong>ergo</strong></span> <span class='ocrx_word' id='word_1_286' title='bbox 1102 2572 1319 2612; x_wconf 88' lang='lat' dir='ltr'><strong>causam</strong></span> <span class='ocrx_word' id='word_1_287' title='bbox 1380 2555 1576 2612; x_wconf 89' lang='lat' dir='ltr'><strong>habuit</strong></span> <span class='ocrx_word' id='word_1_288' title='bbox 1635 2555 1880 2611; x_wconf 81' lang='lat' dir='ltr'><strong>Romana</strong></span> <span class='ocrx_word' id='word_1_289' title='bbox 1926 2551 2098 2607; x_wconf 90' lang='lat' dir='ltr'><strong>editio</strong></span> <span class='ocrx_word' id='word_1_290' title='bbox 2155 2564 2256 2604; x_wconf 90' lang='lat' dir='ltr'><strong>cur</strong></span> <span class='ocrx_word' id='word_1_291' title='bbox 2311 2547 2471 2604; x_wconf 90' lang='lat' dir='ltr'><strong>illum</strong></span> <span class='ocrx_word' id='word_1_292' title='bbox 2529 2549 2893 2605; x_wconf 89' lang='lat' dir='ltr'><strong>inscriberet:</strong></span> <span class='ocrx_word' id='word_1_293' title='bbox 2923 2551 2989 2605; x_wconf 87' lang='lat' dir='ltr'><strong>In</strong></span> <span class='ocrx_word' id='word_1_294' title='bbox 3018 2550 3169 2606; x_wconf 86' lang='lat' dir='ltr'><strong>Festo</strong></span> <span class='ocrx_word' id='word_1_295' title='bbox 3219 2553 3389 2607; x_wconf 81' lang='lat' dir='ltr'><strong>sancti</strong></span> <span class='ocrx_word' id='word_1_296' title='bbox 3420 2555 3573 2608; x_wconf 74' lang='lat' dir='ltr'><strong>Lucae</strong></span> 
     </span>
    </p>
   </div>
   <div class='ocr_carea' id='block_1_27' title="bbox 255 2645 616 2714">
    <p class='ocr_par' dir='ltr' id='par_1_27' title="bbox 255 2645 616 2714">
     <span class='ocr_line' id='line_1_27' title="bbox 255 2645 616 2714; baseline 0 -14"><span class='ocrx_word' id='word_1_297' title='bbox 255 2645 616 2714; x_wconf 64' lang='lat' dir='ltr'><strong>evangelista.</strong></span> 
     </span>
    </p>
   </div>
   <div class='ocr_carea' id='block_1_28' title="bbox 328 2725 3568 2806">
    <p class='ocr_par' dir='ltr' id='par_1_28' title="bbox 328 2725 3568 2806">
     <span class='ocr_line' id='line_1_28' title="bbox 328 2725 3568 2806; baseline -0.002 -15"><span class='ocrx_word' id='word_1_298' title='bbox 328 2736 612 2791; x_wconf 79' lang='lat' dir='ltr'><strong>Sermones</strong></span> <span class='ocrx_word' id='word_1_299' title='bbox 641 2751 667 2790; x_wconf 77' lang='grc' dir='ltr'><em>ε</em></span> <span class='ocrx_word' id='word_1_300' title='bbox 692 2735 970 2806; x_wconf 80' lang='lat' dir='ltr'><strong>prioribus</strong></span> <span class='ocrx_word' id='word_1_301' title='bbox 1001 2738 1172 2794; x_wconf 89' lang='lat' dir='ltr'><strong>tomis.</strong></span> <span class='ocrx_word' id='word_1_302' title='bbox 1204 2768 1274 2778; x_wconf 97' lang='lat'><strong>—</strong></span> <span class='ocrx_word' id='word_1_303' title='bbox 1293 2738 1485 2794; x_wconf 90' lang='lat' dir='ltr'><strong>Sermo</strong></span> <span class='ocrx_word' id='word_1_304' title='bbox 1499 2736 1561 2791; x_wconf 89' lang='lat' dir='ltr'><strong>de</strong></span> <span class='ocrx_word' id='word_1_305' title='bbox 1589 2735 1780 2790; x_wconf 90' lang='lat' dir='ltr'><strong>arbore</strong></span> <span class='ocrx_word' id='word_1_306' title='bbox 1809 2729 2090 2787; x_wconf 85' lang='lat' dir='ltr'><strong>interdicta</strong></span> <span class='ocrx_word' id='word_1_307' title='bbox 2115 2729 2171 2785; x_wconf 92' lang='lat' dir='ltr'><strong>in</strong></span> <span class='ocrx_word' id='word_1_308' title='bbox 2201 2725 2497 2802; x_wconf 82' lang='lat' dir='ltr'><strong>Augustini</strong></span> <span class='ocrx_word' id='word_1_309' title='bbox 2528 2726 2845 2798; x_wconf 84' lang='lat' dir='ltr'><strong>Appendice</strong></span> <span class='ocrx_word' id='word_1_310' title='bbox 2879 2725 3130 2783; x_wconf 87' lang='lat' dir='ltr'><strong>ordinem</strong></span> <span class='ocrx_word' id='word_1_311' title='bbox 3161 2726 3336 2784; x_wconf 89' lang='lat' dir='ltr'><strong>ducit.</strong></span> <span class='ocrx_word' id='word_1_312' title='bbox 3360 2727 3568 2785; x_wconf 91' lang='lat' dir='ltr'><strong>Ibidem</strong></span> 
     </span>
    </p>
   </div>
   <div class='ocr_carea' id='block_1_29' title="bbox 253 2814 3562 2892">
    <p class='ocr_par' dir='ltr' id='par_1_29' title="bbox 253 2814 3562 2892">
     <span class='ocr_line' id='line_1_29' title="bbox 253 2814 3562 2892; baseline -0.003 -13"><span class='ocrx_word' id='word_1_313' title='bbox 253 2824 592 2880; x_wconf 78' lang='lat' dir='ltr'><strong>observatur</strong></span> <span class='ocrx_word' id='word_1_314' title='bbox 648 2824 797 2880; x_wconf 90' lang='lat' dir='ltr'><strong>hunc</strong></span> <span class='ocrx_word' id='word_1_315' title='bbox 852 2841 1158 2881; x_wconf 90' lang='lat' dir='ltr'><strong>sermonem</strong></span> <span class='ocrx_word' id='word_1_316' title='bbox 1220 2827 1512 2882; x_wconf 88' lang='lat' dir='ltr'><strong>varietates</strong></span> <span class='ocrx_word' id='word_1_317' title='bbox 1570 2823 1769 2880; x_wconf 79' lang='lat' dir='ltr'><strong>habere</strong></span> <span class='ocrx_word' id='word_1_318' title='bbox 1827 2819 1973 2892; x_wconf 89' lang='lat' dir='ltr'><strong>apud</strong></span> <span class='ocrx_word' id='word_1_319' title='bbox 2031 2818 2408 2884; x_wconf 89' lang='lat' dir='ltr'><strong>Ambrosium,</strong></span> <span class='ocrx_word' id='word_1_320' title='bbox 2476 2815 2704 2872; x_wconf 76' lang='lat' dir='ltr'><strong>sedem</strong></span> <span class='ocrx_word' id='word_1_321' title='bbox 2763 2814 2986 2871; x_wconf 91' lang='lat' dir='ltr'><strong>fuerunt</strong></span> <span class='ocrx_word' id='word_1_322' title='bbox 3034 2814 3102 2870; x_wconf 91' lang='lat' dir='ltr'><strong>ab</strong></span> <span class='ocrx_word' id='word_1_323' title='bbox 3131 2814 3434 2872; x_wconf 89' lang='lat' dir='ltr'><strong>editoribus</strong></span> <span class='ocrx_word' id='word_1_324' title='bbox 3465 2823 3562 2871; x_wconf 88' lang='lat' dir='ltr'><strong>aut</strong></span> 
     </span>
    </p>
   </div>
   <div class='ocr_carea' id='block_1_30' title="bbox 254 2904 3556 2988">
    <p class='ocr_par' dir='ltr' id='par_1_30' title="bbox 254 2904 3556 2988">
     <span class='ocr_line' id='line_1_30' title="bbox 254 2904 3556 2988; baseline -0.004 -16"><span class='ocrx_word' id='word_1_325' title='bbox 254 2915 552 2988; x_wconf 65' lang='lat' dir='ltr'><strong>elegantia:</strong></span> <span class='ocrx_word' id='word_1_326' title='bbox 604 2923 698 2970; x_wconf 90' lang='lat' dir='ltr'><strong>aut</strong></span> <span class='ocrx_word' id='word_1_327' title='bbox 730 2915 952 2987; x_wconf 89' lang='lat' dir='ltr'><strong>majoris</strong></span> <span class='ocrx_word' id='word_1_328' title='bbox 981 2934 1106 2973; x_wconf 88' lang='lat' dir='ltr'><strong>cum</strong></span> <span class='ocrx_word' id='word_1_329' title='bbox 1167 2916 1532 2973; x_wconf 82' lang='lat' dir='ltr'><strong>Ambrosiano</strong></span> <span class='ocrx_word' id='word_1_330' title='bbox 1568 2915 1714 2988; x_wconf 88' lang='lat' dir='ltr'><strong>stylo</strong></span> <span class='ocrx_word' id='word_1_331' title='bbox 1763 2907 2112 2983; x_wconf 87' lang='lat' dir='ltr'><strong>cognationis</strong></span> <span class='ocrx_word' id='word_1_332' title='bbox 2171 2923 2332 2964; x_wconf 87' lang='lat' dir='ltr'><strong>causa</strong></span> <span class='ocrx_word' id='word_1_333' title='bbox 2362 2905 2620 2962; x_wconf 72' lang='lat' dir='ltr'><strong>inductae.</strong></span> <span class='ocrx_word' id='word_1_334' title='bbox 2654 2905 2775 2960; x_wconf 90' lang='lat' dir='ltr'><strong>Non</strong></span> <span class='ocrx_word' id='word_1_335' title='bbox 2805 2905 3008 2960; x_wconf 89' lang='lat' dir='ltr'><strong>mirum</strong></span> <span class='ocrx_word' id='word_1_336' title='bbox 3059 2904 3228 2976; x_wconf 88' lang='lat' dir='ltr'><strong>igitur</strong></span> <span class='ocrx_word' id='word_1_337' title='bbox 3256 2905 3300 2960; x_wconf 90' lang='lat' dir='ltr'><strong>si</strong></span> <span class='ocrx_word' id='word_1_338' title='bbox 3331 2904 3556 2978; x_wconf 91' lang='lat' dir='ltr'><strong>quidem</strong></span> 
     </span>
    </p>
   </div>
   <div class='ocr_carea' id='block_1_31' title="bbox 256 2995 3554 3080">
    <p class='ocr_par' dir='ltr' id='par_1_31' title="bbox 256 2995 3554 3080">
     <span class='ocr_line' id='line_1_31' title="bbox 256 2995 3554 3080; baseline -0.003 -19"><span class='ocrx_word' id='word_1_339' title='bbox 256 3005 592 3062; x_wconf 88' lang='lat' dir='ltr'><strong>eruditioris</strong></span> <span class='ocrx_word' id='word_1_340' title='bbox 621 3005 787 3060; x_wconf 87' lang='lat' dir='ltr'><strong>etiam</strong></span> <span class='ocrx_word' id='word_1_341' title='bbox 811 3004 1011 3076; x_wconf 89' lang='lat' dir='ltr'><strong>judicii</strong></span> <span class='ocrx_word' id='word_1_342' title='bbox 1043 3024 1112 3062; x_wconf 93' lang='lat' dir='ltr'><strong>ex</strong></span> <span class='ocrx_word' id='word_1_343' title='bbox 1166 3007 1254 3064; x_wconf 89' lang='lat' dir='ltr'><strong>his</strong></span> <span class='ocrx_word' id='word_1_344' title='bbox 1284 3008 1563 3080; x_wconf 86' lang='lat' dir='ltr'><strong>deceptus,</strong></span> <span class='ocrx_word' id='word_1_345' title='bbox 1596 3007 1730 3079; x_wconf 88' lang='lat' dir='ltr'><strong>quin</strong></span> <span class='ocrx_word' id='word_1_346' title='bbox 1785 3004 1931 3060; x_wconf 90' lang='lat' dir='ltr'><strong>idem</strong></span> <span class='ocrx_word' id='word_1_347' title='bbox 1960 3016 2148 3057; x_wconf 90' lang='lat' dir='ltr'><strong>sermo</strong></span> <span class='ocrx_word' id='word_1_348' title='bbox 2179 2999 2348 3054; x_wconf 90' lang='lat' dir='ltr'><strong>tribui</strong></span> <span class='ocrx_word' id='word_1_349' title='bbox 2380 2997 2552 3068; x_wconf 88' lang='lat' dir='ltr'><strong>possit</strong></span> <span class='ocrx_word' id='word_1_350' title='bbox 2607 3003 2795 3052; x_wconf 88' lang='lat' dir='ltr'><strong>sancto</strong></span> <span class='ocrx_word' id='word_1_351' title='bbox 2825 2995 3061 3062; x_wconf 91' lang='lat' dir='ltr'><strong>doctori,</strong></span> <span class='ocrx_word' id='word_1_352' title='bbox 3090 2995 3232 3051; x_wconf 90' lang='lat' dir='ltr'><strong>nihil</strong></span> <span class='ocrx_word' id='word_1_353' title='bbox 3261 2996 3554 3068; x_wconf 86' lang='lat' dir='ltr'><strong>prohibere</strong></span> 
     </span>
    </p>
   </div>
   <div class='ocr_carea' id='block_1_32' title="bbox 256 3085 3564 3170">
    <p class='ocr_par' dir='ltr' id='par_1_32' title="bbox 256 3085 3564 3170">
     <span class='ocr_line' id='line_1_32' title="bbox 256 3085 3564 3170; baseline -0.003 -20"><span class='ocrx_word' id='word_1_354' title='bbox 256 3096 631 3151; x_wconf 87' lang='lat' dir='ltr'><strong>existimavit.</strong></span> <span class='ocrx_word' id='word_1_355' title='bbox 662 3099 869 3154; x_wconf 85' lang='lat' dir='ltr'><strong>Auctor</strong></span> <span class='ocrx_word' id='word_1_356' title='bbox 891 3098 1041 3154; x_wconf 53' lang='lat' dir='ltr'><strong>illius</strong></span> <span class='ocrx_word' id='word_1_357' title='bbox 1069 3100 1229 3170; x_wconf 87' lang='lat' dir='ltr'><strong>plane</strong></span> <span class='ocrx_word' id='word_1_358' title='bbox 1261 3099 1562 3170; x_wconf 87' lang='lat' dir='ltr'><strong>ignoratur.</strong></span> <span class='ocrx_word' id='word_1_359' title='bbox 1593 3094 1878 3153; x_wconf 84' lang='lat' dir='ltr'><strong>Manichaei</strong></span> <span class='ocrx_word' id='word_1_360' title='bbox 1902 3109 2032 3149; x_wconf 87' lang='lat' dir='ltr'><strong>vero</strong></span> <span class='ocrx_word' id='word_1_361' title='bbox 2062 3091 2179 3146; x_wconf 91' lang='lat' dir='ltr'><strong>illic</strong></span> <span class='ocrx_word' id='word_1_362' title='bbox 2211 3089 2624 3161; x_wconf 86' lang='lat' dir='ltr'><strong>impugnantur,</strong></span> <span class='ocrx_word' id='word_1_363' title='bbox 2656 3085 2750 3142; x_wconf 92' lang='lat' dir='ltr'><strong>sed</strong></span> <span class='ocrx_word' id='word_1_364' title='bbox 2766 3103 2877 3142; x_wconf 88' lang='lat' dir='ltr'><strong>non</strong></span> <span class='ocrx_word' id='word_1_365' title='bbox 2901 3087 3084 3159; x_wconf 88' lang='lat' dir='ltr'><strong>rigidi,</strong></span> <span class='ocrx_word' id='word_1_366' title='bbox 3114 3085 3564 3160; x_wconf 87' lang='lat' dir='ltr'><strong>quandoquidem</strong></span> 
     </span>
    </p>
   </div>
   <div class='ocr_carea' id='block_1_33' title="bbox 257 3175 3567 3257">
    <p class='ocr_par' dir='ltr' id='par_1_33' title="bbox 257 3175 3567 3257">
     <span class='ocr_line' id='line_1_33' title="bbox 257 3175 3567 3257; baseline -0.003 -18"><span class='ocrx_word' id='word_1_367' title='bbox 257 3183 316 3239; x_wconf 87' lang='lat' dir='ltr'><strong>hi</strong></span> <span class='ocrx_word' id='word_1_368' title='bbox 362 3184 580 3241; x_wconf 91' lang='lat' dir='ltr'><strong>bonum</strong></span> <span class='ocrx_word' id='word_1_369' title='bbox 634 3201 748 3242; x_wconf 89' lang='lat' dir='ltr'><strong>esse</strong></span> <span class='ocrx_word' id='word_1_370' title='bbox 796 3187 990 3242; x_wconf 91' lang='lat' dir='ltr'><strong>vinum</strong></span> <span class='ocrx_word' id='word_1_371' title='bbox 1046 3204 1155 3242; x_wconf 91' lang='lat' dir='ltr'><strong>non</strong></span> <span class='ocrx_word' id='word_1_372' title='bbox 1195 3187 1520 3244; x_wconf 77' lang='lat' dir='ltr'><strong>difﬁtentur.</strong></span> <span class='ocrx_word' id='word_1_373' title='bbox 1580 3186 1921 3257; x_wconf 86' lang='lat' dir='ltr'><strong>Quapropter</strong></span> <span class='ocrx_word' id='word_1_374' title='bbox 1967 3189 2061 3237; x_wconf 91' lang='lat' dir='ltr'><strong>aut</strong></span> <span class='ocrx_word' id='word_1_375' title='bbox 2102 3177 2498 3244; x_wconf 89' lang='lat' dir='ltr'><strong>Marcionistas,</strong></span> <span class='ocrx_word' id='word_1_376' title='bbox 2555 3185 2649 3232; x_wconf 90' lang='lat' dir='ltr'><strong>aut</strong></span> <span class='ocrx_word' id='word_1_377' title='bbox 2687 3193 2778 3232; x_wconf 90' lang='lat' dir='ltr'><strong>eos</strong></span> <span class='ocrx_word' id='word_1_378' title='bbox 2832 3175 3117 3232; x_wconf 84' lang='lat' dir='ltr'><strong>haereticos</strong></span> <span class='ocrx_word' id='word_1_379' title='bbox 3147 3177 3317 3231; x_wconf 90' lang='lat' dir='ltr'><strong>fuisse</strong></span> <span class='ocrx_word' id='word_1_380' title='bbox 3348 3190 3567 3231; x_wconf 91' lang='lat' dir='ltr'><strong>necesse</strong></span> 
     </span>
    </p>
   </div>
   <div class='ocr_carea' id='block_1_34' title="bbox 257 3263 3575 3349">
    <p class='ocr_par' dir='ltr' id='par_1_34' title="bbox 257 3263 3575 3349">
     <span class='ocr_line' id='line_1_34' title="bbox 257 3263 3575 3349; baseline -0.003 -19"><span class='ocrx_word' id='word_1_381' title='bbox 257 3284 360 3343; x_wconf 89' lang='lat' dir='ltr'><strong>est,</strong></span> <span class='ocrx_word' id='word_1_382' title='bbox 393 3293 542 3349; x_wconf 89' lang='lat' dir='ltr'><strong>quos</strong></span> <span class='ocrx_word' id='word_1_383' title='bbox 571 3274 628 3331; x_wconf 92' lang='lat' dir='ltr'><strong>in</strong></span> <span class='ocrx_word' id='word_1_384' title='bbox 679 3275 819 3330; x_wconf 92' lang='lat' dir='ltr'><strong>libro</strong></span> <span class='ocrx_word' id='word_1_385' title='bbox 848 3277 910 3331; x_wconf 84' lang='lat' dir='ltr'><strong>de</strong></span> <span class='ocrx_word' id='word_1_386' title='bbox 937 3277 1224 3345; x_wconf 84' lang='lat' dir='ltr'><strong>Paradiso,</strong></span> <span class='ocrx_word' id='word_1_387' title='bbox 1261 3278 1356 3334; x_wconf 89' lang='lat' dir='ltr'><strong>ubi</strong></span> <span class='ocrx_word' id='word_1_388' title='bbox 1401 3277 1588 3334; x_wconf 88' lang='lat' dir='ltr'><strong>eadem</strong></span> <span class='ocrx_word' id='word_1_389' title='bbox 1621 3275 1868 3343; x_wconf 85' lang='lat' dir='ltr'><strong>materia,</strong></span> <span class='ocrx_word' id='word_1_390' title='bbox 1902 3272 1996 3329; x_wconf 92' lang='lat' dir='ltr'><strong>sed</strong></span> <span class='ocrx_word' id='word_1_391' title='bbox 2042 3268 2252 3325; x_wconf 89' lang='lat' dir='ltr'><strong>ratione</strong></span> <span class='ocrx_word' id='word_1_392' title='bbox 2285 3269 2443 3338; x_wconf 89' lang='lat' dir='ltr'><strong>longe</strong></span> <span class='ocrx_word' id='word_1_393' title='bbox 2475 3265 2602 3333; x_wconf 87' lang='lat' dir='ltr'><strong>alia,</strong></span> <span class='ocrx_word' id='word_1_394' title='bbox 2639 3272 3018 3336; x_wconf 69' lang='lat' dir='ltr'><strong>pet-tractatur,</strong></span> <span class='ocrx_word' id='word_1_395' title='bbox 3041 3264 3291 3320; x_wconf 87' lang='lat' dir='ltr'><strong>confutat</strong></span> <span class='ocrx_word' id='word_1_396' title='bbox 3320 3263 3575 3319; x_wconf 85' lang='lat' dir='ltr'><strong>Ambro-</strong></span> 
     </span>
    </p>
   </div>
   <div class='ocr_carea' id='block_1_35' title="bbox 261 3363 397 3420">
    <p class='ocr_par' dir='ltr' id='par_1_35' title="bbox 261 3363 397 3420">
     <span class='ocr_line' id='line_1_35' title="bbox 261 3363 397 3420; baseline 0 0"><span class='ocrx_word' id='word_1_397' title='bbox 261 3363 397 3420; x_wconf 88' lang='lat' dir='ltr'><strong>sius.</strong></span> 
     </span>
    </p>
   </div>
   <div class='ocr_carea' id='block_1_36' title="bbox 331 3441 3574 3526">
    <p class='ocr_par' dir='ltr' id='par_1_36' title="bbox 331 3441 3574 3526">
     <span class='ocr_line' id='line_1_36' title="bbox 331 3441 3574 3526; baseline -0.003 -17"><span class='ocrx_word' id='word_1_398' title='bbox 331 3455 484 3510; x_wconf 91' lang='lat' dir='ltr'><strong>Duos</strong></span> <span class='ocrx_word' id='word_1_399' title='bbox 546 3469 826 3510; x_wconf 88' lang='lat' dir='ltr'><strong>sermones</strong></span> <span class='ocrx_word' id='word_1_400' title='bbox 879 3453 942 3509; x_wconf 82' lang='lat' dir='ltr'><strong>de</strong></span> <span class='ocrx_word' id='word_1_401' title='bbox 985 3460 1164 3510; x_wconf 85' lang='lat' dir='ltr'><strong>sancto</strong></span> <span class='ocrx_word' id='word_1_402' title='bbox 1195 3454 1395 3510; x_wconf 81' lang='lat' dir='ltr'><strong>Elisaeo</strong></span> <span class='ocrx_word' id='word_1_403' title='bbox 1443 3453 1501 3510; x_wconf 92' lang='lat' dir='ltr'><strong>in</strong></span> <span class='ocrx_word' id='word_1_404' title='bbox 1534 3455 1710 3526; x_wconf 89' lang='lat' dir='ltr'><strong>prima</strong></span> <span class='ocrx_word' id='word_1_405' title='bbox 1739 3460 1896 3524; x_wconf 85' lang='lat' dir='ltr'><strong>parte</strong></span> <span class='ocrx_word' id='word_1_406' title='bbox 1953 3451 2126 3507; x_wconf 83' lang='lat' dir='ltr'><strong>Musei</strong></span> <span class='ocrx_word' id='word_1_407' title='bbox 2169 3446 2347 3506; x_wconf 78' lang='lat' dir='ltr'><strong>Italici</strong></span> <span class='ocrx_word' id='word_1_408' title='bbox 2402 3442 2758 3500; x_wconf 89' lang='lat' dir='ltr'><strong>Mabillonius</strong></span> <span class='ocrx_word' id='word_1_409' title='bbox 2792 3449 2978 3498; x_wconf 91' lang='lat' dir='ltr'><strong>noster</strong></span> <span class='ocrx_word' id='word_1_410' title='bbox 3015 3448 3274 3514; x_wconf 90' lang='lat' dir='ltr'><strong>tanquam</strong></span> <span class='ocrx_word' id='word_1_411' title='bbox 3324 3441 3574 3499; x_wconf 90' lang='lat' dir='ltr'><strong>nondum</strong></span> 
     </span>
    </p>
   </div>
   <div class='ocr_carea' id='block_1_37' title="bbox 263 3533 3572 3613">
    <p class='ocr_par' dir='ltr' id='par_1_37' title="bbox 263 3533 3572 3613">
     <span class='ocr_line' id='line_1_37' title="bbox 263 3533 3572 3613; baseline -0.002 -16"><span class='ocrx_word' id='word_1_412' title='bbox 263 3541 476 3613; x_wconf 89' lang='lat' dir='ltr'><strong>publici</strong></span> <span class='ocrx_word' id='word_1_413' title='bbox 534 3541 676 3613; x_wconf 91' lang='lat' dir='ltr'><strong>juris</strong></span> <span class='ocrx_word' id='word_1_414' title='bbox 731 3543 904 3600; x_wconf 88' lang='lat' dir='ltr'><strong>factos</strong></span> <span class='ocrx_word' id='word_1_415' title='bbox 960 3542 1048 3598; x_wconf 92' lang='lat' dir='ltr'><strong>edi</strong></span> <span class='ocrx_word' id='word_1_416' title='bbox 1109 3545 1326 3600; x_wconf 88' lang='lat' dir='ltr'><strong>curavit</strong></span> <span class='ocrx_word' id='word_1_417' title='bbox 1386 3561 1397 3599; x_wconf 94' lang='lat'><strong>:</strong></span> <span class='ocrx_word' id='word_1_418' title='bbox 1463 3543 1558 3600; x_wconf 90' lang='lat' dir='ltr'><strong>sed</strong></span> <span class='ocrx_word' id='word_1_419' title='bbox 1613 3543 1818 3600; x_wconf 89' lang='lat' dir='ltr'><strong>erroris</strong></span> <span class='ocrx_word' id='word_1_420' title='bbox 1872 3558 2038 3600; x_wconf 89' lang='lat' dir='ltr'><strong>causa</strong></span> <span class='ocrx_word' id='word_1_421' title='bbox 2095 3541 2152 3596; x_wconf 94' lang='lat' dir='ltr'><strong>in</strong></span> <span class='ocrx_word' id='word_1_422' title='bbox 2211 3541 2469 3595; x_wconf 63' lang='lat' dir='ltr'><strong>Romanae</strong></span> <span class='ocrx_word' id='word_1_423' title='bbox 2526 3533 2807 3602; x_wconf 81' lang='lat' dir='ltr'><strong>editionis,</strong></span> <span class='ocrx_word' id='word_1_424' title='bbox 2870 3533 2964 3589; x_wconf 91' lang='lat' dir='ltr'><strong>ubi</strong></span> <span class='ocrx_word' id='word_1_425' title='bbox 3021 3534 3201 3590; x_wconf 90' lang='lat' dir='ltr'><strong>alieno</strong></span> <span class='ocrx_word' id='word_1_426' title='bbox 3239 3535 3358 3591; x_wconf 93' lang='lat' dir='ltr'><strong>loco</strong></span> <span class='ocrx_word' id='word_1_427' title='bbox 3407 3533 3572 3606; x_wconf 91' lang='lat' dir='ltr'><strong>positi</strong></span> 
     </span>
    </p>
   </div>
   <div class='ocr_carea' id='block_1_38' title="bbox 265 3622 3577 3704">
    <p class='ocr_par' dir='ltr' id='par_1_38' title="bbox 265 3622 3577 3704">
     <span class='ocr_line' id='line_1_38' title="bbox 265 3622 3577 3704; baseline -0.002 -18"><span class='ocrx_word' id='word_1_428' title='bbox 265 3629 516 3702; x_wconf 85' lang='lat' dir='ltr'><strong>fuerant,</strong></span> <span class='ocrx_word' id='word_1_429' title='bbox 569 3632 952 3690; x_wconf 87' lang='lat' dir='ltr'><strong>confusionem</strong></span> <span class='ocrx_word' id='word_1_430' title='bbox 981 3633 1174 3692; x_wconf 89' lang='lat' dir='ltr'><strong>referri</strong></span> <span class='ocrx_word' id='word_1_431' title='bbox 1205 3634 1386 3691; x_wconf 89' lang='lat' dir='ltr'><strong>debet.</strong></span> <span class='ocrx_word' id='word_1_432' title='bbox 1448 3634 1720 3692; x_wconf 83' lang='lat' dir='ltr'><strong>Caeterum</strong></span> <span class='ocrx_word' id='word_1_433' title='bbox 1759 3647 2105 3704; x_wconf 86' lang='lat' dir='ltr'><strong>nequaquam</strong></span> <span class='ocrx_word' id='word_1_434' title='bbox 2132 3626 2549 3692; x_wconf 89' lang='lat' dir='ltr'><strong>reluctabimur,</strong></span> <span class='ocrx_word' id='word_1_435' title='bbox 2590 3622 2888 3696; x_wconf 89' lang='lat' dir='ltr'><strong>quominus</strong></span> <span class='ocrx_word' id='word_1_436' title='bbox 2938 3622 3166 3680; x_wconf 87' lang='lat' dir='ltr'><strong>Maximi</strong></span> <span class='ocrx_word' id='word_1_437' title='bbox 3223 3640 3338 3681; x_wconf 88' lang='lat' dir='ltr'><strong>esse</strong></span> <span class='ocrx_word' id='word_1_438' title='bbox 3374 3623 3577 3681; x_wconf 89' lang='lat' dir='ltr'><strong>dican-</strong></span> 
     </span>
    </p>
   </div>
   <div class='ocr_carea' id='block_1_39' title="bbox 266 3729 376 3780">
    <p class='ocr_par' dir='ltr' id='par_1_39' title="bbox 266 3729 376 3780">
     <span class='ocr_line' id='line_1_39' title="bbox 266 3729 376 3780; baseline 0.018 -2"><span class='ocrx_word' id='word_1_439' title='bbox 266 3729 376 3780; x_wconf 90' lang='lat' dir='ltr'><strong>tur.</strong></span> 
     </span>
    </p>
   </div>
   <div class='ocr_carea' id='block_1_40' title="bbox 339 3804 3580 3886">
    <p class='ocr_par' dir='ltr' id='par_1_40' title="bbox 339 3804 3580 3886">
     <span class='ocr_line' id='line_1_40' title="bbox 339 3804 3580 3886; baseline -0.002 -19"><span class='ocrx_word' id='word_1_440' title='bbox 339 3811 628 3868; x_wconf 90' lang='lat' dir='ltr'><strong>Sermonis</strong></span> <span class='ocrx_word' id='word_1_441' title='bbox 657 3812 713 3868; x_wconf 92' lang='lat' dir='ltr'><strong>in</strong></span> <span class='ocrx_word' id='word_1_442' title='bbox 745 3823 909 3886; x_wconf 87' lang='lat' dir='ltr'><strong>caput</strong></span> <span class='ocrx_word' id='word_1_443' title='bbox 965 3829 1046 3872; x_wconf 82' lang='lat' dir='ltr'><strong>vn</strong></span> <span class='ocrx_word' id='word_1_444' title='bbox 1078 3813 1180 3870; x_wconf 87' lang='lat' dir='ltr'><strong>Job</strong></span> <span class='ocrx_word' id='word_1_445' title='bbox 1209 3813 1305 3869; x_wconf 89' lang='lat' dir='ltr'><strong>illa</strong></span> <span class='ocrx_word' id='word_1_446' title='bbox 1360 3827 1622 3886; x_wconf 86' lang='lat' dir='ltr'><strong>germana</strong></span> <span class='ocrx_word' id='word_1_447' title='bbox 1672 3807 1962 3880; x_wconf 90' lang='lat' dir='ltr'><strong>inscriptio</strong></span> <span class='ocrx_word' id='word_1_448' title='bbox 2014 3814 2127 3864; x_wconf 89' lang='lat' dir='ltr'><strong>est:</strong></span> <span class='ocrx_word' id='word_1_449' title='bbox 2162 3806 2239 3864; x_wconf 84' lang='lat' dir='ltr'><strong>De</strong></span> <span class='ocrx_word' id='word_1_450' title='bbox 2285 3805 2591 3862; x_wconf 78' lang='lat' dir='ltr'><strong>carnalibus</strong></span> <span class='ocrx_word' id='word_1_451' title='bbox 2647 3805 2878 3861; x_wconf 77' lang='lat' dir='ltr'><strong>hostibus</strong></span> <span class='ocrx_word' id='word_1_452' title='bbox 2929 3819 3036 3860; x_wconf 84' lang='lat' dir='ltr'><strong>non</strong></span> <span class='ocrx_word' id='word_1_453' title='bbox 3083 3805 3395 3870; x_wconf 79' lang='lat' dir='ltr'><strong>metuendis,</strong></span> <span class='ocrx_word' id='word_1_454' title='bbox 3447 3804 3580 3860; x_wconf 79' lang='lat' dir='ltr'><strong>etde</strong></span> 
     </span>
    </p>
   </div>
   <div class='ocr_carea' id='block_1_41' title="bbox 271 3893 3576 3974">
    <p class='ocr_par' dir='ltr' id='par_1_41' title="bbox 271 3893 3576 3974">
     <span class='ocr_line' id='line_1_41' title="bbox 271 3893 3576 3974; baseline -0.002 -18"><span class='ocrx_word' id='word_1_455' title='bbox 271 3901 463 3972; x_wconf 86' lang='lat' dir='ltr'><strong>gratiis</strong></span> <span class='ocrx_word' id='word_1_456' title='bbox 485 3909 607 3973; x_wconf 78' lang='lat' dir='ltr'><strong>post</strong></span> <span class='ocrx_word' id='word_1_457' title='bbox 637 3903 812 3958; x_wconf 86' lang='lat' dir='ltr'><strong>cibum</strong></span> <span class='ocrx_word' id='word_1_458' title='bbox 858 3904 1073 3974; x_wconf 84' lang='lat' dir='ltr'><strong>agendis</strong></span> <span class='ocrx_word' id='word_1_459' title='bbox 1101 3922 1114 3970; x_wconf 88' lang='lat'><strong>;</strong></span> <span class='ocrx_word' id='word_1_460' title='bbox 1149 3903 1255 3961; x_wconf 93' lang='lat' dir='ltr'><strong>hoc</strong></span> <span class='ocrx_word' id='word_1_461' title='bbox 1293 3905 1440 3960; x_wconf 92' lang='lat' dir='ltr'><strong>enim</strong></span> <span class='ocrx_word' id='word_1_462' title='bbox 1472 3901 1640 3961; x_wconf 90' lang='lat' dir='ltr'><strong>titulo</strong></span> <span class='ocrx_word' id='word_1_463' title='bbox 1669 3897 1984 3957; x_wconf 88' lang='lat' dir='ltr'><strong>Gennadius</strong></span> <span class='ocrx_word' id='word_1_464' title='bbox 2013 3896 2191 3970; x_wconf 88' lang='lat' dir='ltr'><strong>ipsum</strong></span> <span class='ocrx_word' id='word_1_465' title='bbox 2239 3897 2469 3965; x_wconf 90' lang='lat' dir='ltr'><strong>indicat,</strong></span> <span class='ocrx_word' id='word_1_466' title='bbox 2512 3912 2613 3953; x_wconf 89' lang='lat' dir='ltr'><strong>nec</strong></span> <span class='ocrx_word' id='word_1_467' title='bbox 2643 3913 2754 3953; x_wconf 82' lang='lat' dir='ltr'><strong>non</strong></span> <span class='ocrx_word' id='word_1_468' title='bbox 2783 3895 3012 3952; x_wconf 87' lang='lat' dir='ltr'><strong>Maximi</strong></span> <span class='ocrx_word' id='word_1_469' title='bbox 3041 3894 3187 3968; x_wconf 91' lang='lat' dir='ltr'><strong>apud</strong></span> <span class='ocrx_word' id='word_1_470' title='bbox 3217 3909 3381 3968; x_wconf 90' lang='lat' dir='ltr'><strong>quem</strong></span> <span class='ocrx_word' id='word_1_471' title='bbox 3411 3893 3576 3949; x_wconf 89' lang='lat' dir='ltr'><strong>etiam</strong></span> 
     </span>
    </p>
   </div>
   <div class='ocr_carea' id='block_1_42' title="bbox 275 3987 1739 4066">
    <p class='ocr_par' dir='ltr' id='par_1_42' title="bbox 275 3987 1739 4066">
     <span class='ocr_line' id='line_1_42' title="bbox 275 3987 1739 4066; baseline 0.005 -23"><span class='ocrx_word' id='word_1_472' title='bbox 275 3987 421 4045; x_wconf 89' lang='lat' dir='ltr'><strong>idem</strong></span> <span class='ocrx_word' id='word_1_473' title='bbox 455 3989 708 4060; x_wconf 88' lang='lat' dir='ltr'><strong>habetur,</strong></span> <span class='ocrx_word' id='word_1_474' title='bbox 739 4008 855 4048; x_wconf 90' lang='lat' dir='ltr'><strong>esse</strong></span> <span class='ocrx_word' id='word_1_475' title='bbox 887 3991 1181 4066; x_wconf 85' lang='lat' dir='ltr'><strong>signiﬁcat.</strong></span> <span class='ocrx_word' id='word_1_476' title='bbox 1733 3989 1739 3994; x_wconf 71' lang='grc'><strong>’</strong></span> 
     </span>
    </p>
   </div>
   <div class='ocr_carea' id='block_1_43' title="bbox 347 4070 3570 4150">
    <p class='ocr_par' dir='ltr' id='par_1_43' title="bbox 347 4070 3570 4150">
     <span class='ocr_line' id='line_1_43' title="bbox 347 4070 3570 4150; baseline -0.002 -17"><span class='ocrx_word' id='word_1_477' title='bbox 347 4079 412 4134; x_wconf 93' lang='lat' dir='ltr'><strong>In</strong></span> <span class='ocrx_word' id='word_1_478' title='bbox 450 4081 690 4150; x_wconf 87' lang='lat' dir='ltr'><strong>psalmos</strong></span> <span class='ocrx_word' id='word_1_479' title='bbox 718 4098 818 4136; x_wconf 74' lang='lat' dir='ltr'><strong>xxx</strong></span> <span class='ocrx_word' id='word_1_480' title='bbox 841 4099 931 4137; x_wconf 77' lang='lat' dir='ltr'><strong>crx</strong></span> <span class='ocrx_word' id='word_1_481' title='bbox 961 4099 1024 4139; x_wconf 92' lang='lat' dir='ltr'><strong>ac</strong></span> <span class='ocrx_word' id='word_1_482' title='bbox 1053 4100 1207 4139; x_wconf 82' lang='lat' dir='ltr'><strong>cxvn</strong></span> <span class='ocrx_word' id='word_1_483' title='bbox 1236 4081 1608 4138; x_wconf 88' lang='lat' dir='ltr'><strong>enarrationes</strong></span> <span class='ocrx_word' id='word_1_484' title='bbox 1629 4078 1746 4136; x_wconf 85' lang='lat' dir='ltr'><strong>sive</strong></span> <span class='ocrx_word' id='word_1_485' title='bbox 1776 4091 2058 4132; x_wconf 90' lang='lat' dir='ltr'><strong>sermones</strong></span> <span class='ocrx_word' id='word_1_486' title='bbox 2081 4072 2230 4130; x_wconf 89' lang='lat' dir='ltr'><strong>inter</strong></span> <span class='ocrx_word' id='word_1_487' title='bbox 2257 4073 2626 4130; x_wconf 88' lang='lat' dir='ltr'><strong>Maximianos</strong></span> <span class='ocrx_word' id='word_1_488' title='bbox 2633 4071 2760 4146; x_wconf 90' lang='lat' dir='ltr'><strong>jure</strong></span> <span class='ocrx_word' id='word_1_489' title='bbox 2787 4081 3097 4130; x_wconf 88' lang='lat' dir='ltr'><strong>censentur.</strong></span> <span class='ocrx_word' id='word_1_490' title='bbox 3131 4073 3194 4129; x_wconf 92' lang='lat' dir='ltr'><strong>In</strong></span> <span class='ocrx_word' id='word_1_491' title='bbox 3222 4070 3570 4130; x_wconf 86' lang='lat' dir='ltr'><strong>editionibus</strong></span> 
     </span>
    </p>
   </div>
   <div class='ocr_carea' id='block_1_44' title="bbox 278 4161 3580 4245">
    <p class='ocr_par' dir='ltr' id='par_1_44' title="bbox 278 4161 3580 4245">
     <span class='ocr_line' id='line_1_44' title="bbox 278 4161 3580 4245; baseline -0.001 -24"><span class='ocrx_word' id='word_1_492' title='bbox 278 4167 662 4224; x_wconf 85' lang='lat' dir='ltr'><strong>Ambrosianis</strong></span> <span class='ocrx_word' id='word_1_493' title='bbox 745 4171 1009 4243; x_wconf 86' lang='lat' dir='ltr'><strong>quasdam</strong></span> <span class='ocrx_word' id='word_1_494' title='bbox 1069 4172 1324 4245; x_wconf 91' lang='lat' dir='ltr'><strong>periodos</strong></span> <span class='ocrx_word' id='word_1_495' title='bbox 1379 4172 1577 4228; x_wconf 90' lang='lat' dir='ltr'><strong>horum</strong></span> <span class='ocrx_word' id='word_1_496' title='bbox 1663 4183 1979 4225; x_wconf 91' lang='lat' dir='ltr'><strong>sermonum</strong></span> <span class='ocrx_word' id='word_1_497' title='bbox 2052 4163 2269 4237; x_wconf 88' lang='lat' dir='ltr'><strong>primus</strong></span> <span class='ocrx_word' id='word_1_498' title='bbox 2323 4163 2571 4232; x_wconf 87' lang='lat' dir='ltr'><strong>exhibet,</strong></span> <span class='ocrx_word' id='word_1_499' title='bbox 2652 4180 2774 4237; x_wconf 60' lang='lat' dir='ltr'><strong>qua</strong></span> <span class='ocrx_word' id='word_1_500' title='bbox 2836 4180 2948 4219; x_wconf 90' lang='lat' dir='ltr'><strong>non</strong></span> <span class='ocrx_word' id='word_1_501' title='bbox 3034 4164 3385 4238; x_wconf 88' lang='lat' dir='ltr'><strong>reperiuntur</strong></span> <span class='ocrx_word' id='word_1_502' title='bbox 3434 4161 3580 4235; x_wconf 90' lang='lat' dir='ltr'><strong>apud</strong></span> 
     </span>
    </p>
   </div>
   <div class='ocr_carea' id='block_1_45' title="bbox 276 4251 3581 4332">
    <p class='ocr_par' dir='ltr' id='par_1_45' title="bbox 276 4251 3581 4332">
     <span class='ocr_line' id='line_1_45' title="bbox 276 4251 3581 4332; baseline -0.001 -22"><span class='ocrx_word' id='word_1_503' title='bbox 276 4253 608 4324; x_wconf 88' lang='lat' dir='ltr'><strong>Maximum,</strong></span> <span class='ocrx_word' id='word_1_504' title='bbox 639 4257 733 4312; x_wconf 92' lang='lat' dir='ltr'><strong>sed</strong></span> <span class='ocrx_word' id='word_1_505' title='bbox 763 4257 880 4314; x_wconf 59' lang='lat' dir='ltr'><strong>ista;</strong></span> <span class='ocrx_word' id='word_1_506' title='bbox 923 4276 1034 4315; x_wconf 93' lang='lat' dir='ltr'><strong>non</strong></span> <span class='ocrx_word' id='word_1_507' title='bbox 1063 4269 1193 4316; x_wconf 90' lang='lat' dir='ltr'><strong>sunt</strong></span> <span class='ocrx_word' id='word_1_508' title='bbox 1243 4261 1426 4332; x_wconf 87' lang='lat' dir='ltr'><strong>magni</strong></span> <span class='ocrx_word' id='word_1_509' title='bbox 1460 4259 1748 4317; x_wconf 89' lang='lat' dir='ltr'><strong>momenti.</strong></span> <span class='ocrx_word' id='word_1_510' title='bbox 1781 4256 2000 4314; x_wconf 89' lang='lat' dir='ltr'><strong>Tertius</strong></span> <span class='ocrx_word' id='word_1_511' title='bbox 2029 4261 2210 4311; x_wconf 89' lang='lat' dir='ltr'><strong>autem</strong></span> <span class='ocrx_word' id='word_1_512' title='bbox 2249 4253 2426 4310; x_wconf 89' lang='lat' dir='ltr'><strong>eidem</strong></span> <span class='ocrx_word' id='word_1_513' title='bbox 2456 4254 2702 4311; x_wconf 87' lang='lat' dir='ltr'><strong>Maximo</strong></span> <span class='ocrx_word' id='word_1_514' title='bbox 2730 4253 2789 4310; x_wconf 92' lang='lat' dir='ltr'><strong>in</strong></span> <span class='ocrx_word' id='word_1_515' title='bbox 2819 4255 3065 4312; x_wconf 85' lang='lat' dir='ltr'><strong>Romano</strong></span> <span class='ocrx_word' id='word_1_516' title='bbox 3096 4254 3379 4312; x_wconf 88' lang='lat' dir='ltr'><strong>Breviario</strong></span> <span class='ocrx_word' id='word_1_517' title='bbox 3407 4251 3581 4309; x_wconf 91' lang='lat' dir='ltr'><strong>resti-</strong></span> 
     </span>
    </p>
   </div>
   <div class='ocr_carea' id='block_1_46' title="bbox 281 4349 576 4418">
    <p class='ocr_par' dir='ltr' id='par_1_46' title="bbox 281 4349 576 4418">
     <span class='ocr_line' id='line_1_46' title="bbox 281 4349 576 4418; baseline 0.003 -19"><span class='ocrx_word' id='word_1_518' title='bbox 281 4349 436 4400; x_wconf 91' lang='lat' dir='ltr'><strong>tutus</strong></span> <span class='ocrx_word' id='word_1_519' title='bbox 476 4352 576 4418; x_wconf 78' lang='lat' dir='ltr'><strong>est.</strong></span> 
     </span>
    </p>
   </div>
   <div class='ocr_carea' id='block_1_47' title="bbox 353 4430 3577 4512">
    <p class='ocr_par' dir='ltr' id='par_1_47' title="bbox 353 4430 3577 4512">
     <span class='ocr_line' id='line_1_47' title="bbox 353 4430 3577 4512; baseline -0.001 -22"><span class='ocrx_word' id='word_1_520' title='bbox 353 4434 650 4492; x_wconf 90' lang='lat' dir='ltr'><strong>Enarratio</strong></span> <span class='ocrx_word' id='word_1_521' title='bbox 680 4434 736 4492; x_wconf 91' lang='lat' dir='ltr'><strong>in</strong></span> <span class='ocrx_word' id='word_1_522' title='bbox 767 4443 931 4509; x_wconf 88' lang='lat' dir='ltr'><strong>caput</strong></span> <span class='ocrx_word' id='word_1_523' title='bbox 960 4454 1100 4494; x_wconf 77' lang='lat' dir='ltr'><strong>XXXI</strong></span> <span class='ocrx_word' id='word_1_524' title='bbox 1138 4437 1564 4496; x_wconf 85' lang='lat' dir='ltr'><strong>Proverbiorum</strong></span> <span class='ocrx_word' id='word_1_525' title='bbox 1595 4437 1741 4512; x_wconf 89' lang='lat' dir='ltr'><strong>apud</strong></span> <span class='ocrx_word' id='word_1_526' title='bbox 1769 4436 2164 4510; x_wconf 84' lang='lat' dir='ltr'><strong>Augustinum,</strong></span> <span class='ocrx_word' id='word_1_527' title='bbox 2209 4436 2298 4494; x_wconf 92' lang='lat' dir='ltr'><strong>cui</strong></span> <span class='ocrx_word' id='word_1_528' title='bbox 2335 4437 2648 4507; x_wconf 89' lang='lat' dir='ltr'><strong>ascribitur,</strong></span> <span class='ocrx_word' id='word_1_529' title='bbox 2679 4453 2815 4510; x_wconf 90' lang='lat' dir='ltr'><strong>pura</strong></span> <span class='ocrx_word' id='word_1_530' title='bbox 2844 4437 2950 4512; x_wconf 86' lang='lat' dir='ltr'><strong>legi</strong></span> <span class='ocrx_word' id='word_1_531' title='bbox 2979 4444 3179 4512; x_wconf 91' lang='lat' dir='ltr'><strong>potest,</strong></span> <span class='ocrx_word' id='word_1_532' title='bbox 3210 4453 3275 4494; x_wconf 86' lang='lat' dir='ltr'><strong>ac</strong></span> <span class='ocrx_word' id='word_1_533' title='bbox 3301 4435 3423 4492; x_wconf 90' lang='lat' dir='ltr'><strong>sine</strong></span> <span class='ocrx_word' id='word_1_534' title='bbox 3455 4430 3577 4488; x_wconf 89' lang='lat' dir='ltr'><strong>illis</strong></span> 
     </span>
    </p>
   </div>
   <div class='ocr_carea' id='block_1_48' title="bbox 287 4519 2904 4601">
    <p class='ocr_par' dir='ltr' id='par_1_48' title="bbox 287 4519 2904 4601">
     <span class='ocr_line' id='line_1_48' title="bbox 287 4519 2904 4601; baseline 0.003 -24"><span class='ocrx_word' id='word_1_535' title='bbox 287 4519 704 4595; x_wconf 85' lang='lat' dir='ltr'><strong>additamentis,</strong></span> <span class='ocrx_word' id='word_1_536' title='bbox 731 4543 851 4600; x_wconf 84' lang='lat' dir='ltr'><strong>quae</strong></span> <span class='ocrx_word' id='word_1_537' title='bbox 884 4534 944 4583; x_wconf 91' lang='lat' dir='ltr'><strong>ut</strong></span> <span class='ocrx_word' id='word_1_538' title='bbox 973 4529 1146 4600; x_wconf 89' lang='lat' dir='ltr'><strong>magis</strong></span> <span class='ocrx_word' id='word_1_539' title='bbox 1176 4527 1539 4584; x_wconf 88' lang='lat' dir='ltr'><strong>Ambrosiana</strong></span> <span class='ocrx_word' id='word_1_540' title='bbox 1561 4527 1926 4601; x_wconf 87' lang='lat' dir='ltr'><strong>judicaretur,</strong></span> <span class='ocrx_word' id='word_1_541' title='bbox 1959 4525 2137 4582; x_wconf 91' lang='lat' dir='ltr'><strong>eidem</strong></span> <span class='ocrx_word' id='word_1_542' title='bbox 2167 4527 2409 4584; x_wconf 89' lang='lat' dir='ltr'><strong>intexuit</strong></span> <span class='ocrx_word' id='word_1_543' title='bbox 2438 4529 2683 4585; x_wconf 79' lang='lat' dir='ltr'><strong>Romana</strong></span> <span class='ocrx_word' id='word_1_544' title='bbox 2712 4527 2904 4584; x_wconf 92' lang='lat' dir='ltr'><strong>editio.</strong></span> 
     </span>
    </p>
   </div>
   <div class='ocr_carea' id='block_1_49' title="bbox 357 4611 3579 4691">
    <p class='ocr_par' dir='ltr' id='par_1_49' title="bbox 357 4611 3579 4691">
     <span class='ocr_line' id='line_1_49' title="bbox 357 4611 3579 4691; baseline -0.001 -22"><span class='ocrx_word' id='word_1_545' title='bbox 357 4614 420 4669; x_wconf 90' lang='lat' dir='ltr'><strong>In</strong></span> <span class='ocrx_word' id='word_1_546' title='bbox 461 4624 623 4688; x_wconf 90' lang='lat' dir='ltr'><strong>caput</strong></span> <span class='ocrx_word' id='word_1_547' title='bbox 665 4635 724 4673; x_wconf 89' lang='grc' dir='ltr'><strong>ιιι</strong></span> <span class='ocrx_word' id='word_1_548' title='bbox 755 4617 1128 4674; x_wconf 88' lang='lat' dir='ltr'><strong>Ecclesiastici</strong></span> <span class='ocrx_word' id='word_1_549' title='bbox 1161 4635 1438 4676; x_wconf 88' lang='lat' dir='ltr'><strong>sermones</strong></span> <span class='ocrx_word' id='word_1_550' title='bbox 1467 4619 1577 4675; x_wconf 91' lang='lat' dir='ltr'><strong>duo</strong></span> <span class='ocrx_word' id='word_1_551' title='bbox 1606 4620 1667 4674; x_wconf 88' lang='lat' dir='ltr'><strong>de</strong></span> <span class='ocrx_word' id='word_1_552' title='bbox 1693 4619 2039 4691; x_wconf 83' lang='lat' dir='ltr'><strong>Eleemosyna</strong></span> <span class='ocrx_word' id='word_1_553' title='bbox 2067 4625 2256 4675; x_wconf 88' lang='lat' dir='ltr'><strong>sancto</strong></span> <span class='ocrx_word' id='word_1_554' title='bbox 2275 4618 2540 4688; x_wconf 85' lang='lat' dir='ltr'><strong>Maximo,</strong></span> <span class='ocrx_word' id='word_1_555' title='bbox 2562 4617 3031 4689; x_wconf 84' lang='lat' dir='ltr'><strong>cujusdictionem</strong></span> <span class='ocrx_word' id='word_1_556' title='bbox 3061 4612 3289 4688; x_wconf 90' lang='lat' dir='ltr'><strong>pulchre</strong></span> <span class='ocrx_word' id='word_1_557' title='bbox 3309 4611 3579 4679; x_wconf 89' lang='lat' dir='ltr'><strong>referunt,</strong></span> 
     </span>
    </p>
   </div>
   <div class='ocr_carea' id='block_1_50' title="bbox 291 4700 1609 4775">
    <p class='ocr_par' dir='ltr' id='par_1_50' title="bbox 291 4700 1609 4775">
     <span class='ocr_line' id='line_1_50' title="bbox 291 4700 1609 4775; baseline 0.007 -18"><span class='ocrx_word' id='word_1_558' title='bbox 291 4700 346 4758; x_wconf 90' lang='lat' dir='ltr'><strong>in</strong></span> <span class='ocrx_word' id='word_1_559' title='bbox 375 4703 616 4775; x_wconf 89' lang='lat' dir='ltr'><strong>ejusdem</strong></span> <span class='ocrx_word' id='word_1_560' title='bbox 648 4709 813 4764; x_wconf 89' lang='lat' dir='ltr'><strong>etiam</strong></span> <span class='ocrx_word' id='word_1_561' title='bbox 843 4707 1182 4764; x_wconf 84' lang='lat' dir='ltr'><strong>editionibus</strong></span> <span class='ocrx_word' id='word_1_562' title='bbox 1211 4709 1609 4767; x_wconf 88' lang='lat' dir='ltr'><strong>attribuuntur.</strong></span> 
     </span>
    </p>
   </div>
   <div class='ocr_carea' id='block_1_51' title="bbox 360 4786 3585 4871">
    <p class='ocr_par' dir='ltr' id='par_1_51' title="bbox 360 4786 3585 4871">
     <span class='ocr_line' id='line_1_51' title="bbox 360 4786 3585 4871; baseline -0.001 -23"><span class='ocrx_word' id='word_1_563' title='bbox 360 4793 437 4849; x_wconf 91' lang='lat' dir='ltr'><strong>De</strong></span> <span class='ocrx_word' id='word_1_564' title='bbox 465 4811 712 4852; x_wconf 91' lang='lat' dir='ltr'><strong>sermone</strong></span> <span class='ocrx_word' id='word_1_565' title='bbox 742 4793 799 4849; x_wconf 90' lang='lat' dir='ltr'><strong>in</strong></span> <span class='ocrx_word' id='word_1_566' title='bbox 829 4806 990 4868; x_wconf 91' lang='lat' dir='ltr'><strong>caput</strong></span> <span class='ocrx_word' id='word_1_567' title='bbox 1031 4815 1049 4854; x_wconf 86' lang='lat'>1</span> <span class='ocrx_word' id='word_1_568' title='bbox 1080 4798 1232 4854; x_wconf 80' lang='lat' dir='ltr'><strong>Isaiae</strong></span> <span class='ocrx_word' id='word_1_569' title='bbox 1266 4815 1375 4854; x_wconf 89' lang='lat' dir='ltr'><strong>non</strong></span> <span class='ocrx_word' id='word_1_570' title='bbox 1403 4798 1557 4854; x_wconf 85' lang='lat' dir='ltr'><strong>aliud</strong></span> <span class='ocrx_word' id='word_1_571' title='bbox 1605 4813 1820 4871; x_wconf 88' lang='lat' dir='ltr'><strong>quoque</strong></span> <span class='ocrx_word' id='word_1_572' title='bbox 1847 4794 2196 4854; x_wconf 91' lang='lat' dir='ltr'><strong>sentiendum</strong></span> <span class='ocrx_word' id='word_1_573' title='bbox 2229 4802 2310 4850; x_wconf 90' lang='lat' dir='ltr'><strong>est</strong></span> <span class='ocrx_word' id='word_1_574' title='bbox 2339 4813 2350 4849; x_wconf 90' lang='lat'><strong>:</strong></span> <span class='ocrx_word' id='word_1_575' title='bbox 2381 4793 2475 4848; x_wconf 88' lang='lat' dir='ltr'><strong>sed</strong></span> <span class='ocrx_word' id='word_1_576' title='bbox 2505 4809 2606 4850; x_wconf 88' lang='lat' dir='ltr'><strong>nec</strong></span> <span class='ocrx_word' id='word_1_577' title='bbox 2632 4793 2797 4848; x_wconf 89' lang='lat' dir='ltr'><strong>etiam</strong></span> <span class='ocrx_word' id='word_1_578' title='bbox 2826 4791 2892 4848; x_wconf 93' lang='lat' dir='ltr'><strong>de</strong></span> <span class='ocrx_word' id='word_1_579' title='bbox 2911 4788 3260 4847; x_wconf 89' lang='lat' dir='ltr'><strong>sermonibus</strong></span> <span class='ocrx_word' id='word_1_580' title='bbox 3286 4787 3507 4846; x_wconf 91' lang='lat' dir='ltr'><strong>duobus</strong></span> <span class='ocrx_word' id='word_1_581' title='bbox 3527 4786 3585 4846; x_wconf 91' lang='lat' dir='ltr'><strong>in</strong></span> 
     </span>
    </p>
   </div>
   <div class='ocr_carea' id='block_1_52' title="bbox 292 4876 3588 4960">
    <p class='ocr_par' dir='ltr' id='par_1_52' title="bbox 292 4876 3588 4960">
     <span class='ocr_line' id='line_1_52' title="bbox 292 4876 3588 4960; baseline -0.001 -24"><span class='ocrx_word' id='word_1_582' title='bbox 292 4891 451 4953; x_wconf 88' lang='lat' dir='ltr'><strong>caput</strong></span> <span class='ocrx_word' id='word_1_583' title='bbox 480 4900 580 4942; x_wconf 86' lang='lat' dir='ltr'><strong>xm</strong></span> <span class='ocrx_word' id='word_1_584' title='bbox 627 4886 906 4942; x_wconf 89' lang='lat' dir='ltr'><strong>Danielis:</strong></span> <span class='ocrx_word' id='word_1_585' title='bbox 967 4886 1026 4941; x_wconf 94' lang='lat' dir='ltr'><strong>hi</strong></span> <span class='ocrx_word' id='word_1_586' title='bbox 1077 4888 1280 4960; x_wconf 91' lang='lat' dir='ltr'><strong>quippe</strong></span> <span class='ocrx_word' id='word_1_587' title='bbox 1303 4902 1309 4906; x_wconf 83' lang='lat'>&#39;</span> <span class='ocrx_word' id='word_1_588' title='bbox 1335 4905 1526 4946; x_wconf 90' lang='lat' dir='ltr'><strong>omnes</strong></span> <span class='ocrx_word' id='word_1_589' title='bbox 1553 4896 1606 4945; x_wconf 91' lang='lat' dir='ltr'><strong>et</strong></span> <span class='ocrx_word' id='word_1_590' title='bbox 1635 4889 1971 4945; x_wconf 84' lang='lat' dir='ltr'><strong>evolvuntur</strong></span> <span class='ocrx_word' id='word_1_591' title='bbox 2027 4882 2170 4954; x_wconf 89' lang='lat' dir='ltr'><strong>apud</strong></span> <span class='ocrx_word' id='word_1_592' title='bbox 2200 4881 2528 4948; x_wconf 88' lang='lat' dir='ltr'><strong>Maximum,</strong></span> <span class='ocrx_word' id='word_1_593' title='bbox 2557 4888 2611 4935; x_wconf 89' lang='lat' dir='ltr'><strong>et</strong></span> <span class='ocrx_word' id='word_1_594' title='bbox 2640 4879 2758 4951; x_wconf 91' lang='lat' dir='ltr'><strong>ejus</strong></span> <span class='ocrx_word' id='word_1_595' title='bbox 2803 4896 2920 4936; x_wconf 88' lang='lat' dir='ltr'><strong>esse</strong></span> <span class='ocrx_word' id='word_1_596' title='bbox 2949 4896 2980 4935; x_wconf 91' lang='lat' dir='ltr'><strong>a</strong></span> <span class='ocrx_word' id='word_1_597' title='bbox 3009 4877 3316 4947; x_wconf 84' lang='lat' dir='ltr'><strong>Gennadio,</strong></span> <span class='ocrx_word' id='word_1_598' title='bbox 3342 4876 3588 4935; x_wconf 85' lang='lat' dir='ltr'><strong>indicata</strong></span> 
     </span>
    </p>
   </div>
   <div class='ocr_carea' id='block_1_53' title="bbox 295 4971 1390 5048">
    <p class='ocr_par' dir='ltr' id='par_1_53' title="bbox 295 4971 1390 5048">
     <span class='ocr_line' id='line_1_53' title="bbox 295 4971 1390 5048; baseline 0.008 -23"><span class='ocrx_word' id='word_1_599' title='bbox 295 4971 553 5047; x_wconf 90' lang='lat' dir='ltr'><strong>cujusque</strong></span> <span class='ocrx_word' id='word_1_600' title='bbox 581 4975 961 5048; x_wconf 88' lang='lat' dir='ltr'><strong>inscriptione,</strong></span> <span class='ocrx_word' id='word_1_601' title='bbox 993 4987 1390 5034; x_wconf 89' lang='lat' dir='ltr'><strong>asseverautur.</strong></span> 
     </span>
    </p>
   </div>
   <div class='ocr_carea' id='block_1_54' title="bbox 364 5055 3586 5141">
    <p class='ocr_par' dir='ltr' id='par_1_54' title="bbox 364 5055 3586 5141">
     <span class='ocr_line' id='line_1_54' title="bbox 364 5055 3586 5141; baseline -0.002 -21"><span class='ocrx_word' id='word_1_602' title='bbox 364 5063 520 5122; x_wconf 90' lang='lat' dir='ltr'><strong>Prior</strong></span> <span class='ocrx_word' id='word_1_603' title='bbox 545 5085 857 5124; x_wconf 91' lang='lat' dir='ltr'><strong>sermonum</strong></span> <span class='ocrx_word' id='word_1_604' title='bbox 891 5069 947 5124; x_wconf 92' lang='lat' dir='ltr'><strong>in</strong></span> <span class='ocrx_word' id='word_1_605' title='bbox 974 5077 1138 5141; x_wconf 90' lang='lat' dir='ltr'><strong>caput</strong></span> <span class='ocrx_word' id='word_1_606' title='bbox 1167 5087 1230 5124; x_wconf 90' lang='grc' dir='ltr'><strong>ιιι</strong></span> <span class='ocrx_word' id='word_1_607' title='bbox 1258 5077 1312 5125; x_wconf 91' lang='lat' dir='ltr'><strong>et</strong></span> <span class='ocrx_word' id='word_1_608' title='bbox 1340 5087 1396 5125; x_wconf 74' lang='grc' dir='ltr'>ιν</span> <span class='ocrx_word' id='word_1_609' title='bbox 1429 5070 1579 5126; x_wconf 74' lang='lat' dir='ltr'><strong>Jonae</strong></span> <span class='ocrx_word' id='word_1_610' title='bbox 1611 5085 1722 5124; x_wconf 91' lang='lat' dir='ltr'><strong>non</strong></span> <span class='ocrx_word' id='word_1_611' title='bbox 1749 5076 1832 5124; x_wconf 87' lang='lat' dir='ltr'><strong>est</strong></span> <span class='ocrx_word' id='word_1_612' title='bbox 1859 5063 2084 5121; x_wconf 86' lang='lat' dir='ltr'><strong>alterius</strong></span> <span class='ocrx_word' id='word_1_613' title='bbox 2114 5060 2222 5117; x_wconf 91' lang='lat' dir='ltr'><strong>nisi</strong></span> <span class='ocrx_word' id='word_1_614' title='bbox 2253 5057 2502 5126; x_wconf 87' lang='lat' dir='ltr'><strong>Maximi,</strong></span> <span class='ocrx_word' id='word_1_615' title='bbox 2525 5057 2616 5114; x_wconf 86' lang='lat' dir='ltr'><strong>cui</strong></span> <span class='ocrx_word' id='word_1_616' title='bbox 2637 5057 2906 5114; x_wconf 90' lang='lat' dir='ltr'><strong>editiones</strong></span> <span class='ocrx_word' id='word_1_617' title='bbox 2935 5055 3179 5129; x_wconf 89' lang='lat' dir='ltr'><strong>ejusdem</strong></span> <span class='ocrx_word' id='word_1_618' title='bbox 3203 5056 3402 5126; x_wconf 89' lang='lat' dir='ltr'><strong>Patris,</strong></span> <span class='ocrx_word' id='word_1_619' title='bbox 3439 5057 3586 5114; x_wconf 89' lang='lat' dir='ltr'><strong>sicut</strong></span> 
     </span>
    </p>
   </div>
   <div class='ocr_carea' id='block_1_55' title="bbox 301 5145 3590 5231">
    <p class='ocr_par' dir='ltr' id='par_1_55' title="bbox 301 5145 3590 5231">
     <span class='ocr_line' id='line_1_55' title="bbox 301 5145 3590 5231; baseline -0.001 -26"><span class='ocrx_word' id='word_1_620' title='bbox 301 5155 351 5205; x_wconf 88' lang='lat' dir='ltr'><strong>et</strong></span> <span class='ocrx_word' id='word_1_621' title='bbox 376 5150 714 5225; x_wconf 86' lang='lat' dir='ltr'><strong>Gennadius,</strong></span> <span class='ocrx_word' id='word_1_622' title='bbox 743 5155 899 5213; x_wconf 90' lang='lat' dir='ltr'><strong>illum</strong></span> <span class='ocrx_word' id='word_1_623' title='bbox 931 5165 1190 5214; x_wconf 88' lang='lat' dir='ltr'><strong>astruunt</strong></span> <span class='ocrx_word' id='word_1_624' title='bbox 1215 5175 1227 5213; x_wconf 83' lang='lat'>;</span> <span class='ocrx_word' id='word_1_625' title='bbox 1261 5158 1530 5231; x_wconf 90' lang='lat' dir='ltr'><strong>posterior</strong></span> <span class='ocrx_word' id='word_1_626' title='bbox 1557 5173 1690 5213; x_wconf 90' lang='lat' dir='ltr'><strong>vero</strong></span> <span class='ocrx_word' id='word_1_627' title='bbox 1720 5157 1778 5213; x_wconf 91' lang='lat' dir='ltr'><strong>in</strong></span> <span class='ocrx_word' id='word_1_628' title='bbox 1808 5157 1985 5214; x_wconf 80' lang='lat' dir='ltr'><strong>Musca</strong></span> <span class='ocrx_word' id='word_1_629' title='bbox 2019 5151 2206 5209; x_wconf 86' lang='lat' dir='ltr'><strong>Italico</strong></span> <span class='ocrx_word' id='word_1_630' title='bbox 2236 5149 2338 5206; x_wconf 89' lang='lat' dir='ltr'><strong>sub</strong></span> <span class='ocrx_word' id='word_1_631' title='bbox 2367 5146 2595 5202; x_wconf 85' lang='lat' dir='ltr'><strong>Maximi</strong></span> <span class='ocrx_word' id='word_1_632' title='bbox 2629 5145 2853 5223; x_wconf 73' lang='lat' dir='ltr'><strong>nomine</strong></span> <span class='ocrx_word' id='word_1_633' title='bbox 2873 5163 2904 5201; x_wconf 92' lang='lat' dir='ltr'><strong>a</strong></span> <span class='ocrx_word' id='word_1_634' title='bbox 2933 5145 3258 5201; x_wconf 84' lang='lat' dir='ltr'><strong>Mabillonio</strong></span> <span class='ocrx_word' id='word_1_635' title='bbox 3278 5145 3462 5203; x_wconf 90' lang='lat' dir='ltr'><strong>editus</strong></span> <span class='ocrx_word' id='word_1_636' title='bbox 3483 5145 3590 5202; x_wconf 91' lang='lat' dir='ltr'><strong>fuit</strong></span> 
     </span>
    </p>
   </div>
   <div class='ocr_carea' id='block_1_56' title="bbox 301 5233 3336 5322">
    <p class='ocr_par' dir='ltr' id='par_1_56' title="bbox 301 5233 3336 5322">
     <span class='ocr_line' id='line_1_56' title="bbox 301 5233 3336 5322; baseline -0.001 -28"><span class='ocrx_word' id='word_1_637' title='bbox 301 5237 452 5306; x_wconf 88' lang='lat' dir='ltr'><strong>Quod</strong></span> <span class='ocrx_word' id='word_1_638' title='bbox 482 5261 610 5302; x_wconf 90' lang='lat' dir='ltr'><strong>vero</strong></span> <span class='ocrx_word' id='word_1_639' title='bbox 640 5245 797 5302; x_wconf 92' lang='lat' dir='ltr'><strong>illum</strong></span> <span class='ocrx_word' id='word_1_640' title='bbox 819 5247 1064 5304; x_wconf 90' lang='lat' dir='ltr'><strong>nondum</strong></span> <span class='ocrx_word' id='word_1_641' title='bbox 1093 5249 1377 5322; x_wconf 88' lang='lat' dir='ltr'><strong>vulgatum</strong></span> <span class='ocrx_word' id='word_1_642' title='bbox 1409 5246 1777 5311; x_wconf 87' lang='lat' dir='ltr'><strong>existimavit,</strong></span> <span class='ocrx_word' id='word_1_643' title='bbox 1810 5241 2210 5316; x_wconf 89' lang='lat' dir='ltr'><strong>perturbationi</strong></span> <span class='ocrx_word' id='word_1_644' title='bbox 2240 5235 2503 5295; x_wconf 90' lang='lat' dir='ltr'><strong>editionis</strong></span> <span class='ocrx_word' id='word_1_645' title='bbox 2530 5237 2787 5292; x_wconf 73' lang='lat' dir='ltr'><strong>Romanae</strong></span> <span class='ocrx_word' id='word_1_646' title='bbox 2817 5233 3205 5322; x_wconf 84' lang='lat' dir='ltr'><strong>imputandum</strong></span> <span class='ocrx_word' id='word_1_647' title='bbox 3236 5244 3336 5292; x_wconf 89' lang='lat' dir='ltr'><strong>est.</strong></span> 
     </span>
    </p>
   </div>
   <div class='ocr_carea' id='block_1_57' title="bbox 370 5321 3593 5409">
    <p class='ocr_par' dir='ltr' id='par_1_57' title="bbox 370 5321 3593 5409">
     <span class='ocr_line' id='line_1_57' title="bbox 370 5321 3593 5409; baseline -0.002 -25"><span class='ocrx_word' id='word_1_648' title='bbox 370 5327 647 5390; x_wconf 88' lang='lat' dir='ltr'><strong>Postremo</strong></span> <span class='ocrx_word' id='word_1_649' title='bbox 682 5351 807 5392; x_wconf 93' lang='lat' dir='ltr'><strong>cum</strong></span> <span class='ocrx_word' id='word_1_650' title='bbox 839 5352 1019 5393; x_wconf 89' lang='lat' dir='ltr'><strong>sermo</strong></span> <span class='ocrx_word' id='word_1_651' title='bbox 1047 5337 1104 5392; x_wconf 92' lang='lat' dir='ltr'><strong>in</strong></span> <span class='ocrx_word' id='word_1_652' title='bbox 1133 5321 1298 5409; x_wconf 88' lang='lat' dir='ltr'><strong>caput</strong></span> <span class='ocrx_word' id='word_1_653' title='bbox 1323 5355 1339 5393; x_wconf 82' lang='lat'>1</span> <span class='ocrx_word' id='word_1_654' title='bbox 1366 5335 1647 5393; x_wconf 73' lang='lat' dir='ltr'><strong>Malacbize</strong></span> <span class='ocrx_word' id='word_1_655' title='bbox 1679 5332 1947 5388; x_wconf 91' lang='lat' dir='ltr'><strong>sermonis</strong></span> <span class='ocrx_word' id='word_1_656' title='bbox 1976 5331 2032 5385; x_wconf 90' lang='lat' dir='ltr'><strong>in</strong></span> <span class='ocrx_word' id='word_1_657' title='bbox 2053 5334 2217 5398; x_wconf 86' lang='lat' dir='ltr'><strong>caput</strong></span> <span class='ocrx_word' id='word_1_658' title='bbox 2256 5343 2334 5382; x_wconf 84' lang='lat' dir='ltr'><strong>vn</strong></span> <span class='ocrx_word' id='word_1_659' title='bbox 2356 5323 2478 5392; x_wconf 85' lang='lat' dir='ltr'><strong>Job,</strong></span> <span class='ocrx_word' id='word_1_660' title='bbox 2511 5339 2672 5396; x_wconf 92' lang='lat' dir='ltr'><strong>quem</strong></span> <span class='ocrx_word' id='word_1_661' title='bbox 2716 5321 2947 5379; x_wconf 84' lang='lat' dir='ltr'><strong>Maximi</strong></span> <span class='ocrx_word' id='word_1_662' title='bbox 2985 5339 3102 5380; x_wconf 88' lang='lat' dir='ltr'><strong>esse</strong></span> <span class='ocrx_word' id='word_1_663' title='bbox 3130 5331 3290 5380; x_wconf 88' lang='lat' dir='ltr'><strong>antea</strong></span> <span class='ocrx_word' id='word_1_664' title='bbox 3319 5323 3593 5396; x_wconf 87' lang='lat' dir='ltr'><strong>probavi-</strong></span> 
     </span>
    </p>
   </div>
   <div class='ocr_carea' id='block_1_58' title="bbox 306 5414 2695 5498">
    <p class='ocr_par' dir='ltr' id='par_1_58' title="bbox 306 5414 2695 5498">
     <span class='ocr_line' id='line_1_58' title="bbox 306 5414 2695 5498; baseline -0.005 -18"><span class='ocrx_word' id='word_1_665' title='bbox 306 5429 444 5488; x_wconf 74' lang='grc' dir='ltr'><strong>ῐΠῑιε,</strong></span> <span class='ocrx_word' id='word_1_666' title='bbox 475 5421 816 5483; x_wconf 86' lang='lat' dir='ltr'><strong>continuatio</strong></span> <span class='ocrx_word' id='word_1_667' title='bbox 845 5425 936 5492; x_wconf 85' lang='lat' dir='ltr'><strong>sit,</strong></span> <span class='ocrx_word' id='word_1_668' title='bbox 968 5424 1037 5482; x_wconf 89' lang='lat' dir='ltr'><strong>ad</strong></span> <span class='ocrx_word' id='word_1_669' title='bbox 1056 5424 1309 5482; x_wconf 89' lang='lat' dir='ltr'><strong>eumdem</strong></span> <span class='ocrx_word' id='word_1_670' title='bbox 1340 5439 1560 5498; x_wconf 88' lang='lat' dir='ltr'><strong>quoque</strong></span> <span class='ocrx_word' id='word_1_671' title='bbox 1586 5429 1865 5481; x_wconf 90' lang='lat' dir='ltr'><strong>auctorem</strong></span> <span class='ocrx_word' id='word_1_672' title='bbox 1896 5417 2167 5491; x_wconf 88' lang='lat' dir='ltr'><strong>pertinere</strong></span> <span class='ocrx_word' id='word_1_673' title='bbox 2196 5414 2550 5473; x_wconf 88' lang='lat' dir='ltr'><strong>manifestum</strong></span> <span class='ocrx_word' id='word_1_674' title='bbox 2592 5416 2695 5468; x_wconf 85' lang='lat' dir='ltr'><strong>est.</strong></span> 
     </span>
    </p>
   </div>
  </div>
