3864 6188
69 311 164 368 621

126 436 265 489 Ordo
293 437 451 501 antiq.
475 437 540 487 ed
567 436 746 488 Ambr.

125 622 237 674 Non
263 623 518 673 exstabat.

205 911 403 961 Sermo
438 918 681 958 XXXVIII.

126 988 204 1060 De
224 987 452 1049 Jejuniis
493 995 542 1034 et
574 984 812 1047 Quadra-

72 1063 288 1112 gemma.

129 1191 247 1242 Non
275 1206 332 1240 ex
344 1190 525 1241 stabat.

327 1472 552 1525 Tom.II.

135 1553 209 1603 De
241 1553 487 1617 mysterio
514 1552 735 1601 Pascha:
757 1549 822 1599 li-

81 1615 239 1665 bellus
264 1615 415 1665 uitus.

133 1696 247 1747 Non
286 1697 538 1747 exstabat.

285 2361 477 2414 Sermo
520 2370 597 2411 XI.

134 2443 203 2492 De
231 2442 585 2493 mirabilibus.

268 2712 454 2765 Ssnuo
499 2720 613 2760 XLI.

142 2792 209 2841 De
236 2793 401 2854 gratia
431 2787 701 2853 baptismi.

283 2999 474 3051 Saturo
521 3007 596 3048 Iv.

273 3077 349 3126 De
392 3079 623 3127 Camelo.

144 3139 263 3189 Dicit
281 3138 632 3200 inEvangelio
647 3139 816 3188 Domi-

90 3214 171 3250 nus
189 3202 237 3252 J.
273 3204 325 3254 C.
347 3218 359 3255 :
393 3206 564 3252 Amen
582 3202 814 3262 dico,etc.

224 3282 405 3333 διεκιιο
446 3292 649 3332 XXXIX.

90 3360 206 3468 “De
224 3360 428 3424 jejuniis
455 3370 513 3410 et
536 3362 819 3424 eleemosy-

122 3436 175 3468 Is.

122 3436 175 3472 18.

227 3568 411 3621 Ssnmo
464 3580 661 3620 LXXIX.

145 3646 213 3696 De
241 3662 298 3697 eo
323 3649 459 3711 quod
494 3647 620 3698 dicit
648 3647 820 3698 Domi-

98 3723 180 3775 nus
208 3712 252 3759 in
285 3710 612 3774 Evangelia:
640 3710 819 3775 Vulpes

100 3773 263 3835 foveas,
285 3787 385 3825 etc.

258 3920 442 3973 Ssnuo
474 3930 643 3970 LXXX.

151 3996 429 4062 Increpatio
485 3999 552 4048 ad
614 3996 814 4060 plebem

101 4057 151 4124 de
171 4074 235 4124 eo
276 4057 411 4124 quod
462 4057 728 4124 scriptum
743 4068 823 4107 est

103 4120 142 4186 in
158 4120 476 4186 ΔΕνειῐὶεειὶοζ
518 4120 617 4174 cui
642 4120 819 4183 habet,

101 4182 406 4245 daln'turfci,
433 4196 535 4234 etc.

232 4327 419 4380 Ssnno
440 4337 676 4379 LXXXIII.

153 4405 284 4474 Incrc
294 4410 432 4474 patio
456 4407 522 4456 ad
582 4408 825 4474 populum

104 4464 156 4515 de
181 4464 405 4519 absentia
438 4483 551 4519 sua.

234 4676 412 4730 Sermo
446 4688 674 4732 LXXXIV.

158 4751 265 4818 Post
290 4757 686 4818 increpationem
701 4771 823 4807 con-

110 4814 271 4866 solatio
293 4821 355 4868 ad
384 4814 646 4883 populum.

160 4955 265 5008 Non
296 4964 550 5015 exstabat.

309 5245 456 5299 Tom.
501 5249 590 5303 ιν.

167 5325 237 5378 De
247 5329 514 5385 Salomone
526 5334 659 5386 liber
675 5347 824 5385 unus.

170 5526 273 5582 Non
308 5538 560 5590 exstabat.

1060 312 1282 369 INDEX
1319 312 1706 370 SERMONUM
1743 311 2420 371 PRAETERMISSORUM.

1470 436 1610 489 Ordo
1646 437 1797 501 hujus
1836 410 1961 491 edit.

1323 535 1718 649 Eadeusilgirﬁn
1725 537 2060 647 ggaxgaillmaru
2069 612 2115 647 ω
2126 636 2138 649 .

1283 680 1355 729 De
1389 682 1575 730 sancta
1612 679 2028 742 Quadragesima
2045 680 2090 727 Χ
2099 680 2182 730 VI.

992 739 1154 806 Video
1180 754 1288 796 vos,
1311 742 1514 801 fratres,
1541 739 1691 791 hodie
1734 739 1995 803 attentius,
2021 755 2176 806 quam
2227 741 2427 804 soletis,
2461 743 2524 794 ad

928 802 1217 852 Ecclesium
1249 805 1569 865 convenisse,
1608 814 1656 852 et
1692 818 1859 859 nemo,
1892 813 1990 856 etc.

1483 883 1696 935 SERMO
1747 886 1977 937 XXXIII.

1238 966 1310 1015 De
1337 964 1561 1027 Jejuniis
1592 965 2014 1028 Quadragesimw
2059 965 2222 1017 XVII.

994 1025 1231 1093 ProPitia
1262 1025 1549 1093 divinitate,
1578 1025 1776 1093 fratres,
1809 1025 1947 1093 recce
1972 1030 2076 1090 jam
2120 1043 2251 1091 pene
2275 1029 2526 1093 transegi-

930 1102 979 1138 m
991 1103 1049 1138 us
1085 1088 1508 1152 Quadragesimaa
1530 1089 1719 1139 indicta
1749 1088 2089 1152 jejunia,'etc.

1483 1171 1697 1224 SERMO
1733 1170 1982 1225 'XXXIV.

1238 1251 1511 1302 Dominica
1542 1252 1957 1303 Resurrectiouis
1989 1253 2217 1305 Domini.

996 1315 1034 1362 A
1053 1313 1255 1379 edistis,
1285 1315 1487 1371 fratres,
1512 1315 1647 1377 quod
1674 1323 1863 1364 sanctas
1884 1314 2270 1379 mulier-tasquae
2287 1329 2402 1364 cum
2417 1329 2527 1365 aro-

931 1378 1164 1426 matibus
1186 1376 1252 1426 ad
1276 1376 1663 1426 monumentum
1688 1390 1895 1432 venere,
1916 1376 2237 1439 angelorum,
2270 1386 2369 1428 etc.

1493 1457 1705 1511 SERMO
1736 1460 1944 1510 XXXV.

1402 1538 1475 1588 De
1495 1538 1744 1600 mysterio
1777 1538 1992 1588 Pascha:
2025 1537 2088 1589 II.

994 1598 1221 1648 Pascha:
1237 1598 1627 1663 mysterium’de
1650 1599 1748 1648 ﬁde
1774 1603 2010 1649 omnibus
2052 1598 2400 1663 credentibus,
2423 1604 2523 1652 etc.

1494 1681 1706 1734 SERMO
1734 1683 1963 1735 XXXVI.

1364 1764 1429 1813 In
1461 1762 1543 1813 die
1566 1764 1745 1814 sancto
1772 1764 2107 1814 Pentecostes.

1000 1824 1189 1887 Magna
1211 1826 1519 1889 est,_fratres
1549 1827 1859 1884 charissimi,
1893 1826 2138 1889 hodierna
2166 1826 2437 1889 festivitas,
2466 1826 2517 1877 in

931 1901 1057 1950 qua,
1083 1886 1215 1936 sicut
1235 1886 1471 1949 audistis,
1493 1894 1804 1951 acceperunt
1822 1888 2059 1951 apostoli,
2083 1897 2181 1939 etc.

1236 2209 1328 2270 SE
1338 2210 1654 2271 RMONES
1697 2209 1800 2272 DE
1842 2210 2224 2278 DIVERSIS.

1480 2360 1695 2414 SERMO
1729 2365 1982 2417 XXXVII.

1494 2442 1563 2491 De
1608 2442 1947 2494 Hirabilibus.

999 2497 1668 2567 Quantorutn‘mirabilium
1717 2514 1955 2567 operator
1976 2505 2044 2553 sit
2090 2504 2344 2557 Dominus
2371 2507 2530 2560 Jesus

933 2557 1195 2673 ἓξὲξ,ιὲῗὲ
1221 2562 1518 2625 intelligere
1547 2557 1816 2628 possumus
1844 2581 1908 2615 ex
1950 2567 2046 2616 hac
2086 2557 2401 2631 Evangelica
2421 2557 2531 2623 lac:-

1078 2660 1091 2683 ’
1115 2660 1214 2677 νιν,

1455 2708 1666 2761 SERMO
1730 2712 2004 2765 XXXVIII.

1438 2788 1511 2852 De
1537 2789 1726 2852 gratia,
1747 2790 2009 2852 baptismi.

994 2845 1125 2916 Quia
1156 2855 1373 2906 constat,
1403 2845 1676 2916 sicut'ante
1700 2845 2089 2914 dies-prosecuti
2120 2867 2315 2916 sumus,
2343 2856 2527 2908 Jesum

929 2907 1192 2959 Christum
1232 2924 1330 2960 non
1360 2913 1438 2961 sui
1461 2927 1616 2961 causa
1638 2907 1969 2976 baptizatum,
1996 2924 2093 2970 etc.

1489 2995 1702 3047 SERMO
1724 2998 1954 3049 XXXIX.

1562 3076 1633 3125 De
1668 3075 1895 3127 Camelo.

991 3132 1291 3200 Mammona
1315 3136 1457 3200 guod
1486 3138 1623 3199 apud
1648 3136 1899 3186 Hebraeos
1929 3137 2080 3200 hujus
2123 3140 2300 3191 saculi
2331 3141 2525 3193 divitia

928 3197 1274 3260 appellantur.
1309 3197 1657 3248 Dicitur‘vero
1686 3197 2008 3259 mammona,
2035 3210 2133 3256 etc.

1545 3284 1757 3337 SERMO
1784 3286 1888 3336 XL.

1302 3364 1376 3415 De
1432 3362 1654 3426 jejuniis
1710 3366 1758 3414 et
1808 3364 2157 3427 elemosynis.

996 3422 1115 3474 Non
1143 3424 1337 3483 dubito,
1392 3422 1590 3492 fratres,
1637 3428 1927 3492 contristari
1971 3422 2079 3488 vos,
2122 3428 2525 3492 quotiescunque

929 3485 1205 3537 absentem
1234 3503 1314 3537 me
1335 3504 1362 3537 a
1395 3487 1543 3539 vobis
1576 3488 1873 3548 necessitas,
1899 3495 1995 3542 etc.

1545 3567 1755 3620 SERMO
1783 3569 1908 3620 XLI.

929 3645 1002 3697 De
1029 3659 1086 3697 eo
1117 3648 1259 3711 quod
1287 3646 1414 3699 dicit
1433 3648 1767 3759 Βωπξνέἲιὲ
1790 3649 2093 3759 ξῖαηθειίο.
2127 3648 2325 3712 Vulpes
2351 3650 2524 3700 foveas

1647 3728 1660 3757 )
1757 3747 1770 3759 .
1882 3750 1894 3759 .

1647 3728 1770 3769 Ient,
1798 3728 1894 3763 etc.

932 3831 948 3881 1
989 3770 1048 3882 Si
1075 3772 1353 3884 diligenter
1377 3773 1598 3824 advertit
1623 3784 1793 3822 vestra
1816 3773 2041 3837 dilectio,
2072 3776 2272 3838 fratres,
2315 3777 2522 3839 capitu-

955 3847 982 3882 u
1043 3872 1056 3884 .
1080 3850 1106 3884 e
1133 3851 1176 3884 c.

955 3847 1056 3896 um,
1080 3847 1176 3888 etc.

1524 3916 1739 3969 SERMO
1788 3918 1940 3968 XLII.

930 3998 1224 4062 Increpatio
1248 3996 1318 4048 ad
1333 3996 1535 4062 plebem
1559 3994 1628 4062 (is,
1643 4008 1699 4046 eo
1724 3996 1863 4062 quod
1877 3996 2131 4062 scriptum
2158 3999 2233 4047 est
2252 3996 2308 4046 in
2340 3997 2522 4062 Euan-

993 4059 1122 4128 gelio
1146 4075 1164 4112 .'
1186 4061 1284 4128 Qui
1328 4060 1522 4128 habet,
1550 4059 1756 4107 dabitur
1802 4059 1883 4117 ei;
1911 4061 1961 4109 et
1992 4059 2323 4108 Cantavimus
2352 4060 2520 4118 vobis,

935 4122 1105 4176 et'non
1142 4122 1390 4172 saltastis.

998 4189 1316 4249 Frequenter
1338 4182 1634 4249 studueram
1659 4181 1903 4249 apud‘me
1930 4183 2117 4249 ipsum,
2159 4184 2354 4249 fratres,
2403 4183 2523 4233 sub-

939 4243 1141 4300 trahere
1174 4248 1322 4295 vobis
1348 4245 1622 4295 dominicae
1644 4243 2024 4307 prIedicationis
2047 4246 2266 4309 eloquia,
2299 4255 2395 4298 etc.

1521 4324 1731 4377 SERMO
1761 4327 1936 4377 XLIII.

938 4406 1236 4470 Inc-repotia
1252 4406 1323 4456 ad
1343 4405 1596 4467 populum
1628 4405 1768 4470 quod
1788 4405 2073 4456 Ecclesium
2091 4414 2198 4456 non
2215 4404 2523 4470 frequentet.

1007 4469 1277 4528 Deberem,
1314 4473 1528 4532 tratres,
1568 4479 1679 4529 post
1710 4469 1804 4516 bos
1848 4470 2137 4530 complures
2166 4472 2278 4532 dies
2330 4469 2524 4532 aliquid

936 4533 1150 4649 (tiberius
1186 4531 1481 4594 praedicare,
1504 4538 1555 4578 et
1582 4538 1843 4579 revertens
1865 4546 1892 4578 a
1924 4538 2063 4579 tanto
2088 4530 2324 4579 examine
2353 4530 2523 4581 sacer-

974 4605 1134 4649 otum,
1158 4604 1255 4646 etc.

1115 4634 1134 4658 ,
1160 4634 1255 4646 ν-ν.

1526 4676 1739 4729 SERMO
1759 4678 1930 4729 XLIV.

1112 4760 1240 4811 Post
1273 4758 1682 4819 increpationem
1733 4757 1936 4807 altectio
1970 4757 2040 4806 ad
2063 4756 2338 4817 populum.

996 4824 1238 4873 Amarior
1269 4812 1481 4869 fortasse
1519 4821 1669 4867 fuerit
1692 4819 1973 4880 increpatio
2018 4812 2149 4865 urea—
2175 4812 2530 4878 superioribus

938 4884 1409 4952 pradicationibus,
1435 4884 1569 4946 quod
1595 4882 1882 4942 plerosque,
1914 4888 2010 4931 etc.

1530 4958 1742 5012 SERMO
1773 4960 1924 5011 XLV.

1337 5045 1409 5094 De
1432 5042 1609 5104 primo
1639 5042 1689 5090 et
1708 5038 1930 5104 secundo
1954 5038 2154 5104 Adam._
2328 5100 2336 5104 Α
2408 5091 2418 5100 ,

1003 5108 1215 5166 Audite,
1233 5106 1416 5156 fratres
1432 5099 1746 5159 charissimi,
1782 5102 1932 5164 quale
1953 5110 2031 5149 est
2053 5099 2186 5160 legis
2209 5099 2532 5157 mysterium.

940 5172 1150 5223 Primus
1174 5172 1348 5234 homo,
1372 5177 1470 5219 etc.

1528 5245 1742 5301 SERMO
1766 5246 1941 5298 XLVI.

1525 5329 1596 5380 De
1654 5325 1943 5378 Salomone.

1004 5396 1198 5447 Mirum
1231 5391 1358 5442 satis
1377 5399 1473 5455 est,
1492 5376 1815 5440 dilectissimi
1839 5389 2037 5449 fratres,
2063 5380 2201 5449 quod
2233 5380 2287 5431 in
2325 5376 2423 5426 hoc
2444 5388 2537 5425 ca-

942 5460 1124 5524 pitulo.

1544 5528 1755 5583 SERMO
1777 5531 1973 5585 XLVII.

940 5618 1317 5682 Fragmentum
1340 5610 1701 5682 enat-rationis
1720 5608 1777 5682 iit
1797 5621 1921 5682 cup.
1939 5608 2086 5682 XXX
2110 5599 2539 5682 Provcrhiofum.

1011 5667 1440 5730 fuiteadventum
1464 5670 1654 5723 Christi
1670 5667 1952 5721 Salvatoris
1977 5674 2135 5721 nostri
2152 5667 2542 5732 prophctw,etc.

3277 317 3383 376 622

2630 438 2774 490 Ordo
2842 437 2927 489 ed.
2999 437 3152 490 Rom.
3200 438 3378 493 Ambr.

2815 539 3005 591 SssMo
3046 549 3195 591 XLVI.

2704 616 2900 667 Eadem
2929 618 3221 669 Dominica.

2704 896 2860 949 Tom.
2898 897 2940 955 Ι,
2978 913 3093 960 pag.
3128 904 3233 952 M7.

2909 979 3111 1030 εωο.

2703 1057 2781 1107 De
2816 1056 3026 1119 Jejunio
3050 1057 3201 1111 Elite.

2856 1180 3042 1235 δεῖ).Μο
3063 1192 3177 1232 LIv.

2704 1256 2977 1309 Dominica
3023 1258 3388 1312 Resurrectio-

2639 1321 2723 1369 nis
2759 1320 2985 1374 Domini.

2733 1462 2883 1517 Tom.
2911 1465 3007 1525 IV,
3043 1480 3163 1531 pag.
3187 1467 3295 1518 301.

2705 1543 2784 1607 De
2821 1545 3069 1607 mysterio
3091 1546 3311 1596 Pascha:
3336 1546 3393 1596 li-

2643 1606 2815 1656 bellus
2837 1606 2986 1660 unus.

2860 1694 3046 1746 SERMO
3068 1705 3183 1746 LIX.

2641 1840 2658 1883 ι
2705 1771 2762 1820 Iu
2797 1769 2880 1821 die
2912 1780 3095 1823 sancto
3118 1771 3392 1822 Pentecos—

2660 1846 2735 1883 es.

2660 1846 2735 1886 88.

2852 2365 3044 2418 διειΜο
3068 2375 3178 2418 LXI.

2702 2439 2910 2493 Domin.
2965 2457 2997 2491 v
3036 2452 3163 2506 post
3206 2444 3392 2497 Pente-

2639 2511 2834 2553 costen.

2836 2708 3025 2760 SERMO
3048 2720 3202 2762 LXIII.

2707 2783 2981 2835 Dominica
3014 2788 3063 2836 vi
3097 2796 3216 2850 post
3262 2789 3390 2839 Pen-

2644 2855 2867 2897 tecosten
2878 2888 2889 2899 .

2846 2994 3033 3045 SERMO
3060 3006 3185 3046 va.

2706 3068 2981 3121 Dominica
3004 3086 3097 3122 Xtv
3122 3081 3237 3137 post
3260 3074 3391 3123 Pen-

2647 3140 2784 3182 tecos
2790 3140 2870 3181 ten
2879 3173 2891 3185 .

2831 3279 3019 3330 SERMO
3044 3288 3216 3329 LXVII.

2710 3354 2982 3405 Dominica
3053 3370 3186 3408 XXIII
3274 3363 3387 3418 post

2644 3417 3006 3471 Pentecosteu.

2864 3561 3050 3613 SERMO
3088 3570 3169 3612 III.

2706 3641 2764 3691 In
2814 3644 2943 3692 festo
2986 3646 3148 3693 sancti
3208 3642 3389 3694 Basilii

2641 3708 2803 3768 episc.
2844 3715 2894 3755 et
2919 3708 3139 3760 confess.

2829 3910 3023 3964 Sermo
3064 3923 3197 3964 XXV.

2707 3989 2813 4040 Pro
2856 4005 3020 4040 comm
3032 3993 3115 4041 uni
3151 3990 3256 4040 Con
3267 3992 3385 4045 less.

2646 4065 2747 4100 non
2769 4052 3061 4105 Pontificis.

2886 4326 3071 4379 SERMO
3092 4337 3146 4379 v.

2706 4408 2963 4472 Populum
3000 4408 3136 4471 quod
3160 4422 3257 4458 non
3290 4409 3387 4472 frc-

2643 4470 2858 4545 quentct
2892 4470 3199 4533 Ecclesium,
3226 4470 3392 4519 redar-

2644 4543 2773 4597 guit.

2866 4679 3053 4729 SERMO
3094 4686 3173 4726 vr.

2711 4755 3029 4803 Consolatur
3061 4750 3395 4812 populumne

2651 4815 2775 4881 quia
2811 4815 2957 4885 illum
2984 4811 3180 4874 saepius
3221 4811 3394 4873 objur-

2654 4886 2874 4940 gaverit,
2902 4885 3000 4925 etc.

2713 4954 2832 5005 Non
2901 4953 3118 5005 xstabat.

2690 5292 2693 5297 ,
2754 5238 2904 5289 Tom.
2927 5237 2997 5295 II,
3025 5252 3139 5301 pag.
3167 5240 3301 5288 1090.

2723 5327 2802 5376 De
2822 5323 3095 5376 Salomone
3109 5324 3239 5374 liber
3257 5336 3405 5376 unus.

2756 5519 2907 5570 Tom.
2938 5519 3010 5579 II,
3032 5535 3151 5585 pag.
3177 5517 3315 5568 1094.

2728 5602 3009 5651 Enarratio
3059 5603 3111 5650 in
3159 5611 3252 5660 cap
3309 5607 3412 5644 xxx

2666 5661 3094 5717 Proverbiorum.
