3864 6188
478 320 584 378 623

479 551 621 607 Ordo
666 546 828 610 antiq.
889 542 972 596 ed.
1034 541 1219 592 Ambr.

544 778 660 828 Non
692 772 938 824 exstabat.

660 1065 846 1116 Sermo
868 1073 1034 1113 Lxxv.

539 1148 599 1197 In
652 1144 806 1194 natali
871 1142 967 1195 SS.
1035 1142 1223 1206 Canlii,

477 1208 731 1268 Cantiani,
756 1215 854 1259 etc.

651 1292 836 1343 SERMO
883 1300 1037 1341 LXIII.

537 1373 613 1422 De
665 1368 823 1419 natali
875 1366 929 1418 S.
1008 1366 1224 1419 Joannis

475 1434 748 1499 Baptistae.

663 1585 851 1637 Snmro
880 1594 1036 1647 ,inv.

539 1668 669 1719 Item
690 1665 755 1715 de
782 1663 983 1719 eodem.

658 1876 844 1929 SERMO
902 1885 1027 1926 va.

536 1956 669 2007 Item
680 1955 744 2006 de
759 1955 1220 2021 JoanneBaptista.

654 2149 843 2200 SEMO
867 2156 1038 2199 LXVII.

534 2230 613 2281 De
630 2228 784 2279 natali
804 2234 1224 2290 sanctorumapo-

472 2294 719 2343 stolorum
776 2291 916 2340 Petri
960 2297 1012 2338 et
1051 2289 1216 2341 Pauli.

703 2437 888 2490 Summ
923 2444 1000 2486 vr.

533 2517 611 2568 De
634 2515 932 2578 Margarita.

654 2785 841 2838 Serum
863 2794 1018 2833 xcm.

533 2864 591 2913 In
624 2863 779 2911 natali
807 2863 902 2911 SS.
937 2868 1220 2922 martyrum

470 2926 672 2976 Nazarii
702 2932 754 2971 et
782 2923 939 2971 Celsi.

656 3067 844 3119 Sannio
876 3073 1026 3115 thx.

404 3183 407 3186 ν
531 3151 607 3200 De
679 3147 835 3196 natali
880 3145 935 3197 S.
987 3140 1221 3194 Eusebii

467 3211 688 3266 Vercell.
721 3209 883 3273 episc.

655 3365 841 3417 SERMO
886 3372 1017 3413 Lxx.

468 3444 607 3558 ane
628 3439 948 3504 depositione
966 3438 1020 3488 S.
1053 3417 1220 3486 Euse:

506 3521 562 3558 ll.

632 3646 818 3699 διωίο
854 3651 1050 3692 Lxxm.

530 3727 607 3777 Dc
633 3732 810 3775 sancto
837 3720 1113 3784 Cypriano.

644 3934 829 3986 SERMO
853 3940 1042 3981 LxxVI.

532 4017 609 4068 De
691 4016 846 4065 natali
918 4021 1210 4064 sanctorum

471 4088 770 4142 martyrum.

532 4224 649 4275 Non
679 4222 929 4275 exstabat.

633 4513 817 4565 διπηικο
844 4520 1039 4562 LXXIV.

535 4595 608 4646 Dc
638 4594 791 4644 natali
812 4600 1087 4655 martyrum
1103 4627 1117 4642 .

589 4801 774 4853 Sermo
817 4810 1087 4851 Lxxxvm.

532 4877 610 4929 De
635 4879 817 4928 bellico
841 4879 1077 4946 tumultu.

610 5086 795 5137 SERMO
830 5095 1058 5136 LXXXIX.

536 5164 610 5216 Dc
627 5165 947 5216 dedicatione
965 5167 1208 5217 basilicae.

1511 319 1608 376 AD
1646 318 1879 378 OPEBA
1916 317 1972 374 S.
2011 317 2344 376 AMBROSII
2380 315 2760 375 APPENDIX.

1893 542 2035 594 Ordo
2081 545 2234 608 hujus
2258 542 2379 594 edit.

1655 662 2064 723 SERMONES
2101 664 2204 723 DE
2247 662 2603 724 SANCTIS.

1891 769 2102 822 SERMO
2151 772 2374 823 XLVIII.

1460 850 1520 898 In
1543 849 1672 910 festo
1723 853 1925 913 sancte
1950 850 2157 913 Agnetis
2184 850 2405 912 virginis
2429 852 2478 900 et
2521 848 2799 913 martyris.

1560 915 1607 960 in
1648 922 1748 961 toto
1776 911 1963 961 mundo
1997 910 2376 974 virgineus'ﬂos
2409 912 2593 961 Maria:
2622 922 2921 960 immarces-

1333 989 1378 1022 Cl
1421 990 1432 1021 l
1460 989 1531 1023 es.
1560 984 1654 1023 etc.

1518 1012 1531 1036 ,
1561 1012 1654 1026 μιν.

1921 1035 2134 1108 SERMb
2164 1059 2338 1109 XLIX.

1611 1138 1671 1185 In
1691 1138 1858 1187 natali
1894 1138 1981 1190 SS.
2012 1139 2205 1198 Cantii,
2237 1138 2506 1199 Cantiani,
2542 1145 2637 1186 etc.
2860 1176 2863 1177 ν

1333 1196 1497 1247 Hodie
1522 1197 1930 1250 beatissimorum
1950 1196 2379 1260 Caniii,(}aniiani
2403 1210 2453 1248 et
2475 1196 2917 1259 Cantianillaa,etc.

1988 1284 2199 1336 SERMO
2233 1286 2289 1335 L.

1544 1366 1607 1416 In
1646 1365 1831 1419 Natali
1877 1367 2044 1417 sancti
2103 1367 2325 1417 Joannis
2382 1365 2628 1426 Baptista
2663 1366 2708 1416 Ι.

1393 1426 1450 1475 In
1496 1431 1657 1476 sancti
1710 1443 1769 1476 ac
1806 1430 2087 1478 beatissimi
2117 1431 2338 1479 Joannis
2363 1428 2613 1490 Baptista:
2656 1426 2916 1488 laudibus,

1328 1490 1475 1553 cujus
1502 1492 1728 1540 natalem
1755 1491 1905 1540 hodie
1930 1492 2270 1552 celebramus,
2293 1502 2394 1540 etc.

1328 1655 1399 1706 De
1444 1656 1807 1719 praerogativa
1850 1574 2289 1719 ejnscslfnlihignlclti
2310 1654 2531 1719 Joannis
2568 1653 2821 1716 Baptista
2852 1652 2923 1705 ΙΙ.

1394 1716 1567 1832 sanlcti
1597 1720 1815 1770 Joannis
1860 1716 2107 1782 Baptista
2163 1718 2382 1766 natalem
2427 1716 2577 1766 hodie
2617 1725 2921 1780 prosecutu-

1334 1802 1439 1852 rus,
1461 1798 1489 1832 ε
1515 1798 1560 1837 ο.

1945 1862 2158 1916 SERMO
2210 1863 2313 1913 LII.

1456 1952 1528 2002 De
1554 1948 1664 1999 vita
1706 1944 1955 2009 ejusdem
1984 1942 2153 2009 sancti
2174 1942 2394 1993 Joannis
2426 1942 2667 2009 Baptista
2702 1942 2799 2009 III.

1394 2014 1631 2064 Diximus
1656 2005 1909 2071 superiori
1938 2007 2224 2071 Dominica.
2255 2019 2370 2053 cum
2403 2006 2596 2071 silentii
2627 2005 2789 2054 nostri
2830 2017 2926 2053 ve-

1336 2079 1472 2128 niam
1506 2068 1797 2139 peteremus
1818 2068 1957 2136 quod
1984 2082 2074 2131 pro
2097 2068 2261 2117 salute
2289 2068 2566 2126 communi,
2600 2077 2698 2119 etc.

1942 2150 2153 2205 SERMO
2180 2152 2306 2202 LIII.

1487 2240 1551 2290 In
1593 2236 1763 2288 natali
1786 2235 1872 2287 SS.
1902 2233 2272 2295 Apostolorum
2296 2231 2441 2295 Petri
2466 2229 2699 2295 et‘Panli
2729 2230 2771 2281 Ι.

1399 2299 1856 2352 Natalembeatissi
1917 2291 2115 2344 morum
2148 2294 2494 2355 apostolorum
2523 2293 2664 2342 Petri
2689 2300 2739 2342 et
2773 2291 2925 2342 Pauli

1337 2364 1487 2415 hodie
1512 2363 1850 2421 celebrantes,
1882 2357 2102 2408 diversis
2130 2357 2315 2419 epulis,
2347 2364 2445 2409 etc.

1956 2438 2168 2495 SERMO
2194 2441 2320 2492 LIV.

1329 2530 1402 2583 De
1423 2530 1651 2595 neglecta
1675 2523 1999 2579 solemnitate
2014 2523 2295 2635 βέιξιιῧνῆφ
2322 2518 2685 2582 apostolorum
2710 2517 2855 2570 Petri
2882 2519 2932 2569 et

1395 2656 1534 2706 Satis
1561 2654 1625 2703 ad
1648 2651 2021 2713 correptionem
2057 2655 2276 2695 vestram
2302 2644 2521 2695 arbitror
2551 2657 2701 2709 posse
2723 2643 2927 2693 sufﬁce-

1334 2733 1408 2784 re,
1440 2719 1623 2768 fratres
1644 2710 1839 2773 dilecti,
1862 2710 2018 2776 quod,
2042 2717 2138 2759 etc.

1952 2790 2164 2845 SERMO
2213 2792 2319 2843 LV.

1549 2877 1613 2926 In
1633 2875 1763 2939 festo
1788 2874 1880 2939 SS.
1899 2872 2125 2927 Nazarii
2156 2873 2209 2939 et
2233 2871 2371 2923 Celsi
2390 2871 2711 2939 martyrem.

1395 2934 1967 3007 Etiamsi'martyribus
2017 2938 2243 3007 regionis
2297 2942 2555 3007 extraneas
2583 2934 2664 2995 pia
2686 2938 2923 2980 votorum

1333 3000 1507 3050 debita
1540 2997 1892 3060 redderemus,
1929 2998 2148 3060 propriis
2181 2997 2465 3049 consulere.
2501 3004 2598 3048 etc.

1954 3078 2167 3130 SERMO
2201 3078 2329 3131 LVI.

1545 3160 1767 3224 In‘festo
1791 3159 1958 3213 sancti
1984 3157 2492 3224 Eysebiimartyris,
2519 3163 2635 3224 etc.,
2653 3157 2711 3224 _‘I_.

1396 3226 1479 3276 Ad
1535 3216 1696 3273 sancti
1745 3225 1980 3285 martyris
2027 3220 2237 3285 Eusebii
2264 3216 2705 3285 laudem—aliquid
2727 3216 2922 3267 addere

1332 3290 1481 3351 velle,
1511 3288 1788 3352 decerpere
1814 3282 1908 3335 est.
1942 3285 2068 3333 Tam
2103 3283 2442 3332 ineﬂ'abilium
2463 3282 2623 3339 enim,
2654 3290 2753 3335 etc.

1921 3365 2133 3420 SERMO
2182 3368 2331 3418 LVII.

1658 3451 1723 3501 In
1770 3449 1853 3500 die
1899 3446 2234 3510 depositionis
2262 3444 2588 3510 ejusdemle.

1391 3513 1775 3576 Depositionem
1810 3511 1864 3561 S.
1897 3505 2104 3558 Edsebii
2135 3505 2372 3571 martyris
2401 3505 2550 3557 hodie
2569 3505 2916 3568 celebramus,

1331 3584 1428 3626 etc.

1919 3651 2130 3705 SERMO
2159 3653 2330 3705 LVIII.

1451 3732 1647 3783 Eadem
1671 3731 1753 3783 die
1802 3730 1859 3782 in
1881 3731 2014 3844 gesto
2036 3732 2204 3783 sancti
2247 3732 2504 3795 Cypriani
2519 3730 2792 3796 martyris.

1451 3804 1525 3843 nte
1560 3795 1671 3843 dies
1717 3808 1833 3843 cum
1916 3795 2162 3843 eatissimi
2219 3798 2456 3844 martvris
2490 3794 2731 3844 Cvoriani
2774 3808 2792 3843 ε

1331 3857 1361 3907 b
1393 3796 1525 3844 Ante
1560 3795 1671 3843 dies
1717 3808 1833 3843 cum
1881 3793 2162 3844 beatissimi
2219 3793 2456 3857 martyris
2490 3793 2731 3857 Cypriani
2774 3793 2912 3844 cele-

1368 3871 1617 3919 raremus,
1654 3865 1753 3906 etc.

1946 3938 2158 3991 SERMO
2174 3941 2302 3992 LIX.

1639 4022 1746 4071 Pro
1812 4019 2071 4070 communi
2114 4019 2275 4070 unius
2327 4018 2602 4082 martyris.

1391 4082 1444 4133 Si
1493 4092 1740 4145 quantum
1787 4096 1997 4132 necesse
2041 4090 2119 4130 est
2154 4082 2344 4141 dicere,
2382 4091 2434 4130 et
2464 4094 2557 4131 vos
2601 4082 2802 4144 oportet
2826 4094 2915 4129 au-

1327 4146 1459 4208 dire,
1496 4154 1595 4198 etc.

1974 4223 2185 4279 SERMO
2216 4226 2321 4277 LX.

1318 4309 1389 4358 1n
1430 4308 1601 4358 natali
1658 4307 1823 4357 unius
1881 4305 2158 4369 martyris,
2211 4315 2319 4354 sive
2365 4303 2554 4355 Domni
2576 4368 2581 4369 ί
2603 4299 2914 4369 Domiciani,

1329 4432 1339 4442 _
1387 4369 1522 4443 Dum
1569 4370 1889 4419 celebramus
1931 4365 2095 4423 hodie,
2143 4365 2331 4416 't'ratres
2369 4366 2680 4426 charissimi,
2716 4365 2913 4415 mortui

1320 4442 1585 4495 Justi,etc.

1939 4511 2151 4563 SERMO
2183 4510 2313 4561 LXI.

1754 4595 1862 4644 Pro
1888 4591 2148 4643 communi
2172 4592 2490 4653 martyrum.

1392 4657 1612 4719 Dignum
1637 4662 1688 4703 et
1737 4669 2019 4718 congruum
2062 4662 2158 4709 est.
2206 4651 2404 4712 fratres,
2432 4659 2485 4700 ut
2523 4658 2637 4713 post
2665 4651 2898 4704 ltetitiam

1328 4719 1557 4778 Paschaa,
1581 4720 1678 4770 etc.

1913 4795 2125 4850 SERMO
2168 4797 2318 4847 LXII.

1533 4881 1640 4930 Pro
1686 4878 1947 4929 communi
1990 4877 2352 4940 plurimorum
2379 4876 2702 4938 martyrum.

1386 4941 1559 4992 Movet
1593 4943 1807 4990 fortasse
1843 4954 1949 4996 vos,
1984 4939 2181 4995 tratres,
2211 4939 2346 5001 quod
2380 4942 2627 4989 tumultus
2651 4940 2901 4991 bellorum

1324 5013 1374 5054 et
1396 5005 1713 5053 incursiones
1741 5002 2034 5067 prenliorum
2061 5002 2188 5058 fieri,
2220 5011 2318 5050 etc.

1913 5083 2124 5137 SERMO
2150 5086 2323 5136 LXIII.

1319 5167 1391 5218 De
1404 5179 1553 5218 servo
1577 5164 1896 5217 centurionis
1918 5165 1974 5215 in
1999 5166 2304 5278 Evlangelio,
2328 5165 2386 5216 in
2415 5166 2736 5219 dedicatione
2755 5167 2904 5221 Basi-

2088 5240 2194 5278 acre.

1382 5291 1626 5355 Legimus
1651 5292 1697 5339 in
1730 5296 1909 5357 sancto
1934 5240 2355 5357 EvangceciiomItD
2378 5295 2696 5345 centurionis
2726 5293 2912 5357 cujus--

1316 5352 1432 5402 dam
1450 5351 1637 5401 servus
1660 5355 1799 5415 gravi
1830 5351 2077 5414 paralysis
2105 5353 2430 5417 aegritudine,
2459 5359 2558 5405 etc.

1952 5542 2266 5595 -οῲοι-

3695 313 3788 371 8Ἁ

3507 441 3782 456 ἡ

3036 536 3176 590 0rdo
3246 538 3328 591 ed.
3402 538 3563 593 Rom.
3617 543 3784 595 Ambr.

3099 764 3216 815 Non
3250 764 3512 819 exstabat.

3263 1060 3455 1111 Sannio
3498 1073 3578 1111 Iv.

3063 1200 3074 1211 ο
3100 1136 3161 1209 In
3210 1137 3335 1211 festo
3361 1135 3456 1189 SS.
3482 1141 3778 1206 Cantii,Can'

3040 1207 3182 1261 tiani,
3219 1208 3320 1250 etc.

3266 1283 3458 1335 Saluio
3480 1296 3582 1336 vn.

3102 1358 3160 1409 In
3198 1362 3328 1412 t‘esto
3383 1368 3554 1416 sancti
3578 1367 3778 1419 Joannis

3038 1422 3303 1488 Baptistae.

3250 1569 3320 1622 Ss
3335 1581 3459 1623 iuro
3487 1585 3607 1626 VIII.

3102 1652 3178 1704 De
3222 1656 3562 1720 prerogativa
3647 1659 3770 1723 ejus-

3039 1714 3175 1775 dem,
3198 1714 3301 1768 etc.

3257 1863 3444 1915 SERMO
3494 1875 3571 1915 Ix.

3102 1940 3180 1992 De
3231 1940 3353 1992 Vita
3387 1943 3639 2006 ejusdem,
3684 1955 3765 1999 etc.

3276 2148 3462 2201 Samio
3486 2160 3544 2200 x.

3098 2224 3156 2275 In
3174 2227 3325 2294 _festo
3386 2229 3480 2294 SS.
3529 2233 3765 2294 apostolo-

3036 2301 3148 2339 rum
3173 2289 3311 2342 Petri
3339 2299 3390 2342 et
3424 2289 3598 2345 Pauli.

3286 2440 3476 2493 Ssano
3500 2450 3540 2490 ι.

3072 2519 3163 2592 ⁸111.
3199 2520 3326 2592 (esto
3380 2528 3571 2592 sancta:
3616 2518 3770 2569 Lucis:

3034 2590 3251 2645 virginis
3274 2591 3327 2631 et
3353 2590 3612 2645 martyris.

3250 2798 3435 2851 SERHO
3466 2811 3583 2851 xiv.

3094 2877 3150 2927 In
3189 2877 3321 2925 festo
3358 2877 3450 2929 SS.
3506 2878 3702 2929 Nazarii
3725 2888 3767 2927 et

3035 2936 3170 2988 Celsi
3222 2948 3522 3004 martyrum.

3252 3089 3436 3142 Sumo
3490 3104 3586 3143 xv.

3092 3169 3156 3243 In,
3185 3170 3313 3243 testo
3372 3177 3532 3224 sancti
3572 3174 3767 3228 Eusebii

3031 3239 3285 3296 martyris,
3316 3243 3418 3284 etc.

3219 3377 3416 3429 Saturo
3461 3391 3576 3433 xvr.

3030 3454 3151 3568 defit:
3195 3454 3279 3505 die
3300 3454 3632 3521 depositionis
3649 3478 3765 3528 ejus

3227 3672 3413 3725 Saturo
3435 3683 3542 3724 x11

3091 3747 3155 3824 In
3228 3751 3369 3824 festo
3422 3751 3476 3804 S.
3542 3752 3758 3817 Cypriani

3029 3819 3290 3876 martyris,
3318 3821 3421 3863 etc.

3211 3961 3397 4015 SERMO
3416 3974 3585 4015 xxm.

3091 4041 3236 4116 Pro_
3284 4047 3546 4095 communi
3631 4042 3760 4093 unius

3026 4112 3267 4170 martyris
3302 4121 3393 4171 per
3416 4122 3621 4160 annum.

3087 4247 3209 4301 Non
3237 4250 3499 4301 exstabat.

3213 4502 3401 4555 δεξιΜο
3446 4512 3587 4555 xxii.

3090 4580 3192 4631 Pro
3210 4583 3469 4631 communi
3500 4582 3755 4643 martyrum

3029 4652 3256 4708 tempore
3276 4644 3509 4694 Pasehie.

3201 4795 3388 4848 εει).Μο
3434 4801 3592 4845 xxiv.

3086 4877 3190 4928 Pro
3243 4876 3505 4926 communi
3544 4872 3756 4940 plurimo-

3024 4954 3138 4990 rum
3171 4948 3476 5004 martyrum.

3208 5084 3395 5139 Ssmro
3418 5094 3569 5137 xxvi.

3084 5165 3141 5217 In
3206 5166 3341 5215 festo
3436 5158 3748 5214 dedicationis

3022 5228 3288 5280 Ecclesia.
