3864 6188
478 268 581 325 627

479 490 831 561 eleemosyna
856 487 1165 558 exstinguit
1196 495 1483 559 peccatum
1536 484 1730 556 (Eccli.
1763 502 1847 554 III,
1892 485 2009 557 33).
2044 510 2061 533 ι

480 580 676 652 Magna
696 594 823 649 ergo
852 584 933 632 est
969 577 1337 647 eleemosyna,
1372 592 1493 648 quae
1524 574 1843 631 ardentium
1874 574 2075 631 crimi—

479 686 615 725 num
648 667 837 739 globos
874 666 1272 720 benevolentiaa
1319 682 1430 719 suae
1474 664 1626 720 fonte
1658 665 1965 737 refrigerat,
2023 673 2077 721 et

481 758 719 832 quodam
750 755 959 827 irriguo
988 755 1254 827 largitatis
1290 754 1478 810 obruit
1526 754 1784 811 incendia
1831 756 2076 811 delicto—

479 866 604 904 rum
631 865 642 902 :
672 853 733 901 ut
763 843 1018 916 quamvis
1047 843 1285 899 offensus
1309 846 1474 911 Deus,
1531 844 1785 916 quamvis
1813 843 2076 900 crimini—

478 936 581 991 bus
642 940 992 1006 provocatus,
1070 940 1297 1001 cogatur
1354 933 1589 988 liberare
1657 934 2025 1006 eleemosynis
2058 977 2073 1002 ,

478 1039 644 1097 quem
672 1021 1018 1093 disposuerat
1061 1021 1259 1091 punire
1288 1021 1545 1092 peccatis.
1598 1021 1829 1093 Cogitur
1856 1021 2003 1076 enim
2046 1037 2078 1076 a

476 1113 638 1170 nobis
670 1110 1097 1185 quodammodo,
1153 1110 1286 1167 dum
1316 1111 1667 1183 compellitur
1714 1128 1814 1184 pro
1864 1111 2077 1168 actibus

476 1202 682 1259 nostris
728 1208 941 1257 mutare
984 1200 1334 1269 sententiam,
1391 1208 1446 1255 et
1506 1200 1565 1256 in
1613 1218 1725 1257 uno
1773 1201 2077 1275 eodemque

478 1291 705 1348 homine
751 1306 900 1346 nunc
947 1290 1236 1346 severitate
1283 1288 1490 1361 judicis
1536 1292 1869 1362 permoveri,
1927 1308 2077 1347 nunc

480 1383 651 1459 patris
679 1383 879 1457 pietate
908 1380 1169 1437 blandiri.
1222 1380 1382 1438 Pater
1408 1382 1556 1437 enim
1586 1383 1745 1439 nobis
1792 1384 1939 1439 Deus
1970 1390 2071 1451 est,

480 1491 609 1531 cum
639 1473 777 1529 bene
807 1472 1061 1545 agimus:
1103 1471 1279 1544 judex
1326 1481 1514 1529 noster
1552 1481 1651 1543 est,
1698 1491 1823 1531 cum
1874 1491 2075 1547 pecca-

480 1581 623 1621 mus.
675 1563 1040 1635 Compellitur
1068 1579 1198 1636 ergo
1226 1563 1487 1637 operibus
1535 1564 1740 1621 nostris
1781 1565 2072 1635 Dominus,

480 1663 544 1712 ut
571 1652 732 1710 nobis
770 1668 925 1708 suam
962 1650 1399 1709 misericordiam
1432 1653 1713 1727 largiatur,
1756 1664 1918 1729 atque
1948 1654 2071 1710 ideo

1505 272 1602 326 AD
1640 270 1873 326 ΟΡΕΒΑ
1910 271 1967 325 S.
2007 269 2342 326 AMBROSII
2379 270 2763 328 APPENDIX.

481 405 605 456 ctus
633 395 936 469 propheta:
1005 420 1023 442 ι
1052 396 1208 452 Sicut
1237 410 1379 467 aqua
1414 394 1719 466 exstinguit
1749 394 1952 466 ignem,
2003 394 2080 451 ita
2106 395 2155 453 A
2187 411 2321 449 saxo

3707 274 3799 333 628

2382 413 2394 450 :
2449 395 2544 451 sed
2600 395 3048 467 mansuetudine,
3095 413 3159 454 ac
3202 398 3368 455 bouis
3411 400 3715 472 operibus,
3754 412 3797 459 et

2186 483 2470 551 castitate,

2258 571 2316 628 4.
2375 574 2502 630 Haec
2543 581 2673 630 sunt
2720 590 2873 630 arma
2902 574 3029 631 ﬁdei
3058 583 3282 645 nostra),
3327 576 3537 651 quibus
3577 576 3643 633 iu
3676 594 3797 635 cou-

2188 662 2463 733 gressione
2509 670 2806 719 certamus.
2858 664 2929 719 Ut
2956 671 3139 719 autem
3181 663 3268 720 his
3309 665 3482 721 armis
3512 665 3600 721 uti
3637 665 3697 721 iu
3746 668 3795 722 vi

2188 750 2474 808 inferenda
2531 750 2826 826 possimus,
2865 760 2992 809 ante
3038 752 3362 825 corporibus
3412 755 3627 812 nostris
3686 757 3793 811 vim

2188 840 2595 913 quodammodo
2644 843 2911 900 faciamus
2954 861 2966 899 :
3000 860 3381 917 expugnemus
3412 846 3793 903 membrorum

2188 935 2328 991 vitia
2363 937 2471 1009 (5),
2502 945 2563 992 ut
2592 939 2864 995 virtutum
2897 940 3119 1011 praemia
3147 958 3556 1015 consequamur
3585 960 3599 998 :
3646 944 3793 1015 prius

2188 1023 2334 1079 enim
2391 1025 2495 1097 ipsi
2542 1041 2767 1097 regnare
2812 1027 3078 1085 debemus
3130 1028 3189 1085 in
3224 1030 3404 1097 nobis,
3450 1037 3513 1086 ut
3562 1046 3789 1103 regnum

2189 1115 2461 1185 possimus
2488 1116 2728 1189 diripere
2748 1118 3070 1176 Salvatoris.
3106 1121 3201 1177 Ait
3229 1137 3358 1193 ergo
3385 1122 3786 1195 Evangelium:

2203 1230 2221 1250 ε
2257 1207 2329 1261 Et
2357 1206 2471 1263 vim
2512 1208 2772 1267 facientes
2798 1210 3072 1283 diripiunt
3100 1210 3240 1267 illud
3272 1213 3488 1282 (Matth.
3522 1215 3731 1282 xr,l2).
3762 1240 3777 1259 ι

2188 1296 2451 1368 Raptores
2502 1298 2671 1371 igitur
2719 1317 2933 1370 sumus,
2995 1309 3239 1374 raptores
3280 1310 3466 1359 autem
3512 1320 3628 1359 non
3684 1305 3789 1360 nisi

2187 1384 2367 1442 aliena
2398 1385 2690 1460 diripiunt.
2743 1391 2999 1463 Agnosco
3027 1406 3213 1446 veram
3240 1407 3358 1447 esse
3405 1393 3738 1448 sententiam
3771 1412 3783 1448 :

2188 1480 2472 1539 Christum
2501 1479 2650 1537 enim
2683 1480 2928 1536 Ecclesia
2959 1480 3142 1553 rapuit
3161 1481 3487 1553 Synagogaa,
3520 1490 3577 1537 et
3599 1483 3784 1537 aliena

2188 1572 2369 1644 gentis
2402 1589 2629 1644 regnum
2658 1572 2773 1627 vim
2806 1571 3057 1628 faciendo
3087 1571 3349 1644 possedit.
3378 1572 3520 1627 Nam
3541 1572 3785 1628 Salvator

2186 1662 2389 1719 missus
2455 1661 2562 1719 sub
2614 1662 2753 1734 lege,
2812 1668 2975 1718 natus
3021 1661 3124 1718 sub
3168 1663 3308 1734 lege,
3357 1662 3608 1717 nutritus
3630 1661 3783 1734 juxta

482 1743 598 1816 ipse
630 1743 690 1800 in
722 1742 1025 1815 Evangelio
1054 1750 1241 1799 sancto
1271 1741 1444 1799 dicit:
1505 1767 1523 1791 ε
1555 1743 1602 1799 Α
1632 1743 1826 1801 diebus
1848 1740 2074 1801 Joannis
2109 1755 2156 1816 Β
2190 1758 2388 1829 legem,
2437 1756 2570 1813 dum
2612 1773 2644 1812 α
2681 1756 2888 1814 Judij
2928 1756 3251 1830 negligitur,
3285 1773 3319 1813 α
3346 1758 3609 1829 gentibus
3635 1774 3780 1813 οςω.

484 1838 745 1911 Baptista:
781 1854 1011 1911 regnum
1041 1839 1303 1895 caelorum
1336 1837 1551 1909 cogitur
1582 1837 1798 1909 (Matth.
1822 1853 1903 1905 χι,
1928 1837 2065 1909 1ἳ).»

484 1927 616 1995 Quae
671 1928 944 1985 sententia
990 1944 1153 2004 quem
1202 1926 1547 1984 intellectum
1605 1924 1826 1997 habeat,
1884 1926 2082 1983 videa-

485 2033 627 2076 111113.

557 2144 611 2202 3.
651 2145 900 2218 Regnum
930 2144 1197 2202 caelorum
1244 2160 1356 2201 non
1387 2144 1498 2201 nisi
1528 2143 1782 2202 Christus
1831 2151 1913 2201 est
1963 2146 2084 2201 Do-

488 2234 694 2303 minus,
736 2235 830 2309 qui
862 2242 1053 2307 regnat
1095 2235 1153 2290 in
1192 2235 1367 2292 caelis.
1426 2235 1558 2307 Cogi
1609 2242 1793 2291 autem
1849 2234 2082 2291 verbum

487 2334 624 2384 tunc
651 2326 791 2384 solet
818 2327 950 2397 dici,
1000 2344 1128 2385 cum
1161 2344 1247 2384 res
1274 2327 1459 2401 aliqua
1491 2327 1669 2384 rarior
1697 2325 1916 2382 assidua
1945 2342 2085 2398 ope-

487 2417 702 2473 ratione
750 2417 1030 2474 densatur.
1080 2419 1166 2474 Ex
1222 2434 1333 2491 quo
1378 2433 1507 2490 ergo
1555 2417 1791 2474 Joannes
1837 2415 2085 2487 Baptista

488 2504 792 2563 Salvatoris
837 2506 1192 2563 annuntiavit
1234 2505 1559 2574 adventum,
1609 2521 1678 2559 ex
1734 2521 1798 2560 eo
1853 2520 2082 2576 regnum

490 2595 779 2662 caelorum,
827 2596 974 2670 quod
1019 2596 1172 2669 prius
1211 2594 1444 2651 ﬂuidum
1492 2602 1547 2651 et
1594 2594 1886 2650 remissum
1938 2592 2083 2666 apud

490 2687 707 2745 Iudaeos
729 2687 965 2761 jacebat,
998 2688 1346 2746 credentium
1378 2688 1711 2762 populorum
1743 2685 1908 2758 coepit
1937 2684 2084 2741 assi-

491 2778 701 2835 duitate
731 2779 972 2848 densari,
1026 2787 1080 2835 et
1110 2780 1291 2836 omnis
1320 2779 1418 2835 illa
1446 2777 1596 2850 regni
1630 2775 1826 2833 raritas
1874 2774 2085 2847 praedi-

491 2868 773 2925 cationum
803 2868 1247 2939 frequentatione
1276 2866 1505 2925 solidari
1534 2884 1546 2922 :
1581 2874 1693 2921 tam
1723 2863 1872 2922 enim
1898 2881 2084 2920 rarum

493 2956 602 3013 fuit
630 2956 774 3028 apud
801 2956 1017 3012 Iudaeos
1048 2973 1302 3029 regnum,
1362 2964 1423 3012 ut
1457 2955 1714 3012 transiret
1759 2954 1825 3009 ad
1857 2962 2081 3027 gentes:

491 3050 604 3099 tam
631 3042 888 3111 ﬂuidum,
919 3051 983 3099 ut
1012 3054 1291 3102 emanaret
1322 3043 1389 3101 ad
1420 3044 1671 3117 populos.
1710 3044 1870 3099 Nunc
1896 3052 2076 3100 autem

2192 1855 2352 1920 patur
2384 1864 2396 1902 :
2428 1853 2481 1902 et
2510 1845 2643 1901 dum
2670 1862 2702 1901 a
2731 1845 3107 1903 sacerdotibus
3139 1846 3391 1919 perditur
3409 1846 3520 1918 (6),
3550 1863 3580 1901 a
3601 1862 3777 1918 pecca-

2190 1937 2405 1993 toribus
2433 1935 2746 2004 invenitur,
2778 1936 2925 1993 sicut
2952 1937 3069 2010 ipse
3090 1936 3201 1993 ait:
3243 1961 3260 1983 ι
3292 1934 3585 1992 Publicani
3605 1944 3659 1991 et
3684 1952 3776 1991 me-

2189 2027 2421 2084 retrices
2447 2025 2766 2100 praecedunt
2793 2043 2894 2082 vos
2923 2026 2982 2082 in
3017 2043 3247 2099 regnum
3277 2028 3546 2083 caelorum
3573 2024 3776 2096 (Matth.

2190 2133 2312 2185 xxi,
2343 2116 2459 2189 31).
2492 2139 2511 2163 ι
2554 2117 2819 2188 Raptores
2842 2115 3013 2190 igitur
3040 2132 3250 2173 sumus.

2262 2207 2316 2263 5.
2364 2205 2685 2265 Mirandum
2719 2225 2831 2263 non
2877 2217 2979 2277 est,
3013 2207 3214 2282 quippe
3244 2208 3342 2282 qui
3370 2225 3403 2264 a
3436 2208 3539 2264 tali
3566 2216 3777 2265 auctore

2191 2295 2606 2366 descendimus;
2665 2297 2934 2370 scriptum
2993 2306 3076 2355 est
3138 2297 3289 2354 enim
3345 2297 3414 2354 de
3477 2298 3778 2372 patriarcha

2193 2394 2380 2443 nostro
2411 2385 2700 2459 Benjamin
2739 2405 2751 2443 :
2799 2411 2817 2435 ε
2850 2387 3037 2460 Lupus
3061 2404 3229 2459 rapax
3257 2387 3415 2459 (Gen.
3446 2404 3603 2455 χιιι,
3636 2388 3764 2459 27);-

2193 2478 2336 2549 rapit
2364 2477 2512 2533 enim
2546 2477 2692 2551 quod
2717 2494 2879 2534 suum
2912 2494 3025 2534 non
3053 2484 3156 2534 est.
3183 2478 3264 2533 Ita
3293 2485 3347 2533 et
3368 2493 3471 2532 nos
3506 2478 3662 2533 velut
3687 2477 3776 2533 filii

2192 2569 2401 2639 rapacis
2451 2566 2568 2640 lupi
2605 2568 2905 2624 alienarum
2948 2576 3223 2640 pastorem
3253 2568 3447 2625 ovium
3495 2578 3684 2627 nostra
3707 2570 3775 2627 in-

2196 2660 2446 2718 tentione
2476 2662 2853 2735 praeripimus,
2886 2662 3034 2719 sicut
3060 2660 3176 2734 ipse
3203 2661 3342 2719 dicit
3374 2681 3386 2718 :
3443 2687 3463 2710 κ
3502 2665 3627 2721 Non
3672 2682 3778 2721 sum

2194 2753 2412 2821 missus,
2446 2753 2555 2809 nisi
2592 2752 2661 2809 ad
2708 2769 2838 2809 oves
2870 2752 3120 2826 perditas
3146 2753 3344 2810 domus
3374 2754 3543 2810 Israel
3576 2755 3774 2828 (Matth.

2193 2858 2292 2912 xv,
2324 2841 2440 2915 24).
2473 2866 2491 2890 ι
2547 2841 2786 2915 Rapitur
2830 2844 3015 2916 itaque
3043 2842 3319 2911 Christus,
3361 2860 3488 2900 cum
3533 2861 3567 2900 a
3593 2844 3779 2901 Iudaeis

2195 2931 2516 3002 dimittitur,
2565 2941 2618 2989 et
2675 2933 2744 2990 ab
2776 2932 3104 3006 alienigenis
3160 2932 3512 3005 praedicatur.
3565 2934 3777 3006 Rapitur

2195 3021 2467 3090 Christus,
2510 3038 2637 3078 cum
2684 3021 2961 3079 occiditur
3017 3038 3048 3077 a
3084 3022 3309 3091 Iudaeis,
3354 3031 3409 3079 et
3459 3023 3721 3094 sepelitur
3749 3039 3774 3077 a

492 3138 647 3190 tanta
689 3110 1031 3191 credentium
1081 3135 1298 3209 cogitur
1344 3110 1635 3200 densitate,
1695 3140 1756 3188 ut
1806 3132 1980 3188 ﬁxum
2030 3140 2083 3187 et
2116 3113 2159 3172 Ο
2192 3111 2370 3209 ηοξ)ίᾶ
2421 3111 2655 3209 Balli?“
2709 3110 3043 3209 Chfifltusf
3083 3110 3772 3209 "_i8il_antib}15di30ipllli5.

490 3222 734 3279 solidum
783 3233 1003 3282 maneat
1049 3224 1170 3282 sine
1210 3224 1340 3294 ﬁne,
1393 3224 1537 3281 sicut
1578 3223 1861 3295 Scriptura
1904 3221 2080 3278 dicit:

504 3334 524 3358 ι
549 3311 623 3368 Et
652 3312 806 3385 regni
836 3311 955 3385 ejus
982 3330 1096 3370 non
1126 3313 1234 3369 erit
1265 3311 1394 3369 ﬁnis
1442 3312 1595 3385 (Luc.
1631 3328 1671 3377 ι,
1697 3310 1811 3382 33).
1851 3334 1869 3355 ι
1912 3309 2085 3381 Cogi-

491 3417 615 3458 mus
652 3418 781 3475 ergo
823 3419 1052 3474 regnum
1110 3403 1374 3459 caelorum
1423 3409 1478 3458 et
1523 3401 1638 3456 vim
1677 3399 2084 3474 quodammodo

492 3489 747 3556 facimus,
808 3490 952 3546 sicut
1003 3490 1081 3546 ait
1135 3491 1455 3562 evangelica
1509 3489 1708 3546 lectio:
1784 3512 1802 3536 ε
1848 3490 1918 3543 Et
1968 3487 2082 3543 vim

491 3575 755 3632 facientes
803 3576 1077 3647 diripiunt
1107 3576 1248 3632 illud
1293 3578 1508 3648 (Matth.
1558 3594 1639 3642 χι,
1696 3577 1809 3647 12).
1843 3601 1861 3625 ι
1929 3574 2079 3644 Vim,

491 3661 743 3735 inquam,
793 3662 1027 3720 facimus
1073 3664 1335 3733 Domino,
1385 3679 1499 3720 non
1540 3664 1921 3737 compellendo
1975 3664 2079 3737 (3),

490 3750 587 3808 sed
636 3749 856 3809 ﬂendo:
920 3768 1032 3808 non
1088 3752 1443 3826 provocando
1492 3753 1734 3826 injuriis,
1792 3758 1937 3816 393
1989 3753 2083 3809 sed

488 3850 753 3925 lacrymis
787 3851 1099 3908 exorando:
1158 3867 1269 3907 non
1298 3850 1733 3924 blasphemando
1763 3869 1858 3926 per
1884 3871 2083 3927 super-

487 3941 661 4011 biam,
708 3941 803 3999 sed
830 3957 928 4014 per
957 3941 1332 3999 humilitatem
1360 3941 1660 3999 muarendo.
1695 3942 1740 4000 Ο
1768 3942 1925 4000 beata
1952 3945 2082 4000 vio-

488 4031 694 4089 lentia!
742 4048 862 4105 quae
892 4049 1003 4089 non
1035 4031 1415 4105 indignatione
1444 4032 1771 4105 percutitur,
1824 4033 1920 4089 sed
1967 4034 2082 4090 mi-

486 4119 786 4177 sericordia
811 4119 1187 4177 condonatur:
1235 4120 1414 4190 beata,
1474 4120 1728 4194 inquam,
1790 4121 2077 4192 violentia,

488 4221 610 4278 quas
660 4206 775 4260 vim
822 4208 1052 4278 patienti
1093 4208 1395 4266 bonitatem
1444 4209 1615 4278 elicit,
1671 4218 1726 4266 et
1779 4210 2077 4268 utilitatem

485 4293 683 4350 tribuit
710 4294 1004 4351 inferenti:
1054 4296 1198 4353 mala
1227 4314 1313 4354 res
1342 4298 1682 4368 admittitur,
1726 4306 1781 4354 et
1820 4298 1887 4355 de
1917 4300 2078 4372 inju—

483 4386 567 4443 ria
608 4402 771 4443 nemo
805 4397 1060 4445 causatur
1108 4388 1227 4461 (4):
1276 4390 1363 4447 vis
1396 4390 1730 4460 admittitur,
1782 4400 1837 4449 et
1883 4392 2077 4465 religio

2194 3219 2224 3257 a
2256 3200 2661 3258 dormientibus
2690 3200 2943 3273 perditur
2970 3199 3262 3257 Pharisaeis
3293 3220 3305 3259 :
3349 3201 3495 3258 sicut
3525 3203 3772 3259 mentien-

2193 3290 2264 3359 do
2294 3291 2399 3363 ipsi
2432 3290 2673 3347 confessi
2719 3298 2869 3355 sunt,
2914 3290 3044 3347 dum
3087 3289 3367 3347 custodias
3412 3300 3681 3363 ponerent
3705 3308 3771 3347 se-

2194 3382 2450 3453 pulturas,
2498 3388 2621 3453 post
2681 3380 3141 3437 resurrectionem
3197 3380 3446 3449 Domini,
3499 3381 3768 3438 dicentes:

2207 3498 2225 3521 ε
2264 3473 2405 3541 Quia
2429 3471 2690 3545 discipuli
2718 3470 2836 3543 ejus
2866 3480 3025 3528 nocte
3053 3478 3347 3540 venerunt,
3373 3479 3429 3527 et
3455 3471 3623 3528 furati
3658 3479 3774 3529 sunt

2191 3579 2337 3630 eum,
2371 3561 2530 3619 nobis
2551 3560 2956 3618 dormientibus
2979 3562 3195 3633 (Matth.
3219 3578 3426 3629 xxvm,
3458 3562 3546 3617 i3.
3579 3587 3598 3610 ι
3634 3562 3772 3619 Unde

2188 3654 2512 3728 spiritaliter
2541 3652 2904 3725 intelligimus
2933 3652 3063 3725 quia
3091 3650 3376 3710 Christum
3415 3667 3612 3707 omnes
3656 3651 3770 3708 dor-

2191 3742 2421 3799 mientes
2467 3742 2724 3816 perdunt,
2774 3740 3068 3815 vigilantes
3086 3741 3383 3797 inveniunt
3412 3758 3426 3807 ;
3457 3748 3625 3814 atque
3656 3739 3766 3795 ideo

2190 3838 2487 3910 Apostolus
2513 3837 2652 3894 dicit
2684 3854 2696 3892 :
2754 3861 2773 3884 ι
2815 3836 3005 3907 Surge,
3039 3835 3134 3908 qui
3193 3834 3427 3903 dormis,
3472 3842 3527 3889 et
3558 3850 3769 3907 exsurge

2190 3944 2222 3984 a
2249 3927 2483 3984 mortuis
2506 3934 2560 3983 et
2589 3923 2929 3983 illuminabit
2959 3933 3011 3981 te
3030 3923 3289 3981 Christus
3306 3923 3527 3995 (Ephes.
3552 3942 3608 3992 v,
3634 3924 3757 3995 i4).-

2194 4018 2359 4078 Vides
2404 4034 2532 4091 ergo
2579 4023 2862 4071 mortuum
2911 4029 3045 4083 esse,
3078 4013 3175 4087 qui
3223 4012 3300 4068 ita
3323 4014 3554 4083 dormit,
3583 4021 3644 4070 ut
3673 4029 3766 4068 non

2189 4108 2464 4167 custodiat
2509 4107 2891 4173 Salvatorem;
2942 4110 2996 4159 et
3026 4103 3151 4159 ideo
3194 4102 3278 4159 illi
3329 4101 3593 4160 Pharisaei
3630 4103 3768 4158 velut

2188 4203 2416 4272 mortui,
2446 4218 2558 4257 non
2587 4206 2886 4275 potuerunt
2914 4214 3136 4255 servare
3157 4199 3765 4272 viventem,Propterea,

2186 4293 2381 4348 fratres
2409 4306 2522 4347 non
2559 4290 2920 4358 dormiamus,
2954 4288 3049 4345 sed
3077 4289 3374 4362 vigilemus
3412 4291 3563 4348 circa
3604 4290 3764 4363 ipsum

2183 4382 2484 4440 Dominum
2514 4388 2764 4439 nostrum
2797 4380 3137 4437 Salvatorem
3158 4388 3268 4449 ;ut,
3283 4380 3555 4453 appositis
3575 4379 3766 4452 jugiter

481 4483 830 4550 propagatur.
864 4476 1126 4551 Quisquis
1156 4478 1305 4535 enim
1347 4480 1648 4536 violentior
1677 4480 1900 4538 Christo
1945 4484 2076 4540 fue—
2110 4471 2158 4530 D
2187 4471 2478 4540 custodiis,
2525 4486 2687 4526 nemo
2718 4468 2879 4525 illum
2907 4469 3121 4525 auferat
3173 4486 3204 4524 a
3232 4469 3516 4541 sepultura
3542 4465 3764 4541 pectoris

480 4567 576 4636 rit,
633 4566 942 4639 religiosior
997 4566 1291 4626 habebitur
1335 4585 1367 4624 a
1418 4568 1662 4628 Christo.
1704 4571 2073 4644 Aggredimur

478 4671 606 4729 ergo
636 4655 696 4712 in
723 4655 923 4713 itinere
959 4657 1283 4727 Dominum,
1335 4657 1383 4714 si
1414 4657 1637 4731 quidem
1689 4659 1806 4733 ipse
1852 4669 1934 4718 est
1980 4664 2072 4720 via

478 4747 662 4821 (Joan.
692 4764 814 4818 xrv,
845 4747 926 4820 6),
965 4757 1021 4806 et
1073 4764 1227 4807 more
1257 4750 1538 4805 latronum
1572 4749 1734 4807 bonis
1779 4766 1905 4807 eum
1954 4752 2070 4808 suis

472 4838 779 4912 exspoliare
814 4839 1068 4909 nitimur,
1121 4842 1382 4913 cupimus
1436 4839 1521 4895 illi
1553 4840 1768 4897 auferre
1811 4858 2065 4914 regnum,

471 4925 781 4998 thesauros,
810 4937 864 4985 et
893 4930 1104 4986 vitam:
1155 4928 1251 4986 sed
1282 4929 1377 4986 ille
1431 4936 1543 4985 tam
1583 4929 1740 4987 dives
1786 4938 1840 4987 et
1884 4932 2070 5005 largus

470 5024 573 5084 est,
625 5025 688 5073 ut
735 5033 849 5073 non
880 5017 1109 5087 abnuat,
1155 5034 1271 5074 non
1302 5016 1564 5074 resistat:
1616 5025 1671 5075 et
1713 5036 1840 5077 cum
1879 5021 2070 5078 omnia

467 5104 701 5175 dederit,
732 5106 1100 5162 nihilominus
1130 5107 1316 5164 omnia
1351 5107 1466 5180 ipse
1506 5107 1801 5181 possideat.
1850 5111 2068 5183 Aggre-

467 5192 672 5265 dimur,
717 5196 965 5270 inquam,
1010 5197 1171 5253 illum
1215 5213 1327 5253 non
1371 5198 1538 5266 ferro,
1589 5214 1701 5253 non
1752 5197 1921 5265 fuste,
1954 5215 2064 5256 non

563 5321 620 5459 3)
662 5320 849 5378 Codex
878 5320 1072 5389 Vind.,
1105 5338 1212 5402 non
1240 5322 1619 5402 contendendo.

563 5391 595 5446 4
658 5391 808 5448 Idem
838 5392 985 5459 cod.,
1016 5399 1064 5447 et
1090 5393 1152 5447 de
1178 5408 1389 5459 injurta
1416 5409 1565 5446 nemo
1592 5411 1619 5447 a

561 5391 619 5459 4)
658 5391 808 5448 Idem
838 5392 985 5459 cod.,
1016 5399 1064 5447 et
1090 5393 1152 5447 de
1178 5391 1389 5461 injuria
1416 5409 1565 5446 nemo
1592 5398 1887 5448 accusetur.

560 5463 619 5533 ὅ)
658 5462 924 5517 Nonnulli
967 5479 1121 5530 mss.,
1143 5480 1492 5533 expurgemus
1520 5464 1876 5518 membrorum
1905 5464 2060 5520 vitia.

522 5531 617 5607 .(6)
661 5534 792 5602 Reg.
853 5549 1071 5607 ms.,___a
1130 5531 1838 5607 sacerdotibasrepellitur.
1908 5534 2063 5589 Idem

463 5601 626 5655 etiam
650 5601 939 5673 sequentia
968 5603 1096 5660 illa:
1148 5606 1407 5675 Raptores
1436 5601 1608 5675 igitur
1636 5621 1838 5673 sumus,
1882 5620 2061 5678 usque

2182 4562 2376 4631 nostri,
2416 4577 2517 4618 nec
2552 4559 2803 4617 dicamus
2842 4559 3145 4633 aliquando
3189 4578 3200 4616 :
3234 4560 3545 4627 Venerunt,
3574 4568 3627 4614 et
3655 4557 3764 4614 dor-

2180 4650 2479 4709 mientihus
2515 4648 2696 4717 nobis,
2750 4649 2920 4706 furati
2950 4656 3082 4706 sunt
3120 4665 3268 4706 eum.
3317 4649 3600 4705 Habemus
3627 4647 3760 4703 enim

2181 4743 2454 4812 inimicos,
2501 4743 2596 4816 qui
2629 4742 2914 4801 Christum
2943 4743 3010 4800 de
3048 4743 3310 4801 cordibus
3349 4744 3578 4811 nostris,
3608 4742 3652 4798 si
3681 4739 3765 4795 ob-

2177 4832 2587 4898 dormierimus,
2618 4832 2832 4889 auferre
2852 4833 3138 4889 nitantur.
3174 4832 3328 4890 Unde
3362 4833 3619 4906 pervigili
3643 4847 3764 4887 cura

2178 4936 2459 4983 servemus
2502 4937 2628 4977 eum
2674 4920 2733 4976 in
2762 4922 3015 4994 sepulcro
3060 4921 3375 4978 animarum
3412 4930 3761 4983 nostrarum;

2178 5013 2257 5071 ibi
2286 5014 2646 5090 perquiescat,
2678 5013 2756 5070 ibi
2772 5012 3029 5083 dormiat,
3054 5013 3132 5071 ibi
3160 5030 3287 5071 cum
3318 5016 3582 5083 voluerit,
3601 5027 3761 5070 resuro

2177 5112 2286 5178 gat.

2248 5194 2301 5253 6.
2332 5197 2497 5269 Ergo,
2538 5194 2756 5263 fratres,
2786 5193 3035 5250 Natalem
3067 5194 3150 5267 (7)
3182 5195 3411 5250 Domini
3443 5192 3755 5267 suscepturi,

2174 5320 2241 5377 ad
2280 5323 2446 5393 Ergo,
2477 5320 2698 5393 fratres,
2729 5321 2966 5376 natalem
2995 5362 3013 5385 ,
3052 5322 3453 5393 prmtermittit.

2247 5391 2525 5466 (7)—Ergo
2552 5391 2773 5463 fratres,
2806 5391 3069 5466 natalem,
3089 5399 3145 5466 et
3172 5401 3515 5466 enatamquae
3537 5405 3753 5466 sequun-

2174 5462 2265 5518 tur
2292 5462 2360 5520 ad
2388 5462 2559 5544 ﬁnem
2579 5479 2772 5544 usque,
2788 5479 2865 5544 ex
2882 5462 3058 5544 codd.
3086 5464 3216 5544 Reg.
3250 5473 3307 5520 et
3320 5462 3492 5544 Vind.
3519 5462 3751 5521 restituta

2172 5544 2322 5603 sunt,
2347 5551 2475 5592 cum
2507 5534 2565 5591 in
2596 5533 2721 5591 alﬁs
2750 5541 2805 5591 et
2835 5533 2992 5591 editt.
3026 5533 3433 5593 desiderentur.
