3864 6188
125 188 248 246 629

994 187 1368 247 SERMONES
1406 190 1462 247 S.
1503 189 1862 248 AMBROSIO
1900 189 2272 250 HACTENUS
2308 193 2644 252 ASCRIPT].

3365 192 3475 251 630

126 313 204 369 ab
239 312 408 369 omni
445 312 812 371 conscientias
858 320 1072 370 nostras
1117 313 1250 371 faece
1286 313 1652 383 mundemus;
1694 330 1757 371 ac
1784 317 1835 376 A
1869 315 1928 370 in
1953 325 2183 387 angusto
2232 319 2492 390 przesepio
2519 319 2671 391 poni,
2722 319 2819 394 qui
2858 328 3085 377 venerat
3127 320 3289 377 nobis
3317 326 3473 396 regni

126 418 414 459 curemus
467 419 568 459 nos
609 419 722 459 non
781 402 975 459 sericis
1028 402 1294 471 vestibus,
1353 403 1446 459 sed
1502 403 1760 475 operibus

127 490 432 563 pretiosis.
483 491 828 548 Vestimenta
868 491 1016 547 enim
1048 491 1224 548 nitida
1257 491 1507 548 membra
1549 492 1761 564 Operire

126 587 412 651 possunt,
472 579 869 637 conscientiam
920 596 1116 637 ornare
1156 596 1271 635 non
1327 589 1594 653 possunt;
1652 581 1761 637 nisi

128 676 297 747 quod
349 673 580 746 majoris
611 675 957 732 verecundiae
986 684 1068 732 est
1096 676 1337 732 nitidum
1372 676 1634 732 membris
1665 677 1763 732 in-

125 763 372 833 cedere,
428 773 483 821 et
511 767 787 837 pollutum
830 765 1082 822 sensibus
1127 766 1430 845 ambulare.
1481 766 1763 822 Interioris

127 853 327 926 igitur
363 855 609 911 hominis
636 857 789 927 prius
812 872 1070 911 ornemus
1089 855 1370 923 affectum,
1394 863 1454 911 ut
1476 856 1764 912 exterioris

127 958 379 1016 quoque
436 944 508 999 sit
564 944 799 1000 amictus
844 951 1108 1011 ornatus;
1156 942 1471 1015 spirituales
1521 945 1763 1000 maculas

127 1032 466 1101 abluamus,
499 1041 560 1089 ut
594 1033 652 1089 in
682 1033 842 1089 nobis
865 1033 1108 1089 carnalia
1135 1034 1380 1106 fulgeant
1408 1034 1758 1091 vestimenta.

130 1120 301 1176 Nihil
335 1128 522 1176 autem
564 1121 786 1193 prodest
814 1122 1025 1193 fulgere
1053 1122 1425 1191 vestimentis,
1455 1134 1509 1180 et
1538 1126 1762 1181 sordere

132 1210 403 1281 ﬂagitiis.
434 1210 539 1267 Ubi
586 1211 735 1267 enim
764 1211 1054 1267 tenebrosa
1086 1212 1425 1269 conscientia
1453 1221 1554 1281 est,
1583 1222 1759 1270 totum

132 1316 353 1371 corpus
384 1299 785 1356 subobscuram
813 1309 913 1356 est.
964 1300 1238 1357 Habemus
1281 1312 1462 1359 autem
1498 1319 1608 1376 quo
1636 1321 1761 1359 con-

134 1390 404 1447 scientiae
457 1394 700 1449 maculas
756 1393 1063 1462 abluamus,
1128 1395 1271 1451 sicut
1326 1395 1593 1468 scriptum
1632 1405 1757 1452 est:

151 1503 169 1526 ι
200 1481 351 1537 Date
400 1482 831 1553 eleemosynam,
881 1490 936 1538 et
965 1482 1153 1539 omnia
1199 1485 1405 1541 munda
1447 1493 1577 1541 sunt
1606 1485 1762 1542 vobis

139 1571 304 1643 (Luc.
339 1590 426 1641 χι,
458 1572 576 1643 41).
611 1599 630 1622 ›
674 1574 890 1631 Bonum
912 1575 1273 1648 eleemosynaa
1301 1576 1644 1642 mandatum,
1668 1592 1764 1648 per

1868 405 2106 461 cmlestis
2155 406 2501 463 latitudinem
2551 425 2872 480 praeparare.
2921 410 3045 465 Non
3077 409 3135 465 in
3164 410 3356 468 sericis
3383 413 3474 468 vel

1870 493 1925 549 in
1963 494 2170 550 auratis
2198 493 2415 566 pannis,
2449 496 2544 553 sed
2573 497 2630 552 in
2656 497 2864 554 vilibus
2886 498 3101 573 involvi
3131 499 3338 568 voluit,
3370 500 3471 575 qui

1871 583 2032 639 nobis
2084 583 2519 641 immortalitatis
2568 588 2763 650 stolam
2820 588 3047 645 reddere
3103 599 3351 646 venerat.
3395 591 3471 647 Iis

1870 674 2102 745 astringi
2135 692 2191 730 se
2221 676 2489 748 permisit,
2534 676 2628 749 qui
2660 685 2875 734 nostros
2904 679 3066 751 pedes
3097 688 3149 734 et
3181 697 3375 736 manus
3401 680 3471 738 ad

1873 779 2037 834 opera
2064 764 2209 819 bona
2237 765 2444 837 agenda
2467 765 2679 820 solvere
2708 767 3053 837 properabat.
3082 767 3227 834 Quid
3255 767 3324 823 ad
3352 769 3471 827 haec

1874 852 2170 909 dicendum
2223 862 2338 923 est,
2400 855 2646 911 fratres?
2712 854 3151 911 Exclamandum
3205 863 3287 911 est
3342 874 3469 914 cum

1875 944 2163 1001 Psalmista
2197 964 2209 1001 :
2264 969 2283 991 ι
2315 945 2459 1012 Quid
2487 945 2786 1001 retribuam
2818 945 3061 1002 Domino
3089 962 3189 1018 pro
3213 946 3472 1004 omnibus

1876 1050 1996 1106 quae
2026 1034 2283 1090 retribuit
2310 1034 2449 1090 mihi
2481 1037 2658 1106 (Psal.
2692 1052 2821 1103 cxv,
2862 1034 2999 1105 l2)?
3028 1058 3047 1082 ›
3110 1035 3208 1090 Ille
3247 1035 3471 1107 quidem

1873 1123 2089 1180 invenit
2122 1125 2371 1193 calicem,
2416 1142 2578 1198 quem
2611 1125 2880 1181 retribuet
2915 1143 2927 1181 :
2972 1141 3074 1180 nos
3102 1141 3233 1181 vero
3264 1125 3471 1183 redda-

1872 1230 1996 1269 mus
2025 1214 2169 1287 quod
2218 1231 2528 1286 possumus,
2580 1215 2635 1270 id
2670 1224 2751 1271 est
2780 1216 3176 1287 eleemosynas,
3228 1214 3468 1287 vigilias,

1874 1303 2163 1375 lacrymas,
2197 1320 2381 1377 pacem
2417 1323 2428 1359 :
2479 1303 2826 1360 dimittamus
2855 1304 2912 1359 in
2945 1321 3045 1360 nos
3092 1304 3466 1376 peccantibus,

1872 1399 1935 1446 ut
1964 1399 2149 1446 nostra
2177 1392 2337 1448 nobis
2365 1392 2719 1449 dimittantur
2741 1410 2773 1449 a
2794 1394 2908 1449 Deo
2936 1399 3177 1465 peccata.

1943 1480 1996 1535 3.
2038 1481 2290 1538 Pastores
2316 1499 2449 1538 vero
2489 1483 2606 1556 qui,
2656 1492 2912 1540 nascente
2952 1484 3050 1539 Dei
3096 1483 3259 1551 Filio,
3307 1500 3471 1556 supra

1871 1583 2087 1641 gregem
2145 1588 2306 1627 suum
2370 1572 2699 1643 vigilabant,
2771 1581 2825 1630 et
2887 1574 3109 1648 angelos
3184 1571 3468 1639 videbant,

140 1661 296 1735 quod
332 1663 593 1721 manibus
624 1681 934 1737 operamur,
991 1665 1155 1723 corde
1210 1667 1565 1735 mundamur,
1624 1684 1758 1740 pm.
1790 1679 1839 1739 Β
1862 1666 2088 1715 sanctos
2115 1661 2503 1733 prmdicatores
2531 1661 2845 1734 signiﬁcant
2876 1681 2888 1719 :
2923 1663 3019 1732 qui
3062 1679 3174 1735 quo
3202 1661 3467 1734 majorem

138 1759 329 1808 stante
362 1753 604 1809 Domino
646 1761 836 1809 nostro
864 1755 993 1811 Jesu
1036 1754 1279 1823 Christo,
1321 1756 1416 1829 qui
1445 1773 1572 1813 cum
1601 1756 1759 1813 Patre

140 1849 196 1898 et
224 1843 453 1915 Spiritu
489 1852 680 1903 sancto
719 1846 863 1902 vivit
890 1853 944 1903 et
972 1856 1163 1920 regnat
1201 1846 1262 1903 in
1292 1848 1492 1905 saecula
1519 1848 1759 1905 saeculo-

139 1949 294 2002 rum,
326 1950 516 1991 amen.

668 2081 816 2138 394
856 2077 1090 2134 SERMO
1129 2080 1224 2134 III.

588 2173 652 2228 In
681 2172 770 2228 die
799 2172 1009 2228 Natalis
1039 2171 1263 2229 Domini
1295 2174 1338 2228 Ι.

144 2285 447 2342 Aberatea:
473 2284 708 2356 antiquis
734 2283 1071 2356 editionibus.
1096 2283 1365 2338 Ambrosii
1386 2288 1577 2356 procul
1604 2287 1761 2342 dubio

219 2355 370 2429 nihil
396 2372 518 2426 pra:
543 2355 734 2429 seq/ert
767 2373 784 2409 :
818 2355 990 2429 perba
1015 2361 1189 2410 autem
1219 2356 1337 2424 illa,
1376 2355 1597 2429 propter
1625 2374 1763 2429 pro-

220 2427 525 2507 lixitatem
546 2426 744 2507 _divini_
770 2426 1078 2507 ofﬁcii......
1114 2433 1336 2507 prepter
1363 2426 1761 2507 dissonantiam

219 2514 445 2571 regum,
475 2498 639 2571 eidem
670 2498 885 2571 minime
911 2498 1253 2571 conveniunt.
1272 2499 1432 2553 Forte
1458 2500 1633 2555 minus
1656 2502 1762 2555 ab-

220 2568 489 2625 horreant
522 2588 557 2624 a
585 2569 840 2638 Caesarie,
876 2569 1031 2640 cujus
1057 2568 1130 2624 ad
1154 2570 1350 2640 stylum
1382 2576 1518 2626 lotus
1544 2572 1627 2626 hic
1655 2589 1761 2627 ser-

218 2658 305 2697 mo
336 2641 473 2696 satis
501 2641 716 2697 accedit.

218 2765 270 2822 1.
311 2765 548 2823 Domini
580 2766 754 2822 nostri
791 2766 919 2821 Jesu
950 2764 1180 2834 Christi,
1219 2765 1435 2836 fratres,
1478 2768 1761 2825 Nativita—

151 2863 261 2912 tem
291 2854 659 2925 celebrantes,
713 2855 1001 2912 videamus
1046 2870 1265 2912 sensum
1312 2854 1478 2928 hujus
1515 2874 1761 2931 evange—

152 2945 269 3002 lica;
301 2943 585 3013 lectionis,
618 2960 740 3017 quae
770 2944 936 3000 modo
964 2944 1105 3000 lecta
1130 2951 1243 3011 est;
1277 2944 1415 3001 dicit
1443 2946 1590 3002 enim
1621 2963 1759 3003 san-

154 3044 272 3092 ctus
328 3034 672 3107 evangelista
727 3034 963 3107 Augusti
1012 3034 1242 3092 Caesaris
1300 3033 1480 3092 edicto
1532 3052 1757 3093 censum
1795 3040 1838 3100 C

156 3123 460 3194 professum
523 3139 639 3180 esse
698 3123 968 3180 mundum
1024 3122 1369 3192 universum,
1422 3133 1477 3181 et
1525 3125 1596 3181 ob
1651 3125 1758 3182 hoc

157 3213 462 3270 ascendisse
507 3213 708 3285 Ioseph
746 3228 779 3267 a
819 3212 1046 3269 Galilaea
1099 3211 1167 3268 de
1214 3211 1440 3270 civitate
1492 3214 1755 3271 Nazareth

157 3302 214 3356 in
240 3302 490 3359 Indicam
522 3301 581 3357 in
611 3302 895 3359 civitatem
944 3300 1141 3369 David,
1174 3318 1294 3374 quae
1325 3310 1556 3360 vocatur
1581 3304 1758 3360 Beth-

160 3389 292 3447 leem
325 3409 337 3447 :
391 3400 457 3448 ut
499 3391 578 3447 ibi
619 3390 970 3464 proﬁteretur
1013 3406 1139 3448 cum
1179 3391 1351 3448 Maria
1390 3408 1564 3449 uxore
1611 3409 1759 3464 pra:-

162 3490 373 3552 gnante,
420 3489 481 3538 et
526 3498 629 3554 pro
682 3490 921 3553 utroque
977 3480 1215 3537 solveret
1265 3497 1514 3548 censum,
1569 3488 1758 3554 utpote

162 3567 227 3625 de
250 3569 437 3628 eadem
471 3568 689 3626 familia
728 3569 882 3642 (Luc.
914 3587 978 3638 ιι,
1015 3570 1152 3643 1-5).
1191 3569 1362 3625 Tanta
1406 3571 1609 3644 quippe
1650 3570 1760 3627 fuit

166 3673 287 3729 pax,
325 3658 474 3716 Filio
513 3657 613 3715 Dei
653 3665 947 3731 apparente
985 3658 1044 3714 in
1082 3674 1266 3728 carne,
1326 3675 1424 3732 per
1461 3658 1758 3717 duodecim

166 3764 350 3817 annos,
380 3758 442 3806 ut
477 3765 694 3818 omnes,
725 3748 1029 3805 secundum
1054 3749 1206 3806 Isaiae
1237 3750 1585 3820 vaticinium,
1617 3768 1761 3808 con—

170 3837 449 3896 tenderent
505 3837 717 3911 gladios
749 3855 878 3895 suos
919 3837 980 3894 in
1025 3846 1226 3908 aratra,
1273 3846 1327 3895 et
1374 3839 1589 3896 lanceas
1636 3857 1761 3897 suas

168 3923 223 3981 in
250 3928 411 3985 falces
459 3930 603 4001 (Isa.
638 3946 699 3997 ιι,
732 3928 811 3999 4).
864 3928 992 3985 Ideo
1019 3944 1149 3984 vero
1190 3928 1367 3985 Filius
1410 3930 1531 3999 Dei,
1572 3938 1762 3987 auctor

173 4017 328 4086 pacis,
359 4027 613 4091 tempore
662 4017 810 4089 pacis
856 4017 1123 4086 nascitur,
1174 4027 1236 4074 ut
1270 4035 1461 4075 omnes
1508 4035 1763 4092 sequaces

175 4121 291 4162 suos
318 4125 504 4185 pacem
551 4124 734 4165 amare
764 4106 1002 4164 doceret.
1051 4109 1189 4165 Nam
1237 4109 1381 4167 sicut
1428 4110 1607 4168 Caesar
1634 4111 1762 4165 Au-

180 4205 357 4267 gustus
386 4200 540 4257 misit
578 4198 850 4271 Cyrinum
897 4198 965 4254 ad
1004 4200 1336 4273 exigendum
1366 4217 1627 4268 censum;
1687 4202 1765 4256 ita

180 4286 316 4343 Deus
358 4306 523 4346 verus
566 4290 850 4362 Augustus
892 4288 1045 4344 misit
1090 4290 1475 4361 praedicatores
1503 4292 1561 4345 in
1593 4306 1767 4345 mun-

182 4374 302 4434 dum
330 4379 395 4436 ad
440 4397 667 4437 censum
705 4379 834 4436 ﬁdei
872 4378 1225 4451 exigendum.
1276 4380 1588 4437 Reddamus
1615 4396 1762 4454 ergo,
1796 4400 1846 4459 D

183 4462 385 4537 fratres,
408 4486 634 4526 censum
658 4468 789 4526 ﬁdei
816 4475 870 4524 et
897 4468 1056 4524 bona:
1085 4468 1337 4525 actionis.
1370 4470 1567 4527 Nullus
1593 4486 1762 4526 rema-

188 4564 322 4624 neat,
353 4575 542 4615 omnes
572 4557 932 4616 ascendamus
963 4558 1030 4615 de
1061 4559 1305 4627 Galilaaa,
1339 4558 1394 4615 id
1426 4567 1528 4627 est,
1557 4560 1625 4616 de
1655 4576 1767 4616 vo-

186 4639 447 4705 lubilitate
490 4648 686 4705 mundi
718 4649 777 4704 in
815 4647 1080 4717 Iudaeam,
1131 4647 1189 4704 id
1218 4655 1320 4717 est,
1351 4657 1511 4705 rectae
1541 4649 1767 4706 confes—

188 4729 345 4790 sionis
372 4739 681 4810 regionem;
715 4745 987 4811 quatenus
1016 4736 1318 4805 Bethleem,
1354 4737 1409 4793 id
1439 4745 1540 4806 est,
1570 4738 1768 4794 domus

190 4824 331 4892 panis
367 4843 481 4883 esse
532 4844 860 4896 mereamur,
919 4825 1073 4882 illius
1128 4825 1390 4883 videlicet
1435 4828 1529 4900 qui
1585 4828 1764 4884 dicit:

201 4931 217 4953 ι
245 4911 353 4984 Ego
376 4933 496 4972 sum
525 4917 684 4991 panis
712 4916 896 4983 vivus,
924 4914 1017 4989 qui
1046 4913 1113 4969 de
1142 4913 1279 4970 ccelo
1299 4913 1558 4971 descendi
1583 4914 1767 4987 (Joan.

193 5014 262 5067 vr,
294 5001 407 5075 51),
447 5029 465 5052 ι

254 5095 305 5152 2.
342 5099 533 5158 Narrat
592 5110 854 5179 praeterea
909 5098 1273 5171 Evangelium
1332 5099 1463 5172 quia
1517 5116 1642 5157 cum
1674 5117 1775 5174 ge-

1868 1763 2057 1804 curam
2098 1749 2304 1807 habent
2342 1753 2679 1820 animarum,
2727 1768 2791 1808 eo
2833 1752 3177 1824 frequentius
3221 1751 3469 1824 angelica

1867 1836 2203 1895 allocutione
2247 1840 2480 1898 relevari
2528 1850 2830 1898 merentur.
2878 1841 3091 1912 Angelo
3133 1856 3263 1895 vero
3292 1857 3469 1913 appa-

1868 1934 2041 1997 rente,
2090 1937 2334 2001 pastores
2362 1930 2678 2001 turbantur,
2702 1931 2833 2004 quia
2861 1929 3118 1986 humanae
3148 1935 3357 1985 natura;
3386 1939 3469 1986 est

1869 2013 1938 2070 ad
1982 2018 2300 2089 angelorum
2355 2028 2637 2093 aspectum
2690 2035 2912 2093 pavere,
2967 2026 3022 2076 et
3065 2018 3343 2075 bonorum
3385 2026 3468 2075 est

1868 2106 2186 2176 angelorum
2217 2109 2648 2166 consolationem
2675 2108 2937 2166 adhibere
2955 2107 3466 2165 timentibus.Unde

1869 2211 2002 2251 mox
2050 2204 2294 2268 pastores
2340 2199 2663 2273 alloquitur,
2704 2199 2936 2256 dicens:
2997 2222 3015 2246 ι
3058 2198 3242 2255 Nolite
3270 2199 3467 2256 timere

1874 2284 2024 2354 (Luc.
2058 2303 2120 2354 ιι,
2171 2286 2284 2357 10),
2316 2311 2334 2333 ι
2391 2295 2446 2344 et
2487 2288 2677 2344 subdit
2726 2304 2938 2361 quare:
3005 2312 3023 2334 α
3050 2288 3215 2354 Ecce,
3260 2287 3463 2360 inquit,

1871 2375 2185 2445 evangelizo
2214 2376 2372 2432 vobis
2402 2378 2661 2449 gaudium
2692 2395 2973 2450 magnum,
3006 2379 3151 2451 quod
3180 2378 3286 2434 erit
3312 2380 3464 2435 omni

1871 2462 2074 2534 populo
2105 2463 2320 2534 (Ibid).
2353 2490 2371 2512 υ
2414 2466 2650 2521 Pulchre
2676 2465 2815 2522 dicit
2849 2483 2860 2522 :
2911 2490 2929 2513 ι
2958 2466 3123 2523 Omni
3154 2467 3356 2539 populo
3384 2482 3396 2522 :
3429 2491 3449 2516 ι

1871 2551 2001 2623 quia
2025 2550 2092 2607 de
2118 2551 2269 2607 omni
2302 2554 2505 2625 populo
2534 2563 2806 2611 venerunt
2835 2554 2903 2610 ad
2932 2554 3118 2611 ﬁdem.

1940 2639 1993 2694 4.
2038 2640 2159 2696 Uno
2200 2641 2386 2713 itaque
2426 2644 2620 2715 angelo
2664 2659 2789 2699 cum
2838 2642 3151 2715 pastoribus
3188 2642 3464 2716 loquente,

1869 2733 2055 2789 subito
2087 2732 2388 2789 multitudo
2417 2735 2738 2807 angelorum
2794 2750 3060 2808 apparens
3104 2734 3246 2791 hanc
3273 2751 3466 2792 vocem

1869 2822 2053 2879 subito
2094 2823 2399 2880 multitudo
2447 2826 2766 2897 angelorum
2798 2841 3066 2897 apparens
3103 2825 3245 2882 hanc
3274 2842 3465 2883 vocem

1869 2914 2053 2972 emisit
2084 2933 2095 2971 :
2145 2941 2162 2963 ι
2195 2915 2381 2971 Gloria
2416 2915 2475 2972 in
2503 2914 2791 2972 altissimis
2828 2919 2961 2985 Deo,
3008 2926 3063 2974 et
3094 2916 3153 2973 in
3185 2924 3330 2974 terra
3357 2933 3465 2988 pax

1868 3004 2190 3060 hominibus
2245 3003 2403 3060 bonae
2461 3005 2765 3060 voluntatis
2802 3005 2966 3077 (Ibid.
3020 3004 3134 3077 14).
3176 3030 3194 3053 ι
3254 3006 3317 3061 In
3355 3021 3466 3079 quo

1867 3094 2013 3151 facto
2045 3094 2327 3150 moraliter
2366 3110 2676 3163 monemur,
2731 3103 2812 3162 ut,
2861 3110 2972 3150 uno
3016 3094 3183 3150 fratre
3232 3095 3462 3168 legente,

1867 3183 1953 3239 vel
2011 3183 2262 3251 docente,
2319 3183 2409 3238 vel
2449 3182 2737 3255 quodlibet
2792 3199 2929 3254 opus
2987 3181 3195 3238 bonum
3251 3191 3460 3255 agente,

1868 3272 2170 3329 multitudo
2215 3272 2470 3329 ﬁdelium
2520 3273 2579 3328 in
2631 3271 2850 3327 laudem
2897 3271 2997 3328 Dei
3041 3279 3381 3345 prorumpat,
3411 3280 3466 3339 et

1868 3360 1937 3417 ad
1966 3361 2298 3418 imitandum
2347 3361 2559 3419 bonum
2590 3361 2736 3434 quod
2772 3361 2969 3429 cernit,
3026 3368 3290 3433 assurgat.
3340 3363 3466 3433 Ap—

1868 3464 2094 3528 parente
2124 3473 2256 3513 vero
2285 3457 2430 3514 Filio
2459 3457 2559 3513 Dei
2590 3457 2648 3513 in
2676 3471 2860 3524 carne,
2892 3455 3066 3528 gloria
3092 3454 3153 3511 in
3180 3454 3466 3512 altissimis

1866 3549 1981 3603 Deo
2007 3547 2245 3616 canitur,
2289 3554 2343 3603 et
2373 3563 2482 3620 pax
2524 3548 2583 3603 in
2613 3554 2760 3602 terra
2804 3561 2921 3601 esse
2948 3543 3269 3601 hominibus
3306 3544 3465 3601 bonae

1869 3636 2174 3692 voluntatis
2202 3637 2589 3694 annuntiatur.
2640 3636 2826 3692 Simus
2854 3651 2982 3708 ergo
3012 3641 3067 3691 et
3094 3651 3218 3702 nos,
3246 3634 3461 3703 fratres,

1868 3726 2027 3782 bona;
2057 3726 2385 3796 voluntatis,
2421 3734 2692 3800 quatenus
2740 3725 2798 3781 in
2838 3739 2969 3798 pace
3013 3724 3202 3782 vivere
3248 3739 3466 3780 merea—

1870 3835 2013 3874 mur.

1940 3908 1994 3964 5.
2036 3907 2269 3963 Sensum
2296 3913 2483 3961 tamen
2513 3903 2841 3975 evangelicae
2880 3901 3134 3959 lectionis
3161 3908 3216 3956 et
3244 3908 3466 3973 propter

1872 3997 2200 4052 brevitatem
2241 3993 2373 4061 diei,
2421 4002 2473 4049 et
2517 3991 2893 4064 prolivitatem
2940 3989 3119 4045 divini
3165 3988 3333 4045 ofﬁcii
3362 3988 3466 4045 sub

1872 4085 2141 4141 brevitate
2180 4081 2641 4156 perstringimus;
2680 4090 2744 4137 ut
2786 4097 2884 4137 vos
2930 4095 3154 4136 monere
3193 4078 3468 4151 possimus

1873 4174 1940 4230 de
1973 4173 2059 4229 his
2101 4190 2220 4247 quae
2264 4172 2333 4228 ad
2378 4179 2616 4228 vestram
2665 4170 2976 4244 specialiter
3022 4170 3256 4226 salutem
3287 4169 3467 4243 perti-

1873 4270 2025 4318 nent.
2082 4260 2341 4318 Monendi
2399 4261 2546 4317 enim
2591 4277 2801 4328 sumus,
2845 4266 2907 4316 ut
2944 4258 3296 4317 aﬁlictionem
3346 4274 3466 4331 quae

1876 4351 2036 4407 nobis
2095 4360 2317 4424 propter
2389 4351 2787 4408 dissonantiam
2862 4367 3051 4424 regum
3126 4347 3467 4423 supervenit,

1876 4441 2078 4498 nostris
2108 4451 2359 4514 reputare
2396 4441 2713 4499 studeamus
2745 4441 3003 4514 peccatis.
3053 4441 3124 4497 Ut
3162 4455 3288 4511 ergo
3318 4445 3372 4494 et
3399 4436 3468 4492 ab

1874 4539 2019 4598 395
2058 4535 2162 4593 ista
2212 4534 2611 4608 persecutione,
2671 4540 2725 4590 et
2771 4532 2839 4589 ab
2886 4540 3090 4589 aeterna
3117 4528 3470 4588 damnatione

1876 4632 2096 4689 liberari
2137 4631 2483 4699 mereamini,
2536 4629 2916 4702 unusquisque
2972 4626 3245 4700 quidquid
3299 4625 3359 4679 in
3414 4639 3472 4680 se

1878 4722 2309 4795 reprehensibile
2343 4720 2708 4791 recognoscit,
2742 4718 2798 4772 in
2825 4717 2930 4772 hac
2957 4716 3047 4772 die
3077 4716 3135 4771 in
3162 4731 3269 4787 qua
3296 4713 3475 4770 Filius

1878 4812 1978 4868 Dei
2008 4810 2271 4877 nascitur,
2329 4807 2589 4880 corrigat,
2644 4807 2701 4862 id
2759 4813 2861 4873 est,
2921 4802 3018 4877 qui
3076 4803 3185 4859 fuit
3236 4801 3478 4870 adulter,

1879 4908 2078 4956 voveat
2132 4901 2247 4954 Deo
2293 4895 2601 4954 castitatem
2639 4912 2649 4950 :
2701 4893 2799 4966 qui
2845 4908 3068 4960 avarus,
3125 4891 3474 4966 largitatem;

1881 4989 2149 5057 ebriosus,
2182 4986 2531 5043 sobrietatem
2559 5002 2573 5051 ;
2615 4984 2708 5057 qui
2739 4982 3027 5056 superbus,
3060 4981 3433 5039 humilitatem
3462 5000 3476 5051 ;

1884 5086 1977 5159 qui
2010 5083 2304 5149 detractor,
2336 5079 2661 5137 charitatem
2690 5087 2909 5147 voveat,
2940 5086 2994 5135 et
3025 5078 3236 5149 reddat,
3269 5095 3476 5137 secun—

1883 5177 2015 5233 dum
2048 5175 2206 5231 illum
2254 5170 2449 5245 psalmi
2480 5169 2814 5227 versiculum
2846 5186 2859 5224 :
2924 5193 2943 5217 ι
2972 5169 3204 5235 Vovete,
3248 5178 3303 5227 et
3343 5168 3481 5225 red-

1885 5266 2001 5323 dite
2041 5261 2279 5320 Domino
2325 5262 2440 5316 Deo
2487 5265 2670 5315 vestro
2716 5258 2890 5329 (Psal.
2926 5274 3099 5326 Lxxv,
3144 5257 3258 5330 i2).
3300 5283 3318 5305 ι
3370 5258 3482 5315 Nos

1887 5353 2125 5411 ﬁdeliter
2174 5366 2494 5418 voveamus,
2549 5347 2644 5404 ille
2690 5346 2844 5403 dabit
2894 5345 3312 5419 possibilitatem
3362 5346 3485 5403 sol-

1890 5444 2077 5501 vendL

1962 5541 2016 5598 6.
2056 5540 2231 5597 Valde
2254 5539 2457 5612 quippe
2487 5537 2779 5592 honestum
2812 5543 2915 5603 est,
2956 5534 3174 5603 fratres,
3210 5542 3273 5590 ut
3302 5534 3490 5590 nullus

1894 5631 1967 5688 sit
1994 5629 2089 5703 qui
2136 5645 2249 5685 non
2278 5627 2446 5684 hodie
2485 5624 2725 5683 Domino
2753 5622 2967 5696 aliquid
2996 5623 3206 5680 oﬂ'erat.
3256 5619 3495 5692 Regibus

195 5184 391 5244 nuisset
419 5189 574 5248 beata
605 5208 818 5265 semper
845 5190 1004 5263 virgo
1028 5188 1200 5247 Maria
1230 5188 1533 5258 Christum,
1578 5190 1776 5263 pannis

194 5268 360 5342 ipsum
406 5278 719 5338 involutum
758 5279 1004 5354 posuerit
1048 5278 1104 5333 in
1153 5277 1462 5350 praesepio:
1513 5296 1634 5352 quae
1675 5295 1778 5336 nec

197 5366 445 5433 mysterio
475 5377 709 5437 vacant;
757 5369 939 5425 voluit
967 5368 1115 5424 enim
1164 5367 1416 5424 Christus
1457 5368 1653 5441 pannis
1681 5368 1780 5423 in-

197 5450 357 5520 volvi,
392 5463 453 5511 ut
479 5473 581 5533 nos
608 5476 639 5514 a
668 5459 880 5533 laqueis
921 5457 1115 5513 mortis
1156 5456 1482 5513 absolveret.
1540 5458 1612 5513 Et
1642 5456 1779 5513 bene

202 5535 356 5597 dicit:
389 5545 561 5615 Ibant,
600 5556 662 5603 ut
688 5546 941 5604 ostendat
972 5545 1120 5618 quod
1151 5545 1209 5601 in
1240 5547 1332 5602 via
1362 5546 1607 5602 nascitur
1633 5565 1643 5602 :
1677 5545 1782 5603 hoc

207 5634 378 5689 autem
401 5633 530 5708 quia
556 5636 702 5695 viam
730 5635 891 5695 nobis
918 5651 975 5694 se
1003 5635 1292 5694 ostendere
1321 5643 1567 5694 venerat.
1592 5636 1786 5695 Voluit
