3864 6188
487 245 589 300 631

1511 246 1608 300 AD
1646 242 1881 301 OPERA
1917 242 1973 298 S.
2018 241 2354 299 AMBROSII
2397 240 2780 299 APPENDIX.
3659 252 3717 310 63:

487 368 578 424 vel
625 366 820 423 amicis
873 367 1142 439 susceptis
1200 383 1431 425 munera
1479 366 1696 435 damus,
1756 375 1811 424 et
1859 368 2093 426 creatori
2125 372 2177 430 Α
2205 385 2317 424 uno
2345 367 2647 441 eodemque
2688 373 2816 424 ortu
2845 366 3021 424 lucem
3060 365 3272 439 pariter
3306 366 3492 423 intulit
3516 376 3563 424 et
3587 370 3719 431 homi-

489 458 741 515 omnium
762 456 831 512 ad
852 474 953 513 nos
981 458 1230 514 venienti
1258 458 1402 514 nihil
1432 458 1729 515 dabimus?
1756 458 1907 514 Nihil
1939 458 2087 514 enim

2199 457 2363 515 nibus
2388 466 2442 515 et
2467 456 2681 514 diebus.
2713 456 2868 514 Unde
2893 472 3005 513 non
3031 463 3113 513 est
3142 456 3351 512 mirum
3378 456 3422 512 si
3449 459 3621 516 crescit
3635 460 3719 533 dies,

488 567 522 607 a
550 548 713 605 nobis
747 548 921 620 magis
952 548 1203 621 requirit,
1251 566 1413 622 quam
1444 550 1827 622 nosmetipsos.
1874 550 2093 605 Oﬁ'era—
2201 565 2321 621 quae
2351 548 2569 621 gemino
2598 547 2831 621 fulgoris
2860 546 3153 620 splendore
3184 545 3441 603 vestitur.

490 656 615 695 mus
643 655 771 710 ergo
818 638 868 693 ei
917 655 1017 693 nos
1052 638 1220 710 ipsos,
1267 646 1535 711 quatenus
1581 646 1635 694 et
1664 656 1695 695 a
1733 639 2093 711 praesentibus

490 728 677 797 malis,
705 737 759 784 et
778 726 846 782 ab
866 726 1088 783 aeternis
1116 725 1472 795 cruciatibus,
1501 728 1677 801 ipsius
1697 729 1964 785 ineffabili
1984 729 2093 801 pie-

491 822 596 879 tati
624 820 869 888 liberati,
902 820 961 875 in
1008 820 1246 875 caelestis
1282 820 1435 892 regni
1464 819 1804 878 beatitudine
1831 821 2093 893 suscepti,

491 917 759 985 perpetuo
781 908 1065 963 valeamus
1096 908 1331 979 gaudere
1358 926 1369 963 :
1394 918 1682 981 praestante
1712 910 1831 983 ipso
1856 909 2095 965 Domino

491 1016 557 1055 ac
592 998 938 1069 redemptore
988 1006 1179 1054 nostro
1211 998 1341 1053 Jesu
1387 998 1629 1066 Christo,
1669 1000 1759 1056 cui
1805 1008 1885 1055 est
1913 998 2097 1055 omnis

492 1088 673 1144 honor
697 1095 751 1143 et
780 1087 956 1160 gloria
981 1103 1107 1143 cum
1137 1087 1297 1142 Patre
1320 1096 1374 1144 et
1402 1087 1611 1161 Spiritu
1634 1096 1822 1146 sancto
1851 1105 1948 1161 per
1975 1087 2096 1145 inﬁ-

495 1176 612 1235 nita
643 1177 843 1235 saecula
867 1176 1219 1246 saeculorum,
1254 1192 1434 1233 amen.

1099 1302 1337 1360 SERMO
1372 1305 1469 1362 IV.

815 1404 894 1459 De
930 1401 1110 1457 Natali
1138 1402 1365 1459 Domini
1395 1401 1693 1460 Salvatoris
1726 1403 1794 1460 Il.

505 1512 719 1583 Videtur
746 1527 772 1564 e
799 1510 1126 1583 sermonibus
1154 1510 1485 1565 diversorum
1513 1512 1739 1568 Patrum
1764 1513 2100 1583 compilatus,

565 1582 798 1637 maxime
845 1599 965 1636 vero
1012 1582 1337 1653 Augustini:
1387 1600 1494 1637 non
1526 1585 1697 1638 solum
1742 1582 1879 1639 enim
1905 1584 1960 1639 in
1989 1585 2101 1653 ejus

572 1655 709 1711 libro
735 1654 940 1721 Quaest.
966 1653 1054 1720 83,
1077 1661 1269 1725 quaest.
1295 1654 1384 1722 58,
1406 1672 1589 1709 verum
1613 1656 1769 1711 etiam
1790 1656 1847 1710 in
1871 1655 2103 1725 ejusdem

2273 648 2326 705 3.
2366 647 2471 705 Sed
2515 647 2803 704 videamus
2830 646 3010 704 adhuc
3054 646 3336 719 quomodo
3374 648 3614 703 Dominus
3639 649 3720 705 Sal-

2204 745 2362 793 vator
2391 745 2618 804 crescat,
2668 737 2905 793 Joannes
2931 736 3179 808 Baptista
3210 733 3507 791 decrescat.
3533 735 3720 796 Diximus

2206 826 2264 882 in
2294 826 2667 899 superioribus
2701 825 2817 897 (11)
2870 824 3018 899 quod
3045 825 3286 881 Joannes
3324 825 3532 897 quidem
3558 825 3720 897 ﬁguram

2207 916 2340 988 legis
2369 916 2869 987 prophetarumque
2915 914 3249 987 gestaverit:
3294 929 3501 970 necesse
3526 922 3621 971 erat
3638 932 3718 987 ergo

2207 1014 2267 1063 ut
2294 1006 2550 1063 deﬁceret
2580 1007 2691 1073 lex,
2723 1004 3028 1077 Evangelio
3056 1012 3420 1071 coruscante;
3453 1012 3503 1060 et
3530 1004 3720 1060 minuere-

2206 1106 2297 1153 tur
2323 1096 2583 1153 Judaicus
2617 1096 2873 1168 populus,
2919 1095 3123 1168 populo
3179 1094 3491 1152 Christiano
3519 1104 3717 1167 surgente.

2205 1186 2340 1255 Quis
2368 1186 2515 1242 enim
2542 1185 2761 1242 dubitat
2788 1185 3077 1241 nativitate
3105 1183 3626 1257 Domini,Synagogm
3648 1200 3721 1239 esse

2205 1276 2593 1333 conventicula
2655 1283 2906 1345 vacuata,
2972 1273 3160 1348 plebes
3231 1273 3598 1347 multiplicatas
3626 1278 3720 1335 396

2209 1374 2489 1443 Ecclesiae,
2536 1381 2591 1430 et
2619 1373 2821 1430 mirum
2869 1373 2927 1429 in
2958 1371 3187 1429 modum
3238 1370 3479 1446 quotidie
3513 1370 3717 1429 Christum

2210 1479 2307 1536 per
2333 1463 2678 1520 Christianos
2723 1480 2851 1519 suos
2892 1478 3155 1530 crescere,
3208 1461 3466 1517 Joannem
3497 1460 3637 1515 minui
3662 1477 3720 1533 per

2210 1556 2427 1611 Judaeos
2446 1556 2474 1611 ?
2516 1554 2616 1610 hos
2646 1553 2757 1610 diei
2788 1553 3069 1610 Dominici
3100 1553 3395 1627 splendore
3423 1551 3618 1622 fulgere,
3639 1552 3720 1606 illus

2210 1644 2546 1702 obscuritate
2571 1642 2820 1700 noctium
2852 1643 3105 1700 laborare
3125 1641 3156 1698 ?
3188 1642 3312 1699 Nox
3341 1640 3480 1695 enim
3506 1656 3635 1712 super
3653 1640 3720 1694 Ju-

569 1726 896 1807 sermonibus
1056 1731 1105 1779 et
1134 1725 1236 1781 194
1254 1727 1584 1807 μουωβάξὴ,
1609 1745 1715 1782 ηοη
1736 1744 1910 1799 pauca
1940 1746 2097 1799 repe-

2212 1734 2348 1791 izeos
2376 1731 2782 1807 quodammodo
2808 1730 2983 1803 major
3012 1730 3299 1798 incubuit,
3329 1745 3396 1784 ex
3418 1744 3516 1801 quo
3531 1727 3718 1783 dixerunt

569 1797 2097 1893 ἮἎΕἾΨ313ξῖ⁸1³ᾞέΥῇξῗωλτξξξ--ῗίῗῗτί²ηίῖ’ὶίίἮὲἓὲθ
2205 1824 2272 1880 de
2302 1797 2434 1879 nec‘e
2463 1821 2814 1879 Salvatoris:
2862 1797 3167 1893 «'Sanguis
3214 1817 3381 1890 huius
3418 1797 3563 1889 super
3595 1824 3717 1871 noset

573 1870 857 1924 translata.
876 1868 1137 1925 Eumdem
1165 1868 1318 1924 etiam
1338 1868 1385 1923 si
1403 1885 1520 1924 cum
1546 1871 1765 1926 Hieron.
1784 1870 2092 1930 Comment.

572 1939 629 1995 in
657 1956 776 2012 cap.
811 1957 868 1995 1v
894 1938 963 2012 ad
994 1940 1174 2012 Galat.
1206 1957 1294 1995 nec
1322 1957 1429 1995 non
1456 1958 1574 1995 cum
1598 1943 1925 1998 sermonibus
1953 1943 2023 1999 98
2052 1950 2101 1999 et

575 2011 930 2087 i97‘a’ppend.
963 2011 1188 2087 ᾼιιαῑιδε.
1221 2013 1593 2085 composueris,
1624 2014 1965 2087 compilatum
1994 2032 2100 2071 esse

572 2082 839 2140 nobiscum
866 2082 1133 2154 fateberis.
1329 2082 1350 2085 “
1736 2082 1751 2087 '
2086 2122 2093 2129 .

577 2192 627 2248 1.
670 2191 878 2248 Verum
912 2200 993 2248 est
1025 2191 1172 2264 quod
1206 2191 1283 2247 ait
1313 2199 1533 2249 sanctus
1577 2193 1813 2249 Joannes
1856 2194 2101 2267 Baptista

503 2281 572 2338 de
627 2280 864 2337 Domino
923 2281 1240 2351 Salvatore,
1296 2281 1529 2339 dicens:
1607 2306 1625 2330 ι
1665 2283 1827 2339 Illum
1886 2292 2101 2356 oportet

505 2386 770 2439 crescere,
810 2385 897 2426 me
928 2378 1108 2426 autem
1145 2370 1324 2427 minui
1356 2372 1537 2443 (Joan.
1573 2389 1655 2441 ιιι,
1685 2372 1799 2443 30).
1831 2398 1849 2419 ι
1905 2374 2101 2447 Siqui-

506 2459 632 2517 dem
680 2458 786 2516 hoc
829 2458 1069 2532 primum
1116 2460 1282 2516 etiam
1330 2460 1464 2532 ipsis
1510 2461 1849 2532 temporibus
1896 2480 2105 2536 appro-

505 2548 707 2617 batur;
758 2565 880 2607 ecce
910 2549 1056 2605 enim
1098 2549 1155 2605 in
1185 2550 1473 2606 nativitate
1501 2549 1709 2608 Christi
1738 2550 1857 2607 dies
1883 2553 2100 2621 crescit,

509 2646 564 2695 et
614 2638 841 2695 Joannis
890 2638 1179 2695 nativitate
1224 2637 1539 2696 decrescit:
1599 2639 1697 2694 illo
1743 2640 1953 2696 oriente
2004 2641 2103 2696 lux

508 2728 747 2801 proﬁcit,
804 2727 912 2786 hoc
968 2737 1224 2785 nascente
1267 2729 1559 2786 minuitur.
1604 2731 1727 2801 Ipsa
1770 2730 1922 2805 enim
1962 2746 2100 2804 quo-

509 2817 808 2875 dammodo
838 2828 1086 2890 tempora
1128 2818 1455 2876 famulantia
1496 2818 1743 2891 partibus
1784 2820 1899 2876 suis
1938 2819 2104 2876 detri-

510 2920 758 2967 mentum
795 2910 1104 2981 patiuntur,
1144 2928 1270 2968 cum
1302 2926 1492 2966 servus
1522 2908 1765 2980 gignitur
1797 2910 1877 2982 (8)
1915 2926 1927 2965 :
1976 2926 2103 2967 cum

510 3010 691 3057 autem
715 3002 987 3058 Dominus
1010 3004 1273 3072 nascitur,
1295 3011 1708 3075 consequuntur
1726 3011 2100 3075 augmentum.

2206 1928 2369 1985 super
2389 1911 2534 1967 ﬁlios
2570 1917 2789 1967 nostros
2821 1909 3042 1981 (Matth.
3076 1924 3267 1977 xxvn,
3297 1907 3410 1977 25).
3441 1929 3457 1953 ι
3498 1904 3717 1976 Majoribus

2208 2002 2367 2075 plane
2394 2007 2523 2056 sunt
2552 1998 2799 2055 noctium
2846 1997 3093 2054 tenebris
3121 1994 3422 2064 obscurati,
3468 2011 3529 2050 ex
3550 2009 3635 2066 quo
3653 2008 3718 2048 eo-

2208 2090 2322 2147 nati
2350 2098 2479 2146 sunt
2507 2088 2654 2144 diem
2683 2087 2938 2143 veritatis
2956 2085 3233 2145 occidere.

2278 2188 2333 2245 4.
2375 2190 2489 2245 Hoc
2516 2195 2701 2245 autem
2732 2187 2881 2261 quod
2909 2186 3174 2257 dicimus,
3202 2194 3268 2243 ut
3292 2184 3467 2241 verius
3494 2177 3718 2253 approbare

2209 2278 2502 2353 possimus,
2547 2278 2835 2351 utriusque
2883 2276 3239 2333 nativitatem
3288 2272 3514 2331 breviter
3534 2282 3717 2340 expona-

2211 2385 2357 2426 mus.
2401 2370 2544 2426 Ecce
2574 2368 2723 2424 enim
2764 2382 2890 2423 cum
2922 2364 3173 2423 nascitur
3221 2362 3483 2427 Christus,
3515 2356 3717 2415 exsultant

2210 2460 2411 2533 angeli,
2457 2467 2701 2532 pastores
2730 2457 3082 2530 pervigilant,
3113 2454 3265 2528 magi
3295 2452 3586 2518 adveniunt,
3608 2447 3716 2503 stella

2211 2550 2505 2625 praecedit;
2559 2558 2614 2607 et
2660 2557 2860 2607 cuncta
2897 2564 3019 2621 quae
3060 2554 3195 2603 sunt
3241 2546 3299 2601 in
3344 2542 3488 2600 caalis
3518 2538 3718 2609 terrisque

2212 2642 2606 2716 pulcherrima,
2652 2641 2757 2713 ipsi
2805 2639 3046 2696 Domino
3075 2637 3422 2696 deferuntur.
3469 2631 3722 2689 Deferuntur

2211 2732 2360 2788 enim
2402 2730 2486 2787 illi
2536 2730 2707 2803 gloria
2738 2745 2834 2803 per
2874 2729 3118 2800 angelos,
3171 2727 3395 2785 claritas
3432 2738 3517 2794 per
3550 2717 3721 2781 stellam.

2213 2822 2407 2894 religio
2462 2836 2558 2893 per
2610 2835 2817 2891 magos,
2875 2816 3212 2891 simplicitas
3266 2831 3361 2889 per
3410 2808 3722 2894 pastoresaet

2215 2892 2363 2986 quod
2391 2892 2537 2983 apud
2586 2910 2766 2982 ipsum
2797 2909 2976 2964 solum
3028 2908 3222 2963 futura
3250 2911 3424 2962 essent
3451 2902 3551 2958 hac
3574 2892 3722 2956 omnia.

2215 3002 2339 3057 ideo
2371 2999 2616 3057 nascenti
2647 2998 2731 3054 illi
2774 2999 3034 3054 universa
3066 2995 3421 3051 famulantur.
3452 2990 3569 3047 Cum
3594 2988 3719 3040 autem

510 3092 827 3149 Profectum
866 3094 1028 3166 plane
1076 3093 1208 3152 facit
1253 3066 1393 3160 dies,
1440 3066 1566 3150 cum
1615 3066 1827 3150 mundi
1856 3095 2106 3150 Salvator
2142 3090 2185 3151 C
2214 3092 2449 3147 Joannes
2477 3086 2809 3161 concipitur,
2843 3087 3136 3142 Zacharias
3164 3079 3506 3144 obmutescit,
3531 3066 3725 3166 solemnis

512 3181 692 3238 oritur
730 3200 742 3238 :
792 3181 1070 3240 defectum
1122 3183 1347 3256 patitur,
1400 3199 1527 3240 cum
1574 3182 1806 3259 ultimus
1839 3183 2106 3256 propheta

512 3278 807 3345 generatur
839 3290 850 3328 :
887 3273 1157 3346 scriptum
1201 3279 1283 3329 est
1311 3271 1459 3329 enim
1493 3290 1506 3328 :
1553 3296 1571 3319 ι
1602 3271 1715 3328 Lex
1743 3279 1798 3327 et
1826 3271 2107 3344 propheta:

510 3374 684 3432 usque
726 3358 794 3415 ad
834 3360 1101 3417 Joannem
1152 3360 1303 3432 (Luc.
1354 3377 1472 3429 xvr,
1520 3359 1631 3431 16).
1665 3385 1683 3407 ι
1754 3361 1935 3432 Atque
1984 3357 2107 3414 ideo

511 3461 731 3503 necesse
775 3456 892 3503 erat
929 3455 991 3503 ut
1020 3450 1406 3504 obscuraretur
1451 3447 1587 3520 legis
1631 3447 1961 3515 observatio,
2010 3446 2107 3502 ubi

512 3534 783 3603 evocatio,
832 3534 930 3591 ubi
970 3534 1263 3606 Evangelii
1312 3536 1484 3608 gratia
1530 3536 1836 3608 refulgebat
1880 3536 2003 3607 (9);
2054 3541 2108 3591 et

512 3628 751 3679 cessaret
793 3620 1082 3693 prophetia
1133 3620 1349 3678 Veteris
1403 3623 1759 3691 Testamenti,
1817 3640 1944 3680 cum
1975 3622 2108 3678 novi

514 3708 852 3766 Testamenti
902 3710 1075 3782 gratia
1118 3707 1463 3767 succedebat.
1513 3710 1658 3783 Ergo
1696 3710 1756 3765 in
1809 3711 2107 3769 Nativitate

513 3802 739 3863 Domini
770 3804 989 3878 proﬁcit
1017 3804 1153 3885 dies.

584 3894 641 3952 2.
678 3894 803 3951 Non
841 3895 1047 3951 mirum
1101 3894 1149 3951 si
1213 3893 1433 3968 proﬁcit
1480 3893 1617 3964 dies,
1666 3894 1725 3949 in
1775 3910 1883 3969 qua
1930 3911 2107 3953 novus

508 3984 742 4059 justitiai
810 3986 892 4042 sol
957 3992 1207 4043 coruscat
1260 4001 1272 4041 :
1338 4000 1451 4041 non
1513 3984 1715 4041 mirum
1778 3986 1826 4041 si
1891 3985 2109 4058 proﬁcit

514 4076 632 4133 dies
656 4076 794 4149 (10),
827 4094 990 4151 quam
1020 4073 1469 4150 splendidissima
1496 4076 1595 4132 lux
1623 4076 1872 4133 veritatis
1904 4077 2108 4133 illumi-

512 4175 657 4223 nat:
716 4168 794 4223 ait
839 4170 990 4224 enim
1038 4168 1374 4241 evangelista
1431 4167 1499 4225 de
1547 4168 1771 4228 Christo
1818 4170 2103 4227 Domino:

527 4278 547 4303 ι
576 4256 712 4311 Erat
756 4257 855 4311 lux
888 4274 1037 4325 vera,
1083 4274 1204 4330 quae
1247 4258 1528 4315 illuminat
1573 4276 1795 4315 omnem
1823 4260 2108 4317 hominem

517 4344 699 4417 (Joan.
732 4362 773 4413 ι,
803 4345 884 4415 9).
918 4370 936 4394 ι
998 4346 1172 4418 Igitur
1201 4345 1246 4401 si
1277 4356 1392 4403 erat
1421 4348 1520 4402 lux
1551 4364 1698 4416 vera,
1732 4366 1851 4423 quae
1884 4350 2108 4406 illumi-

2215 3178 2536 3237 conticescit
2573 3160 2845 3245 sacerdos,
2886 3174 3172 3232 Elizabeth
3226 3181 3394 3230 mater
3428 3160 3724 3257 absconditur,

2216 3269 2534 3342 signiﬁcans
2559 3275 2681 3341 post
2725 3274 2908 3323 ortum
2937 3282 3100 3322 suum
3130 3264 3273 3337 legis
3300 3258 3573 3322 silentium,
3597 3262 3723 3306 811119-

2217 3361 2427 3417 sionem
2459 3357 2774 3425 sacerdotii,
2806 3355 3039 3413 latebras
3070 3356 3391 3429 Synagogae.
3431 3345 3727 3437 Dubiuut'au'

2215 3458 2327 3506 tem
2355 3466 2466 3505 non
2492 3456 2595 3517 est,
2615 3446 2762 3522 quod
2782 3446 3021 3504 Joannes
3049 3454 3214 3502 natus
3238 3439 3510 3501 l’harisaais
3520 3430 3725 3523 justitiam

2217 3540 2352 3613 legis
2377 3538 2688 3604 abstulerit,
2728 3536 2879 3610 quod
2906 3541 3206 3609 conceptus
3240 3530 3377 3609 patri
3401 3522 3601 3613 abstulit
3620 3527 3727 3571 νοω

2215 3610 2563 3705 obsequium.
2583 3627 2793 3687 Crescit
2817 3625 2989 3700 igitur
3013 3623 3291 3683 Dominus
3318 3631 3527 3692 semper,
3553 3610 3726 3667 Ιοεωιθδ

2215 3720 2460 3794 Baptista
2492 3717 2787 3776 minuitur.

2285 3829 2340 3887 ὅ.
2380 3828 2503 3885 Non
2541 3825 2666 3884 ideo
2696 3824 2991 3893 minuitur,
3037 3821 3186 3897 quod
3215 3817 3425 3878 meritis
3449 3802 3625 3883 aliquid
3653 3798 3725 3856 de-

2216 3927 2438 3993 rogetur
2471 3937 2483 3975 :
2525 3918 2621 3976 sed
2659 3917 2919 3992 quoniam
2950 3913 3258 3972 Salvatoris
3285 3903 3514 3986 quotidie
3538 3902 3725 3993 ξοοωηξις

2216 3987 2363 4066 latur
2406 4007 2600 4082 gloria,
2656 3987 2813 4064 illius
2868 4003 3053 4061 minor
3106 4002 3228 4059 ﬁeri
3280 3998 3504 4057 videtur.
3543 3987 3727 4082 ιιιωςξξ

2217 4065 2454 4173 ἀθηὶῳῖθ
2493 4065 2724 4155 vocatur
2761 4096 3016 4163 Joannes,
3055 4092 3279 4150 dicente
3320 4082 3572 4146 Domino:
3609 4065 3726 4174 ,ι

2218 4198 2333 4246 erat
2362 4164 2585 4245 lucerna
2611 4186 2810 4243 ardens
2842 4185 3025 4258 (Joan.
3055 4202 3112 4253 v,
3144 4183 3263 4256 35).
3297 4206 3315 4230 ι
3353 4180 3583 4236 Lacernae
3606 4164 3727 4258 igitur

2220 4278 2543 4335 obscuratur
2589 4278 2796 4345 lumen,
2847 4247 2979 4333 cum
3026 4247 3229 4331 radius,
3262 4271 3391 4329 solis
3428 4259 3650 4329 effulget:
3689 4247 3725 4297 et

2218 4367 2582 4425 defectionem
2622 4366 2915 4439 quamdam
2952 4364 3219 4437 lampadis
3264 4377 3371 4420 suae
3407 4351 3601 4439 patitur,
3637 4346 3726 4439 alin

514 4445 611 4528 nat
638 4436 946 4528 hominem,
970 4453 1069 4528 cur
1096 4454 1219 4528 non
1237 4438 1579 4494 illuminaret
1601 4441 1868 4497 mundum
1888 4441 2112 4515 ?Atque
2137 4457 2186 4517 ι)
2212 4458 2463 4515 clm-imis
2508 4429 2655 4513 lucis.
2677 4455 2970 4528 splendore
3024 4429 3333 4526 εῇρθηιιιιι,
3386 4440 3507 4513 Quis
3530 4429 3726 4528 enitufi'

514 4525 639 4583 ideo
672 4524 810 4595 dies,
846 4542 966 4599 quae
997 4527 1178 4582 lucem
1205 4526 1450 4583 humano
1480 4528 1664 4599 generi
1695 4530 1923 4601 peperit,
1956 4529 2110 4603 prius

513 4622 632 4695 ipsa
660 4620 905 4695 ejusdem
946 4621 1083 4679 lucis
1114 4621 1327 4693 fulgore
1355 4621 1719 4695 resplenduit,
1770 4631 1824 4679 et
1852 4624 2111 4680 conclusa

506 4710 622 4785 jam
669 4712 847 4785 spatia
878 4729 977 4770 sua
1027 4710 1274 4768 noctium
1324 4710 1576 4769 tenebras
1621 4711 1923 4769 Dominicae
1974 4714 2111 4770 lucis

512 4804 692 4861 nitore
748 4804 1032 4861 discussit.
1091 4803 1468 4877 Occupaverat
1521 4804 1671 4860 enim
1732 4811 1902 4861 totam
1961 4804 2106 4862 diem

512 4893 761 4950 noctium
791 4892 1103 4966 longitudo,
1125 4892 1234 4949 nisi
1256 4892 1313 4949 in
1331 4892 1451 4966 ipsa
1469 4892 1580 4949 diei
1604 4892 1877 4951 brevitate
1899 4893 2108 4952 Christi

511 4983 816 5041 refulsisset
860 4983 1177 5042 adventus:
1225 4983 1321 5058 qui
1367 4983 1512 5041 sicut
1557 4992 1685 5042 ortu
1733 5001 1833 5041 suo
1875 4983 2106 5041 humani

512 5075 726 5149 generis
772 5085 1120 5149 peccatorum
1168 5074 1423 5133 tenebras
1469 5076 1747 5145 discussit,
1801 5077 1877 5133 ita
1918 5085 1973 5134 et
2017 5074 2107 5132 die

509 5164 822 5222 nativitatis
868 5183 981 5223 suae
1026 5165 1326 5239 caliginum
1368 5165 1622 5223 tenebras
1668 5166 1996 5239 amputavit,
2057 5173 2111 5222 et

584 5274 667 5347 (8)
700 5275 903 5332 Omnes
927 5275 1059 5331 edit.
1084 5291 1209 5347 cum
1240 5274 1412 5347 Lugd.
1433 5274 1578 5343 cod.,
1599 5290 1716 5347 eum
1742 5272 2109 5328 detrimentum

509 5344 737 5417 faciunt,
785 5363 967 5401 servus
1003 5344 1348 5417 gignitur....'
1372 5346 1707 5416 consequitur
1733 5350 2104 5415 augmentum;

510 5415 607 5471 alii
639 5433 767 5472 mss.
800 5415 1148 5484 concinnius,
1180 5424 1242 5471 ut
1270 5432 1371 5471 nos
1400 5417 1458 5471 in
1482 5415 1660 5472 textu.

714 5488 826 5566 Ubi_
856 5488 1106 5566 evocatio,
1159 5486 1592 5566 deest_in_mss_.
1651 5486 1874 5566 tribus;
1918 5494 1974 5542 et
1992 5502 2108 5566 ‘pro

511 5556 691 5694 353$:
735 5557 1046 5630 refulgebat,
1091 5558 1149 5614 in
1198 5557 1372 5631 Lugd.
1426 5556 1661 5614 habetur
1704 5557 1879 5630 glom'a
1920 5556 2106 5630 reful-

2219 4512 2374 4619 i’iens
2433 4512 2724 4602 ίῑιοθιέῐιᾶωι
2780 4543 3023 4616 requirat
3080 4512 3139 4598 in
3196 4542 3310 4597 sole
3333 4538 3360 4594 ?
3407 4512 3515 4589 Non
3549 4512 3724 4619 ﬁnitis?

2218 4603 2610 4709 exstinguitur,
2646 4633 2741 4691 sed
2776 4603 3088 4691 necessaria
3115 4647 3227 4688 non
3257 4627 3513 4686 habetur:

2218 4727 2342 4800 quis
2371 4699 2440 4781 ad
2467 4699 2695 4781 Joannis
2724 4722 3065 4797 pmnltentiaa
3095 4721 3422 4793 baptismum
3444 4699 3727 4800 veniatztilt:1

2217 4778 2749 4888 amisisses;
2772 4778 3073 4886 "baptismo
3122 4778 3365 4867 salvari?
3414 4798 3522 4856 Non
3559 4778 3727 4888 quisse

2218 4879 2359 4962 illud
2390 4903 2834 4978 reprehenditur,
2871 4879 2969 4960 sed
3020 4901 3126 4958 hoc
3166 4899 3338 4973 magis
3376 4889 3500 4965 1.1m"
3527 4885 3573 4936 εί
3596 4879 3729 4978 ne?

2217 4996 2421 5053 sarium
2447 4966 2762 5067 iudicatur:
2800 4966 2930 5069 quia
2960 4993 3019 5050 in
3047 5009 3113 5050 eo
3143 4966 3519 5066 (i?)vremissio
3542 4966 3726 5047 ρθωδῑίν

2218 5102 2344 5142 rum
2366 5085 2656 5143 tribuitur.

2293 5266 2411 5341 (10)
2453 5269 2817 5327 Restituimus
2844 5284 2873 5325 e
2902 5265 3117 5325 cunctis
3146 5282 3298 5335 mss.,
3325 5263 3380 5319 in
3411 5268 3505 5328 qua
3530 5250 3726 5302 novusno-

2220 5357 2269 5396 ἢ
2290 5342 2775 5565 Ρῖῗξῗίιοῗιῗεὲάἰῑ.
2804 5413 2940 5481 sola,
2974 5412 3223 5494 nimim“;
3255 5403 3398 5466 αιίδί,
3657 5441 3713 5499 ua

2289 5413 2387 5564 in
2453 5485 2515 5540 Ῑῐι
2569 5484 2694 5565 θρὰ.
2753 5483 2926 5557 Lugd.
2978 5482 3316 5542 desuderatnr
3358 5473 3464 5531 haec
3497 5461 3655 5520 semen

2322 5413 2381 5468 11
2449 5415 2609 5471 Rom.
2640 5413 2775 5468 edit.
2804 5413 2940 5481 sola,
2974 5413 3223 5470 Diximus
3255 5413 3398 5466 dum,
3677 5441 3687 5451 ,

2289 5413 2411 5564 ἓίῦ
2453 5485 2515 5540 In
2569 5484 2694 5564 cod-
2753 5483 2926 5557 Lugd-
2978 5482 3316 5542 desideratur
3358 5473 3464 5531 hanc
3497 5451 3726 5520 sententta,

2220 5563 2348 5625 quia
2376 5563 2433 5611 in
2459 5573 2540 5625 eo,
2565 5563 2671 5614 etc.
