3864 6188
242 234 351 293 633

883 365 1119 425 SERMO
1149 366 1220 425 V.

705 455 783 512 De
815 454 995 512 Natali
1026 455 1249 513 Domini
1279 456 1375 512 ΙΙΙ.

235 538 310 595 In
341 556 397 595 eo
430 541 749 616 locgusgnum.
784 544 818 600 4
859 545 1069 616 legitur,
1109 562 1260 614 quem
1287 562 1353 600 ea:
1378 544 1648 600 Ambrosii
1683 544 1843 602 Com-

315 614 553 688 mentjn
575 614 708 672 Luc.
745 616 836 672 lib.
871 614 934 685 1i,
974 633 1119 673 num.
1152 617 1241 684 50,
1291 634 1595 688 expressum
1631 616 1843 671 minime

313 684 666 758 dubitamus:
721 704 838 758 quea
887 695 1061 743 autem
1116 689 1182 743 ab
1232 684 1538 743 illis'num.
1580 688 1613 743 6
1650 689 1840 757 verbis,

313 755 461 822 Quid
491 757 640 812 enim
671 755 786 814 tam
815 759 1060 827 silenter,
1088 761 1160 815 ad
1179 761 1330 832 ﬁnem
1369 777 1533 830 usque
1560 755 1843 815 contineri!-

314 833 424 896 tur,
482 836 635 884 extra
659 832 1069 886 controversiam
1097 838 1171 886 est
1208 832 1415 887 totidem
1439 832 1610 887 verbis
1630 832 1842 887 exscri-

308 906 404 970 pta
433 916 539 955 esse
566 918 631 955 ex
659 901 966 976 Comment.
1008 903 1067 958 in
1102 903 1235 975 psal.
1270 920 1427 973 LXXI,
1466 904 1607 975 quod
1645 904 1840 976 Ruﬁno

303 987 591 1042 perperam
621 973 785 1029 tribui
811 976 957 1030 solet.

312 1076 362 1131 1.
412 1076 531 1144 Qua
563 1080 757 1151 gratia,
799 1081 884 1136 vel
944 1081 1145 1154 quibus
1196 1080 1455 1139 laudibus
1510 1082 1661 1141 hunc
1688 1083 1836 1141 diem

228 1164 446 1223 Natalis
491 1168 714 1225 Domini
768 1170 886 1243 (13)
926 1171 1239 1244 praedicem,
1267 1189 1492 1245 prorsus
1521 1174 1747 1247 ignoro;
1779 1175 1837 1230 in

229 1261 391 1310 tanta
417 1255 563 1311 enim
594 1257 895 1316 festivitate
928 1260 997 1316 ad
1029 1261 1501 1332 magniﬁcandum
1523 1265 1697 1320 Deum
1719 1263 1837 1319 hu-

230 1362 396 1401 mana
452 1347 669 1420 loquela
724 1365 837 1406 non
886 1350 1108 1408 sufﬁcit.
1141 1353 1278 1408 Nam
1304 1352 1351 1408 si
1381 1361 1517 1411 tunc
1562 1370 1690 1410 cum
1727 1369 1837 1409 na-

227 1435 486 1492 scebatur
546 1436 822 1508 Christus,
874 1442 1193 1513 angelorum
1251 1458 1386 1499 voce
1433 1442 1686 1499 laudatus
1709 1450 1828 1498 est:

227 1525 504 1598 numquid
548 1543 661 1583 non
712 1528 888 1601 magis
937 1546 1086 1587 nunc
1134 1531 1374 1587 humana
1420 1531 1729 1588 laudandus
1753 1539 1835 1587 est

227 1629 391 1681 voce,
422 1631 549 1671 cum
583 1617 821 1688 regnat?
868 1617 1292 1691 Supergreditur
1321 1620 1468 1676 enim
1507 1620 1658 1676 illius
1690 1628 1832 1676 tem-

1078 239 1450 300 SERMONES
1485 240 1541 299 S.
1581 240 1940 300 AMBROSIO
1975 236 2349 299 HACTENUS
2384 241 2724 302 ASCBIPTI.

3439 242 3545 303 634

1870 366 1922 426 Α
1948 363 2171 434 bus,sed
2200 364 2520 425 hominibus
2548 367 2861 426 rusticanis.
2880 368 3003 426 Non
3029 385 3157 443 ergo
3179 370 3297 443 jam
3325 371 3545 429 miran-

1951 456 2084 513 dum
2113 458 2159 514 si
2193 458 2397 515 Christi
2415 462 2643 534 gratiam
2663 469 2788 518 ante
2802 462 2944 519 scire
2975 462 3239 520 meruerit
3265 461 3544 519 innocen-

1951 550 2030 605 tia
2070 566 2233 623 quam
2288 558 2564 623 potestas:
2598 561 2653 609 et
2697 553 2849 625 prius
2896 569 3225 625 cognoscere
3250 552 3539 609 veritatem

1950 637 2187 711 simplex
2218 637 2527 708 rusticatio,
2552 656 2718 713 quam
2750 642 2985 713 superba
3012 641 3317 699 dominatio
3350 660 3361 699 :
3395 639 3544 715 quod

1950 727 2098 784 enim
2145 738 2524 800 cognoverunt
2575 739 2838 800 pastores,
2899 731 3176 803 principes
3216 746 3543 805 cognoscere

1950 817 2340 890 nequiverunt.
2376 817 2527 873 Unde
2560 824 2613 872 et
2650 818 2843 874 beatus
2876 819 3173 890 Apostolus
3190 819 3285 875 ait:
3330 819 3541 887 :Quem

1948 921 2111 961 nemo
2140 904 2452 977 principum
2492 904 2678 961 saeculi
2708 909 2828 979 ejus
2857 908 3119 978 cognovit
3146 908 3193 979 (ι
3224 908 3530 979 Cor.u,8),-

1947 1004 2003 1053 et
2029 996 2262 1070 reliqua.
2294 997 2440 1068 Ergo
2471 996 2533 1053 in
2559 996 2849 1053 nativitate
2872 997 3097 1054 Domini
3126 997 3304 1069 angeli
3344 999 3545 1069 pariter

1945 1102 2074 1142 cum
2102 1085 2415 1158 pastoribus
2439 1094 2570 1142 sunt
2616 1086 2807 1156 laetati,
2841 1087 3111 1144 excelsam
3160 1089 3274 1148 Deo
3302 1085 3545 1144 dicentes

1945 1174 2175 1247 gloriam
2202 1194 2214 1231 :
2248 1191 2375 1232 nam
2400 1175 2606 1232 vicinis
2647 1175 3058 1248 quodammodo
3081 1183 3137 1234 et
3158 1175 3369 1250 junctis
3400 1175 3545 1233 cbo-

1944 1264 2021 1319 ris
2036 1264 2135 1321 Dei
2166 1264 2397 1336 gloriam
2418 1264 2881 1337 praedicaverunt.

2015 1352 2068 1408 4.
2130 1351 2285 1409 Unde
2338 1360 2393 1408 et
2439 1353 2604 1410 credo
2673 1353 2890 1410 eosdem
2939 1354 3161 1427 angelos
3205 1353 3265 1409 in
3298 1351 3542 1425 ejusdem

1942 1441 2168 1498 Domini
2226 1440 2417 1498 eadem
2485 1440 2795 1499 festivitate
2839 1443 3009 1500 simili
3040 1442 3309 1499 nobiscun
3339 1441 3545 1499 laetitiae

1944 1530 2231 1589 vicinitate
2281 1531 2553 1603 gaudere;
2587 1548 2715 1588 nam
2759 1534 2855 1607 qui
2887 1534 3067 1591 solent
3095 1541 3317 1607 propter
3337 1530 3543 1590 Christi

1943 1628 2127 1675 ortum
2148 1620 2355 1692 alloqui
2386 1628 2649 1693 pastores,
2672 1638 2784 1677 non
2810 1630 3040 1694 possunt
3059 1631 3282 1695 propter
3300 1621 3543 1694 ejusdem

227 1702 381 1775 poris
418 1704 777 1763 festivitatem
809 1716 999 1764 nostra
1023 1710 1365 1766 solemnitas:
1390 1711 1664 1784 siquidem
1698 1718 1833 1767 tunc
1864 1730 1911 1791 Β
1942 1712 2149 1770 Christi
2210 1716 2471 1787 gaudium
2526 1734 2639 1773 non
2668 1718 2948 1790 inquirere
2980 1717 3305 1774 sacerdotes.
3343 1716 3544 1790 Siqui-

221 1801 557 1864 stupuerunt
590 1796 676 1852 illi
726 1796 844 1869 (14)
879 1805 1094 1853 tantum
1134 1807 1450 1855 nascentem
1480 1800 1779 1856 Dominum
1811 1816 1830 1868 ;

223 1897 330 1937 nos
359 1882 517 1940 illum
562 1884 898 1956 suspicimus
947 1895 1282 1956 nascentem,
1316 1895 1692 1960 resurgentem
1724 1904 1830 1961 pa-

226 1971 366 2027 riter
408 1982 461 2030 et
494 1983 834 2047 regnantem.
867 1976 1042 2032 Tanto
1070 1975 1241 2049 igitur
1271 1976 1561 2035 fecundior
1584 1976 1830 2033 laudatio

222 2077 347 2118 esse
376 2062 539 2120 debet
567 2063 736 2136 hujus
757 2064 1041 2137 temporis,
1074 2074 1281 2139 quanto
1309 2074 1438 2123 sunt
1477 2066 1686 2139 majora
1713 2066 1832 2122 mi-

219 2151 440 2207 racula.

299 2246 353 2302 2.
392 2246 497 2304 Sed
545 2249 806 2322 quoniam
834 2250 1058 2323 dignam
1087 2251 1535 2325 praedicationem
1565 2252 1831 2310 exhibere

213 2353 335 2393 non
372 2345 551 2410 potest
595 2340 835 2398 humana
878 2341 1144 2415 fragilitas
1173 2386 1188 2411 ,
1250 2341 1320 2398 ad
1364 2343 1683 2414 angelorum
1730 2358 1831 2400 nos

216 2429 500 2501 praeconia
551 2432 933 2502 conferamus;
980 2442 1036 2490 et
1064 2434 1196 2508 quia
1224 2435 1426 2491 merito
1456 2449 1548 2490 eos
1577 2433 1831 2507 aequipa-

215 2534 341 2575 rare
380 2535 493 2575 non
522 2537 833 2593 possumus,
867 2522 1163 2580 devotione
1192 2524 1559 2581 comitemur:
1592 2522 1699 2580 hoc
1726 2530 1829 2586 est.

225 2609 286 2664 in
315 2626 379 2666 ea
399 2610 724 2682 festivitate,
748 2613 935 2670 eadem
973 2631 1081 2688 qua
1108 2615 1193 2670 illi
1223 2615 1833 2684 laetitia,nosseutent1a

226 2700 621 2771 persultemus,
655 2702 937 2759 dicentes:
985 2727 1004 2751 ι
1031 2703 1222 2759 Gloria
1250 2704 1308 2759 in
1345 2704 1579 2760 excelsis
1606 2705 1740 2773 Deo,
1775 2712 1830 2760 et

229 2789 292 2844 in
349 2797 492 2847 terra
547 2808 654 2864 pax
703 2791 1025 2850 hominibus
1053 2793 1211 2850 bonas
1241 2794 1547 2851 voluntatis
1578 2795 1730 2866 (Luc.
1765 2811 1825 2863 ιι,

234 2878 377 2950 14).»
420 2881 596 2953 Digna
626 2883 786 2955 plane
814 2892 868 2940 et
894 2882 1044 2955 justa
1070 2883 1361 2952 sententia,
1394 2900 1514 2957 quae
1544 2883 1601 2939 in
1630 2884 1828 2939 nativi-

226 2978 341 3027 tate
387 2970 593 3028 Christi
632 2981 687 3029 et
720 2974 834 3031 Deo
876 2973 1143 3031 honorem
1174 2982 1525 3046 repraesentat
1555 2974 1614 3030 in
1652 2974 1824 3053 cmlis,

1941 1801 2067 1857 dem
2096 1811 2150 1858 et
2181 1804 2327 1877 quod
2357 1813 2492 1863 tunc
2522 1806 2588 1862 ad
2612 1806 2738 1862 illos
2766 1823 2929 1879 super
2957 1823 3171 1879 gregem
3200 1823 3359 1862 suum
3392 1805 3545 1878 vigi-

1942 1892 2044 1949 lias
2075 1893 2432 1951 observantes
2487 1902 2649 1952 nocte
2688 1895 3014 1968 intempesta
3044 1896 3214 1953 locuti
3255 1904 3407 1964 sunt,
3443 1895 3543 1952 hu-

1934 1981 2029 2055 jus
2056 1983 2323 2057 temporis
2343 1984 2672 2057 mysterium
2725 1984 3072 2059 designabat.
3104 1986 3240 2042 Nam
3272 1986 3371 2041 illo
3399 1984 3545 2043 facto

1940 2072 2047 2129 hoc
2075 2073 2268 2147 utique
2296 2074 2729 2143 monstrabatur,
2758 2091 2973 2147 gregem
2996 2075 3284 2148 populum,
3325 2083 3543 2132 noctem

1940 2162 2227 2232 saeculum,
2286 2163 2595 2220 sacerdotes
2650 2180 2766 2220 esse
2812 2174 3075 2236 pastores,
3108 2164 3202 2238 qui
3227 2163 3348 2237 jugi
3376 2179 3543 2237 super

1941 2250 2155 2323 plebem
2183 2250 2564 2308 sollicitudine
2595 2253 2889 2325 vigilantes
2909 2262 3131 2327 propter
3161 2253 3443 2312 Christum
3475 2252 3544 2309 ab

1942 2342 2151 2413 angelis
2181 2342 2414 2399 minime
2442 2343 2793 2401 deseruntur.

2011 2434 2064 2489 5.
2127 2433 2405 2490 Hodierna
2455 2434 2625 2507 igitur
2680 2434 2770 2490 die
2798 2434 3099 2491 secundum
3131 2449 3349 2491 carnem
3380 2441 3544 2491 natus

1940 2531 2022 2580 est
2066 2522 2440 2591 Dominus,ita
2470 2532 2699 2592 secreto,
2732 2524 2807 2579 ita
2840 2524 3086 2593 silentio,
3117 2532 3179 2579 ut
3209 2533 3393 2580 ortum
3426 2524 3545 2597 ejus

1941 2611 2206 2667 saeculum
2228 2611 2448 2684 penitus
2469 2610 3055 2684 ignoraret.lgnoravit
3088 2612 3235 2667 enim
3253 2613 3536 2680 saeculum;

1939 2702 2068 2775 quia
2131 2710 2187 2758 et
2242 2710 2399 2759 extra
2441 2701 2836 2759 conscientiam
2885 2701 3057 2774 patris
3087 2709 3248 2758 natus
3285 2710 3366 2759 est
3397 2702 3537 2775 (16),

1939 2800 1996 2848 et
2052 2799 2211 2848 extra
2254 2791 2509 2848 ordinem
2550 2799 2760 2847 natura:
2806 2800 3121 2863 conceptus.
3170 2792 3307 2847 Nam
3340 2791 3540 2865 Ioseph

1942 2890 2277 2955 conceptum
2325 2882 2570 2954 suscepit
2599 2881 2802 2950 ﬁlium,
2834 2897 2992 2954 quem
3025 2898 3136 2937 non
3165 2882 3355 2953 genuit
3388 2898 3399 2936 :
3431 2884 3541 2940 Ma-

1941 2973 2024 3029 ria
2075 2980 2292 3045 partum
2346 2970 2550 3044 posuit,
2604 2987 2767 3043 quem
2797 2986 2963 3027 sexus
2990 2971 3388 3029 consuetudine
3428 2988 3539 3029 non

223 3066 283 3116 et
327 3060 648 3119 hominibus
698 3079 885 3135 pacem
952 3073 1303 3137 repraesentat
1366 3064 1426 3121 in
1454 3064 1616 3121 terris
1644 3082 1657 3132 ;
1699 3072 1824 3119 ante
1861 3092 1904 3152 ο
1940 3062 2168 3120 creavit.
2201 3062 2292 3119 Sic
2320 3060 2489 3134 igitur
2509 3066 2672 3116 natus
2700 3068 2783 3117 est
2809 3060 3104 3130 Dominus,
3133 3069 3196 3117 ut
3224 3069 3406 3118 ortum
3423 3060 3540 3134 ejus

223 3148 527 3206 Salvatoris
582 3152 731 3208 enim
788 3160 973 3208 ortum
1029 3170 1131 3209 nec
1167 3153 1410 3211 coelestia
1457 3152 1822 3209 reverentiam

223 3237 567 3308 deferebant,
628 3257 729 3298 nec
777 3250 995 3299 terrena
1035 3243 1281 3317 requiem
1312 3242 1685 3317 possidebant.
1720 3242 1825 3299 Sed

224 3326 414 3385 videte
453 3330 587 3403 quid
634 3332 786 3389 dicat
816 3333 934 3407 ipsa
957 3335 1229 3391 sententia
1259 3353 1270 3391 :
1315 3358 1334 3381 ι
1359 3336 1473 3390 Pax
1503 3332 1826 3389 hominibus

221 3417 385 3473 bona:
428 3419 754 3477 voluntatis.
806 3446 825 3469 ι
886 3423 1008 3479 Non
1032 3423 1454 3497 quibuscunque
1481 3422 1823 3490 hominibus,

224 3505 323 3562 sed
350 3505 509 3563 bonas
542 3510 844 3568 voluntatis
878 3511 1219 3581 hominibus;
1244 3522 1306 3571 ut
1334 3513 1608 3586 intelligas
1637 3529 1823 3586 pacem

223 3595 435 3654 Christi
480 3615 593 3655 non
616 3600 791 3657 debiti
837 3618 973 3673 esse,
1004 3603 1099 3661 sed
1128 3603 1351 3660 meriti:
1389 3618 1501 3659 non
1526 3603 1674 3659 enim
1705 3617 1824 3658 eam

223 3693 470 3741 meretur
505 3688 774 3761 conditio,
805 3691 902 3749 sed
930 3693 1188 3751 voluntas
1220 3693 1360 3767 (15).

309 3789 457 3848 397
486 3792 539 3848 3.
562 3784 680 3846 Hac
703 3793 1079 3863 persultarunt
1104 3792 1283 3867 angeli
1313 3792 1374 3849 in
1411 3792 1509 3848 illa
1531 3799 1826 3865 nocte,qua

222 3890 474 3958 pastores
520 3890 836 3940 nascentem
888 3883 1191 3939 Dominum
1217 3897 1380 3955 super
1409 3898 1623 3955 gregem
1662 3897 1821 3936 suum

220 3972 446 4045 vigilias
472 3972 845 4042 observantes,
877 3990 986 4046 prie
1018 3973 1277 4030 omnibus
1301 3972 1467 4046 primi
1487 3971 1822 4040 didicerunt;

222 4062 333 4135 ipsi
382 4063 532 4119 enim
594 4063 763 4135 primi
832 4071 1016 4119 ortum
1090 4062 1391 4120 Salvatoris
1455 4070 1582 4118 ante
1634 4078 1827 4119 omnes

222 4150 501 4221 homines,
558 4152 949 4210 nuntiantibus
987 4153 1215 4227 angelis,
1266 4160 1628 4226 agnoverunt.
1671 4150 1826 4209 Unde

221 4258 337 4298 non
393 4242 599 4299 mirum
647 4250 729 4299 est
781 4242 929 4316 quod
985 4242 1417 4314 redemptionem
1466 4241 1654 4298 saeculi
1701 4250 1828 4297 ante

222 4339 471 4404 pastores
516 4333 705 4389 seculi
752 4339 1051 4405 potuerunt
1092 4330 1252 4400 scire,
1302 4347 1465 4404 quam
1512 4330 1820 4403 principes:

1939 3170 2103 3209 nemo
2140 3152 2392 3208 futurum
2438 3150 2830 3222 suspicaretur,
2882 3167 3045 3207 nemo
3074 3150 3339 3220 crederet,
3377 3168 3540 3208 nemo

1936 3242 2186 3298 sentiret.
2245 3239 2722 3308 Quemadmodum
2775 3236 3063 3296 crederent
3116 3240 3223 3296 hoc
3264 3240 3534 3308 futurum,

1936 3331 2084 3404 quod
2137 3338 2492 3404 posteaquam
2553 3329 2759 3386 factum
2792 3338 2895 3398 est,
2927 3329 3129 3386 factum
3158 3345 3273 3385 esse
3301 3329 3399 3385 vix
3425 3344 3536 3386 cre-

1936 3412 2077 3478 dunt
2102 3420 2132 3477 ?

2008 3511 2060 3567 6.
2118 3510 2257 3567 Nam
2315 3508 2463 3583 quod
2521 3509 2597 3566 ita
2646 3509 2880 3566 latenter
2922 3516 2977 3565 et
3012 3515 3220 3565 secreto
3285 3507 3537 3565 Salvator

1935 3600 2299 3658 descensurus
2357 3605 2498 3656 esset
2553 3598 2613 3654 in
2666 3597 2975 3671 Virginem,
3029 3597 3144 3671 jam
3181 3605 3309 3655 ante
3353 3597 3534 3655 David

1938 3690 2205 3763 propheta
2258 3696 2485 3746 testatus
2540 3695 2642 3757 est,
2693 3686 2911 3745 dicens:
2978 3711 2997 3735 ι
3039 3685 3343 3745 Descendet
3389 3686 3535 3745 sicut

1935 3779 2125 3853 pluvia
2168 3780 2228 3835 in
2272 3778 2451 3834 vellus
2498 3777 2674 3850 (Psal.
2706 3794 2863 3846 Lxxt,
2894 3776 2974 3850 6).
3007 3800 3026 3824 ι
3070 3776 3215 3844 Quid
3243 3776 3391 3833 enim
3416 3783 3532 3832 tam

1936 3869 2163 3926 silenter
2213 3876 2267 3925 et
2323 3867 2441 3925 sine
2506 3867 2740 3939 strepitu
2786 3867 2870 3935 ﬁt,
2919 3882 3082 3939 quam
3114 3883 3237 3922 cum
3270 3866 3447 3923 imber
3473 3867 3531 3923 in

1937 3961 2077 4019 lanae
2104 3961 2285 4016 vellus
2329 3957 2646 4015 infunditur
2665 3958 2694 4014 ?
2721 3957 2941 4014 Nullius
2978 3974 3136 4015 aures
3163 3975 3298 4014 sono
3328 3957 3533 4015 verbe-

1938 4060 2042 4117 rat,
2103 4048 2314 4106 nullius
2363 4063 2562 4119 corpus
2617 4046 2848 4102 humore
2895 4048 3197 4121 repercussi
3242 4048 3382 4105 roris
3409 4048 3528 4122 (17)

1936 4138 2222 4214 aspergit:
2283 4136 2377 4193 sed
2433 4135 2551 4191 sine
2607 4134 2995 4209 inquietudine
3048 4136 3298 4194 omnium
3352 4145 3527 4196 totum

1937 4230 2169 4289 imbrem
2200 4244 2297 4301 pcr
2326 4226 2663 4299 multiplices
2682 4228 2915 4285 eﬂ’usum
2941 4238 3120 4303 partes
3150 4237 3267 4287 toto
3305 4246 3532 4304 corpore

1937 4323 1994 4379 in
2051 4338 2109 4380 se
2158 4319 2352 4390 trahit,
2411 4318 2579 4376 unius
2634 4328 2846 4377 meatus
2898 4321 3193 4379 scissuram
3246 4323 3527 4391 nesciens,

219 4436 338 4477 non
372 4422 525 4478 enim
564 4421 747 4495 angeli
774 4422 1176 4478 nuntiaverunt
1218 4419 1456 4494 regibus,
1488 4435 1601 4476 non
1624 4418 1823 4492 judici-
1850 4450 1899 4510 Β
1937 4412 2116 4469 solida
2162 4409 2398 4467 mollitie
2436 4410 2622 4483 plures
2678 4411 2923 4484 praebens
2977 4420 3224 4470 meatus:
3284 4420 3338 4470 et
3379 4410 3527 4486 quod

292 4545 414 4616 (13)
444 4545 601 4619 Edit.
628 4546 877 4619 quaedam
910 4545 1109 4619 Paris.,
1140 4544 1387 4601 Natalem
1432 4544 1651 4601 Domini
1672 4560 1816 4615 pra:-

215 4619 463 4746 fiedamus
494 4616 661 4685 ;aliai
682 4633 895 4687 omnes,
924 4616 1298 4690 pradieemus:
1342 4633 1474 4674 mss.
1502 4633 1656 4684 vero,
1679 4633 1815 4688 pm-

256 4706 406 4745 icem.

256 4706 406 4745 icem.

291 4760 413 4842 (14)
447 4760 573 4817 Mss.
615 4759 850 4842 aliquot,
868 4766 994 4842 tunc
1029 4767 1369 4842 susceperunt
1395 4761 1500 4842 illi.
1543 4762 1617 4816 At
1646 4758 1813 4827 infra,

215 4831 318 4888 ubi
350 4831 540 4904 omnes
571 4831 803 4890 editiac
830 4834 1016 4904 plures
1041 4831 1209 4904 mssf,
1232 4833 1545 4904 suscipimus
1583 4846 1817 4885 nascen-

218 4910 341 4977 tem,
370 4903 570 4977 melius
589 4905 763 4961 codex
783 4903 983 4977 Lugd.,
1016 4903 1330 4977 suspicimus
1345 4903 1655 4977 nascentem.

291 4975 412 5047 (15)
464 4975 588 5033 Vet.
634 4977 795 5045 edit.,
848 4972 954 5031 non
1007 4972 1147 5030 enim
1198 4991 1314 5029 eam
1342 4975 1522 5030 meriti
1557 4972 1731 5044 angeli
1757 4972 1817 5027 in

215 5064 277 5103 ea
321 5053 488 5116 nocte,
546 5065 707 5119 quam
735 5053 998 5129 pastores
1022 5051 1312 5129 nascentem
1340 5047 1628 5128 Dominum
1654 5059 1817 5125 super

216 5135 419 5245 gregem
482 5135 636 5174 suum
690 5119 903 5191 vigilias
927 5119 1274 5184 observantes,
1301 5119 1470 5187 primi
1491 5134 1609 5190 prae
1635 5119 1811 5170 omni-

226 5207 340 5268 _us_
368 5189 733 5268 didicerunt...
769 5190 1167 5268 intimantibus_
1190 5189 1391 5268 angelis
1445 5193 1811 5268 cognoverunt.

223 5261 368 5319 υτιάε
393 5261 593 5316 mirum
619 5268 694 5320 est
724 5264 865 5333 quod
888 5262 1047 5334 prius
1073 5259 1479 5334 redemptionem
1510 5259 1702 5334 sieeuli
1718 5274 1814 5334 po-

219 5338 436 5406 tuerunt
488 5334 622 5389 scire
675 5329 844 5406 quam,
863 5405 867 5406 ί
888 5329 1225 5406 principes...
1245 5329 1402 5388 ‘Non
1429 5348 1549 5403 ergo
1570 5330 1687 5400 jam
1718 5329 1813 5384 mi-

218 5405 454 5461 randum
483 5410 577 5460 est.
600 5403 757 5463 Rom.
785 5403 944 5474 edit.,
973 5403 1085 5461 non
1109 5403 1247 5460 enim
1282 5419 1400 5458 eam
1426 5409 1656 5458 meretur
1683 5417 1817 5456 con-

216 5476 374 5543 ditio,
426 5476 516 5550 sed
561 5478 824 5550 uoluntas.
856 5478 1007 5535 Hanc
1022 5482 1262 5550 pastores
1290 5492 1351 5550 ea
1373 5481 1534 5550 nocte,
1558 5491 1687 5550 qua,
1721 5489 1813 5550 na-

216 5555 384 5604 scente
419 5546 669 5632 Domino,
719 5565 884 5630 super
925 5543 1147 5632 ‘gre-gem
1179 5546 1408 5632 'vigili‘as
1451 5543 1812 5632 observabant,

216 5638 331 5693 prae
349 5618 594 5677 omnibus
640 5618 805 5692 primi
830 5618 1139 5680 audierunt.
1168 5618 1284 5693 Ipsi
1314 5618 1611 5677 Salvatoris
1638 5620 1816 5674 ortum

1919 4543 2088 4617 primi
2139 4548 2260 4598 ante
2295 4558 2476 4617 omnes
2502 4542 2755 4617 hontines,
2786 4542 3157 4617 intimantibus
3184 4541 3424 4617 angelis,
3447 4557 3529 4596 co-

1923 4612 2213 4689 gnoverunt
2228 4633 2273 4689 ,{_
2302 4616 2478 4687 angeli
2526 4615 2665 4689 enim
2711 4630 2818 4669 non
2841 4614 3068 4689 regibus,
3100 4629 3208 4689 non
3227 4612 3523 4689 judicibus,

1924 4682 2013 4743 sed
2055 4687 2351 4743 hominibus
2377 4682 2692 4741 'rusticanis
2724 4682 2915 4740 διεθηιὶ
2935 4685 3341 4753 redemptionem
3367 4682 3525 4751 prius

1925 4759 2403 4814 annuntiaverunt.
2463 4757 2568 4811 Nec
2619 4755 2819 4810 mirum
2872 4755 2938 4822 si,
2996 4762 3101 4810 etc.
3136 4754 3245 4812 Nos
3272 4754 3456 4810 locum
3494 4768 3523 4809 θ

1924 4846 2057 4885 mss.
2088 4828 2268 4883 tribus
2289 4826 2652 4882 restituimus.

2000 4900 2116 4971 (16)
2146 4900 2306 4971 Βοω.
2334 4896 2472 4951 edit.
2514 4898 2651 4963 sola,
2678 4895 3286 4971 patris_conceptus,_et..
3309 4900 3525 4952 natura:

1923 4966 2104 5026 natus;
2132 4970 2541 5040 Consequenter
2570 4966 2753 5040 autem
2783 4966 2879 5023 ubi
2910 4982 3101 5023 omnes
3118 4966 3263 5040 edit.
3294 4983 3374 5040 ac,
3389 4983 3522 5024 mss.

1923 5041 2204 5108 nonnulli,
2250 5036 2375 5094 nam
2427 5039 2617 5109 Ioseph
2662 5044 2980 5110 conceptum,
3036 5036 3160 5095 cod.
3227 5039 3402 5111 Lugd.
3462 5055 3526 5098 ac

1923 5113 2061 5170 Silv.
2115 5127 2307 5168 vocem
2352 5116 2662 5182 conceptum
2706 5126 2819 5166 non
2880 5117 3206 5182 agnoscunt.
3237 5111 3523 5167 Postremo

1921 5184 2020 5241 ubi
2073 5198 2265 5239 omnes
2305 5181 2465 5250 edit.,
2506 5181 2727 5256 partum
2768 5181 2953 5251 edidit,
2986 5198 3179 5239 omnes
3207 5199 3338 5240 mss.
3372 5199 3521 5256 pra-

1923 5257 2128 5323 ferunt,
2149 5261 2369 5326 partum
2393 5254 2595 5326 posuit.

1998 5327 2114 5399 (17)
2147 5324 2350 5399 Omnes
2378 5324 2536 5399 edit.,
2576 5326 2984 5398 repercussionis
3008 5326 3264 5399 aspergit:
3294 5326 3383 5383 sed
3407 5325 3521 5383 sine

1922 5398 2278 5470 inquietudine
2332 5398 2637 5470 hominum;
2690 5400 2872 5470 Rom.,
2928 5398 3106 5470 ovium
3144 5398 3331 5468 totum,
3381 5405 3511 5470 etc.;

1922 5468 2135 5545 omnes
2160 5486 2289 5545 mss.
2321 5477 2383 5526 ut
2414 5469 2472 5545 in
2499 5477 2785 5545 contextu,
2816 5468 2925 5525 nisi
2956 5469 3102 5544 quod
3139 5487 3238 5545 pro
3274 5470 3421 5529 roris
3460 5469 3518 5528 in

1923 5541 2098 5615 Lugd.
2121 5541 2372 5611 habetur,
2403 5540 2563 5614 foris.
2592 5540 2714 5598 Non
2745 5548 2910 5598 recte.
