3864 6188
424 241 531 299 635

1440 251 1538 307 ΔΙ)
1577 251 1812 310 ΟΡΕΒΑ
1847 252 1904 309 S.
1932 253 2263 313 AMBROSII
2301 258 2681 319 APPENDIX.

3642 274 3745 334 636

423 376 670 431 clausum
719 377 940 434 videtur
986 395 1083 450 per
1130 379 1485 447 densitatem,
1540 390 1621 437 est
1643 384 1891 454 patulum
1924 402 2019 457 per
2044 390 2093 448 A
2127 389 2272 460 quod
2323 390 2492 462 Virgo
2542 392 2834 464 peperit.Si
2868 403 3058 452 autem
3090 408 3287 471 praeter
3314 401 3550 459 solitum
3585 408 3743 463 nati-

422 466 770 524 tenuitatem.

496 557 553 614 7.
595 557 761 615 Recte
816 578 942 633 ergo
972 562 1196 617 Mariam
1228 562 1423 617 velleri
1476 578 1871 635 comparamus,
1904 582 2024 638 qum

423 645 501 702 ita
559 649 812 721 concepit
859 650 1181 719 Dominum,
1213 660 1272 706 ut
1315 659 1432 706 toto
1470 668 1593 707 eum
1632 652 1880 711 hauriret
1906 674 2022 712 cor-

421 756 571 811 pore,
632 758 733 797 nec
779 740 1023 812 ejusdem
1085 742 1377 798 scissuram
1410 744 1659 815 corporis
1693 754 1973 817 pateretur
2006 766 2017 803 :

420 830 513 884 sed
551 837 690 883 esset
720 830 904 884 mollis
931 831 999 885 ad
1028 830 1379 903 obsequiam,
1412 833 1590 888 solida
1626 835 1691 890 ad
1724 837 2020 892 sanctimo-

419 916 595 971 nium.
626 919 810 985 Recte,
870 918 1115 991 inquam,
1158 920 1329 975 Maria
1357 922 1548 977 velleri
1581 928 2021 996 comparatur,de

417 1022 580 1076 cujus
632 1006 815 1061 fructu
864 1009 1127 1063 salutaria
1174 1010 1392 1082 populis
1449 1012 1781 1069 vestimenta
1810 1022 2021 1072 texun-

416 1103 526 1150 tur.
556 1094 749 1151 Vellus
780 1097 939 1168 plane
961 1098 1131 1153 Maria
1153 1107 1269 1166 est;
1304 1099 1575 1171 siquidem
1607 1101 1674 1157 de
1706 1104 1861 1158 molli
1892 1105 2018 1161 sinu

414 1183 532 1255 ejus
557 1202 729 1257 agnus
762 1202 1009 1257 egressus
1030 1195 1131 1255 est,
1160 1189 1255 1261 qui
1287 1198 1340 1245 et
1373 1190 1486 1262 ipse
1508 1191 1701 1247 matris
1738 1193 2013 1263 laniciem,

414 1272 521 1329 hoc
565 1281 647 1330 est
711 1291 952 1343 carnem,
1003 1285 1239 1347 gestans,
1272 1279 1427 1335 molli
1459 1282 1662 1337 vellere
1690 1292 2013 1341 cunctorum

412 1363 593 1435 operit
658 1365 891 1420 vulnera
945 1369 1299 1439 p0pulorum.
1362 1370 1538 1427 Omne
1599 1374 1748 1429 enim
1805 1375 2014 1448 peccati

409 1454 618 1508 vulnus
644 1452 852 1510 Christi
880 1455 1005 1511 lana
1033 1457 1393 1527 suffunditur,
1428 1460 1632 1518 Christi
1658 1463 1877 1519 fovetur
1896 1482 2012 1520 san-

410 1542 607 1614 guine;
642 1551 779 1600 etut
810 1544 1101 1603 sanitatem
1145 1548 1399 1621 recipiat,
1434 1549 1643 1609 Christi
1684 1553 2013 1613 indumento

408 1631 663 1689 vestitur.

1033 1774 1269 1834 SERMO
1303 1778 1398 1836 VI.

880 1881 958 1937 De
982 1881 1163 1938 Natali
1192 1883 1417 1941 Domini
1448 1886 1543 1943 IV.

413 2003 572 2057 Totus
625 2003 791 2073 ferme
817 2003 873 2079 in
911 2022 967 2059 eo
1009 2014 1275 2072 versatur,
1305 2010 1446 2079 quod
1474 2011 1674 2067 natalis
1702 2012 1918 2069 Domini
1945 2031 2001 2070 eo

476 2085 703 2151 tempore
754 2077 835 2151 sol
868 2093 1035 2151 nonus
1068 2077 1358 2148 dicebatur,
1390 2082 1449 2136 id
1475 2088 1567 2151 est,
1590 2100 1765 2138 annus
1792 2102 1994 2141 novus:

473 2147 899 2227 quandoquidem
917 2150 983 2227 ab
1008 2168 1075 2227 ea
1104 2150 1187 2205 die
1211 2147 1670 2227 annusgquondam
1696 2156 1997 2227 incipiebat.

484 2219 698 2297 Videtur
723 2226 896 2274 autem
922 2219 1425 2297 ejusdemauctoris
1456 2242 1563 2280 esse
1594 2227 1676 2281 hic
1704 2219 1999 2297 sermo,cu-

461 2287 558 2374 jus
608 2296 684 2374 est
735 2287 962 2374 quartus
995 2294 1352 2374 superiorum,
1407 2313 1524 2351 cum
1570 2298 1665 2374 sub
1703 2299 1857 2371 finem
1879 2287 1999 2374 ejus

470 2360 757 2437 admodum
785 2362 985 2437 similia
1014 2360 1085 2419 eis
1116 2360 1373 2436 legantur,
1406 2385 1521 2437 qua:
1549 2370 1611 2423 de
1638 2360 1850 2426 lucerna
1870 2360 1999 2427 solis

465 2431 672 2510 praevia
698 2432 779 2510 hic
804 2431 1179 2510 disseruntur:
1199 2431 1538 2505 Quod-autem
1569 2442 1631 2495 de
1656 2440 1813 2510 fabro
1844 2444 1993 2499 habe-

468 2519 587 2557 mus
630 2502 791 2585 infra
834 2523 981 2585 nam.
1042 2509 1093 2585 _7,
1126 2508 1184 2563 in
1214 2502 1371 2585 Serm.
1406 2511 1529 2568 135.
1580 2502 1720 2585 Aug.
1749 2514 1991 2585 Append.

466 2574 905 2651 reperireestised
919 2574 1289 2651 illudiquoque
1308 2582 1518 2637 ductum
1542 2574 1751 2639 videtur
1776 2574 1849 2639 ea:
1869 2586 1993 2641 Am-

466 2644 639 2701 brosio
673 2648 763 2726 in.
788 2649 998 2717 Lucam,
1033 2644 1121 2726 lio.
1164 2644 1246 2720 ιιί,
1282 2654 1423 2709 circa
1449 2655 1680 2710 initium.
1712 2658 1854 2713 Unde
1880 2656 1993 2726 for-

475 2722 521 2771 te
546 2735 618 2772 an
668 2718 829 2788 hujus
870 2723 1128 2777 sermonis
1160 2718 1427 2781 auctorem
1455 2743 1560 2781 esse
1588 2727 1791 2782 beatum
1818 2718 1995 2787 Maxi-

460 2804 607 2843 mum
637 2790 787 2846 liceat
814 2792 1091 2863 conjicere.

467 2913 518 2968 1.
558 2912 705 2969 Bene
736 2915 1143 2987 quodammodo
1173 2928 1423 2978 sanctum
1457 2920 1605 2979 hunc
1644 2923 1789 2979 diem
1817 2924 1992 2982 Nata-

393 3001 462 3056 lis
509 3002 734 3057 Domini
784 3006 955 3060 solem
998 3024 1203 3064 novum
1239 3011 1438 3082 vulgus
1463 3012 1721 3082 appellat,
1760 3020 1814 3068 et
1841 3022 1992 3071 tanta

2138 477 2279 533 vitas
2298 480 2592 545 exstitit,et
2622 492 2818 554 praeter
2846 487 3067 542 solitum
3088 488 3353 562 obsequia
3380 501 3517 548 sunt
3538 493 3738 552 delata.

2132 570 2277 641 Ergo
2323 572 2534 629 oriente
2581 575 2839 644 Domino,
2874 587 3117 649 pastores
3146 583 3509 654 pervigilant,
3543 592 3742 646 exsul-

2131 663 2250 713 tant
2307 661 2510 731 angeli,
2563 664 2643 717 sol
2700 664 3046 737 obsequitur,
3105 670 3265 725 stella
3310 672 3643 734 famulatur.
3674 680 3740 736 Et

2132 746 2354 818 quidem
2386 750 2566 820 angeli
2590 753 2676 807 vel
2709 761 2952 824 pastores
2984 757 3181 828 gaudia
3211 776 3310 815 sua
3340 778 3480 818 voce
3512 766 3602 821 vel
3634 785 3736 822 ser-

2131 836 2390 893 monibus
2418 852 2856 912 prosequuntur:
2892 845 3160 903 elementa
3189 857 3375 905 autem
3406 851 3513 907 ista
3544 857 3735 926 gaudia

2131 928 2383 1000 sua,quia
2430 947 2565 986 voce
2588 948 2698 987 non
2731 942 2983 1004 poterant
3015 938 3156 1009 (18),
3190 940 3378 997 oﬂicio
3408 952 3729 1014 protestan-

2128 1026 2237 1075 tur.
2286 1021 2377 1075 Sol
2432 1022 2603 1094 igitur
2637 1033 2835 1096 praeter
2861 1029 3320 1086 consuetudinem
3343 1032 3404 1087 in
3436 1033 3545 1091 hac
3576 1037 3733 1094 festi-

2126 1108 2296 1164 vitate
2340 1112 2647 1167 matutinus
2708 1114 2921 1170 illuxit.
2972 1117 3081 1173 Nec
3131 1119 3360 1175 mirum.
3397 1120 3456 1176 Si
3486 1125 3639 1180 enim
3667 1128 3730 1183 ad

2124 1198 2251 1253 Jesu
2280 1198 2444 1254 .Nave
2492 1202 2795 1259 orationem
2826 1203 3043 1261 deﬁxus
3072 1208 3223 1263 stetit
3253 1209 3313 1263 in
3337 1210 3431 1266 die
3462 1212 3647 1283 (Iosue
3674 1233 3728 1284 Χ,

2127 1288 2241 1360 13),
2291 1306 2391 1345 cur
2437 1307 2547 1347 non
2600 1293 2669 1349 ad
2722 1296 2851 1351 Jesu
2881 1296 3085 1353 Christi
3117 1299 3470 1357 nativitatem
3499 1303 3728 1362 festinus

2124 1389 2473 1449 promoveret
2502 1381 2560 1436 in
2590 1391 2752 1439 nocte
2774 1384 2802 1440 ‘?

2194 1471 2247 1527 3.
2277 1472 2460 1528 Solem
2496 1475 2665 1548 igitur
2684 1494 2893 1534 novum
2914 1478 3059 1537 hanc
3079 1480 3225 1537 diem
3244 1485 3449 1557 vulgus
3464 1491 3718 1562 appellat;

2121 1567 2175 1615 et
2210 1578 2336 1618 cum
2375 1563 2513 1619 dicit
2540 1581 2768 1633 novum,
2791 1567 2981 1639 utique
3002 1576 3057 1624 et
3090 1578 3333 1627 veterem
3356 1590 3478 1631 esse
3497 1576 3715 1634 demon-

2118 1658 2256 1707 strat
2284 1670 2296 1708 :
2331 1663 2573 1710 veterem
2603 1664 2784 1712 autem
2815 1657 3054 1715 dixerim
3094 1659 3263 1733 hujus
3294 1666 3493 1721 mundi
3523 1671 3710 1737 solem,

2036 1746 2083 1807 B
2117 1741 2213 1814 qui
2240 1742 2606 1799 defectionem
2635 1745 2861 1816 patitur,
2913 1748 3005 1820 qui
3031 1749 3334 1820 parietibus
3379 1756 3713 1828 excluditur,

2114 1830 2210 1902 qui
2266 1831 2509 1888 nubibus
2564 1832 2924 1903 obscuratur;
2991 1846 3229 1895 veterem
3254 1841 3499 1899 dixerim
3525 1847 3710 1915 solem,

2113 1922 2209 1994 qui
2246 1922 2478 1979 vanitati
2511 1924 2777 1997 subjacet,
2809 1927 2902 1999 qui
2934 1931 3349 2002 corruptionem
3399 1936 3711 2010 metuit,qui

2106 2010 2382 2083 judicium
2442 2013 2801 2084 pertimescit.
2856 2016 3133 2090 Scriptum
3199 2030 3283 2078 est
3329 2023 3527 2081 enim:
3571 2049 3592 2073 ‹
3621 2027 3706 2083 Sol

2110 2108 2465 2157 convertetur
2523 2101 2581 2156 in
2641 2102 2927 2173 tenebras,
2977 2115 3032 2163 et
3095 2108 3227 2163 luna
3273 2109 3331 2166 in
3388 2115 3704 2186 sanguinem

2113 2189 2252 2259 (Joel
2310 2208 2374 2257 ιι,
2429 2190 2545 2262 31).
2613 2216 2632 2240 ι
2706 2193 2984 2265 Veterem,
3043 2197 3294 2271 inquam,
3322 2201 3584 2271 dixerim,
3615 2207 3702 2277 qui

2109 2283 2409 2340 sceleribus
2458 2284 2695 2340 interest
2733 2284 3046 2355 hominum,
3092 2289 3238 2348 facta
3281 2292 3554 2350 adulteria
3596 2313 3701 2352 nou

2107 2374 2330 2447 refugit,
2376 2377 2743 2434 homicidium
2788 2394 2899 2433 non
2949 2380 3212 2439 declinat.
3259 2386 3333 2441 Et
3373 2403 3499 2443 cum
3546 2406 3701 2444 omne

2106 2481 2277 2537 genus
2331 2466 2621 2523 hominum
2680 2469 2821 2524 nolit
2874 2484 2988 2525 esse
3019 2471 3289 2541 medium,
3325 2492 3453 2531 cum
3483 2477 3699 2550 aliquod

2105 2554 2317 2611 crimen
2345 2556 2683 2624 admittitur,
2718 2556 2810 2614 hic
2834 2558 2984 2615 solus
3024 2558 3082 2614 in
3118 2563 3338 2620 cunctis
3362 2564 3697 2623 facinoribus

2103 2657 2229 2706 stat.

2178 2741 2232 2797 4.
2266 2742 2412 2814 Ergo
2441 2742 2569 2814 quia
2598 2742 2749 2802 hunc
2783 2752 3023 2802 veterem
3057 2764 3174 2805 esse
3205 2750 3564 2808 manifestum
3598 2760 3692 2820 est,

2102 2849 2309 2888 novum
2350 2849 2509 2906 quem
2542 2833 2651 2890 nisi
2682 2835 2963 2893 Christum
2993 2840 3293 2897 Dominum
3323 2843 3695 2914 reperiemus?

2101 2920 2169 2977 de
2228 2939 2337 2995 quo
2392 2923 2659 2996 scriptum
2725 2933 2851 2982 est:
2924 2950 2942 2973 ι
2991 2928 3217 2985 Orietur
3253 2931 3412 2987 vobis
3459 2933 3576 3005 (19)
3616 2933 3691 2987 sol

2095 3009 2329 3082 justitiae
2364 3012 2620 3083 (Malach.
2655 3031 2733 3083 1v,
2765 3014 2853 3085 3);
2890 3040 2907 3063 ι
2951 3017 3019 3073 de
3048 3034 3157 3090 quo
3180 3018 3351 3074 etiam
3381 3037 3451 3075 ex
3469 3037 3693 3093 persona

392 3090 716 3149 auctoritate
746 3097 893 3156 398
940 3094 996 3151 id
1019 3097 1332 3166 conﬁrmat,
1367 3107 1430 3155 ut
1474 3099 1651 3156 Judaei
1691 3102 1854 3157 etiam
1899 3111 1993 3160 at-
2024 3111 2067 3171 ί]
2102 3108 2449 3171 peccatorum
2503 3100 2640 3157 dicit
2678 3104 2981 3176 propheta:
3056 3129 3074 3153 ‹
3122 3106 3215 3162 Sol
3260 3124 3371 3163 non
3418 3090 3502 3165 est
3546 3119 3690 3165 ortus

390 3199 495 3256 que
543 3187 773 3258 gentiles
803 3190 861 3247 in
898 3190 1002 3249 hac
1030 3209 1164 3249 voce
1196 3193 1565 3250 consentiant.
1600 3194 1757 3263 Quod
1798 3197 1989 3253 liben-

387 3282 472 3331 ter
526 3279 971 3352 amplectendum
1036 3284 1195 3340 nobis
1224 3291 1304 3340 est
1334 3303 1348 3352 ;
1407 3286 1538 3358 quia
1566 3286 1778 3343 oriente
1806 3287 1989 3344 Salva-

385 3374 505 3424 tore
543 3387 654 3427 non
710 3373 887 3427 solum
948 3373 1180 3429 humani
1236 3377 1451 3447 generis
1495 3378 1662 3444 salus,
1696 3378 1791 3434 sed
1820 3381 1987 3436 etiam

384 3460 519 3515 solis
550 3461 724 3533 ipsius
752 3462 973 3517 claritas
1003 3462 1331 3533 innovatur,
1363 3468 1508 3523 sicut
1533 3468 1610 3523 ait
1640 3470 1937 3540 Apostolus
1970 3488 1983 3526 :

382 3548 455 3603 Ut
510 3564 606 3618 per
660 3549 842 3619 ipsum
915 3572 935 3597 ‹
988 3558 1322 3608 restauraret
1379 3556 1586 3625 omnia,
1629 3557 1745 3613 sive
1778 3575 1899 3631 quae
1930 3559 1987 3615 in

379 3634 534 3688 caelis
590 3636 707 3690 sive
753 3651 873 3708 qua:
931 3636 989 3691 in
1037 3646 1187 3694 terra
1216 3649 1349 3695 sunt
1387 3644 1608 3714 (Ephes.
1640 3661 1679 3712 ι,
1718 3646 1831 3716 10),
1868 3672 1886 3697 ι
1928 3647 1985 3703 Si

379 3723 527 3779 enim
558 3724 891 3782 obscuratur
920 3729 1026 3797 sol,
1065 3745 1191 3784 cum
1224 3730 1478 3787 Christus
1508 3733 1738 3803 patitur,
1766 3750 1985 3794 necesse

378 3820 460 3868 est
494 3812 652 3869 illum
695 3815 1047 3888 splendidius
1073 3818 1238 3875 solito
1268 3820 1605 3892 lucere,cum
1628 3825 1891 3881 nascitur.
1913 3828 1985 3883 Et

375 3901 420 3957 si
473 3903 679 3960 Iudaeis
734 3915 970 3964 mortem
1032 3910 1390 3982 operantibus
1435 3912 1678 3971 offundit
1733 3916 1984 3975 tenebras

378 3993 531 4064 (Luc.
561 4014 728 4066 χχιιι,
777 3997 896 4071 44),
939 4019 1040 4058 cur
1069 4019 1178 4060 non
1208 4004 1393 4061 Mariae
1424 4006 1756 4078 parturienti
1785 4008 1980 4079 vitam,

373 4081 637 4141 exhibeat
661 4086 1002 4147 claritatem?
1035 4093 1147 4149 Aut
1167 4109 1334 4166 quare
1366 4112 1475 4152 non
1507 4097 1793 4154 credamus
1812 4099 1979 4172 quod,

374 4191 631 4237 nascente
683 4183 928 4255 Christo,
979 4191 1061 4245 sol
1092 4190 1161 4245 ad
1193 4192 1521 4265 obsequium
1557 4195 1795 4252 lucidior
1823 4197 1981 4254 adve-

374 4269 539 4336 nerit,
575 4286 704 4326 cum
726 4288 912 4344 magos
931 4276 999 4331 ad
1023 4277 1295 4335 indicium
1319 4283 1522 4338 clarior
1553 4286 1713 4340 stella
1742 4303 1981 4359 praeces-

373 4360 540 4416 serit?
558 4361 696 4418 Etsi
717 4363 879 4418 stella
895 4364 1041 4422 diem
1063 4369 1229 4425 alieni
1254 4374 1518 4445 temporis
1539 4377 1782 4433 ofﬁcium
1802 4379 1980 4436 mini-

371 4539 525 4597 boris
553 4540 963 4614 aliquantulum
992 4544 1234 4603 adventu
1263 4551 1566 4608 maturiore
1590 4554 1922 4627 decerpserit
1947 4560 1976 4617 ‘P

369 4631 457 4687 Ex
486 4648 551 4688 eo
582 4632 820 4709 denique
849 4634 1053 4692 factum
1086 4643 1219 4710 puto
1247 4646 1307 4694 ut
1336 4657 1447 4696 nox
1479 4639 1971 4715 decresceret,dum

369 4722 451 4778 sol
475 4721 711 4780 festinus
730 4722 800 4779 ob
822 4726 1128 4784 Dominicaz
1157 4729 1477 4786 Nativitatis
1498 4732 1822 4807 obsequium
1844 4745 1970 4793 ante

367 4812 576 4868 mundo
627 4814 802 4871 lucem
833 4817 1087 4889 protulit,
1119 4834 1283 4892 quam
1316 4838 1429 4877 nox
1458 4839 1684 4879 cursum
1706 4824 1791 4880 sui
1819 4832 1970 4882 tem-

366 4900 515 4972 poris
548 4914 975 4962 consummaret.

438 4989 644 5058 2.Quin
709 4994 895 5066 potius
950 4996 1124 5070 ipsam
1180 5008 1399 5057 noctem
1459 5001 1629 5059 fuisse
1659 5021 1771 5061 non
1818 5006 1963 5078 dico,

367 5095 472 5137 nec
520 5082 729 5156 aliquid
784 5085 1142 5145 obscuritatis
1188 5089 1465 5161 habuisse,
1499 5094 1558 5149 in
1590 5111 1698 5168 qua
1726 5106 1967 5169 pastores

363 5172 719 5245 pervigilant,
758 5181 1040 5237 exsultant
1065 5184 1265 5253 angeli,
1308 5193 1455 5242 astra
1484 5187 1825 5244 deserviunt.
1856 5191 1967 5247 Nec

364 5261 554 5318 mirari
611 5263 875 5323 debemus
939 5271 1087 5342 quod
1143 5272 1201 5327 in
1249 5275 1541 5331 nativitate
1571 5278 1779 5335 Christi
1821 5296 1966 5337 nova

363 5353 551 5410 omnia
610 5356 754 5414 facta
811 5369 960 5429 sunt,
1021 5379 1147 5419 cum
1179 5380 1387 5421 novum
1427 5366 1532 5423 ho'c
1560 5368 1741 5441 ipsum
1774 5371 1962 5441 fuerit,

438 5530 531 5597 (18
592 5533 671 5587 Lu
709 5535 765 5590 d.
799 5537 996 5606 codex,
1025 5556 1133 5609 qua
1152 5556 1270 5596 voce
1291 5549 1558 5613 poterant.

441 5531 557 5672 (19)
587 5552 773 5661 Coget:
808 5607 1084 5672 Valliscl.,
1117 5612 1321 5668 orietur
1344 5614 1514 5672 nobis.
1544 5631 1558 5670 ε

441 5598 557 5672 (19)
587 5598 773 5661 Codex
808 5598 1084 5678 Vallis'cl-n
1117 5598 1321 5668 orietur
1344 5614 1514 5683 nobis,
1544 5598 1648 5671 etc.

2099 3187 2281 3255 nobis,
2339 3196 2394 3243 et
2431 3187 2666 3260 justitiaa
2711 3194 2898 3249 lumen
2931 3211 3044 3250 non
3076 3196 3223 3252 luxit
3251 3199 3415 3254 nobis
3446 3199 3600 3272 (Sap.
3636 3217 3685 3268 ι’,

2099 3284 2180 3355 6).
2215 3310 2234 3333 ι
2276 3284 2380 3340 Hic
2410 3286 2557 3342 enim
2589 3289 2692 3357 sol,
2726 3306 2852 3345 cum
2883 3291 3091 3349 diaboli
3120 3294 3365 3350 tenebris
3401 3296 3686 3351 universus

2098 3375 2341 3430 mundus
2360 3382 2501 3431 esset
2529 3392 2841 3448 oppressus,
2858 3387 2911 3435 et
2935 3381 3112 3453 caligo
3140 3383 3341 3439 referta
3370 3384 3688 3440 criminibus

2096 3462 2361 3518 saeculum
2406 3463 2729 3536 possideret,
2780 3467 3036 3540 dignatus
3080 3479 3162 3527 est
3192 3471 3396 3528 ultimo
3427 3481 3682 3546 tempore,

2096 3549 2202 3608 hoc
2250 3560 2352 3621 est,
2412 3552 2769 3611 incumbente
2789 3555 2902 3628 jam
2934 3565 3117 3628 nocte,
3151 3568 3333 3616 ortum
3364 3578 3478 3618 sua:
3497 3562 3685 3619 nativi-

2095 3640 2225 3697 tatis
2253 3640 2567 3698 infundere.
2619 3642 2805 3715 Primo
2843 3647 3066 3719 quidem
3098 3657 3226 3705 ante
3256 3651 3461 3718 lucem,
3490 3651 3595 3708 hoc
3612 3658 3685 3706 est

2093 3737 2385 3803 antequam
2418 3731 2763 3788 illuminaret
2792 3733 3025 3806 justitiee
3044 3738 3147 3805 sol,
3172 3739 3328 3794 velut
3357 3740 3680 3795 matutinum

2093 3823 2370 3895 quoddam
2416 3824 2808 3899 prophetarum
2851 3826 3003 3884 misit
3032 3831 3344 3899 oraculum,
3377 3836 3523 3890 sicut
3546 3833 3681 3890 scri-

2094 3933 2259 3995 ptum
2312 3933 2394 3981 est
2428 3943 2440 3980 :
2479 3950 2496 3972 -
2529 3925 2806 3983 Mittebam
2842 3925 3142 3998 prophetas
3173 3943 3323 3985 meos
3354 3938 3484 3987 ante
3513 3932 3678 3987 lucem

2097 4010 2312 4082 (Jerem.
2346 4028 2448 4080 vn,
2480 4012 2598 4085 25).
2631 4039 2648 4062 ι
2685 4014 2878 4070 Postea
2904 4030 3036 4070 vero
3062 4014 3180 4087 ipse
3198 4033 3325 4073 cum
3359 4018 3477 4075 suis
3501 4017 3678 4085 radiis,

2092 4099 2197 4156 hoc
2238 4106 2320 4156 est
2366 4117 2493 4157 cum
2533 4104 2907 4175 apostolorum
2953 4120 3180 4160 suorum
3208 4104 3425 4179 fulgore
3455 4109 3677 4180 resplen-

2090 4188 2233 4257 duit,
2293 4205 2357 4246 ac
2410 4196 2563 4245 tanta
2602 4191 2796 4247 mundi
2827 4192 3120 4264 caliginem
3154 4194 3408 4251 veritatis
3437 4197 3557 4253 luce
3582 4195 3679 4251 dis-

2090 4278 2283 4348 cussit,
2316 4288 2378 4334 ut
2407 4280 2463 4334 in
2489 4281 2697 4337 diaboli
2721 4281 2964 4337 tenebris
2992 4283 3184 4338 nullus
3208 4284 3513 4340 offenderet
3543 4284 3672 4355 (20).

2158 4368 2213 4423 ὅ.
2248 4367 2351 4424 Hic
2378 4375 2461 4424 est
2490 4369 2663 4440 igitur
2686 4371 2765 4425 sol
2797 4387 2995 4439 novus,
3029 4371 3127 4443 qui
3160 4373 3404 4428 claustra
3420 4381 3672 4446 penetrat,

273 4514 280 4524 ,
373 4450 592 4519 stravit,
622 4467 723 4506 cur
740 4468 849 4507 non
869 4454 1157 4513 credamus
1178 4461 1322 4531 quod
1342 4463 1420 4517 sol
1448 4479 1665 4537 quoque
1684 4469 1973 4525 nocturnis

2113 4457 2305 4514 nferna
2354 4467 2575 4528 reserat,
2633 4461 2799 4516 corda
2842 4461 3095 4517 rimatur.
3132 4463 3238 4521 Hic
3267 4480 3447 4521 novus
3475 4472 3556 4521 est
3580 4465 3673 4532 sol,

2086 4546 2182 4620 qui
2224 4546 2434 4619 Spiritu
2475 4558 2665 4607 sancto
2690 4550 2941 4607 viviﬁcat
2968 4560 3208 4621 mortua,
3236 4563 3498 4628 corrupta
3525 4571 3675 4627 repa—

2084 4643 2189 4703 rat,
2226 4634 2456 4692 suscitat
2478 4634 2592 4708 jam
2645 4638 2940 4696 defuncta:
2976 4641 3065 4695 vel
3097 4640 3195 4713 qui
3224 4643 3407 4698 calore
3435 4660 3535 4700 suo
3560 4658 3672 4716 pur-

2084 4735 2172 4799 gat
2214 4726 2462 4795 sordida,
2511 4728 2719 4785 exuriti
2746 4730 2938 4799 ﬂuida,
2976 4731 3245 4804 decoquit
3288 4734 3512 4791 vitiosa.
3543 4737 3668 4808 Ipse,

2080 4817 2331 4890 inquam,
2395 4826 2476 4874 est
2535 4818 2631 4891 qui
2684 4822 2900 4877 cunctis
2950 4822 3164 4880 actibus
3217 4825 3423 4883 nostris
3467 4826 3671 4899 perspi-

2076 4905 2153 4962 cit
2181 4906 2364 4963 omnia
2398 4924 2561 4981 opera
2587 4918 2794 4979 nostra,
2824 4918 3027 4969 et‘non
3055 4922 3168 4971 tam
3199 4916 3532 4973 condemnat
3560 4916 3671 4974 cri—

2076 4994 2248 5064 mina,
2281 5012 2443 5070 quam
2474 5000 2751 5056 emendat.
2808 5000 2911 5057 Hic
2940 5002 3101 5074 plane
3159 5013 3244 5060 est
3291 5006 3372 5061 sol
3406 5006 3590 5078 justus
3622 5010 3670 5060 et

2077 5086 2314 5157 sapiens,
2346 5087 2438 5159 qui
2470 5104 2581 5143 non
2604 5090 2722 5146 sine
2742 5090 3096 5158 discretione,
3127 5093 3274 5150 sicut
3293 5095 3457 5152 istius
3488 5093 3669 5151 mundi

2075 5177 2177 5244 sol,
2239 5176 2400 5233 bonis
2451 5194 2514 5234 ac
2572 5179 2734 5236 malis
2791 5180 3054 5238 similiter
3104 5183 3535 5242 circumfertur:
3583 5183 3667 5239 sed

2073 5271 2309 5344 quodam
2332 5271 2548 5343 judicio
2587 5274 2863 5344 veritatis,
2889 5283 3082 5332 sancto
3114 5277 3283 5346 lucet,
3319 5280 3526 5337 occidit
3554 5294 3662 5350 pec-

2070 5364 2262 5421 catori.
2315 5366 2431 5423 Hoc
2490 5374 2673 5424 autem
2715 5367 2861 5425 inter
2886 5376 3186 5443 utrumque
3220 5370 3455 5430 interest
3484 5372 3661 5436 solem,

2144 5550 2261 5629 _(_20)
2290 5552 2372 5629 Ita
2390 5569 2558 5629 ,mss.;g
2593 5562 2649 5610 at
2675 5571 2867 5629 omnes
2895 5553 3029 5611 edit.
3059 5571 3089 5611 e
3116 5559 3427 5629 contrario,
3462 5567 3518 5615 ut
3543 5559 3660 5616 dia—

2070 5620 2177 5677 boli
2205 5623 2415 5681 tenebra
2441 5620 2621 5682 nullos
2649 5627 2953 5700 oﬂ'enderet.
