3864 6188
200 256 315 313 637

938 254 951 259 ’
1045 254 1415 314 SERMONES
1453 254 1508 311 S.
1550 255 1906 314 AMBROSIO
1946 256 2319 315 HACTENUS
2357 258 2694 317 ASCBIPTI.

3417 259 3524 317 638

200 384 359 456 quod
381 384 759 458 illejudicium
778 386 995 454 metuit,
1020 385 1112 443 hic
1122 385 1399 458 judicium
1419 387 1809 444 comminatur:
1841 390 1893 450 A
1992 389 2128 463 hunc
2168 388 2310 463 diem
2336 408 2372 463 a
2407 391 2685 459 gentilibus
2724 391 2996 447 institutas
3032 409 3132 463 per
3174 393 3383 463 aliquot
3429 411 3523 450 sw-

203 475 363 547 quod
409 476 506 532 ille
533 477 909 550 corruptionis
954 476 1207 534 minister
1234 484 1335 545 est,
1366 476 1460 534 hic
1487 479 1808 535 aeternitatis

204 573 294 621 est
338 566 611 623 Dominus
642 586 654 623 :
715 567 861 640 quod
895 567 988 623 ille
1032 575 1282 625 creatura
1312 574 1416 632 est,
1453 566 1546 623 hic
1574 574 1802 623 creator.

283 654 339 711 6.
377 655 581 711 Tamen
600 656 768 712 istum
797 656 991 712 mundi
1018 657 1214 724 solem,
1237 656 1558 728 priusquam
1574 657 1805 724 oriatur,

203 742 399 798 adhuc
445 749 593 808 399
638 753 764 802 ante
811 746 986 802 lucem
1039 754 1260 817 propter
1301 746 1636 803 necessarios
1680 764 1810 803 usus

205 843 508 901 hominum
539 846 679 901 solet
719 847 945 902 lucerna
971 846 1293 918 praecedere.
1332 846 1507 901 Habet
1545 853 1726 901 autem
1757 852 1812 901 et

207 934 471 991 Christus
524 936 605 991 sol
662 936 939 993 lucernam
989 953 1165 1005 suam,
1220 954 1340 1010 quae
1386 954 1511 993 eum
1537 936 1811 1008 praecessit

211 1025 363 1095 (21),
411 1028 555 1084 sicut
594 1027 731 1085 dicit
789 1028 1060 1100 Propheta
1108 1044 1121 1081 :
1195 1051 1214 1074 ε
1272 1026 1466 1083 Paravi
1530 1026 1808 1081 lucernam

206 1114 435 1174 Christo
496 1132 617 1171 meo
647 1118 819 1187 (Psal.
865 1134 1060 1185 cxxxr,
1114 1118 1227 1189 17).
1272 1143 1289 1166 ι
1332 1118 1463 1185 Quae
1491 1124 1673 1172 autem
1704 1116 1809 1171 ista

212 1207 441 1262 lucerna
485 1205 576 1274 sit,
621 1206 863 1263 ostendit
909 1206 1199 1275 Dominus,
1248 1208 1439 1265 dicens
1493 1207 1560 1263 de
1601 1207 1809 1262 Joanne

213 1295 507 1367 Baptista:
562 1320 581 1343 ι
634 1297 734 1353 Ille
790 1304 905 1352 erat
954 1299 1185 1354 lucerna
1252 1296 1449 1353 ardens
1503 1303 1557 1352 et
1621 1294 1808 1350 lucens

211 1389 406 1459 (Joan.
438 1406 497 1457 v,
526 1388 644 1461 45),
679 1412 697 1436 ι
742 1391 862 1461 Ipse
891 1398 1074 1446 autem
1126 1391 1382 1457 Joannes,
1410 1396 1471 1444 ut
1501 1386 1811 1460 praecedens

218 1479 457 1535 lucernae
489 1479 673 1534 lumen
705 1478 968 1552 exiguum
991 1479 1069 1534 ait
1102 1496 1113 1533 :
1162 1504 1179 1524 ε
1201 1480 1341 1535 Ecce
1369 1484 1493 1549 post
1522 1494 1607 1532 me
1636 1475 1808 1543 venit,

215 1568 377 1641 cujus
409 1569 526 1640 (22)
568 1585 678 1625 non
709 1587 832 1626 sum
881 1569 1083 1642 dignus
1128 1570 1341 1626 solvere
1371 1568 1660 1639 corrigiam
1689 1566 1813 1623 cal—

217 1666 627 1714 ceamentorum
676 1656 813 1729 ejus,
864 1659 979 1730 ipse
1011 1675 1108 1714 vos
1154 1656 1453 1728 baptizabit
1506 1657 1564 1712 in
1603 1655 1811 1727 Spiritu

1995 461 2117 514 culo
2150 461 2446 535 Christiani
2476 480 2582 516 non
2618 465 2781 533 pauci
2809 461 3114 531 retinerent,
3148 461 3385 520 marima
3414 465 3525 535 fuit

1998 548 2128 606 cura
2156 533 2251 606 SS.
2282 534 2528 606 Patrum,
2560 541 2619 588 ut
2668 536 2809 604 ipsos
2861 542 2972 589 tum
3028 535 3084 590 in
3139 538 3375 606 synodis,
3410 533 3523 591 tum

1994 602 2051 656 in
2098 603 2433 658 concionibus
2479 606 2545 659 ab
2588 602 2891 673 hujusmodi
2940 602 3274 662 deterrerent.
3316 602 3465 663 Illud
3496 626 3522 663 e

1997 690 2137 729 conc.
2180 676 2353 729 Trull.
2397 693 2513 730 can.
2545 676 2634 731 62.
2677 679 2877 733 Turon.
2920 694 2960 731 ιι
3008 694 3125 732 can.
3163 680 3225 733 17
3269 686 3316 734 et
3354 681 3517 735 Tolet.

2000 762 2059 801 tv
2108 763 2224 800 can.
2263 747 2322 801 11
2373 748 2516 801 clare
2541 749 2900 816 cognoscitur,
2934 766 2996 801 ac
3024 750 3168 803 varii
3200 768 3463 805 sermones
3486 770 3522 806 a

2004 816 2392 887 Chrysostomo,
2432 818 2751 887 Augustino,
2779 820 3018 874 Maximo
3048 826 3097 873 et
3120 821 3245 875 aliis
3297 822 3353 875 in
3408 840 3523 876 eam

1999 906 2111 942 rem
2158 888 2323 943 habiti
2369 890 2701 960 conﬁrmant.
2754 890 2966 945 Citatur
2995 907 3199 959 quoque
3243 893 3309 946 ab
3362 893 3522 947 Ivone

2008 962 2232 1017 Carnut.
2270 977 2437 1015 sermo
2470 959 2741 1015 Ambrosii
2769 962 2830 1015 de
2860 962 2952 1014 hoc
2990 969 3318 1030 argumento,
3368 962 3521 1031 cujus

2003 1032 2213 1101 quidem
2236 1032 2428 1103 priora
2460 1032 2614 1087 verba
2665 1050 2779 1087 cum
2827 1033 2921 1086 hoc
2970 1048 3206 1087 sermone
3245 1050 3352 1087 non
3390 1050 3523 1086 con-

2004 1104 2239 1171 veniunt,
2270 1104 2385 1159 alia
2431 1104 2565 1157 satis
2600 1111 2910 1174 congruunt.
2946 1104 3047 1159 Sed
3074 1106 3180 1158 sive
3224 1104 3359 1158 hanc
3407 1120 3524 1158 con-

2004 1174 2223 1242 cionem,
2281 1175 2386 1228 sive
2438 1176 2605 1231 aliam
2638 1176 2729 1230 ille
2758 1175 2971 1239 viderit,
3001 1182 3244 1230 neutram
3270 1180 3525 1245 putamus

2005 1246 2454 1309 Ambrosianum;
2492 1264 2596 1301 non
2644 1248 2783 1301 enim
2812 1248 2940 1301 istas
2970 1247 3366 1317 superstitiones
3392 1246 3522 1301 obti-

2005 1318 2179 1372 nuisse
2219 1318 2509 1373 Mediolani
2555 1319 2933 1373 crediderimus
2975 1334 3091 1372 cum
3130 1318 3188 1371 in
3239 1318 3375 1372 veris
3413 1318 3527 1373 illis

2005 1389 2349 1455 sermonibus,
2404 1406 2469 1443 ex
2516 1390 2704 1460 quibus
2742 1390 2906 1460 primi
2948 1388 3233 1443 voluminis
3272 1395 3529 1443 tractatus

2004 1467 2261 1529 constant,
2295 1476 2556 1530 nusquam
2586 1461 2642 1514 in
2671 1462 2798 1516 illas
2844 1462 3074 1515 invectus
3117 1460 3284 1530 fuerit
3312 1466 3528 1514 sanctus

2002 1534 2237 1604 antistes.
2302 1532 2425 1588 Vide
2471 1550 2645 1604 super,
2683 1535 2775 1587 hoc
2825 1550 2942 1604 qua:
3010 1539 3132 1587 tom.
3194 1533 3251 1599 l,
3311 1532 3401 1604 lib.
3462 1549 3526 1600 ιι,

2004 1602 2071 1657 de
2126 1604 2406 1673 Interpell.
2475 1602 2652 1658 David
2705 1602 2923 1675 capfi,
2982 1620 3127 1675 num.
3174 1603 3525 1675 5,Asubnota-

1999 1675 2188 1728 vimus.
2223 1675 2373 1730 Adde
2409 1675 2549 1745 quod
2601 1680 2650 1729 et
2696 1673 2915 1730 in'msc.
2942 1674 3195 1746 pluribus
3226 1673 3526 1745 Augustino

217 1755 408 1803 sancto
436 1756 490 1803 et
518 1746 643 1820 igne
670 1748 829 1818 (Luc.
864 1764 947 1815 ιιι,
984 1746 1095 1818 16).
1123 1770 1141 1794 ι
1189 1746 1365 1802 Simul
1395 1745 1563 1800 etiam
1594 1741 1815 1799 intelli-
1854 1756 1901 1816 Β
2005 1746 2297 1800 tribuatur.

220 1855 352 1910 gens
397 1839 585 1895 lumen
633 1855 794 1895 suum
833 1838 968 1895 solis
1021 1837 1190 1894 radiis
1239 1836 1646 1904 offuscandum,
1694 1844 1820 1891 ante

220 1927 470 1999 praedicit
502 1944 514 1982 :
561 1952 579 1975 ι
609 1930 772 1985 Illum
791 1938 1005 2003 oportet
1026 1943 1290 1994 crescere,
1314 1943 1402 1982 me
1420 1936 1608 1983 autem
1639 1925 1822 1981 minui

223 2016 407 2087 (Joan.
440 2034 524 2084 ιιι,
547 2017 663 2090 30).
689 2042 707 2064 ι
750 2018 904 2075 Sicut
923 2019 1071 2074 enim
1102 2018 1338 2073 lucernae
1353 2015 1575 2074 claritas
1589 2014 1822 2071 destrui-

221 2113 315 2161 tur
338 2107 474 2162 solis
502 2106 763 2175 adventu,
794 2107 869 2163 ita
916 2115 971 2164 et
998 2107 1224 2163 Joannis
1257 2105 1594 2179 poenitentiae
1632 2106 1825 2178 bapti—

221 2213 409 2253 smum
439 2197 859 2268 superveniente
881 2197 1087 2254 Christi
1113 2198 1285 2269 gratia
1310 2205 1602 2254 vacuatum
1651 2207 1750 2254 est.

302 2286 353 2341 7.
398 2284 700 2341 Videamus
719 2286 889 2359 igitur
906 2286 1001 2342 hic
1030 2287 1110 2341 sol
1138 2292 1323 2341 noster
1342 2301 1522 2341 novus
1537 2302 1648 2357 quo
1676 2286 1828 2343 fonte

226 2384 505 2433 nascatur.
564 2377 721 2434 Sicut
780 2387 863 2435 est
915 2394 1130 2443 verum,
1190 2381 1304 2434 Deo
1348 2377 1527 2433 oritur
1564 2388 1824 2436 auctore:

226 2465 544 2522 divinitatis
567 2482 695 2538 ergo
714 2473 797 2522 est
815 2466 966 2522 ﬁlius
986 2485 1000 2534 ;
1022 2466 1357 2534 divinitatis,
1380 2466 1631 2539 inquam,
1653 2466 1831 2524 incor-

235 2564 428 2628 ruptae,
454 2556 701 2628 integraa,
723 2555 971 2612 illibatae.
1004 2557 1262 2628 Intelligo
1292 2558 1452 2629 plane
1482 2558 1828 2628 mysterium:

233 2645 360 2702 ideo
437 2644 586 2701 enim
646 2644 889 2701 secunda
943 2644 1208 2701 nativitas
1275 2662 1371 2718 per
1423 2646 1832 2703 immaculatam

233 2734 485 2802 Mariam,
543 2733 673 2806 quia
728 2734 879 2805 prior
952 2749 1048 2805 per
1102 2734 1454 2790 divinitatem
1512 2735 1834 2791 constiterat

236 2822 454 2879 illibata
488 2841 499 2879 :
534 2830 597 2878 ut
623 2823 711 2878 cui
745 2823 898 2895 prior
917 2823 1182 2879 uativitas
1201 2823 1438 2895 gloriosa
1458 2824 1695 2893 exstitit,
1717 2823 1835 2895 ejus

235 2911 478 2968 secunda
505 2913 908 2969 contumeliosa
937 2928 1046 2967 non
1068 2910 1253 2968 ﬁeret:
1280 2911 1388 2968 hoc
1408 2920 1511 2980 est,
1534 2919 1616 2981 ut,
1649 2929 1834 2985 quem-

234 3000 533 3057 admodum
585 3001 740 3072 virgo
788 3001 947 3057 illum
992 3000 1258 3057 divinitas
1296 3000 1564 3069 ediderat,
1606 3002 1683 3057 ita
1709 3017 1835 3058 eum

236 3099 291 3145 et
342 3089 500 3162 virgo
572 3090 744 3147 Maria
802 3098 1106 3161 generaret.

238 3179 495 3235 homines
576 3187 786 3251 patrem
871 3179 1159 3247 scribitur,
1240 3178 1384 3234 sicut
1464 3177 1697 3249 legimus
1778 3178 1836 3233 in

246 3266 573 3339 Evangelio,
618 3266 932 3323 dicentibus
960 3266 1252 3322 Pbarisaeis
1290 3281 1301 3318 :
1347 3288 1365 3311 ι
1397 3264 1588 3319 Nonne
1634 3263 1726 3321 hic
1758 3273 1839 3321 est

237 3356 393 3412 ﬁlius
425 3355 624 3427 Joseph
668 3354 833 3422 fabri,
871 3363 922 3410 et
966 3361 1137 3410 mater
1166 3353 1284 3426 ejus
1311 3352 1480 3409 Maria
1508 3360 1591 3408 est
1624 3354 1834 3423 (Matth.

238 3463 365 3513 xm,
418 3445 564 3515 55)?
620 3469 637 3492 ι
680 3445 742 3500 In
799 3443 904 3499 hoc
964 3459 1182 3516 quoque
1236 3442 1459 3498 adverte
1487 3441 1836 3513 mysterium.

240 3535 417 3591 Faber
461 3541 613 3605 pater
663 3534 873 3590 dicitur
902 3533 1132 3591 Christi.
1190 3536 1262 3591 Et
1302 3535 1464 3607 plane
1502 3533 1653 3590 faber
1682 3534 1839 3589 Pater

238 3626 408 3691 Deus,
460 3624 555 3697 qui
586 3624 754 3679 totius
812 3623 1006 3679 mundi
1062 3640 1227 3696 opera
1278 3623 1577 3680 fabricatus
1632 3632 1751 3678 est:
1785 3632 1839 3679 et

238 3718 403 3789 plane
432 3714 604 3783 faber,
634 3716 728 3772 sed
757 3715 851 3788 qui
882 3715 940 3771 in
967 3715 1183 3772 diluvio
1210 3715 1326 3772 Noe
1355 3730 1535 3771 arcam
1571 3714 1838 3772 fabricare

238 3806 533 3880 disposuit.
575 3806 767 3874 Faber,
818 3806 1071 3880 inquam,
1104 3814 1186 3863 est
1229 3806 1325 3879 qui
1354 3806 1635 3862 ordinavit
1662 3804 1838 3877 Moysi

239 3896 680 3965 tabernaculum,
711 3912 892 3953 arcam
915 3894 1249 3952 Testamenti
1280 3895 1543 3965 instituit,
1572 3897 1838 3968 templum

239 3984 551 4043 Salomonis
608 3984 804 4041 erexit.
865 3983 1108 4040 Fabrum
1167 3982 1432 4053 dixerim,
1502 3984 1601 4057 qui
1632 3992 1841 4041 mentes

240 4078 450 4151 rigidas
506 4077 720 4133 emollit
789 4076 933 4148 (23),
991 4076 1354 4148 cogitationes
1431 4076 1691 4149 superbas
1747 4093 1841 4131 re-

241 4167 469 4235 scindit,
518 4166 755 4222 humilia
812 4166 959 4222 facta
1010 4164 1295 4243 sublimat.
1360 4166 1463 4222 Hic
1515 4173 1695 4221 autem
1754 4165 1843 4220 fa—

243 4257 341 4312 ber
371 4256 519 4313 circa
546 4254 767 4311 arbores
812 4271 986 4312 curvo
1014 4253 1192 4309 utitur
1220 4254 1572 4318 ferramento,
1606 4253 1749 4309 sicut
1784 4252 1842 4308 in

240 4347 547 4418 Evangelio
565 4346 814 4419 legimus,
839 4343 1056 4401 dicente
1070 4343 1280 4398 Joanne
1308 4358 1319 4396 :
1359 4367 1376 4389 ι
1398 4343 1515 4397 Jam
1539 4342 1746 4399 securis
1776 4341 1844 4398 ad

1196 3088 1405 3145 Habere
1465 3088 1632 3145 etiam
1691 3089 1838 3161 apud
1868 3111 1911 3170 ρ

2004 1890 2053 1945 1.
2084 1889 2186 1945 Est
2223 1888 2361 1944 mihi
2389 1888 2653 1946 adversus
2678 1889 2973 1962 plerosque
3003 1896 3271 1956 vestrum,
3296 1889 3521 1957 fratres,

1904 1980 2154 2053 ‘querela
2181 1996 2292 2036 non
2322 1978 2541 2037 modica
2575 1998 2587 2035 :
2648 1978 2716 2035 de
2759 1977 2847 2035 his
2878 1980 3074 2052 loquor
3102 1977 3197 2051 qui
3240 1976 3530 2033 nobiscum

1931 2069 2177 2125 Natalem
2220 2068 2445 2125 Domini
2494 2067 2860 2136 celebrantes,
2915 2066 3207 2141 gentilium
3261 2082 3319 2123 se
3376 2064 3533 2122 feriis

1935 2157 2224 2227 dederunt,
2273 2166 2326 2214 et
2372 2167 2494 2230 post
2531 2157 2675 2215 illud
2714 2158 2933 2215 caeleste
2977 2155 3301 2213 convivium
3331 2172 3535 2228 super-

1937 2247 2181 2303 stitionis
2224 2247 2330 2303 sibi
2362 2246 2653 2319 prandium
2699 2254 3075 2320 przepararunt
3111 2264 3122 2302 :
3168 2253 3231 2301 ut
3283 2246 3379 2319 qui
3408 2251 3535 2301 ante

1937 2334 2202 2392 lzetificati
2257 2336 2476 2391 fuerant
2531 2335 2840 2403 sanctitate,
2904 2334 3311 2391 inebriarentur
3349 2342 3537 2407 postea

1940 2428 2206 2495 vanitate,
2255 2427 2570 2499 ignorantes
2614 2428 2760 2499 quod
2808 2427 2904 2499 qui
2948 2428 3072 2483 vult
3128 2444 3353 2499 regnare
3407 2443 3533 2483 cum

1942 2514 2183 2583 Christo,
2238 2532 2352 2571 non
2394 2516 2568 2587 possit
2616 2515 2851 2588 gaudere
2890 2532 3017 2572 cum
3062 2517 3264 2573 saeculo
3299 2532 3311 2569 :
3358 2523 3412 2572 et
3440 2515 3537 2588 qui

1942 2606 2065 2663 vult
2084 2605 2333 2662 invenire
2348 2605 2646 2678 justitiam,
2688 2606 2882 2662 debeat
2910 2606 3185 2663 declinare
3231 2607 3534 2663 luxuriam.

1942 2695 2069 2752 Alia
2096 2694 2242 2751 enim
2289 2694 2430 2749 ratio
2476 2702 2558 2751 est
2606 2696 2734 2751 vitae
2770 2702 3006 2764 aeternae,
3064 2695 3173 2751 alia
3221 2694 3531 2767 desperatio

1944 2784 2183 2841 lasciviae
2210 2782 2553 2855 temporalis:
2580 2783 2649 2838 ad
2680 2782 2831 2839 illam
2864 2783 3072 2840 virtute
3100 2783 3439 2850 ascenditur,
3467 2783 3534 2839 ad

1946 2875 2106 2932 istam
2133 2874 2440 2948 perditione
2469 2873 2846 2931 descenditur.

2016 2988 2068 3044 2.
2103 2985 2282 3059 Atque
2312 2985 2435 3042 ideo
2463 2985 2557 3059 qui
2589 2986 2711 3041 vult
2735 3000 2852 3041 esse
2881 2984 3201 3040 divinorum
3233 2983 3531 3058 particeps,

1946 3093 2058 3133 non
2097 3075 2258 3132 debet
2305 3091 2420 3131 esse
2447 3076 2627 3132 socius
2658 3075 2933 3131 idolorum
2969 3092 2980 3130 :
3012 3073 3145 3131 idoli
3173 3074 3321 3130 enim
3354 3074 3534 3146 portio

1946 3176 2027 3223 est
2071 3165 2344 3222 inebriare
2396 3164 2531 3219 vino
2573 3172 2834 3232 mentem,
2885 3171 3135 3220 ventrem
3177 3163 3302 3219 cibo
3331 3163 3534 3219 disten-

1946 3267 2094 3334 dere,
2140 3264 2527 3322 saltationibus
2561 3263 2807 3319 membra
2856 3260 3003 3315 400
3052 3272 3345 3335 torquere:
3379 3270 3433 3317 et
3462 3260 3539 3316 ita

1946 3355 2131 3427 pravis
2178 3356 2392 3412 actibus
2438 3354 2715 3427 occupari,
2758 3364 2820 3411 ut
2867 3354 3079 3427 cogaris
3110 3354 3361 3428 ignorare
3391 3351 3537 3426 quod

1949 3446 2093 3502 Deus
2117 3453 2218 3501 est.
2268 3443 2423 3501 Unde
2469 3452 2691 3500 sanctus
2730 3444 3029 3517 Apostolus
3063 3443 3179 3499 haec
3226 3442 3540 3514 praevidens

1948 3534 2129 3591 dicit:
2182 3561 2201 3585 ι
2247 3536 2378 3603 Quae
2408 3534 2588 3608 portio
2610 3534 2846 3607 justitia‘.
2897 3552 3025 3592 cum
3075 3535 3417 3610 iniquitate?
3444 3541 3541 3591 aut

1947 3642 2067 3698 quae
2096 3626 2325 3683 societas
2355 3627 2464 3682 luci
2486 3642 2612 3683 cum
2642 3626 2885 3682 tenebris
2906 3627 2935 3683 ‘I
2960 3634 3054 3682 aut
3084 3642 3206 3700 quae
3233 3643 3356 3699 pars
3387 3625 3539 3683 ﬁdeli

1947 3732 2073 3772 cum
2104 3715 2316 3773 inﬁdeli
2339 3716 2367 3772 ?
2397 3716 2519 3789 quis
2538 3723 2720 3772 autem
2742 3733 3044 3773 consensus
3063 3716 3271 3789 templo
3294 3715 3392 3772 Dei
3412 3732 3538 3772 cum

1947 3805 2112 3862 idolis
2143 3806 2232 3877 (II
2278 3806 2403 3863 Cor.
2438 3823 2517 3874 vr,
2553 3805 2637 3873 14,
2672 3807 2760 3878 15)
2794 3807 2822 3862 ‘i
2849 3830 2867 3853 ι
2915 3806 3061 3877 Ergo
3104 3806 3150 3861 si
3200 3821 3302 3860 nos
3350 3820 3543 3860 sumus

1947 3896 2215 3967 templum
2240 3894 2361 3963 Dei,
2406 3911 2505 3951 cur
2534 3894 2592 3949 in
2638 3896 2843 3966 templo
2879 3893 2977 3950 Dei
3018 3893 3222 3950 colitur
3272 3892 3544 3949 festivitas

1949 3985 2224 4040 idolorum
2243 3986 2271 4041 ‘i
2299 4001 2397 4041 cur
2427 3984 2522 4040 ubi
2553 3983 2812 4041 Christus
2839 3983 3067 4050 habitat,
3100 3982 3197 4055 qui
3245 3989 3327 4037 est
3373 3980 3542 4037 absti-

1950 4074 2160 4141 nentia,
2196 4072 2580 4146 temperantia,
2613 4072 2855 4139 castitas,
2878 4071 3163 4128 inducitur
3191 4070 3539 4139 comessatio,

1952 4164 2205 4232 ebrietas,
2252 4170 2414 4235 atque
2462 4161 2687 4219 lascivia
2733 4162 2761 4218 ‘l
2831 4160 2977 4217 Dicit
3030 4160 3177 4216 enim
3223 4160 3475 4217 Salvator
3526 4175 3538 4214 :

1967 4278 1985 4301 ε
2012 4253 2184 4309 Nemo
2204 4259 2381 4324 potest
2408 4250 2621 4308 duobus
2672 4250 2915 4307 dominis
2955 4250 3161 4308 servire
3214 4250 3427 4323 (Matth.
3461 4266 3541 4315 γι,

1952 4342 2070 4415 24),
2111 4367 2129 4390 ι
2172 4341 2278 4399 hoc
2305 4349 2409 4410 est,
2439 4343 2551 4398 Deo
2581 4349 2634 4398 et
2667 4356 3013 4398 mammonae.
3047 4339 3334 4409 Quomodo
3366 4340 3539 4412 igitur

242 4437 483 4495 radicem
516 4435 776 4492 arborum
820 4435 997 4507 posita
1025 4441 1126 4490 est.
1174 4433 1368 4490 Omnis
1421 4432 1586 4489 arbor
1615 4450 1724 4489 non
1753 4434 1845 4489 fa-
1876 4477 1925 4536 D
1953 4430 2181 4505 potestis
2223 4431 2471 4504 religiose
2520 4430 2886 4504 Epiphaniam
2937 4430 3160 4487 Domini
3216 4443 3542 4501 procurare,

242 4532 395 4588 ciens
419 4530 661 4586 fructum
696 4528 817 4599 (24)
850 4527 1158 4595 excidetur,
1208 4535 1263 4583 et
1290 4526 1348 4583 in
1378 4528 1560 4600 ignem
1593 4526 1843 4584 mittetur
1876 4516 1925 4536 υ
1950 4524 2043 4597 qui
2060 4522 2173 4596 jam
2198 4521 2487 4590 Kalendas,
2514 4529 2780 4595 quantum
2801 4520 2859 4576 in
2880 4519 3038 4576 vobis
3058 4526 3160 4587 est,
3180 4516 3542 4575 devotissime

246 4622 462 4693 (Matth.
505 4637 590 4689 ιιι,
652 4619 765 4692 10).
788 4643 807 4666 ι
871 4618 986 4676 Hoc
1014 4618 1162 4674 enim
1218 4616 1329 4691 agit
1354 4623 1555 4685 totum,
1593 4622 1651 4671 ut
1682 4615 1847 4672 utiles

242 4711 485 4769 cmlestis
506 4711 727 4767 fabricae
753 4708 975 4766 arbores
1000 4708 1059 4764 in
1082 4714 1360 4765 structura
1378 4712 1675 4779 componat
1702 4706 1845 4778 (25),

242 4798 617 4856 infructuosas
698 4814 828 4855 vero
884 4798 1103 4855 evulsas
1172 4796 1439 4856 radicitus
1495 4796 1844 4853 ﬂammarum

243 4905 540 4957 consumat
567 4897 845 4957 incendio.

854 4987 1089 5046 SERMO
1118 4988 1240 5046 VII.

698 5081 777 5137 De
805 5075 1070 5135 Kalendis
1097 5075 1392 5133 Januariis.

250 5168 386 5223 Cum
419 5166 571 5223 ludos
610 5184 674 5222 ac
698 5166 967 5239 profanas
1015 5163 1357 5220 caeremonias
1382 5164 1453 5219 ad
1479 5163 1848 5220 celebrandum

320 5268 443 5339 (21)
496 5268 701 5325 Omnes
756 5266 915 5335 edit.,
965 5283 1083 5339 qua:
1147 5263 1259 5339 ejus
1304 5271 1482 5339 ortum
1522 5266 1847 5337 prceeessit;

247 5337 441 5411 omnes
481 5355 637 5408 mss.,
681 5357 799 5411 qua:
824 5357 944 5396 eum
974 5337 1272 5411 praecessit.
1324 5338 1394 5393 Et
1423 5337 1624 5411 iterum
1646 5355 1846 5411 omnes

247 5410 382 5467 edit.
415 5427 544 5466 cum
576 5408 748 5483 Lugd.
780 5411 927 5480 cod.,
963 5408 1420 5483 lucernajucens:
1449 5408 1626 5465 codex
1645 5409 1845 5483 Vallis-

398 5483 617 5537 lucerna
664 5480 903 5552 ardens;
937 5482 1133 5539 melius
1179 5480 1342 5551 Silv.,
1398 5482 1612 5537 lucerna
1652 5481 1847 5538 ardens

251 5571 276 5609 c
349 5569 527 5608 ucens.

251 5560 298 5609 ct
326 5560 527 5609 lucens.

322 5624 446 5697 (22)
487 5625 648 5683 Rom.
678 5623 811 5683 edit.
840 5625 978 5697 sola,
1013 5625 1186 5686 Veniet
1200 5625 1400 5700 fortior
1417 5640 1519 5691 me,
1533 5624 1707 5698 cujus,
1736 5631 1841 5684 etc.

1956 4612 2271 4671 celebrastis
2291 4614 2320 4670 ?

2027 4720 2079 4777 3.
2111 4720 2279 4776 Janus
2310 4718 2459 4774 enim
2506 4717 2672 4774 homo
2698 4716 2806 4772 fuit
2834 4715 3001 4771 unius
3043 4711 3300 4770 conditor
3346 4711 3543 4769 civita-

1954 4810 2046 4876 tis,
2077 4824 2197 4881 quae
2224 4806 2536 4864 Ianiculum
2578 4812 2949 4875 nuncupatur,
2992 4802 3053 4858 in
3083 4800 3243 4873 cujus
3273 4801 3545 4859 honorem

1955 4914 1987 4953 a
2015 4896 2269 4969 gentibus
2294 4894 2543 4951 kalendae
2572 4901 2701 4949 sunt
2722 4891 2993 4948 Januarias
3022 4899 3373 4963 nuncupatas,
3395 4891 3542 4950 unde

1954 4984 2051 5059 qui
2085 4983 2345 5041 kalendas
2375 4982 2659 5039 Januarias
2702 4979 2856 5047 colit,
2889 4988 3096 5052 peccat,
3137 4981 3397 5053 quoniam
3449 4982 3545 5039 ho-

1955 5071 2093 5127 mini
2123 5078 2343 5127 mortuo
2375 5069 2550 5126 defert
2577 5069 2887 5126 divinitatis
2915 5068 3265 5143 obsequium.
3299 5068 3431 5126 Inde
3458 5078 3540 5126 est

1954 5160 2100 5236 quod
2122 5160 2200 5217 ait
2228 5160 2554 5232 Apostolus:
2591 5183 2610 5207 ι
2631 5159 2760 5216 Dies
2787 5159 3113 5229 observatis,
3144 5167 3197 5215 et
3226 5175 3461 5228 menses,
3491 5167 3548 5217 et

2028 5270 2150 5352 (23)
2176 5270 2380 5352 Omnes
2407 5267 2537 5352 edit.
2569 5284 2632 5325 ac
2658 5268 2768 5352 dup
2798 5285 2964 5352 mss.,
2996 5269 3092 5352 qui
3117 5273 3309 5352 mentes
3338 5266 3546 5339 rigidas

1954 5340 2192 5413 expetit;
2216 5340 2423 5413 melius
2444 5348 2625 5413 tamen
2652 5340 2773 5397 cod.
2798 5341 3326 5413 valliscl.,‘emollit.

2027 5411 2144 5482 ⁷24)
2178 5415 2335 5470 Rom.
2366 5412 2497 5468 edit.
2530 5414 2663 5479 sola,
2703 5429 2808 5467 non
2838 5411 3038 5481 faciens
3065 5411 3302 5481 fructum
3332 5411 3543 5467 bonum.

2027 5414 2147 5556 (25)
2178 5484 2328 5556 Edit.
2361 5500 2488 5556 cum
2520 5501 2620 5539 ms.
2653 5483 2867 5556 Lugd,
2891 5484 2950 5538 in
2990 5483 3177 5553 futuro
3221 5490 3497 5553 componat
3532 5500 3543 5537 :

2053 5483 2147 5555 25)
2178 5484 2328 5540 Edit.
2361 5500 2488 5540 cum
2520 5501 2620 5539 ms.
2653 5483 2850 5555 Lugd.,
2891 5484 2950 5538 in
2990 5483 3177 5553 futuro
3221 5490 3497 5553 componat
3532 5500 3543 5537 :

1954 5554 2161 5629 optime
2186 5555 2349 5616 codd.
2383 5555 2527 5614 Vall.
2558 5563 2613 5612 et
2651 5554 2815 5624 Silv.,
2847 5554 2906 5610 in
2947 5560 3220 5611 structura
3246 5557 3542 5625 componat.
