  <div class='ocr_page' id='page_1' title='image "/cluster/home/n/w/nwhite01/storage/ocr_20150623/17/uva.x000826553/327.png"; bbox 0 0 3864 6188; ppageno 0'>
   <div class='ocr_carea' id='block_1_1' title="bbox 357 237 460 296">
    <p class='ocr_par' dir='ltr' id='par_1_1' title="bbox 357 237 460 296">
     <span class='ocr_line' id='line_1_1' title="bbox 357 237 460 296; baseline 0 0"><span class='ocrx_word' id='word_1_1' title='bbox 357 237 460 296; x_wconf 86' lang='lat'><strong>639</strong></span> 
     </span>
    </p>
   </div>
   <div class='ocr_carea' id='block_1_2' title="bbox 1380 236 2649 297">
    <p class='ocr_par' dir='ltr' id='par_1_2' title="bbox 1380 236 2649 297">
     <span class='ocr_line' id='line_1_2' title="bbox 1380 236 2649 297; baseline 0 0"><span class='ocrx_word' id='word_1_2' title='bbox 1380 242 1479 296; x_wconf 77' lang='lat' dir='ltr'><strong>AD</strong></span> <span class='ocrx_word' id='word_1_3' title='bbox 1518 238 1754 297; x_wconf 81' lang='lat' dir='ltr'><strong>OPEBA</strong></span> <span class='ocrx_word' id='word_1_4' title='bbox 1790 236 1848 295; x_wconf 93' lang='lat' dir='ltr'><strong>S.</strong></span> <span class='ocrx_word' id='word_1_5' title='bbox 1888 237 2223 295; x_wconf 78' lang='lat' dir='ltr'><strong>AMBROSII</strong></span> <span class='ocrx_word' id='word_1_6' title='bbox 2265 238 2649 297; x_wconf 83' lang='lat' dir='ltr'><strong>APPENDIX.</strong></span> 
     </span>
    </p>
   </div>
   <div class='ocr_carea' id='block_1_3' title="bbox 3570 242 3673 299">
    <p class='ocr_par' dir='ltr' id='par_1_3' title="bbox 3570 242 3673 299">
     <span class='ocr_line' id='line_1_3' title="bbox 3570 242 3673 299; baseline 0 0"><span class='ocrx_word' id='word_1_7' title='bbox 3570 242 3673 299; x_wconf 70' lang='grc'>640</span> 
     </span>
    </p>
   </div>
   <div class='ocr_carea' id='block_1_4' title="bbox 358 363 3668 447">
    <p class='ocr_par' dir='ltr' id='par_1_4' title="bbox 358 363 3668 447">
     <span class='ocr_line' id='line_1_4' title="bbox 358 363 3668 447; baseline 0.001 -27"><span class='ocrx_word' id='word_1_8' title='bbox 358 371 627 438; x_wconf 88' lang='lat' dir='ltr'><strong>tempora,</strong></span> <span class='ocrx_word' id='word_1_9' title='bbox 658 373 713 422; x_wconf 90' lang='lat' dir='ltr'><strong>et</strong></span> <span class='ocrx_word' id='word_1_10' title='bbox 739 380 933 433; x_wconf 90' lang='lat' dir='ltr'><strong>annos;</strong></span> <span class='ocrx_word' id='word_1_11' title='bbox 956 364 1129 422; x_wconf 80' lang='lat' dir='ltr'><strong>timeo</strong></span> <span class='ocrx_word' id='word_1_12' title='bbox 1155 381 1224 422; x_wconf 89' lang='lat' dir='ltr'><strong>ne</strong></span> <span class='ocrx_word' id='word_1_13' title='bbox 1253 365 1376 421; x_wconf 85' lang='lat' dir='ltr'><strong>sine</strong></span> <span class='ocrx_word' id='word_1_14' title='bbox 1404 380 1567 421; x_wconf 90' lang='lat' dir='ltr'><strong>causa</strong></span> <span class='ocrx_word' id='word_1_15' title='bbox 1592 363 1956 419; x_wconf 84' lang='lat' dir='ltr'><strong>laboraverim</strong></span> <span class='ocrx_word' id='word_1_16' title='bbox 1984 365 2036 425; x_wconf 86' lang='lat' dir='ltr'><strong>A</strong></span> <span class='ocrx_word' id='word_1_17' title='bbox 2068 366 2281 422; x_wconf 75' lang='lat' dir='ltr'><strong>scilicet</strong></span> <span class='ocrx_word' id='word_1_18' title='bbox 2327 369 2456 439; x_wconf 89' lang='lat' dir='ltr'><strong>quia</strong></span> <span class='ocrx_word' id='word_1_19' title='bbox 2502 366 2793 443; x_wconf 71' lang='grc' dir='ltr'><strong>ἶπιφαίυσιυ</strong></span> <span class='ocrx_word' id='word_1_20' title='bbox 2841 365 2958 447; x_wconf 88' lang='grc'>(27)</span> <span class='ocrx_word' id='word_1_21' title='bbox 3010 370 3212 436; x_wconf 64' lang='lat' dir='ltr'><strong>Graece,</strong></span> <span class='ocrx_word' id='word_1_22' title='bbox 3267 366 3467 424; x_wconf 90' lang='lat' dir='ltr'><strong>Latine</strong></span> <span class='ocrx_word' id='word_1_23' title='bbox 3521 366 3668 425; x_wconf 90' lang='lat' dir='ltr'><strong>dici-</strong></span> 
     </span>
    </p>
   </div>
   <div class='ocr_carea' id='block_1_5' title="bbox 357 454 1957 527">
    <p class='ocr_par' dir='ltr' id='par_1_5' title="bbox 357 454 1957 527">
     <span class='ocr_line' id='line_1_5' title="bbox 357 454 1957 527; baseline -0.002 -16"><span class='ocrx_word' id='word_1_24' title='bbox 357 454 419 511; x_wconf 91' lang='lat' dir='ltr'><strong>in</strong></span> <span class='ocrx_word' id='word_1_25' title='bbox 451 455 611 511; x_wconf 81' lang='lat' dir='ltr'><strong>vobis</strong></span> <span class='ocrx_word' id='word_1_26' title='bbox 641 455 849 527; x_wconf 83' lang='lat' dir='ltr'><strong>(Galat.</strong></span> <span class='ocrx_word' id='word_1_27' title='bbox 883 473 961 524; x_wconf 79' lang='lat' dir='ltr'><strong>IV,</strong></span> <span class='ocrx_word' id='word_1_28' title='bbox 986 455 1207 526; x_wconf 88' lang='grc' dir='ltr'><strong>1Ο,11).</strong></span> <span class='ocrx_word' id='word_1_29' title='bbox 1232 480 1249 503; x_wconf 77' lang='grc' dir='ltr'><strong><em>ι</em></strong></span> <span class='ocrx_word' id='word_1_30' title='bbox 1291 454 1621 510; x_wconf 87' lang='lat' dir='ltr'><strong>Observavit</strong></span> <span class='ocrx_word' id='word_1_31' title='bbox 1642 454 1788 509; x_wconf 92' lang='lat' dir='ltr'><strong>enim</strong></span> <span class='ocrx_word' id='word_1_32' title='bbox 1811 454 1957 509; x_wconf 91' lang='lat' dir='ltr'><strong>diem</strong></span> 
     </span>
    </p>
   </div>
   <div class='ocr_carea' id='block_1_6' title="bbox 358 544 1961 619">
    <p class='ocr_par' dir='ltr' id='par_1_6' title="bbox 358 544 1961 619">
     <span class='ocr_line' id='line_1_6' title="bbox 358 544 1961 619; baseline -0.001 -18"><span class='ocrx_word' id='word_1_33' title='bbox 358 554 413 601; x_wconf 90' lang='lat' dir='ltr'><strong>et</strong></span> <span class='ocrx_word' id='word_1_34' title='bbox 446 562 713 615; x_wconf 87' lang='lat' dir='ltr'><strong>mensem,</strong></span> <span class='ocrx_word' id='word_1_35' title='bbox 745 545 839 619; x_wconf 90' lang='lat' dir='ltr'><strong>qui</strong></span> <span class='ocrx_word' id='word_1_36' title='bbox 871 545 959 601; x_wconf 89' lang='lat' dir='ltr'><strong>his</strong></span> <span class='ocrx_word' id='word_1_37' title='bbox 988 546 1183 601; x_wconf 90' lang='lat' dir='ltr'><strong>diebus</strong></span> <span class='ocrx_word' id='word_1_38' title='bbox 1229 553 1325 601; x_wconf 92' lang='lat' dir='ltr'><strong>aut</strong></span> <span class='ocrx_word' id='word_1_39' title='bbox 1368 561 1478 600; x_wconf 92' lang='lat' dir='ltr'><strong>non</strong></span> <span class='ocrx_word' id='word_1_40' title='bbox 1520 544 1817 616; x_wconf 88' lang='lat' dir='ltr'><strong>jejuuavit,</strong></span> <span class='ocrx_word' id='word_1_41' title='bbox 1866 552 1961 600; x_wconf 90' lang='lat' dir='ltr'><strong>aut</strong></span> 
     </span>
    </p>
   </div>
   <div class='ocr_carea' id='block_1_7' title="bbox 359 632 1960 706">
    <p class='ocr_par' dir='ltr' id='par_1_7' title="bbox 359 632 1960 706">
     <span class='ocr_line' id='line_1_7' title="bbox 359 632 1960 706; baseline 0 -17"><span class='ocrx_word' id='word_1_42' title='bbox 359 632 431 689; x_wconf 91' lang='lat' dir='ltr'><strong>ad</strong></span> <span class='ocrx_word' id='word_1_43' title='bbox 460 635 742 692; x_wconf 84' lang='lat' dir='ltr'><strong>ecclesiam</strong></span> <span class='ocrx_word' id='word_1_44' title='bbox 786 650 895 690; x_wconf 89' lang='lat' dir='ltr'><strong>non</strong></span> <span class='ocrx_word' id='word_1_45' title='bbox 939 634 1203 706; x_wconf 80' lang='lat' dir='ltr'><strong>processit</strong></span> <span class='ocrx_word' id='word_1_46' title='bbox 1238 652 1250 689; x_wconf 90' lang='lat'>:</span> <span class='ocrx_word' id='word_1_47' title='bbox 1297 632 1614 690; x_wconf 84' lang='lat' dir='ltr'><strong>observavit</strong></span> <span class='ocrx_word' id='word_1_48' title='bbox 1660 633 1833 702; x_wconf 89' lang='lat' dir='ltr'><strong>diem,</strong></span> <span class='ocrx_word' id='word_1_49' title='bbox 1864 633 1960 706; x_wconf 92' lang='lat' dir='ltr'><strong>qui</strong></span> 
     </span>
    </p>
   </div>
   <div class='ocr_carea' id='block_1_8' title="bbox 360 721 1961 796">
    <p class='ocr_par' dir='ltr' id='par_1_8' title="bbox 360 721 1961 796">
     <span class='ocr_line' id='line_1_8' title="bbox 360 721 1961 796; baseline -0.001 -15"><span class='ocrx_word' id='word_1_50' title='bbox 360 722 618 781; x_wconf 86' lang='lat' dir='ltr'><strong>hesterna</strong></span> <span class='ocrx_word' id='word_1_51' title='bbox 662 724 751 780; x_wconf 91' lang='lat' dir='ltr'><strong>die</strong></span> <span class='ocrx_word' id='word_1_52' title='bbox 799 740 910 779; x_wconf 91' lang='lat' dir='ltr'><strong>non</strong></span> <span class='ocrx_word' id='word_1_53' title='bbox 959 721 1229 794; x_wconf 81' lang='lat' dir='ltr'><strong>processit</strong></span> <span class='ocrx_word' id='word_1_54' title='bbox 1256 722 1326 779; x_wconf 90' lang='lat' dir='ltr'><strong>ad</strong></span> <span class='ocrx_word' id='word_1_55' title='bbox 1354 722 1663 791; x_wconf 87' lang='lat' dir='ltr'><strong>ecclesiam,</strong></span> <span class='ocrx_word' id='word_1_56' title='bbox 1694 724 1961 796; x_wconf 84' lang='lat' dir='ltr'><strong>processit</strong></span> 
     </span>
    </p>
   </div>
   <div class='ocr_carea' id='block_1_9' title="bbox 356 811 1959 885">
    <p class='ocr_par' dir='ltr' id='par_1_9' title="bbox 356 811 1959 885">
     <span class='ocr_line' id='line_1_9' title="bbox 356 811 1959 885; baseline -0.001 -16"><span class='ocrx_word' id='word_1_57' title='bbox 356 814 427 869; x_wconf 91' lang='lat' dir='ltr'><strong>ad</strong></span> <span class='ocrx_word' id='word_1_58' title='bbox 482 828 756 884; x_wconf 86' lang='lat' dir='ltr'><strong>campum.</strong></span> <span class='ocrx_word' id='word_1_59' title='bbox 794 813 962 883; x_wconf 90' lang='lat' dir='ltr'><strong>Ergo,</strong></span> <span class='ocrx_word' id='word_1_60' title='bbox 996 812 1214 879; x_wconf 79' lang='lat' dir='ltr'><strong>fratres,</strong></span> <span class='ocrx_word' id='word_1_61' title='bbox 1265 811 1417 867; x_wconf 91' lang='lat' dir='ltr'><strong>omni</strong></span> <span class='ocrx_word' id='word_1_62' title='bbox 1447 811 1631 869; x_wconf 90' lang='lat' dir='ltr'><strong>studio</strong></span> <span class='ocrx_word' id='word_1_63' title='bbox 1670 812 1959 885; x_wconf 84' lang='lat' dir='ltr'><strong>gentilium</strong></span> 
     </span>
    </p>
   </div>
   <div class='ocr_carea' id='block_1_10' title="bbox 358 901 1960 976">
    <p class='ocr_par' dir='ltr' id='par_1_10' title="bbox 358 901 1960 976">
     <span class='ocr_line' id='line_1_10' title="bbox 358 901 1960 976; baseline 0.001 -18"><span class='ocrx_word' id='word_1_64' title='bbox 358 902 713 959; x_wconf 72' lang='lat' dir='ltr'><strong>festivitatem</strong></span> <span class='ocrx_word' id='word_1_65' title='bbox 764 909 818 956; x_wconf 92' lang='lat' dir='ltr'><strong>et</strong></span> <span class='ocrx_word' id='word_1_66' title='bbox 868 901 1031 957; x_wconf 83' lang='lat' dir='ltr'><strong>ferias</strong></span> <span class='ocrx_word' id='word_1_67' title='bbox 1078 902 1452 971; x_wconf 88' lang='lat' dir='ltr'><strong>declinemus,</strong></span> <span class='ocrx_word' id='word_1_68' title='bbox 1493 910 1557 958; x_wconf 91' lang='lat' dir='ltr'><strong>ut</strong></span> <span class='ocrx_word' id='word_1_69' title='bbox 1604 904 1827 976; x_wconf 87' lang='lat' dir='ltr'><strong>quando</strong></span> <span class='ocrx_word' id='word_1_70' title='bbox 1876 903 1960 959; x_wconf 91' lang='lat' dir='ltr'><strong>illi</strong></span> 
     </span>
    </p>
   </div>
   <div class='ocr_carea' id='block_1_11' title="bbox 357 989 1961 1065">
    <p class='ocr_par' dir='ltr' id='par_1_11' title="bbox 357 989 1961 1065">
     <span class='ocr_line' id='line_1_11' title="bbox 357 989 1961 1065; baseline 0.001 -18"><span class='ocrx_word' id='word_1_71' title='bbox 357 991 653 1063; x_wconf 87' lang='lat' dir='ltr'><strong>epulantur</strong></span> <span class='ocrx_word' id='word_1_72' title='bbox 687 995 742 1044; x_wconf 91' lang='lat' dir='ltr'><strong>et</strong></span> <span class='ocrx_word' id='word_1_73' title='bbox 765 989 875 1044; x_wconf 71' lang='lat' dir='ltr'><strong>laeti</strong></span> <span class='ocrx_word' id='word_1_74' title='bbox 902 999 1050 1059; x_wconf 91' lang='lat' dir='ltr'><strong>sunt,</strong></span> <span class='ocrx_word' id='word_1_75' title='bbox 1085 998 1220 1048; x_wconf 89' lang='lat' dir='ltr'><strong>tunc</strong></span> <span class='ocrx_word' id='word_1_76' title='bbox 1248 1008 1348 1047; x_wconf 91' lang='lat' dir='ltr'><strong>nos</strong></span> <span class='ocrx_word' id='word_1_77' title='bbox 1378 992 1554 1048; x_wconf 87' lang='lat' dir='ltr'><strong>simus</strong></span> <span class='ocrx_word' id='word_1_78' title='bbox 1595 992 1766 1049; x_wconf 86' lang='lat' dir='ltr'><strong>sobrii</strong></span> <span class='ocrx_word' id='word_1_79' title='bbox 1795 1000 1961 1065; x_wconf 89' lang='lat' dir='ltr'><strong>atque</strong></span> 
     </span>
    </p>
   </div>
   <div class='ocr_carea' id='block_1_12' title="bbox 351 1078 1961 1153">
    <p class='ocr_par' dir='ltr' id='par_1_12' title="bbox 351 1078 1961 1153">
     <span class='ocr_line' id='line_1_12' title="bbox 351 1078 1961 1153; baseline 0.002 -18"><span class='ocrx_word' id='word_1_80' title='bbox 351 1078 533 1153; x_wconf 87' lang='lat' dir='ltr'><strong>jejuni</strong></span> <span class='ocrx_word' id='word_1_81' title='bbox 567 1096 579 1134; x_wconf 90' lang='lat'><strong>:</strong></span> <span class='ocrx_word' id='word_1_82' title='bbox 613 1095 724 1151; x_wconf 88' lang='lat' dir='ltr'><strong>quo</strong></span> <span class='ocrx_word' id='word_1_83' title='bbox 765 1078 1083 1153; x_wconf 82' lang='lat' dir='ltr'><strong>intelligant</strong></span> <span class='ocrx_word' id='word_1_84' title='bbox 1113 1080 1367 1138; x_wconf 67' lang='lat' dir='ltr'><strong>lmtitiam</strong></span> <span class='ocrx_word' id='word_1_85' title='bbox 1396 1098 1549 1138; x_wconf 89' lang='lat' dir='ltr'><strong>suam</strong></span> <span class='ocrx_word' id='word_1_86' title='bbox 1584 1089 1770 1139; x_wconf 90' lang='lat' dir='ltr'><strong>nostra</strong></span> <span class='ocrx_word' id='word_1_87' title='bbox 1795 1081 1961 1138; x_wconf 87' lang='lat' dir='ltr'><strong>absti-</strong></span> 
     </span>
    </p>
   </div>
   <div class='ocr_carea' id='block_1_13' title="bbox 356 1167 955 1226">
    <p class='ocr_par' dir='ltr' id='par_1_13' title="bbox 356 1167 955 1226">
     <span class='ocr_line' id='line_1_13' title="bbox 356 1167 955 1226; baseline -0.003 0"><span class='ocrx_word' id='word_1_88' title='bbox 356 1168 551 1226; x_wconf 90' lang='lat' dir='ltr'><strong>nentia</strong></span> <span class='ocrx_word' id='word_1_89' title='bbox 578 1167 955 1225; x_wconf 89' lang='lat' dir='ltr'><strong>condemnari.</strong></span> 
     </span>
    </p>
   </div>
   <div class='ocr_carea' id='block_1_14' title="bbox 427 1257 1961 1332">
    <p class='ocr_par' dir='ltr' id='par_1_14' title="bbox 427 1257 1961 1332">
     <span class='ocr_line' id='line_1_14' title="bbox 427 1257 1961 1332; baseline -0.001 -17"><span class='ocrx_word' id='word_1_90' title='bbox 427 1258 481 1315; x_wconf 72' lang='grc'><strong>4.</strong></span> <span class='ocrx_word' id='word_1_91' title='bbox 514 1259 636 1316; x_wconf 90' lang='lat' dir='ltr'><strong>Non</strong></span> <span class='ocrx_word' id='word_1_92' title='bbox 666 1259 847 1315; x_wconf 88' lang='lat' dir='ltr'><strong>solum</strong></span> <span class='ocrx_word' id='word_1_93' title='bbox 867 1267 1051 1314; x_wconf 91' lang='lat' dir='ltr'><strong>autem</strong></span> <span class='ocrx_word' id='word_1_94' title='bbox 1083 1258 1396 1332; x_wconf 83' lang='lat' dir='ltr'><strong>gentilium,</strong></span> <span class='ocrx_word' id='word_1_95' title='bbox 1452 1257 1548 1316; x_wconf 90' lang='lat' dir='ltr'><strong>sed</strong></span> <span class='ocrx_word' id='word_1_96' title='bbox 1564 1266 1618 1316; x_wconf 92' lang='lat' dir='ltr'><strong>et</strong></span> <span class='ocrx_word' id='word_1_97' title='bbox 1644 1257 1961 1316; x_wconf 72' lang='lat' dir='ltr'><strong>Iudaeorum</strong></span> 
     </span>
    </p>
   </div>
   <div class='ocr_carea' id='block_1_15' title="bbox 357 1348 1961 1422">
    <p class='ocr_par' dir='ltr' id='par_1_15' title="bbox 357 1348 1961 1422">
     <span class='ocr_line' id='line_1_15' title="bbox 357 1348 1961 1422; baseline -0.001 -16"><span class='ocrx_word' id='word_1_98' title='bbox 357 1349 638 1407; x_wconf 88' lang='lat' dir='ltr'><strong>consortia</strong></span> <span class='ocrx_word' id='word_1_99' title='bbox 668 1348 844 1405; x_wconf 89' lang='lat' dir='ltr'><strong>vitare</strong></span> <span class='ocrx_word' id='word_1_100' title='bbox 857 1348 1146 1416; x_wconf 88' lang='lat' dir='ltr'><strong>debemus,</strong></span> <span class='ocrx_word' id='word_1_101' title='bbox 1175 1365 1413 1422; x_wconf 90' lang='lat' dir='ltr'><strong>quorum</strong></span> <span class='ocrx_word' id='word_1_102' title='bbox 1443 1349 1609 1406; x_wconf 90' lang='lat' dir='ltr'><strong>etiam</strong></span> <span class='ocrx_word' id='word_1_103' title='bbox 1630 1348 1961 1407; x_wconf 84' lang='lat' dir='ltr'><strong>confabula-</strong></span> 
     </span>
    </p>
   </div>
   <div class='ocr_carea' id='block_1_16' title="bbox 356 1439 1960 1513">
    <p class='ocr_par' dir='ltr' id='par_1_16' title="bbox 356 1439 1960 1513">
     <span class='ocr_line' id='line_1_16' title="bbox 356 1439 1960 1513; baseline 0 -16"><span class='ocrx_word' id='word_1_104' title='bbox 356 1439 439 1497; x_wconf 93' lang='lat' dir='ltr'><strong>tio</strong></span> <span class='ocrx_word' id='word_1_105' title='bbox 467 1447 551 1497; x_wconf 88' lang='lat' dir='ltr'><strong>est</strong></span> <span class='ocrx_word' id='word_1_106' title='bbox 579 1455 776 1513; x_wconf 87' lang='lat' dir='ltr'><strong>magna</strong></span> <span class='ocrx_word' id='word_1_107' title='bbox 806 1439 1062 1512; x_wconf 87' lang='lat' dir='ltr'><strong>pollutio.</strong></span> <span class='ocrx_word' id='word_1_108' title='bbox 1098 1439 1168 1495; x_wconf 87' lang='lat' dir='ltr'><strong>Hi</strong></span> <span class='ocrx_word' id='word_1_109' title='bbox 1191 1439 1398 1495; x_wconf 92' lang='lat' dir='ltr'><strong>etenim</strong></span> <span class='ocrx_word' id='word_1_110' title='bbox 1437 1449 1553 1497; x_wconf 90' lang='lat' dir='ltr'><strong>arte</strong></span> <span class='ocrx_word' id='word_1_111' title='bbox 1584 1440 1876 1497; x_wconf 89' lang='lat' dir='ltr'><strong>insinuant</strong></span> <span class='ocrx_word' id='word_1_112' title='bbox 1903 1456 1960 1497; x_wconf 88' lang='lat' dir='ltr'><strong>se</strong></span> 
     </span>
    </p>
   </div>
   <div class='ocr_carea' id='block_1_17' title="bbox 359 1529 1960 1605">
    <p class='ocr_par' dir='ltr' id='par_1_17' title="bbox 359 1529 1960 1605">
     <span class='ocr_line' id='line_1_17' title="bbox 359 1529 1960 1605; baseline -0.001 -16"><span class='ocrx_word' id='word_1_113' title='bbox 359 1530 700 1600; x_wconf 88' lang='lat' dir='ltr'><strong>hominibus,</strong></span> <span class='ocrx_word' id='word_1_114' title='bbox 759 1529 953 1586; x_wconf 90' lang='lat' dir='ltr'><strong>domos</strong></span> <span class='ocrx_word' id='word_1_115' title='bbox 1007 1537 1318 1602; x_wconf 89' lang='lat' dir='ltr'><strong>penetrant,</strong></span> <span class='ocrx_word' id='word_1_116' title='bbox 1367 1529 1755 1603; x_wconf 90' lang='lat' dir='ltr'><strong>ingrediuntur</strong></span> <span class='ocrx_word' id='word_1_117' title='bbox 1808 1547 1960 1605; x_wconf 66' lang='lat' dir='ltr'><strong>pra:-</strong></span> 
     </span>
    </p>
   </div>
   <div class='ocr_carea' id='block_1_18' title="bbox 357 1619 1960 1694">
    <p class='ocr_par' dir='ltr' id='par_1_18' title="bbox 357 1619 1960 1694">
     <span class='ocr_line' id='line_1_18' title="bbox 357 1619 1960 1694; baseline 0 -16"><span class='ocrx_word' id='word_1_118' title='bbox 357 1621 524 1690; x_wconf 90' lang='lat' dir='ltr'><strong>toria,</strong></span> <span class='ocrx_word' id='word_1_119' title='bbox 564 1637 723 1677; x_wconf 85' lang='lat' dir='ltr'><strong>aures</strong></span> <span class='ocrx_word' id='word_1_120' title='bbox 746 1619 998 1692; x_wconf 91' lang='lat' dir='ltr'><strong>judicum</strong></span> <span class='ocrx_word' id='word_1_121' title='bbox 1030 1626 1084 1675; x_wconf 90' lang='lat' dir='ltr'><strong>et</strong></span> <span class='ocrx_word' id='word_1_122' title='bbox 1116 1620 1369 1693; x_wconf 87' lang='lat' dir='ltr'><strong>publicas</strong></span> <span class='ocrx_word' id='word_1_123' title='bbox 1398 1620 1729 1694; x_wconf 86' lang='lat' dir='ltr'><strong>inquietant,</strong></span> <span class='ocrx_word' id='word_1_124' title='bbox 1753 1630 1806 1678; x_wconf 91' lang='lat' dir='ltr'><strong>et</strong></span> <span class='ocrx_word' id='word_1_125' title='bbox 1835 1619 1960 1678; x_wconf 91' lang='lat' dir='ltr'><strong>ideo</strong></span> 
     </span>
    </p>
   </div>
   <div class='ocr_carea' id='block_1_19' title="bbox 2067 458 3671 536">
    <p class='ocr_par' dir='ltr' id='par_1_19' title="bbox 2067 458 3671 536">
     <span class='ocr_line' id='line_1_19' title="bbox 2067 458 3671 536; baseline 0.002 -27"><span class='ocrx_word' id='word_1_126' title='bbox 2067 461 2159 511; x_wconf 92' lang='lat' dir='ltr'><strong>tur</strong></span> <span class='ocrx_word' id='word_1_127' title='bbox 2204 475 2483 530; x_wconf 82' lang='lat' dir='ltr'><strong>apparere.</strong></span> <span class='ocrx_word' id='word_1_128' title='bbox 2541 463 2685 536; x_wconf 87' lang='lat' dir='ltr'><strong>Ergo</strong></span> <span class='ocrx_word' id='word_1_129' title='bbox 2736 462 2867 536; x_wconf 87' lang='lat' dir='ltr'><strong>quia</strong></span> <span class='ocrx_word' id='word_1_130' title='bbox 2921 470 3057 517; x_wconf 91' lang='lat' dir='ltr'><strong>tunc</strong></span> <span class='ocrx_word' id='word_1_131' title='bbox 3112 458 3356 532; x_wconf 89' lang='lat' dir='ltr'><strong>primum</strong></span> <span class='ocrx_word' id='word_1_132' title='bbox 3417 458 3671 530; x_wconf 89' lang='lat' dir='ltr'><strong>apparuit</strong></span> 
     </span>
    </p>
   </div>
   <div class='ocr_carea' id='block_1_20' title="bbox 2068 544 3671 626">
    <p class='ocr_par' dir='ltr' id='par_1_20' title="bbox 2068 544 3671 626">
     <span class='ocr_line' id='line_1_20' title="bbox 2068 544 3671 626; baseline 0.004 -27"><span class='ocrx_word' id='word_1_133' title='bbox 2068 544 2319 603; x_wconf 87' lang='lat' dir='ltr'><strong>Salvator</strong></span> <span class='ocrx_word' id='word_1_134' title='bbox 2347 549 2405 605; x_wconf 91' lang='lat' dir='ltr'><strong>in</strong></span> <span class='ocrx_word' id='word_1_135' title='bbox 2445 552 2675 621; x_wconf 92' lang='lat' dir='ltr'><strong>mundo,</strong></span> <span class='ocrx_word' id='word_1_136' title='bbox 2710 553 2827 626; x_wconf 90' lang='lat' dir='ltr'><strong>ipsa</strong></span> <span class='ocrx_word' id='word_1_137' title='bbox 2855 552 2973 608; x_wconf 91' lang='lat' dir='ltr'><strong>dies</strong></span> <span class='ocrx_word' id='word_1_138' title='bbox 3000 548 3191 606; x_wconf 90' lang='lat' dir='ltr'><strong>eodem</strong></span> <span class='ocrx_word' id='word_1_139' title='bbox 3223 547 3508 605; x_wconf 88' lang='lat' dir='ltr'><strong>vocabulo</strong></span> <span class='ocrx_word' id='word_1_140' title='bbox 3531 550 3671 621; x_wconf 89' lang='lat' dir='ltr'><strong>Epi-</strong></span> 
     </span>
    </p>
   </div>
   <div class='ocr_carea' id='block_1_21' title="bbox 2070 635 2744 713">
    <p class='ocr_par' dir='ltr' id='par_1_21' title="bbox 2070 635 2744 713">
     <span class='ocr_line' id='line_1_21' title="bbox 2070 635 2744 713; baseline 0.015 -23"><span class='ocrx_word' id='word_1_141' title='bbox 2070 635 2272 707; x_wconf 89' lang='lat' dir='ltr'><strong>phania</strong></span> <span class='ocrx_word' id='word_1_142' title='bbox 2296 650 2615 713; x_wconf 88' lang='lat' dir='ltr'><strong>nuncupata</strong></span> <span class='ocrx_word' id='word_1_143' title='bbox 2643 651 2744 699; x_wconf 89' lang='lat' dir='ltr'><strong>est.</strong></span> 
     </span>
    </p>
   </div>
   <div class='ocr_carea' id='block_1_22' title="bbox 2142 728 3670 808">
    <p class='ocr_par' dir='ltr' id='par_1_22' title="bbox 2142 728 3670 808">
     <span class='ocr_line' id='line_1_22' title="bbox 2142 728 3670 808; baseline 0.003 -25"><span class='ocrx_word' id='word_1_144' title='bbox 2142 728 2194 784; x_wconf 89' lang='lat'><strong>3.</strong></span> <span class='ocrx_word' id='word_1_145' title='bbox 2237 729 2524 797; x_wconf 87' lang='lat' dir='ltr'><strong>Quomodo</strong></span> <span class='ocrx_word' id='word_1_146' title='bbox 2562 743 2748 792; x_wconf 91' lang='lat' dir='ltr'><strong>autem</strong></span> <span class='ocrx_word' id='word_1_147' title='bbox 2792 733 3106 808; x_wconf 88' lang='lat' dir='ltr'><strong>apparuerit</strong></span> <span class='ocrx_word' id='word_1_148' title='bbox 3148 731 3526 805; x_wconf 86' lang='lat' dir='ltr'><strong>requiramus,</strong></span> <span class='ocrx_word' id='word_1_149' title='bbox 3566 748 3670 787; x_wconf 89' lang='lat' dir='ltr'><strong>non</strong></span> 
     </span>
    </p>
   </div>
   <div class='ocr_carea' id='block_1_23' title="bbox 2068 818 3674 893">
    <p class='ocr_par' dir='ltr' id='par_1_23' title="bbox 2068 818 3674 893">
     <span class='ocr_line' id='line_1_23' title="bbox 2068 818 3674 893; baseline 0.003 -21"><span class='ocrx_word' id='word_1_150' title='bbox 2068 818 2302 888; x_wconf 89' lang='lat' dir='ltr'><strong>quodin</strong></span> <span class='ocrx_word' id='word_1_151' title='bbox 2342 824 2550 881; x_wconf 90' lang='lat' dir='ltr'><strong>mundo</strong></span> <span class='ocrx_word' id='word_1_152' title='bbox 2580 833 2707 881; x_wconf 87' lang='lat' dir='ltr'><strong>ante</strong></span> <span class='ocrx_word' id='word_1_153' title='bbox 2749 842 2862 881; x_wconf 89' lang='lat' dir='ltr'><strong>non</strong></span> <span class='ocrx_word' id='word_1_154' title='bbox 2907 824 3098 891; x_wconf 88' lang='lat' dir='ltr'><strong>fuerit,</strong></span> <span class='ocrx_word' id='word_1_155' title='bbox 3144 838 3272 879; x_wconf 90' lang='lat' dir='ltr'><strong>cum</strong></span> <span class='ocrx_word' id='word_1_156' title='bbox 3305 820 3556 876; x_wconf 89' lang='lat' dir='ltr'><strong>mundus</strong></span> <span class='ocrx_word' id='word_1_157' title='bbox 3584 838 3674 893; x_wconf 86' lang='lat' dir='ltr'><strong>per</strong></span> 
     </span>
    </p>
   </div>
   <div class='ocr_carea' id='block_1_24' title="bbox 2068 905 3670 986">
    <p class='ocr_par' dir='ltr' id='par_1_24' title="bbox 2068 905 3670 986">
     <span class='ocr_line' id='line_1_24' title="bbox 2068 905 3670 986; baseline 0.002 -24"><span class='ocrx_word' id='word_1_158' title='bbox 2068 905 2251 979; x_wconf 91' lang='lat' dir='ltr'><strong>ipsum</strong></span> <span class='ocrx_word' id='word_1_159' title='bbox 2301 910 2479 969; x_wconf 89' lang='lat' dir='ltr'><strong>factus</strong></span> <span class='ocrx_word' id='word_1_160' title='bbox 2507 915 2579 970; x_wconf 91' lang='lat' dir='ltr'><strong>sit</strong></span> <span class='ocrx_word' id='word_1_161' title='bbox 2619 916 2805 984; x_wconf 84' lang='lat' dir='ltr'><strong>(Joan.</strong></span> <span class='ocrx_word' id='word_1_162' title='bbox 2854 934 2892 983; x_wconf 85' lang='lat' dir='ltr'><strong>r,</strong></span> <span class='ocrx_word' id='word_1_163' title='bbox 2928 914 3017 986; x_wconf 82' lang='grc'><strong>10)</strong></span> <span class='ocrx_word' id='word_1_164' title='bbox 3055 931 3066 969; x_wconf 93' lang='lat'>:</span> <span class='ocrx_word' id='word_1_165' title='bbox 3099 913 3194 969; x_wconf 90' lang='lat' dir='ltr'><strong>sed</strong></span> <span class='ocrx_word' id='word_1_166' title='bbox 3222 911 3373 985; x_wconf 89' lang='lat' dir='ltr'><strong>quod</strong></span> <span class='ocrx_word' id='word_1_167' title='bbox 3404 920 3542 967; x_wconf 89' lang='lat' dir='ltr'><strong>tunc</strong></span> <span class='ocrx_word' id='word_1_168' title='bbox 3570 911 3670 984; x_wconf 89' lang='lat' dir='ltr'><strong>pri-</strong></span> 
     </span>
    </p>
   </div>
   <div class='ocr_carea' id='block_1_25' title="bbox 2069 1006 3672 1084">
    <p class='ocr_par' dir='ltr' id='par_1_25' title="bbox 2069 1006 3672 1084">
     <span class='ocr_line' id='line_1_25' title="bbox 2069 1006 3672 1084; baseline 0.001 -25"><span class='ocrx_word' id='word_1_169' title='bbox 2069 1019 2223 1061; x_wconf 90' lang='lat' dir='ltr'><strong>mum</strong></span> <span class='ocrx_word' id='word_1_170' title='bbox 2264 1008 2436 1080; x_wconf 83' lang='lat' dir='ltr'><strong>signis</strong></span> <span class='ocrx_word' id='word_1_171' title='bbox 2468 1018 2632 1084; x_wconf 91' lang='lat' dir='ltr'><strong>atque</strong></span> <span class='ocrx_word' id='word_1_172' title='bbox 2677 1009 2963 1069; x_wconf 90' lang='lat' dir='ltr'><strong>miraculis</strong></span> <span class='ocrx_word' id='word_1_173' title='bbox 2991 1006 3332 1081; x_wconf 80' lang='lat' dir='ltr'><strong>credentium</strong></span> <span class='ocrx_word' id='word_1_174' title='bbox 3364 1012 3509 1068; x_wconf 86' lang='lat'><strong>401</strong></span> <span class='ocrx_word' id='word_1_175' title='bbox 3543 1022 3672 1062; x_wconf 87' lang='lat' dir='ltr'><strong>cor-</strong></span> 
     </span>
    </p>
   </div>
   <div class='ocr_carea' id='block_1_26' title="bbox 2068 1101 3674 1176">
    <p class='ocr_par' dir='ltr' id='par_1_26' title="bbox 2068 1101 3674 1176">
     <span class='ocr_line' id='line_1_26' title="bbox 2068 1101 3674 1176; baseline 0.001 -18"><span class='ocrx_word' id='word_1_176' title='bbox 2068 1101 2231 1161; x_wconf 89' lang='lat' dir='ltr'><strong>dibus</strong></span> <span class='ocrx_word' id='word_1_177' title='bbox 2286 1106 2537 1166; x_wconf 85' lang='lat' dir='ltr'><strong>Christus</strong></span> <span class='ocrx_word' id='word_1_178' title='bbox 2595 1112 2743 1167; x_wconf 91' lang='lat' dir='ltr'><strong>Deus</strong></span> <span class='ocrx_word' id='word_1_179' title='bbox 2798 1108 3073 1176; x_wconf 85' lang='lat' dir='ltr'><strong>illuxerit,</strong></span> <span class='ocrx_word' id='word_1_180' title='bbox 3150 1115 3205 1163; x_wconf 92' lang='lat' dir='ltr'><strong>et</strong></span> <span class='ocrx_word' id='word_1_181' title='bbox 3242 1107 3301 1161; x_wconf 86' lang='lat' dir='ltr'><strong>in</strong></span> <span class='ocrx_word' id='word_1_182' title='bbox 3356 1103 3674 1160; x_wconf 88' lang='lat' dir='ltr'><strong>tenebrosas</strong></span> 
     </span>
    </p>
   </div>
   <div class='ocr_carea' id='block_1_27' title="bbox 2068 1193 3671 1271">
    <p class='ocr_par' dir='ltr' id='par_1_27' title="bbox 2068 1193 3671 1271">
     <span class='ocr_line' id='line_1_27' title="bbox 2068 1193 3671 1271; baseline -0.001 -20"><span class='ocrx_word' id='word_1_183' title='bbox 2068 1194 2437 1253; x_wconf 87' lang='lat' dir='ltr'><strong>conscientias</strong></span> <span class='ocrx_word' id='word_1_184' title='bbox 2451 1197 2741 1256; x_wconf 89' lang='lat' dir='ltr'><strong>hominum</strong></span> <span class='ocrx_word' id='word_1_185' title='bbox 2762 1199 2889 1256; x_wconf 90' lang='lat' dir='ltr'><strong>ﬁdei</strong></span> <span class='ocrx_word' id='word_1_186' title='bbox 2911 1196 3174 1271; x_wconf 88' lang='lat' dir='ltr'><strong>splendor</strong></span> <span class='ocrx_word' id='word_1_187' title='bbox 3191 1193 3509 1251; x_wconf 88' lang='lat' dir='ltr'><strong>advenerit.</strong></span> <span class='ocrx_word' id='word_1_188' title='bbox 3535 1194 3671 1251; x_wconf 89' lang='lat' dir='ltr'><strong>Cum</strong></span> 
     </span>
    </p>
   </div>
   <div class='ocr_carea' id='block_1_28' title="bbox 2070 1282 3673 1362">
    <p class='ocr_par' dir='ltr' id='par_1_28' title="bbox 2070 1282 3673 1362">
     <span class='ocr_line' id='line_1_28' title="bbox 2070 1282 3673 1362; baseline 0 -23"><span class='ocrx_word' id='word_1_189' title='bbox 2070 1282 2243 1356; x_wconf 86' lang='lat' dir='ltr'><strong>igitur</strong></span> <span class='ocrx_word' id='word_1_190' title='bbox 2281 1287 2427 1343; x_wconf 91' lang='lat' dir='ltr'><strong>Deus</strong></span> <span class='ocrx_word' id='word_1_191' title='bbox 2456 1288 2661 1362; x_wconf 91' lang='lat' dir='ltr'><strong>ubique</strong></span> <span class='ocrx_word' id='word_1_192' title='bbox 2687 1290 2779 1359; x_wconf 88' lang='lat' dir='ltr'><strong>sit,</strong></span> <span class='ocrx_word' id='word_1_193' title='bbox 2830 1298 2885 1346; x_wconf 91' lang='lat' dir='ltr'><strong>et</strong></span> <span class='ocrx_word' id='word_1_194' title='bbox 2912 1289 3172 1344; x_wconf 87' lang='lat' dir='ltr'><strong>universa</strong></span> <span class='ocrx_word' id='word_1_195' title='bbox 3211 1285 3511 1359; x_wconf 88' lang='lat' dir='ltr'><strong>possideat,</strong></span> <span class='ocrx_word' id='word_1_196' title='bbox 3558 1292 3673 1339; x_wconf 85' lang='lat' dir='ltr'><strong>tan-</strong></span> 
     </span>
    </p>
   </div>
   <div class='ocr_carea' id='block_1_29' title="bbox 2068 1374 3673 1452">
    <p class='ocr_par' dir='ltr' id='par_1_29' title="bbox 2068 1374 3673 1452">
     <span class='ocr_line' id='line_1_29' title="bbox 2068 1374 3673 1452; baseline 0.001 -23"><span class='ocrx_word' id='word_1_197' title='bbox 2068 1389 2233 1446; x_wconf 90' lang='lat' dir='ltr'><strong>quam</strong></span> <span class='ocrx_word' id='word_1_198' title='bbox 2264 1392 2376 1432; x_wconf 91' lang='lat' dir='ltr'><strong>non</strong></span> <span class='ocrx_word' id='word_1_199' title='bbox 2408 1378 2561 1436; x_wconf 90' lang='lat' dir='ltr'><strong>visus</strong></span> <span class='ocrx_word' id='word_1_200' title='bbox 2590 1389 2771 1448; x_wconf 86' lang='lat' dir='ltr'><strong>antea,</strong></span> <span class='ocrx_word' id='word_1_201' title='bbox 2796 1378 3114 1452; x_wconf 86' lang='lat' dir='ltr'><strong>apparuisse</strong></span> <span class='ocrx_word' id='word_1_202' title='bbox 3143 1375 3371 1432; x_wconf 90' lang='lat' dir='ltr'><strong>dicitur.</strong></span> <span class='ocrx_word' id='word_1_203' title='bbox 3402 1374 3673 1448; x_wconf 82' lang='lat' dir='ltr'><strong>Apparuit</strong></span> 
     </span>
    </p>
   </div>
   <div class='ocr_carea' id='block_1_30' title="bbox 2068 1466 3669 1541">
    <p class='ocr_par' dir='ltr' id='par_1_30' title="bbox 2068 1466 3669 1541">
     <span class='ocr_line' id='line_1_30' title="bbox 2068 1466 3669 1541; baseline 0.001 -22"><span class='ocrx_word' id='word_1_204' title='bbox 2068 1473 2251 1521; x_wconf 87' lang='lat' dir='ltr'><strong>autem</strong></span> <span class='ocrx_word' id='word_1_205' title='bbox 2282 1483 2393 1523; x_wconf 92' lang='lat' dir='ltr'><strong>non</strong></span> <span class='ocrx_word' id='word_1_206' title='bbox 2424 1476 2534 1524; x_wconf 90' lang='lat' dir='ltr'><strong>tam</strong></span> <span class='ocrx_word' id='word_1_207' title='bbox 2569 1471 2746 1527; x_wconf 90' lang='lat' dir='ltr'><strong>oculis</strong></span> <span class='ocrx_word' id='word_1_208' title='bbox 2773 1470 3067 1526; x_wconf 90' lang='lat' dir='ltr'><strong>hominum</strong></span> <span class='ocrx_word' id='word_1_209' title='bbox 3098 1483 3265 1541; x_wconf 90' lang='lat' dir='ltr'><strong>quam</strong></span> <span class='ocrx_word' id='word_1_210' title='bbox 3296 1466 3465 1522; x_wconf 87' lang='lat' dir='ltr'><strong>saluti</strong></span> <span class='ocrx_word' id='word_1_211' title='bbox 3502 1482 3514 1520; x_wconf 91' lang='lat'><strong><em>:</em></strong></span> <span class='ocrx_word' id='word_1_212' title='bbox 3548 1481 3669 1520; x_wconf 81' lang='lat' dir='ltr'><strong>nam</strong></span> 
     </span>
    </p>
   </div>
   <div class='ocr_carea' id='block_1_31' title="bbox 2068 1556 3672 1635">
    <p class='ocr_par' dir='ltr' id='par_1_31' title="bbox 2068 1556 3672 1635">
     <span class='ocr_line' id='line_1_31' title="bbox 2068 1556 3672 1635; baseline 0.001 -24"><span class='ocrx_word' id='word_1_213' title='bbox 2068 1556 2169 1612; x_wconf 87' lang='lat' dir='ltr'><strong>etsi</strong></span> <span class='ocrx_word' id='word_1_214' title='bbox 2190 1558 2344 1630; x_wconf 90' lang='lat' dir='ltr'><strong>prius</strong></span> <span class='ocrx_word' id='word_1_215' title='bbox 2370 1568 2533 1618; x_wconf 89' lang='lat' dir='ltr'><strong>natus</strong></span> <span class='ocrx_word' id='word_1_216' title='bbox 2562 1578 2632 1618; x_wconf 83' lang='lat' dir='ltr'><strong>ex</strong></span> <span class='ocrx_word' id='word_1_217' title='bbox 2679 1562 2908 1635; x_wconf 86' lang='lat' dir='ltr'><strong>Virgine</strong></span> <span class='ocrx_word' id='word_1_218' title='bbox 2937 1560 3116 1618; x_wconf 92' lang='lat' dir='ltr'><strong>oculis</strong></span> <span class='ocrx_word' id='word_1_219' title='bbox 3160 1558 3483 1616; x_wconf 88' lang='lat' dir='ltr'><strong>carnalibus</strong></span> <span class='ocrx_word' id='word_1_220' title='bbox 3510 1556 3672 1613; x_wconf 85' lang='lat' dir='ltr'><strong>vide-</strong></span> 
     </span>
    </p>
   </div>
   <div class='ocr_carea' id='block_1_32' title="bbox 2066 1643 3671 1724">
    <p class='ocr_par' dir='ltr' id='par_1_32' title="bbox 2066 1643 3671 1724">
     <span class='ocr_line' id='line_1_32' title="bbox 2066 1643 3671 1724; baseline 0.002 -25"><span class='ocrx_word' id='word_1_221' title='bbox 2066 1643 2247 1714; x_wconf 89' lang='lat' dir='ltr'><strong>batur,</strong></span> <span class='ocrx_word' id='word_1_222' title='bbox 2297 1655 2480 1704; x_wconf 83' lang='lat' dir='ltr'><strong>tamen</strong></span> <span class='ocrx_word' id='word_1_223' title='bbox 2536 1667 2648 1706; x_wconf 91' lang='lat' dir='ltr'><strong>non</strong></span> <span class='ocrx_word' id='word_1_224' title='bbox 2715 1650 3026 1724; x_wconf 85' lang='lat' dir='ltr'><strong>apparebat,</strong></span> <span class='ocrx_word' id='word_1_225' title='bbox 3081 1648 3348 1723; x_wconf 90' lang='lat' dir='ltr'><strong>quoniam</strong></span> <span class='ocrx_word' id='word_1_226' title='bbox 3406 1647 3671 1703; x_wconf 84' lang='lat' dir='ltr'><strong>virtutem</strong></span> 
     </span>
    </p>
   </div>
   <div class='ocr_carea' id='block_1_33' title="bbox 358 1709 3672 1812">
    <p class='ocr_par' dir='ltr' id='par_1_33' title="bbox 358 1709 3672 1812">
     <span class='ocr_line' id='line_1_33' title="bbox 358 1709 3672 1812; baseline -0.005 -6"><span class='ocrx_word' id='word_1_227' title='bbox 358 1712 533 1812; x_wconf 42' lang='lat' dir='ltr'><strong>mis“</strong></span> <span class='ocrx_word' id='word_1_228' title='bbox 562 1711 881 1784; x_wconf 60' lang='lat' dir='ltr'><strong>pmvalem’</strong></span> <span class='ocrx_word' id='word_1_229' title='bbox 922 1709 1236 1809; x_wconf 64' lang='lat' dir='ltr'><strong>‘1,“0.&quot;“,‘8i3</strong></span> <span class='ocrx_word' id='word_1_230' title='bbox 1281 1718 1414 1812; x_wconf 43' lang='lat' dir='ltr'><strong>im,“</strong></span> <span class='ocrx_word' id='word_1_231' title='bbox 1441 1709 1817 1812; x_wconf 42' lang='lat' dir='ltr'><strong>i‘TfPu‘iemesj</strong></span> <span class='ocrx_word' id='word_1_232' title='bbox 1843 1712 1959 1808; x_wconf 60' lang='lat' dir='ltr'><strong>H0,&quot;</strong></span> <span class='ocrx_word' id='word_1_233' title='bbox 1985 1736 2031 1796; x_wconf 92' lang='grc' dir='ltr'><strong>Β</strong></span> <span class='ocrx_word' id='word_1_234' title='bbox 2064 1733 2181 1806; x_wconf 91' lang='lat' dir='ltr'><strong>ejus</strong></span> <span class='ocrx_word' id='word_1_235' title='bbox 2228 1709 2411 1794; x_wconf 81' lang='lat' dir='ltr'><strong>adhuc</strong></span> <span class='ocrx_word' id='word_1_236' title='bbox 2459 1738 2591 1795; x_wconf 87' lang='lat' dir='ltr'><strong>ﬁdei</strong></span> <span class='ocrx_word' id='word_1_237' title='bbox 2632 1709 2802 1797; x_wconf 44' lang='lat' dir='ltr'><strong>acies.</strong></span> <span class='ocrx_word' id='word_1_238' title='bbox 2824 1709 3126 1812; x_wconf 61' lang='lat' dir='ltr'><strong>ignorabai.</strong></span> <span class='ocrx_word' id='word_1_239' title='bbox 3158 1737 3315 1795; x_wconf 90' lang='lat' dir='ltr'><strong>Unde</strong></span> <span class='ocrx_word' id='word_1_240' title='bbox 3343 1735 3553 1793; x_wconf 72' lang='lat' dir='ltr'><strong>Iudaeis</strong></span> <span class='ocrx_word' id='word_1_241' title='bbox 3581 1752 3672 1809; x_wconf 86' lang='lat' dir='ltr'><strong>per</strong></span> 
     </span>
    </p>
   </div>
   <div class='ocr_carea' id='block_1_34' title="bbox 359 1798 1958 1871">
    <p class='ocr_par' dir='ltr' id='par_1_34' title="bbox 359 1798 1958 1871">
     <span class='ocr_line' id='line_1_34' title="bbox 359 1798 1958 1871; baseline -0.001 -15"><span class='ocrx_word' id='word_1_242' title='bbox 359 1807 542 1856; x_wconf 89' lang='lat' dir='ltr'><strong>autem</strong></span> <span class='ocrx_word' id='word_1_243' title='bbox 578 1816 690 1855; x_wconf 90' lang='lat' dir='ltr'><strong>non</strong></span> <span class='ocrx_word' id='word_1_244' title='bbox 728 1814 917 1856; x_wconf 86' lang='lat' dir='ltr'><strong>recens</strong></span> <span class='ocrx_word' id='word_1_245' title='bbox 946 1799 1004 1853; x_wconf 91' lang='lat' dir='ltr'><strong>in</strong></span> <span class='ocrx_word' id='word_1_246' title='bbox 1035 1798 1189 1871; x_wconf 87' lang='lat' dir='ltr'><strong>ipsis,</strong></span> <span class='ocrx_word' id='word_1_247' title='bbox 1220 1798 1315 1855; x_wconf 90' lang='lat' dir='ltr'><strong>sed</strong></span> <span class='ocrx_word' id='word_1_248' title='bbox 1362 1798 1733 1857; x_wconf 89' lang='lat' dir='ltr'><strong>inveteratum</strong></span> <span class='ocrx_word' id='word_1_249' title='bbox 1770 1807 1825 1856; x_wconf 88' lang='lat' dir='ltr'><strong>et</strong></span> <span class='ocrx_word' id='word_1_250' title='bbox 1853 1799 1958 1856; x_wconf 93' lang='lat' dir='ltr'><strong>ori-</strong></span> 
     </span>
    </p>
   </div>
   <div class='ocr_carea' id='block_1_35' title="bbox 358 1890 1957 1965">
    <p class='ocr_par' dir='ltr' id='par_1_35' title="bbox 358 1890 1957 1965">
     <span class='ocr_line' id='line_1_35' title="bbox 358 1890 1957 1965; baseline -0.001 -18"><span class='ocrx_word' id='word_1_251' title='bbox 358 1891 633 1965; x_wconf 88' lang='lat' dir='ltr'><strong>ginarium</strong></span> <span class='ocrx_word' id='word_1_252' title='bbox 680 1892 885 1947; x_wconf 91' lang='lat' dir='ltr'><strong>malum</strong></span> <span class='ocrx_word' id='word_1_253' title='bbox 935 1897 1036 1946; x_wconf 87' lang='lat' dir='ltr'><strong>est.</strong></span> <span class='ocrx_word' id='word_1_254' title='bbox 1089 1890 1227 1946; x_wconf 91' lang='lat' dir='ltr'><strong>Nam</strong></span> <span class='ocrx_word' id='word_1_255' title='bbox 1266 1890 1401 1946; x_wconf 91' lang='lat' dir='ltr'><strong>olim</strong></span> <span class='ocrx_word' id='word_1_256' title='bbox 1449 1891 1614 1947; x_wconf 89' lang='lat' dir='ltr'><strong>etiam</strong></span> <span class='ocrx_word' id='word_1_257' title='bbox 1658 1891 1957 1948; x_wconf 90' lang='lat' dir='ltr'><strong>Dominum</strong></span> 
     </span>
    </p>
   </div>
   <div class='ocr_carea' id='block_1_36' title="bbox 358 1981 1955 2055">
    <p class='ocr_par' dir='ltr' id='par_1_36' title="bbox 358 1981 1955 2055">
     <span class='ocr_line' id='line_1_36' title="bbox 358 1981 1955 2055; baseline 0 -17"><span class='ocrx_word' id='word_1_258' title='bbox 358 1982 701 2039; x_wconf 82' lang='lat' dir='ltr'><strong>Salvatorem</strong></span> <span class='ocrx_word' id='word_1_259' title='bbox 731 1981 879 2037; x_wconf 88' lang='lat' dir='ltr'><strong>intra</strong></span> <span class='ocrx_word' id='word_1_260' title='bbox 905 1981 1225 2053; x_wconf 65' lang='lat' dir='ltr'><strong>pratorium</strong></span> <span class='ocrx_word' id='word_1_261' title='bbox 1260 1981 1532 2054; x_wconf 88' lang='lat' dir='ltr'><strong>persecuti</strong></span> <span class='ocrx_word' id='word_1_262' title='bbox 1561 1989 1709 2051; x_wconf 90' lang='lat' dir='ltr'><strong>sunt,</strong></span> <span class='ocrx_word' id='word_1_263' title='bbox 1743 1989 1799 2039; x_wconf 84' lang='lat' dir='ltr'><strong>et</strong></span> <span class='ocrx_word' id='word_1_264' title='bbox 1822 1998 1955 2055; x_wconf 59' lang='lat' dir='ltr'><strong>prato</strong></span> 
     </span>
    </p>
   </div>
   <div class='ocr_carea' id='block_1_37' title="bbox 357 2068 1958 2144">
    <p class='ocr_par' dir='ltr' id='par_1_37' title="bbox 357 2068 1958 2144">
     <span class='ocr_line' id='line_1_37' title="bbox 357 2068 1958 2144; baseline 0 -16"><span class='ocrx_word' id='word_1_265' title='bbox 357 2072 495 2128; x_wconf 85' lang='lat' dir='ltr'><strong>sidis</strong></span> <span class='ocrx_word' id='word_1_266' title='bbox 547 2088 674 2128; x_wconf 92' lang='lat' dir='ltr'><strong>cum</strong></span> <span class='ocrx_word' id='word_1_267' title='bbox 721 2070 936 2143; x_wconf 90' lang='lat' dir='ltr'><strong>judicio</strong></span> <span class='ocrx_word' id='word_1_268' title='bbox 982 2068 1422 2127; x_wconf 89' lang='lat' dir='ltr'><strong>condemnarunt</strong></span> <span class='ocrx_word' id='word_1_269' title='bbox 1456 2071 1673 2144; x_wconf 83' lang='lat' dir='ltr'><strong>(Matth.</strong></span> <span class='ocrx_word' id='word_1_270' title='bbox 1702 2087 1883 2140; x_wconf 81' lang='lat' dir='ltr'><strong>xxvn,</strong></span> <span class='ocrx_word' id='word_1_271' title='bbox 1924 2071 1958 2128; x_wconf 92' lang='grc'><strong>2</strong></span> 
     </span>
    </p>
   </div>
   <div class='ocr_carea' id='block_1_38' title="bbox 357 2159 1956 2235">
    <p class='ocr_par' dir='ltr' id='par_1_38' title="bbox 357 2159 1956 2235">
     <span class='ocr_line' id='line_1_38' title="bbox 357 2159 1956 2235; baseline -0.001 -17"><span class='ocrx_word' id='word_1_272' title='bbox 357 2162 515 2235; x_wconf 86' lang='lat' dir='ltr'><strong>seq.).</strong></span> <span class='ocrx_word' id='word_1_273' title='bbox 545 2163 607 2218; x_wconf 91' lang='lat' dir='ltr'><strong>In</strong></span> <span class='ocrx_word' id='word_1_274' title='bbox 636 2160 894 2234; x_wconf 65' lang='lat' dir='ltr'><strong>praetorio</strong></span> <span class='ocrx_word' id='word_1_275' title='bbox 941 2176 1069 2232; x_wconf 87' lang='lat' dir='ltr'><strong>ergo</strong></span> <span class='ocrx_word' id='word_1_276' title='bbox 1111 2176 1144 2216; x_wconf 89' lang='lat' dir='ltr'><strong>a</strong></span> <span class='ocrx_word' id='word_1_277' title='bbox 1169 2159 1374 2217; x_wconf 67' lang='lat' dir='ltr'><strong>Iudaeis</strong></span> <span class='ocrx_word' id='word_1_278' title='bbox 1423 2161 1740 2219; x_wconf 83' lang='lat' dir='ltr'><strong>innocentia</strong></span> <span class='ocrx_word' id='word_1_279' title='bbox 1775 2160 1956 2234; x_wconf 88' lang='lat' dir='ltr'><strong>oppri-</strong></span> 
     </span>
    </p>
   </div>
   <div class='ocr_carea' id='block_1_39' title="bbox 357 2250 1952 2324">
    <p class='ocr_par' dir='ltr' id='par_1_39' title="bbox 357 2250 1952 2324">
     <span class='ocr_line' id='line_1_39' title="bbox 357 2250 1952 2324; baseline -0.001 -15"><span class='ocrx_word' id='word_1_280' title='bbox 357 2251 553 2320; x_wconf 89' lang='lat' dir='ltr'><strong>mitur,</strong></span> <span class='ocrx_word' id='word_1_281' title='bbox 613 2258 881 2308; x_wconf 90' lang='lat' dir='ltr'><strong>secretum</strong></span> <span class='ocrx_word' id='word_1_282' title='bbox 944 2250 1229 2323; x_wconf 90' lang='lat' dir='ltr'><strong>proditur,</strong></span> <span class='ocrx_word' id='word_1_283' title='bbox 1281 2251 1476 2324; x_wconf 87' lang='lat' dir='ltr'><strong>religio</strong></span> <span class='ocrx_word' id='word_1_284' title='bbox 1531 2251 1952 2309; x_wconf 89' lang='lat' dir='ltr'><strong>condemnatur.</strong></span> 
     </span>
    </p>
   </div>
   <div class='ocr_carea' id='block_1_40' title="bbox 358 2340 1957 2409">
    <p class='ocr_par' dir='ltr' id='par_1_40' title="bbox 358 2340 1957 2409">
     <span class='ocr_line' id='line_1_40' title="bbox 358 2340 1957 2409; baseline -0.002 -9"><span class='ocrx_word' id='word_1_285' title='bbox 358 2341 497 2400; x_wconf 91' lang='lat' dir='ltr'><strong>Cum</strong></span> <span class='ocrx_word' id='word_1_286' title='bbox 554 2340 702 2396; x_wconf 92' lang='lat' dir='ltr'><strong>enim</strong></span> <span class='ocrx_word' id='word_1_287' title='bbox 732 2340 986 2397; x_wconf 85' lang='lat' dir='ltr'><strong>Christus</strong></span> <span class='ocrx_word' id='word_1_288' title='bbox 1015 2340 1310 2409; x_wconf 87' lang='lat' dir='ltr'><strong>occiditur,</strong></span> <span class='ocrx_word' id='word_1_289' title='bbox 1343 2341 1527 2397; x_wconf 91' lang='lat' dir='ltr'><strong>omnis</strong></span> <span class='ocrx_word' id='word_1_290' title='bbox 1555 2340 1614 2397; x_wconf 89' lang='lat' dir='ltr'><strong>in</strong></span> <span class='ocrx_word' id='word_1_291' title='bbox 1662 2358 1727 2397; x_wconf 91' lang='lat' dir='ltr'><strong>eo</strong></span> <span class='ocrx_word' id='word_1_292' title='bbox 1755 2341 1957 2397; x_wconf 89' lang='lat' dir='ltr'><strong>veritas</strong></span> 
     </span>
    </p>
   </div>
   <div class='ocr_carea' id='block_1_41' title="bbox 360 2429 1956 2504">
    <p class='ocr_par' dir='ltr' id='par_1_41' title="bbox 360 2429 1956 2504">
     <span class='ocr_line' id='line_1_41' title="bbox 360 2429 1956 2504; baseline -0.001 -16"><span class='ocrx_word' id='word_1_293' title='bbox 360 2439 414 2488; x_wconf 88' lang='lat' dir='ltr'><strong>et</strong></span> <span class='ocrx_word' id='word_1_294' title='bbox 437 2429 655 2503; x_wconf 89' lang='lat' dir='ltr'><strong>justitia</strong></span> <span class='ocrx_word' id='word_1_295' title='bbox 679 2429 1116 2497; x_wconf 80' lang='lat' dir='ltr'><strong>condemnatur;</strong></span> <span class='ocrx_word' id='word_1_296' title='bbox 1152 2430 1415 2503; x_wconf 92' lang='lat' dir='ltr'><strong>quoniam</strong></span> <span class='ocrx_word' id='word_1_297' title='bbox 1445 2430 1561 2504; x_wconf 89' lang='lat' dir='ltr'><strong>ipse</strong></span> <span class='ocrx_word' id='word_1_298' title='bbox 1589 2439 1670 2488; x_wconf 90' lang='lat' dir='ltr'><strong>est</strong></span> <span class='ocrx_word' id='word_1_299' title='bbox 1698 2431 1956 2489; x_wconf 87' lang='lat' dir='ltr'><strong>innocen-</strong></span> 
     </span>
    </p>
   </div>
   <div class='ocr_carea' id='block_1_42' title="bbox 360 2519 1614 2595">
    <p class='ocr_par' dir='ltr' id='par_1_42' title="bbox 360 2519 1614 2595">
     <span class='ocr_line' id='line_1_42' title="bbox 360 2519 1614 2595; baseline -0.002 -15"><span class='ocrx_word' id='word_1_300' title='bbox 360 2522 460 2592; x_wconf 86' lang='lat' dir='ltr'><strong>tia,</strong></span> <span class='ocrx_word' id='word_1_301' title='bbox 492 2521 688 2595; x_wconf 89' lang='lat' dir='ltr'><strong>religio</strong></span> <span class='ocrx_word' id='word_1_302' title='bbox 713 2519 1042 2589; x_wconf 89' lang='lat' dir='ltr'><strong>sanctitatis,</strong></span> <span class='ocrx_word' id='word_1_303' title='bbox 1075 2528 1238 2594; x_wconf 91' lang='lat' dir='ltr'><strong>atque</strong></span> <span class='ocrx_word' id='word_1_304' title='bbox 1268 2521 1614 2594; x_wconf 87' lang='lat' dir='ltr'><strong>mysterium.</strong></span> 
     </span>
    </p>
   </div>
   <div class='ocr_carea' id='block_1_43' title="bbox 925 2662 1376 2721">
    <p class='ocr_par' dir='ltr' id='par_1_43' title="bbox 925 2662 1376 2721">
     <span class='ocr_line' id='line_1_43' title="bbox 925 2662 1376 2721; baseline 0 -2"><span class='ocrx_word' id='word_1_305' title='bbox 925 2663 1161 2721; x_wconf 79' lang='lat' dir='ltr'><strong>SEBMO</strong></span> <span class='ocrx_word' id='word_1_306' title='bbox 1226 2662 1376 2720; x_wconf 83' lang='lat' dir='ltr'><strong>VIII.</strong></span> 
     </span>
    </p>
   </div>
   <div class='ocr_carea' id='block_1_44' title="bbox 808 2771 1509 2844">
    <p class='ocr_par' dir='ltr' id='par_1_44' title="bbox 808 2771 1509 2844">
     <span class='ocr_line' id='line_1_44' title="bbox 808 2771 1509 2844; baseline -0.004 -14"><span class='ocrx_word' id='word_1_307' title='bbox 808 2775 890 2831; x_wconf 88' lang='lat' dir='ltr'><strong>De</strong></span> <span class='ocrx_word' id='word_1_308' title='bbox 917 2780 1109 2830; x_wconf 88' lang='lat' dir='ltr'><strong>sancta</strong></span> <span class='ocrx_word' id='word_1_309' title='bbox 1127 2771 1439 2844; x_wconf 88' lang='lat' dir='ltr'><strong>Epiphania</strong></span> <span class='ocrx_word' id='word_1_310' title='bbox 1466 2773 1509 2827; x_wconf 94' lang='grc' dir='ltr'><strong>Ι.</strong></span> 
     </span>
    </p>
   </div>
   <div class='ocr_carea' id='block_1_45' title="bbox 362 2884 1959 2960">
    <p class='ocr_par' dir='ltr' id='par_1_45' title="bbox 362 2884 1959 2960">
     <span class='ocr_line' id='line_1_45' title="bbox 362 2884 1959 2960; baseline -0.003 -15"><span class='ocrx_word' id='word_1_311' title='bbox 362 2891 432 2946; x_wconf 83' lang='grc' dir='ltr'><strong>1η</strong></span> <span class='ocrx_word' id='word_1_312' title='bbox 451 2889 751 2960; x_wconf 83' lang='lat' dir='ltr'><strong>Appendice</strong></span> <span class='ocrx_word' id='word_1_313' title='bbox 776 2888 1003 2960; x_wconf 84' lang='lat' dir='ltr'><strong>August.</strong></span> <span class='ocrx_word' id='word_1_314' title='bbox 1035 2903 1205 2941; x_wconf 86' lang='lat' dir='ltr'><strong>sermo</strong></span> <span class='ocrx_word' id='word_1_315' title='bbox 1234 2892 1401 2960; x_wconf 62' lang='lat' dir='ltr'><strong>easta.</strong></span> <span class='ocrx_word' id='word_1_316' title='bbox 1431 2901 1652 2960; x_wconf 77' lang='lat' dir='ltr'><strong>numero</strong></span> <span class='ocrx_word' id='word_1_317' title='bbox 1682 2884 1805 2960; x_wconf 65' lang='lat'><strong>135,</strong></span> <span class='ocrx_word' id='word_1_318' title='bbox 1842 2902 1959 2941; x_wconf 88' lang='lat' dir='ltr'><strong>cum</strong></span> 
     </span>
    </p>
   </div>
   <div class='ocr_carea' id='block_1_46' title="bbox 470 2956 1959 3027">
    <p class='ocr_par' dir='ltr' id='par_1_46' title="bbox 470 2956 1959 3027">
     <span class='ocr_line' id='line_1_46' title="bbox 470 2956 1959 3027; baseline -0.001 -13"><span class='ocrx_word' id='word_1_319' title='bbox 470 2956 552 3013; x_wconf 64' lang='lat' dir='ltr'><strong>uo</strong></span> <span class='ocrx_word' id='word_1_320' title='bbox 580 2959 662 3014; x_wconf 82' lang='lat' dir='ltr'><strong>hic</strong></span> <span class='ocrx_word' id='word_1_321' title='bbox 708 2956 884 3012; x_wconf 79' lang='lat' dir='ltr'><strong>noster</strong></span> <span class='ocrx_word' id='word_1_322' title='bbox 929 2958 987 3012; x_wconf 88' lang='lat' dir='ltr'><strong>in</strong></span> <span class='ocrx_word' id='word_1_323' title='bbox 1046 2975 1103 3012; x_wconf 92' lang='lat' dir='ltr'><strong>eo</strong></span> <span class='ocrx_word' id='word_1_324' title='bbox 1155 2957 1418 3027; x_wconf 80' lang='lat' dir='ltr'><strong>congruit,</strong></span> <span class='ocrx_word' id='word_1_325' title='bbox 1448 2958 1589 3027; x_wconf 84' lang='lat' dir='ltr'><strong>quod</strong></span> <span class='ocrx_word' id='word_1_326' title='bbox 1616 2957 1678 3012; x_wconf 88' lang='lat' dir='ltr'><strong>de</strong></span> <span class='ocrx_word' id='word_1_327' title='bbox 1704 2956 1959 3027; x_wconf 79' lang='lat' dir='ltr'><strong>festorum</strong></span> 
     </span>
    </p>
   </div>
   <div class='ocr_carea' id='block_1_47' title="bbox 432 2976 1960 3100">
    <p class='ocr_par' dir='ltr' id='par_1_47' title="bbox 432 2976 1960 3100">
     <span class='ocr_line' id='line_1_47' title="bbox 470 2976 1959 3027; baseline -0.001 -13"><span class='ocrx_word' id='word_1_328' title='bbox 470 2976 536 3013; x_wconf 91' lang='lat' dir='ltr'><strong>uo</strong></span> <span class='ocrx_word' id='word_1_329' title='bbox 580 2976 662 3014; x_wconf 81' lang='lat' dir='ltr'><strong>mc</strong></span> <span class='ocrx_word' id='word_1_330' title='bbox 708 2976 884 3012; x_wconf 79' lang='lat' dir='ltr'><strong>noster</strong></span> <span class='ocrx_word' id='word_1_331' title='bbox 929 2976 987 3012; x_wconf 74' lang='lat' dir='ltr'><strong>in</strong></span> <span class='ocrx_word' id='word_1_332' title='bbox 1046 2976 1103 3012; x_wconf 92' lang='lat' dir='ltr'><strong>eo</strong></span> <span class='ocrx_word' id='word_1_333' title='bbox 1155 2976 1418 3027; x_wconf 74' lang='lat' dir='ltr'><strong>congruit,</strong></span> <span class='ocrx_word' id='word_1_334' title='bbox 1448 2976 1589 3027; x_wconf 83' lang='lat' dir='ltr'><strong>quoa</strong></span> <span class='ocrx_word' id='word_1_335' title='bbox 1616 2976 1678 3012; x_wconf 89' lang='lat' dir='ltr'><strong>ae</strong></span> <span class='ocrx_word' id='word_1_336' title='bbox 1704 2976 1959 3027; x_wconf 76' lang='lat' dir='ltr'><strong>[estorum</strong></span> 
     </span>
     <span class='ocr_line' id='line_1_48' title="bbox 432 2976 1960 3100; baseline -0.001 -16"><span class='ocrx_word' id='word_1_337' title='bbox 432 2976 737 3099; x_wconf 49' lang='lat' dir='ltr'><strong>g&#39;requentia</strong></span> <span class='ocrx_word' id='word_1_338' title='bbox 767 3028 912 3084; x_wconf 80' lang='lat' dir='ltr'><strong>dicit.</strong></span> <span class='ocrx_word' id='word_1_339' title='bbox 945 3028 1209 3098; x_wconf 85' lang='lat' dir='ltr'><strong>Majorem</strong></span> <span class='ocrx_word' id='word_1_340' title='bbox 1233 3028 1406 3083; x_wconf 85' lang='lat' dir='ltr'><strong>adhuc</strong></span> <span class='ocrx_word' id='word_1_341' title='bbox 1432 3031 1572 3084; x_wconf 87' lang='lat' dir='ltr'><strong>inter</strong></span> <span class='ocrx_word' id='word_1_342' title='bbox 1596 3028 1732 3083; x_wconf 84' lang='lat' dir='ltr'><strong>hunc</strong></span> <span class='ocrx_word' id='word_1_343' title='bbox 1758 3035 1805 3083; x_wconf 89' lang='lat' dir='ltr'><strong>et</strong></span> <span class='ocrx_word' id='word_1_344' title='bbox 1828 3030 1960 3100; x_wconf 89' lang='lat' dir='ltr'><strong>pri-</strong></span> 
     </span>
    </p>
   </div>
   <div class='ocr_carea' id='block_1_48' title="bbox 433 3117 579 3155">
    <p class='ocr_par' dir='ltr' id='par_1_48' title="bbox 433 3117 579 3155">
     <span class='ocr_line' id='line_1_49' title="bbox 433 3117 579 3155; baseline 0 0"><span class='ocrx_word' id='word_1_345' title='bbox 433 3117 579 3155; x_wconf 88' lang='lat' dir='ltr'><strong>mum</strong></span> 
     </span>
    </p>
   </div>
   <div class='ocr_carea' id='block_1_49' title="bbox 433 3172 1951 3244">
    <p class='ocr_par' dir='ltr' id='par_1_49' title="bbox 433 3172 1951 3244">
     <span class='ocr_line' id='line_1_50' title="bbox 433 3172 1951 3244; baseline -0.001 -16"><span class='ocrx_word' id='word_1_346' title='bbox 433 3172 584 3243; x_wconf 80' lang='lat' dir='ltr'><strong>queis</strong></span> <span class='ocrx_word' id='word_1_347' title='bbox 628 3172 688 3228; x_wconf 86' lang='lat' dir='ltr'><strong>in</strong></span> <span class='ocrx_word' id='word_1_348' title='bbox 744 3180 967 3244; x_wconf 85' lang='lat' dir='ltr'><strong>utroque</strong></span> <span class='ocrx_word' id='word_1_349' title='bbox 1012 3190 1166 3244; x_wconf 71' lang='lat' dir='ltr'><strong>aqua:</strong></span> <span class='ocrx_word' id='word_1_350' title='bbox 1225 3172 1284 3227; x_wconf 86' lang='lat' dir='ltr'><strong>in</strong></span> <span class='ocrx_word' id='word_1_351' title='bbox 1344 3172 1522 3227; x_wconf 79' lang='lat' dir='ltr'><strong>vinum</strong></span> <span class='ocrx_word' id='word_1_352' title='bbox 1570 3172 1951 3244; x_wconf 79' lang='lat' dir='ltr'><strong>conversionem</strong></span> 
     </span>
    </p>
   </div>
   <div class='ocr_carea' id='block_1_50' title="bbox 427 3243 1952 3317">
    <p class='ocr_par' dir='ltr' id='par_1_50' title="bbox 427 3243 1952 3317">
     <span class='ocr_line' id='line_1_51' title="bbox 427 3243 1952 3317; baseline -0.002 -17"><span class='ocrx_word' id='word_1_353' title='bbox 427 3261 711 3317; x_wconf 86' lang='lat' dir='ltr'><strong>corporum</strong></span> <span class='ocrx_word' id='word_1_354' title='bbox 773 3243 1177 3301; x_wconf 78' lang='lat' dir='ltr'><strong>resurrectionis</strong></span> <span class='ocrx_word' id='word_1_355' title='bbox 1234 3244 1525 3315; x_wconf 82' lang='lat' dir='ltr'><strong>symbolum</strong></span> <span class='ocrx_word' id='word_1_356' title='bbox 1580 3260 1685 3298; x_wconf 84' lang='lat' dir='ltr'><strong>esse</strong></span> <span class='ocrx_word' id='word_1_357' title='bbox 1730 3243 1952 3317; x_wconf 82' lang='lat' dir='ltr'><strong>ostendi-</strong></span> 
     </span>
    </p>
   </div>
   <div class='ocr_carea' id='block_1_51' title="bbox 431 3316 1956 3387">
    <p class='ocr_par' dir='ltr' id='par_1_51' title="bbox 431 3316 1956 3387">
     <span class='ocr_line' id='line_1_52' title="bbox 431 3316 1956 3387; baseline -0.001 -16"><span class='ocrx_word' id='word_1_358' title='bbox 431 3316 541 3374; x_wconf 78' lang='lat' dir='ltr'><strong>tur.</strong></span> <span class='ocrx_word' id='word_1_359' title='bbox 600 3318 735 3373; x_wconf 82' lang='lat' dir='ltr'><strong>Hinc</strong></span> <span class='ocrx_word' id='word_1_360' title='bbox 786 3317 1097 3387; x_wconf 86' lang='lat' dir='ltr'><strong>conjicimus</strong></span> <span class='ocrx_word' id='word_1_361' title='bbox 1125 3323 1392 3373; x_wconf 81' lang='lat' dir='ltr'><strong>auctorem</strong></span> <span class='ocrx_word' id='word_1_362' title='bbox 1420 3317 1695 3372; x_wconf 87' lang='lat' dir='ltr'><strong>amborum</strong></span> <span class='ocrx_word' id='word_1_363' title='bbox 1723 3316 1956 3370; x_wconf 83' lang='lat' dir='ltr'><strong>eumdem</strong></span> 
     </span>
    </p>
   </div>
   <div class='ocr_carea' id='block_1_52' title="bbox 428 3387 1955 3459">
    <p class='ocr_par' dir='ltr' id='par_1_52' title="bbox 428 3387 1955 3459">
     <span class='ocr_line' id='line_1_53' title="bbox 428 3387 1955 3459; baseline -0.001 -17"><span class='ocrx_word' id='word_1_364' title='bbox 428 3404 551 3443; x_wconf 87' lang='lat' dir='ltr'><strong>esse.</strong></span> <span class='ocrx_word' id='word_1_365' title='bbox 588 3392 659 3444; x_wconf 89' lang='lat' dir='ltr'><strong>Et</strong></span> <span class='ocrx_word' id='word_1_366' title='bbox 685 3405 810 3444; x_wconf 88' lang='lat' dir='ltr'><strong>sane</strong></span> <span class='ocrx_word' id='word_1_367' title='bbox 837 3390 956 3444; x_wconf 85' lang='lat' dir='ltr'><strong>huic</strong></span> <span class='ocrx_word' id='word_1_368' title='bbox 994 3390 1223 3443; x_wconf 78' lang='lat' dir='ltr'><strong>sermoni</strong></span> <span class='ocrx_word' id='word_1_369' title='bbox 1272 3389 1344 3443; x_wconf 86' lang='lat' dir='ltr'><strong>ad</strong></span> <span class='ocrx_word' id='word_1_370' title='bbox 1391 3388 1682 3459; x_wconf 79' lang='lat' dir='ltr'><strong>marginem</strong></span> <span class='ocrx_word' id='word_1_371' title='bbox 1711 3387 1955 3459; x_wconf 75' lang='lat' dir='ltr'><strong>editionis</strong></span> 
     </span>
    </p>
   </div>
   <div class='ocr_carea' id='block_1_53' title="bbox 429 3457 1954 3527">
    <p class='ocr_par' dir='ltr' id='par_1_53' title="bbox 429 3457 1954 3527">
     <span class='ocr_line' id='line_1_54' title="bbox 429 3457 1954 3527; baseline -0.001 -13"><span class='ocrx_word' id='word_1_372' title='bbox 429 3459 651 3515; x_wconf 86' lang='lat' dir='ltr'><strong>Erasmi</strong></span> <span class='ocrx_word' id='word_1_373' title='bbox 704 3465 893 3514; x_wconf 84' lang='lat' dir='ltr'><strong>auctor</strong></span> <span class='ocrx_word' id='word_1_374' title='bbox 928 3460 1218 3515; x_wconf 84' lang='lat' dir='ltr'><strong>ascribitur</strong></span> <span class='ocrx_word' id='word_1_375' title='bbox 1271 3460 1411 3515; x_wconf 84' lang='lat' dir='ltr'><strong>idem</strong></span> <span class='ocrx_word' id='word_1_376' title='bbox 1463 3457 1773 3519; x_wconf 67' lang='lat' dir='ltr'><strong>Maximus:</strong></span> <span class='ocrx_word' id='word_1_377' title='bbox 1802 3457 1954 3527; x_wconf 90' lang='lat' dir='ltr'><strong>cujus</strong></span> 
     </span>
    </p>
   </div>
   <div class='ocr_carea' id='block_1_54' title="bbox 428 3530 1956 3599">
    <p class='ocr_par' dir='ltr' id='par_1_54' title="bbox 428 3530 1956 3599">
     <span class='ocr_line' id='line_1_55' title="bbox 428 3530 1956 3599; baseline 0.001 -14"><span class='ocrx_word' id='word_1_378' title='bbox 428 3530 590 3586; x_wconf 86' lang='lat' dir='ltr'><strong>etiam</strong></span> <span class='ocrx_word' id='word_1_379' title='bbox 620 3530 761 3584; x_wconf 83' lang='lat' dir='ltr'><strong>inter</strong></span> <span class='ocrx_word' id='word_1_380' title='bbox 788 3546 1050 3584; x_wconf 85' lang='lat' dir='ltr'><strong>sermones</strong></span> <span class='ocrx_word' id='word_1_381' title='bbox 1069 3546 1207 3584; x_wconf 88' lang='lat' dir='ltr'><strong>unus</strong></span> <span class='ocrx_word' id='word_1_382' title='bbox 1233 3531 1294 3585; x_wconf 89' lang='lat' dir='ltr'><strong>de</strong></span> <span class='ocrx_word' id='word_1_383' title='bbox 1336 3530 1469 3599; x_wconf 82' lang='lat' dir='ltr'><strong>festo</strong></span> <span class='ocrx_word' id='word_1_384' title='bbox 1515 3532 1733 3586; x_wconf 71' lang='lat' dir='ltr'><strong>Pascha:</strong></span> <span class='ocrx_word' id='word_1_385' title='bbox 1766 3530 1956 3586; x_wconf 89' lang='lat' dir='ltr'><strong>eisdem</strong></span> 
     </span>
    </p>
   </div>
   <div class='ocr_carea' id='block_1_55' title="bbox 424 3600 1585 3672">
    <p class='ocr_par' dir='ltr' id='par_1_55' title="bbox 424 3600 1585 3672">
     <span class='ocr_line' id='line_1_56' title="bbox 424 3600 1585 3672; baseline 0.002 -18"><span class='ocrx_word' id='word_1_386' title='bbox 424 3616 678 3672; x_wconf 81' lang='lat' dir='ltr'><strong>prorsus,</strong></span> <span class='ocrx_word' id='word_1_387' title='bbox 705 3600 895 3670; x_wconf 79' lang='lat' dir='ltr'><strong>quibus</strong></span> <span class='ocrx_word' id='word_1_388' title='bbox 922 3601 1006 3655; x_wconf 85' lang='lat' dir='ltr'><strong>hic</strong></span> <span class='ocrx_word' id='word_1_389' title='bbox 1038 3600 1166 3672; x_wconf 86' lang='lat' dir='ltr'><strong>ipse,</strong></span> <span class='ocrx_word' id='word_1_390' title='bbox 1192 3601 1364 3656; x_wconf 83' lang='lat' dir='ltr'><strong>verbis</strong></span> <span class='ocrx_word' id='word_1_391' title='bbox 1384 3602 1585 3672; x_wconf 85' lang='lat' dir='ltr'><strong>incipit.</strong></span> 
     </span>
    </p>
   </div>
   <div class='ocr_carea' id='block_1_56' title="bbox 430 3724 1951 3795">
    <p class='ocr_par' dir='ltr' id='par_1_56' title="bbox 430 3724 1951 3795">
     <span class='ocr_line' id='line_1_57' title="bbox 430 3724 1951 3795; baseline -0.001 -14"><span class='ocrx_word' id='word_1_392' title='bbox 430 3725 480 3781; x_wconf 92' lang='grc'><strong>1.</strong></span> <span class='ocrx_word' id='word_1_393' title='bbox 536 3724 949 3782; x_wconf 85' lang='lat' dir='ltr'><strong>Exsultandum</strong></span> <span class='ocrx_word' id='word_1_394' title='bbox 999 3724 1160 3782; x_wconf 91' lang='lat' dir='ltr'><strong>nobis</strong></span> <span class='ocrx_word' id='word_1_395' title='bbox 1211 3732 1314 3794; x_wconf 90' lang='lat' dir='ltr'><strong>est,</strong></span> <span class='ocrx_word' id='word_1_396' title='bbox 1363 3724 1561 3781; x_wconf 89' lang='lat' dir='ltr'><strong>fratres</strong></span> <span class='ocrx_word' id='word_1_397' title='bbox 1614 3724 1951 3795; x_wconf 89' lang='lat' dir='ltr'><strong>charissimi,</strong></span> 
     </span>
    </p>
   </div>
   <div class='ocr_carea' id='block_1_57' title="bbox 356 3812 1955 3889">
    <p class='ocr_par' dir='ltr' id='par_1_57' title="bbox 356 3812 1955 3889">
     <span class='ocr_line' id='line_1_58' title="bbox 356 3812 1955 3889; baseline -0.002 -17"><span class='ocrx_word' id='word_1_398' title='bbox 356 3813 503 3889; x_wconf 91' lang='lat' dir='ltr'><strong>quod</strong></span> <span class='ocrx_word' id='word_1_399' title='bbox 548 3813 695 3872; x_wconf 89' lang='lat' dir='ltr'><strong>votis</strong></span> <span class='ocrx_word' id='word_1_400' title='bbox 738 3814 943 3871; x_wconf 87' lang='lat' dir='ltr'><strong>nostris</strong></span> <span class='ocrx_word' id='word_1_401' title='bbox 986 3823 1117 3871; x_wconf 91' lang='lat' dir='ltr'><strong>vota</strong></span> <span class='ocrx_word' id='word_1_402' title='bbox 1166 3813 1494 3882; x_wconf 90' lang='lat' dir='ltr'><strong>succedunt,</strong></span> <span class='ocrx_word' id='word_1_403' title='bbox 1537 3812 1686 3887; x_wconf 91' lang='lat' dir='ltr'><strong>quod</strong></span> <span class='ocrx_word' id='word_1_404' title='bbox 1739 3813 1955 3886; x_wconf 89' lang='lat' dir='ltr'><strong>gaudiis</strong></span> 
     </span>
    </p>
   </div>
   <div class='ocr_carea' id='block_1_58' title="bbox 356 3904 1952 3979">
    <p class='ocr_par' dir='ltr' id='par_1_58' title="bbox 356 3904 1952 3979">
     <span class='ocr_line' id='line_1_59' title="bbox 356 3904 1952 3979; baseline -0.002 -16"><span class='ocrx_word' id='word_1_405' title='bbox 356 3906 553 3979; x_wconf 88' lang='lat' dir='ltr'><strong>gaudia</strong></span> <span class='ocrx_word' id='word_1_406' title='bbox 571 3907 929 3965; x_wconf 89' lang='lat' dir='ltr'><strong>cumulantur</strong></span> <span class='ocrx_word' id='word_1_407' title='bbox 952 3925 964 3964; x_wconf 92' lang='lat'>:</span> <span class='ocrx_word' id='word_1_408' title='bbox 998 3921 1123 3964; x_wconf 88' lang='lat' dir='ltr'><strong>ecce</strong></span> <span class='ocrx_word' id='word_1_409' title='bbox 1152 3904 1298 3963; x_wconf 90' lang='lat' dir='ltr'><strong>enim</strong></span> <span class='ocrx_word' id='word_1_410' title='bbox 1329 3904 1511 3961; x_wconf 88' lang='lat' dir='ltr'><strong>adhuc</strong></span> <span class='ocrx_word' id='word_1_411' title='bbox 1537 3904 1748 3962; x_wconf 89' lang='lat' dir='ltr'><strong>Natalis</strong></span> <span class='ocrx_word' id='word_1_412' title='bbox 1769 3904 1952 3962; x_wconf 91' lang='lat' dir='ltr'><strong>Domi-</strong></span> 
     </span>
    </p>
   </div>
   <div class='ocr_carea' id='block_1_59' title="bbox 354 3995 1953 4071">
    <p class='ocr_par' dir='ltr' id='par_1_59' title="bbox 354 3995 1953 4071">
     <span class='ocr_line' id='line_1_60' title="bbox 354 3995 1953 4071; baseline -0.001 -18"><span class='ocrx_word' id='word_1_413' title='bbox 354 3997 471 4054; x_wconf 93' lang='lat' dir='ltr'><strong>nici</strong></span> <span class='ocrx_word' id='word_1_414' title='bbox 526 3998 876 4056; x_wconf 87' lang='lat' dir='ltr'><strong>solemnitate</strong></span> <span class='ocrx_word' id='word_1_415' title='bbox 931 4000 1099 4057; x_wconf 87' lang='lat' dir='ltr'><strong>corda</strong></span> <span class='ocrx_word' id='word_1_416' title='bbox 1153 4006 1342 4055; x_wconf 90' lang='lat' dir='ltr'><strong>nostra</strong></span> <span class='ocrx_word' id='word_1_417' title='bbox 1378 3997 1705 4071; x_wconf 89' lang='lat' dir='ltr'><strong>persultant,</strong></span> <span class='ocrx_word' id='word_1_418' title='bbox 1759 4004 1814 4053; x_wconf 90' lang='lat' dir='ltr'><strong>et</strong></span> <span class='ocrx_word' id='word_1_419' title='bbox 1838 3995 1953 4069; x_wconf 91' lang='lat' dir='ltr'><strong>jam</strong></span> 
     </span>
    </p>
   </div>
   <div class='ocr_carea' id='block_1_60' title="bbox 355 4087 1955 4163">
    <p class='ocr_par' dir='ltr' id='par_1_60' title="bbox 355 4087 1955 4163">
     <span class='ocr_line' id='line_1_61' title="bbox 355 4087 1955 4163; baseline 0.001 -20"><span class='ocrx_word' id='word_1_420' title='bbox 355 4087 659 4145; x_wconf 89' lang='lat' dir='ltr'><strong>festivitate</strong></span> <span class='ocrx_word' id='word_1_421' title='bbox 716 4098 916 4146; x_wconf 67' lang='lat' dir='ltr'><strong>sanctas</strong></span> <span class='ocrx_word' id='word_1_422' title='bbox 968 4090 1295 4163; x_wconf 60' lang='lat' dir='ltr'><strong>Epiphaniae</strong></span> <span class='ocrx_word' id='word_1_423' title='bbox 1355 4090 1676 4163; x_wconf 90' lang='lat' dir='ltr'><strong>gloriamur.</strong></span> <span class='ocrx_word' id='word_1_424' title='bbox 1740 4088 1955 4146; x_wconf 91' lang='lat' dir='ltr'><strong>Gratias</strong></span> 
     </span>
    </p>
   </div>
   <div class='ocr_carea' id='block_1_61' title="bbox 358 4174 1956 4253">
    <p class='ocr_par' dir='ltr' id='par_1_61' title="bbox 358 4174 1956 4253">
     <span class='ocr_line' id='line_1_62' title="bbox 358 4174 1956 4253; baseline 0.003 -24"><span class='ocrx_word' id='word_1_425' title='bbox 358 4174 528 4247; x_wconf 87' lang='lat' dir='ltr'><strong>igitur</strong></span> <span class='ocrx_word' id='word_1_426' title='bbox 569 4193 725 4249; x_wconf 88' lang='lat' dir='ltr'><strong>agere</strong></span> <span class='ocrx_word' id='word_1_427' title='bbox 753 4177 1022 4234; x_wconf 85' lang='lat' dir='ltr'><strong>debemus</strong></span> <span class='ocrx_word' id='word_1_428' title='bbox 1067 4179 1306 4235; x_wconf 92' lang='lat' dir='ltr'><strong>Domino</strong></span> <span class='ocrx_word' id='word_1_429' title='bbox 1349 4178 1443 4252; x_wconf 91' lang='lat' dir='ltr'><strong>qui</strong></span> <span class='ocrx_word' id='word_1_430' title='bbox 1491 4195 1593 4235; x_wconf 89' lang='lat' dir='ltr'><strong>nos</strong></span> <span class='ocrx_word' id='word_1_431' title='bbox 1639 4178 1956 4253; x_wconf 86' lang='lat' dir='ltr'><strong>frequenter</strong></span> 
     </span>
    </p>
   </div>
   <div class='ocr_carea' id='block_1_62' title="bbox 359 4263 1957 4341">
    <p class='ocr_par' dir='ltr' id='par_1_62' title="bbox 359 4263 1957 4341">
     <span class='ocr_line' id='line_1_63' title="bbox 359 4263 1957 4341; baseline 0.005 -23"><span class='ocrx_word' id='word_1_432' title='bbox 359 4263 570 4332; x_wconf 88' lang='lat' dir='ltr'><strong>visitat,</strong></span> <span class='ocrx_word' id='word_1_433' title='bbox 604 4272 666 4320; x_wconf 92' lang='lat' dir='ltr'><strong>ut</strong></span> <span class='ocrx_word' id='word_1_434' title='bbox 695 4281 837 4336; x_wconf 56' lang='lat' dir='ltr'><strong>saepe</strong></span> <span class='ocrx_word' id='word_1_435' title='bbox 867 4266 1110 4322; x_wconf 75' lang='lat' dir='ltr'><strong>laetiﬁcet</strong></span> <span class='ocrx_word' id='word_1_436' title='bbox 1162 4287 1173 4324; x_wconf 87' lang='lat'><strong>:</strong></span> <span class='ocrx_word' id='word_1_437' title='bbox 1224 4268 1678 4341; x_wconf 89' lang='lat' dir='ltr'><strong>frequentiusque</strong></span> <span class='ocrx_word' id='word_1_438' title='bbox 1723 4268 1957 4341; x_wconf 89' lang='lat' dir='ltr'><strong>requirit</strong></span> 
     </span>
    </p>
   </div>
   <div class='ocr_carea' id='block_1_63' title="bbox 361 4354 1959 4432">
    <p class='ocr_par' dir='ltr' id='par_1_63' title="bbox 361 4354 1959 4432">
     <span class='ocr_line' id='line_1_64' title="bbox 361 4354 1959 4432; baseline 0.003 -22"><span class='ocrx_word' id='word_1_439' title='bbox 361 4354 503 4427; x_wconf 86' lang='grc'>(26),</span> <span class='ocrx_word' id='word_1_440' title='bbox 561 4362 623 4411; x_wconf 93' lang='lat' dir='ltr'><strong>ut</strong></span> <span class='ocrx_word' id='word_1_441' title='bbox 693 4356 1043 4412; x_wconf 90' lang='lat' dir='ltr'><strong>numerosius</strong></span> <span class='ocrx_word' id='word_1_442' title='bbox 1098 4356 1408 4415; x_wconf 90' lang='lat' dir='ltr'><strong>benedicat.</strong></span> <span class='ocrx_word' id='word_1_443' title='bbox 1470 4359 1734 4427; x_wconf 87' lang='lat' dir='ltr'><strong>Quamvis</strong></span> <span class='ocrx_word' id='word_1_444' title='bbox 1788 4360 1959 4432; x_wconf 91' lang='lat' dir='ltr'><strong>igitur</strong></span> 
     </span>
    </p>
   </div>
   <div class='ocr_carea' id='block_1_64' title="bbox 360 4444 2032 4523">
    <p class='ocr_par' dir='ltr' id='par_1_64' title="bbox 360 4444 2032 4523">
     <span class='ocr_line' id='line_1_65' title="bbox 360 4444 2032 4523; baseline 0.002 -23"><span class='ocrx_word' id='word_1_445' title='bbox 360 4444 616 4518; x_wconf 87' lang='lat' dir='ltr'><strong>gentiles,</strong></span> <span class='ocrx_word' id='word_1_446' title='bbox 655 4445 784 4502; x_wconf 88' lang='lat' dir='ltr'><strong>licet</strong></span> <span class='ocrx_word' id='word_1_447' title='bbox 813 4461 976 4512; x_wconf 90' lang='lat' dir='ltr'><strong>vane,</strong></span> <span class='ocrx_word' id='word_1_448' title='bbox 1005 4462 1296 4502; x_wconf 89' lang='lat' dir='ltr'><strong>numerosa</strong></span> <span class='ocrx_word' id='word_1_449' title='bbox 1326 4447 1674 4503; x_wconf 89' lang='lat' dir='ltr'><strong>solemnitate</strong></span> <span class='ocrx_word' id='word_1_450' title='bbox 1704 4448 1958 4504; x_wconf 68' lang='lat' dir='ltr'><strong>laetentur</strong></span> <span class='ocrx_word' id='word_1_451' title='bbox 1983 4463 2032 4523; x_wconf 83' lang='lat' dir='ltr'><strong>D</strong></span> 
     </span>
    </p>
   </div>
   <div class='ocr_carea' id='block_1_65' title="bbox 359 4533 1957 4609">
    <p class='ocr_par' dir='ltr' id='par_1_65' title="bbox 359 4533 1957 4609">
     <span class='ocr_line' id='line_1_66' title="bbox 359 4533 1957 4609; baseline 0.002 -19"><span class='ocrx_word' id='word_1_452' title='bbox 359 4542 583 4609; x_wconf 89' lang='lat' dir='ltr'><strong>propter</strong></span> <span class='ocrx_word' id='word_1_453' title='bbox 619 4534 998 4591; x_wconf 90' lang='lat' dir='ltr'><strong>diversitatem</strong></span> <span class='ocrx_word' id='word_1_454' title='bbox 1045 4533 1274 4592; x_wconf 88' lang='lat' dir='ltr'><strong>deorum</strong></span> <span class='ocrx_word' id='word_1_455' title='bbox 1300 4544 1751 4602; x_wconf 88' lang='lat' dir='ltr'><strong>suorum,tamen</strong></span> <span class='ocrx_word' id='word_1_456' title='bbox 1773 4538 1957 4608; x_wconf 87' lang='lat' dir='ltr'><strong>plures</strong></span> 
     </span>
    </p>
   </div>
   <div class='ocr_carea' id='block_1_66' title="bbox 362 4624 1954 4699">
    <p class='ocr_par' dir='ltr' id='par_1_66' title="bbox 362 4624 1954 4699">
     <span class='ocr_line' id='line_1_67' title="bbox 362 4624 1954 4699; baseline 0.001 -18"><span class='ocrx_word' id='word_1_457' title='bbox 362 4624 525 4681; x_wconf 90' lang='lat' dir='ltr'><strong>nobis</strong></span> <span class='ocrx_word' id='word_1_458' title='bbox 571 4624 901 4682; x_wconf 85' lang='lat' dir='ltr'><strong>festivitates</strong></span> <span class='ocrx_word' id='word_1_459' title='bbox 930 4633 1152 4697; x_wconf 69' lang='lat' dir='ltr'><strong>praestat</strong></span> <span class='ocrx_word' id='word_1_460' title='bbox 1181 4625 1349 4681; x_wconf 90' lang='lat' dir='ltr'><strong>unius</strong></span> <span class='ocrx_word' id='word_1_461' title='bbox 1368 4625 1466 4683; x_wconf 92' lang='lat' dir='ltr'><strong>Dei</strong></span> <span class='ocrx_word' id='word_1_462' title='bbox 1497 4625 1763 4694; x_wconf 88' lang='lat' dir='ltr'><strong>visitatio,</strong></span> <span class='ocrx_word' id='word_1_463' title='bbox 1792 4642 1954 4699; x_wconf 88' lang='lat' dir='ltr'><strong>quam</strong></span> 
     </span>
    </p>
   </div>
   <div class='ocr_carea' id='block_1_67' title="bbox 357 4714 1953 4789">
    <p class='ocr_par' dir='ltr' id='par_1_67' title="bbox 357 4714 1953 4789">
     <span class='ocr_line' id='line_1_68' title="bbox 357 4714 1953 4789; baseline 0.003 -20"><span class='ocrx_word' id='word_1_464' title='bbox 357 4714 474 4772; x_wconf 89' lang='lat' dir='ltr'><strong>illis</strong></span> <span class='ocrx_word' id='word_1_465' title='bbox 503 4716 807 4772; x_wconf 87' lang='lat' dir='ltr'><strong>multorum</strong></span> <span class='ocrx_word' id='word_1_466' title='bbox 833 4714 1147 4771; x_wconf 66' lang='lat' dir='ltr'><strong>daemonum</strong></span> <span class='ocrx_word' id='word_1_467' title='bbox 1173 4716 1553 4788; x_wconf 88' lang='lat' dir='ltr'><strong>superstitiosa</strong></span> <span class='ocrx_word' id='word_1_468' title='bbox 1579 4717 1953 4789; x_wconf 69' lang='lat' dir='ltr'><strong>praesumptio.</strong></span> 
     </span>
    </p>
   </div>
   <div class='ocr_carea' id='block_1_68' title="bbox 355 4805 1956 4882">
    <p class='ocr_par' dir='ltr' id='par_1_68' title="bbox 355 4805 1956 4882">
     <span class='ocr_line' id='line_1_69' title="bbox 355 4805 1956 4882; baseline 0.001 -21"><span class='ocrx_word' id='word_1_469' title='bbox 355 4805 492 4862; x_wconf 86' lang='lat' dir='ltr'><strong>Nam</strong></span> <span class='ocrx_word' id='word_1_470' title='bbox 524 4807 670 4864; x_wconf 87' lang='lat' dir='ltr'><strong>sicut</strong></span> <span class='ocrx_word' id='word_1_471' title='bbox 720 4823 813 4864; x_wconf 90' lang='lat' dir='ltr'><strong>eos</strong></span> <span class='ocrx_word' id='word_1_472' title='bbox 841 4807 1078 4863; x_wconf 88' lang='lat' dir='ltr'><strong>veritate</strong></span> <span class='ocrx_word' id='word_1_473' title='bbox 1106 4808 1393 4882; x_wconf 90' lang='lat' dir='ltr'><strong>religionis</strong></span> <span class='ocrx_word' id='word_1_474' title='bbox 1420 4807 1719 4877; x_wconf 88' lang='lat' dir='ltr'><strong>vincimus,</strong></span> <span class='ocrx_word' id='word_1_475' title='bbox 1741 4808 1818 4865; x_wconf 90' lang='lat' dir='ltr'><strong>ita</strong></span> <span class='ocrx_word' id='word_1_476' title='bbox 1846 4824 1956 4863; x_wconf 93' lang='lat' dir='ltr'><strong>vo-</strong></span> 
     </span>
    </p>
   </div>
   <div class='ocr_carea' id='block_1_69' title="bbox 354 4904 1180 4969">
    <p class='ocr_par' dir='ltr' id='par_1_69' title="bbox 354 4904 1180 4969">
     <span class='ocr_line' id='line_1_70' title="bbox 354 4904 1180 4969; baseline 0.002 -18"><span class='ocrx_word' id='word_1_477' title='bbox 354 4904 542 4952; x_wconf 85' lang='lat' dir='ltr'><strong>torum</strong></span> <span class='ocrx_word' id='word_1_478' title='bbox 578 4913 812 4954; x_wconf 88' lang='lat' dir='ltr'><strong>numero</strong></span> <span class='ocrx_word' id='word_1_479' title='bbox 840 4912 1180 4969; x_wconf 72' lang='lat' dir='ltr'><strong>superamus.</strong></span> 
     </span>
    </p>
   </div>
   <div class='ocr_carea' id='block_1_70' title="bbox 428 4985 1951 5060">
    <p class='ocr_par' dir='ltr' id='par_1_70' title="bbox 428 4985 1951 5060">
     <span class='ocr_line' id='line_1_71' title="bbox 428 4985 1951 5060; baseline 0.001 -19"><span class='ocrx_word' id='word_1_480' title='bbox 428 4985 482 5041; x_wconf 93' lang='grc'>2.</span> <span class='ocrx_word' id='word_1_481' title='bbox 529 4986 858 5058; x_wconf 57' lang='lat' dir='ltr'><strong>Epiphania;</strong></span> <span class='ocrx_word' id='word_1_482' title='bbox 914 5001 1043 5060; x_wconf 89' lang='lat' dir='ltr'><strong>ergo</strong></span> <span class='ocrx_word' id='word_1_483' title='bbox 1094 4985 1260 5043; x_wconf 91' lang='lat' dir='ltr'><strong>hodie</strong></span> <span class='ocrx_word' id='word_1_484' title='bbox 1309 5003 1668 5060; x_wconf 89' lang='lat' dir='ltr'><strong>procuramus</strong></span> <span class='ocrx_word' id='word_1_485' title='bbox 1735 4986 1951 5059; x_wconf 87' lang='lat' dir='ltr'><strong>gaudia.</strong></span> 
     </span>
    </p>
   </div>
   <div class='ocr_carea' id='block_1_71' title="bbox 359 5075 1950 5152">
    <p class='ocr_par' dir='ltr' id='par_1_71' title="bbox 359 5075 1950 5152">
     <span class='ocr_line' id='line_1_72' title="bbox 359 5075 1950 5152; baseline -0.001 -19"><span class='ocrx_word' id='word_1_486' title='bbox 359 5075 580 5145; x_wconf 68' lang='lat' dir='ltr'><strong>Quaerat</strong></span> <span class='ocrx_word' id='word_1_487' title='bbox 607 5076 749 5134; x_wconf 88' lang='lat' dir='ltr'><strong>forte</strong></span> <span class='ocrx_word' id='word_1_488' title='bbox 779 5077 983 5151; x_wconf 88' lang='lat' dir='ltr'><strong>aliquis</strong></span> <span class='ocrx_word' id='word_1_489' title='bbox 1009 5078 1145 5151; x_wconf 90' lang='lat' dir='ltr'><strong>quid</strong></span> <span class='ocrx_word' id='word_1_490' title='bbox 1169 5078 1559 5152; x_wconf 88' lang='lat' dir='ltr'><strong>interpretetur</strong></span> <span class='ocrx_word' id='word_1_491' title='bbox 1583 5079 1687 5135; x_wconf 91' lang='lat' dir='ltr'><strong>hoc</strong></span> <span class='ocrx_word' id='word_1_492' title='bbox 1698 5078 1950 5148; x_wconf 90' lang='lat' dir='ltr'><strong>verbum,</strong></span> 
     </span>
    </p>
   </div>
   <div class='ocr_carea' id='block_1_72' title="bbox 418 5240 1954 5322">
    <p class='ocr_par' dir='ltr' id='par_1_72' title="bbox 418 5240 1954 5322">
     <span class='ocr_line' id='line_1_73' title="bbox 418 5240 1954 5322; baseline 0 -24"><span class='ocrx_word' id='word_1_493' title='bbox 418 5240 548 5322; x_wconf 41' lang='lat'><strong>.(26)</strong></span> <span class='ocrx_word' id='word_1_494' title='bbox 573 5241 700 5322; x_wconf 77' lang='lat' dir='ltr'><strong>Vet.</strong></span> <span class='ocrx_word' id='word_1_495' title='bbox 720 5243 889 5322; x_wconf 52' lang='lat' dir='ltr'><strong>edit,</strong></span> <span class='ocrx_word' id='word_1_496' title='bbox 923 5244 1184 5322; x_wconf 70' lang='lat' dir='ltr'><strong>copiosius</strong></span> <span class='ocrx_word' id='word_1_497' title='bbox 1202 5245 1469 5322; x_wconf 70' lang='lat' dir='ltr'><strong>requirit:</strong></span> <span class='ocrx_word' id='word_1_498' title='bbox 1491 5252 1611 5322; x_wconf 78' lang='lat' dir='ltr'><strong>tres</strong></span> <span class='ocrx_word' id='word_1_499' title='bbox 1635 5261 1790 5322; x_wconf 68' lang='lat' dir='ltr'><strong>mss.,</strong></span> <span class='ocrx_word' id='word_1_500' title='bbox 1820 5260 1954 5298; x_wconf 91' lang='lat' dir='ltr'><strong>con-</strong></span> 
     </span>
    </p>
   </div>
   <div class='ocr_carea' id='block_1_73' title="bbox 355 5314 1951 5388">
    <p class='ocr_par' dir='ltr' id='par_1_73' title="bbox 355 5314 1951 5388">
     <span class='ocr_line' id='line_1_74' title="bbox 355 5314 1951 5388; baseline 0.004 -23"><span class='ocrx_word' id='word_1_501' title='bbox 355 5314 782 5388; x_wconf 64' lang='lat' dir='ltr'><strong>scius_requirit;</strong></span> <span class='ocrx_word' id='word_1_502' title='bbox 816 5314 993 5388; x_wconf 56' lang='lat' dir='ltr'><strong>Romf</strong></span> <span class='ocrx_word' id='word_1_503' title='bbox 1027 5315 1190 5382; x_wconf 88' lang='lat' dir='ltr'><strong>edit.,</strong></span> <span class='ocrx_word' id='word_1_504' title='bbox 1233 5314 1566 5387; x_wconf 78' lang='lat' dir='ltr'><strong>frequentius</strong></span> <span class='ocrx_word' id='word_1_505' title='bbox 1609 5315 1832 5388; x_wconf 85' lang='lat' dir='ltr'><strong>repetit;</strong></span> <span class='ocrx_word' id='word_1_506' title='bbox 1863 5331 1951 5372; x_wconf 91' lang='lat' dir='ltr'><strong>co-</strong></span> 
     </span>
    </p>
   </div>
   <div class='ocr_carea' id='block_1_74' title="bbox 355 5381 1169 5455">
    <p class='ocr_par' dir='ltr' id='par_1_74' title="bbox 355 5381 1169 5455">
     <span class='ocr_line' id='line_1_75' title="bbox 355 5381 1169 5455; baseline 0.006 -18"><span class='ocrx_word' id='word_1_507' title='bbox 355 5381 659 5455; x_wconf 61' lang='lat' dir='ltr'><strong>dex_Lugd.</strong></span> <span class='ocrx_word' id='word_1_508' title='bbox 692 5395 753 5441; x_wconf 91' lang='lat' dir='ltr'><strong>ut</strong></span> <span class='ocrx_word' id='word_1_509' title='bbox 772 5381 873 5442; x_wconf 88' lang='lat' dir='ltr'><strong>nos</strong></span> <span class='ocrx_word' id='word_1_510' title='bbox 900 5385 959 5441; x_wconf 89' lang='lat' dir='ltr'><strong>in</strong></span> <span class='ocrx_word' id='word_1_511' title='bbox 988 5395 1169 5443; x_wconf 86' lang='lat' dir='ltr'><strong>textu.</strong></span> 
     </span>
    </p>
   </div>
   <div class='ocr_carea' id='block_1_75' title="bbox 430 5452 1951 5539">
    <p class='ocr_par' dir='ltr' id='par_1_75' title="bbox 430 5452 1951 5539">
     <span class='ocr_line' id='line_1_76' title="bbox 430 5452 1951 5539; baseline 0.009 -31"><span class='ocrx_word' id='word_1_512' title='bbox 430 5452 549 5539; x_wconf 82' lang='lat'><strong>(_2_7)</strong></span> <span class='ocrx_word' id='word_1_513' title='bbox 576 5452 807 5539; x_wconf 59' lang='lat' dir='ltr'><strong>&#39;anes</strong></span> <span class='ocrx_word' id='word_1_514' title='bbox 853 5473 1009 5526; x_wconf 90' lang='lat' dir='ltr'><strong>mss.,</strong></span> <span class='ocrx_word' id='word_1_515' title='bbox 1063 5458 1256 5539; x_wconf 69' lang='lat' dir='ltr'><strong>scilicet</strong></span> <span class='ocrx_word' id='word_1_516' title='bbox 1283 5458 1410 5529; x_wconf 85' lang='lat' dir='ltr'><strong>quia</strong></span> <span class='ocrx_word' id='word_1_517' title='bbox 1435 5456 1721 5539; x_wconf 47' lang='lat' dir='ltr'><strong>ggphania</strong></span> <span class='ocrx_word' id='word_1_518' title='bbox 1753 5458 1951 5539; x_wconf 58' lang='grc' dir='ltr'><strong>(ξτιζξοε,</strong></span> 
     </span>
    </p>
   </div>
   <div class='ocr_carea' id='block_1_76' title="bbox 360 5522 1954 5598">
    <p class='ocr_par' dir='ltr' id='par_1_76' title="bbox 360 5522 1954 5598">
     <span class='ocr_line' id='line_1_77' title="bbox 360 5522 1954 5598; baseline 0.003 -20"><span class='ocrx_word' id='word_1_519' title='bbox 360 5522 560 5598; x_wconf 75' lang='lat' dir='ltr'><strong>Latine</strong></span> <span class='ocrx_word' id='word_1_520' title='bbox 593 5525 799 5598; x_wconf 76' lang='lat' dir='ltr'><strong>dicitur</strong></span> <span class='ocrx_word' id='word_1_521' title='bbox 842 5522 1105 5598; x_wconf 77' lang='lat' dir='ltr'><strong>apparere</strong></span> <span class='ocrx_word' id='word_1_522' title='bbox 1146 5546 1158 5584; x_wconf 90' lang='lat'>:</span> <span class='ocrx_word' id='word_1_523' title='bbox 1210 5522 1366 5586; x_wconf 78' lang='lat' dir='ltr'><strong>Eras.</strong></span> <span class='ocrx_word' id='word_1_524' title='bbox 1397 5522 1725 5592; x_wconf 58' lang='lat' dir='ltr'><strong>et&#39;Gill.,....</strong></span> <span class='ocrx_word' id='word_1_525' title='bbox 1757 5528 1954 5584; x_wconf 82' lang='lat' dir='ltr'><strong>dicitur</strong></span> 
     </span>
    </p>
   </div>
   <div class='ocr_carea' id='block_1_77' title="bbox 361 5592 1947 5673">
    <p class='ocr_par' dir='ltr' id='par_1_77' title="bbox 361 5592 1947 5673">
     <span class='ocr_line' id='line_1_78' title="bbox 361 5592 1947 5673; baseline 0.009 -27"><span class='ocrx_word' id='word_1_526' title='bbox 361 5592 635 5666; x_wconf 83' lang='lat' dir='ltr'><strong>apparitio</strong></span> <span class='ocrx_word' id='word_1_527' title='bbox 667 5615 680 5654; x_wconf 88' lang='lat'><strong>:</strong></span> <span class='ocrx_word' id='word_1_528' title='bbox 706 5592 1066 5667; x_wconf 41' lang='lat' dir='ltr'><strong>Romiédit”</strong></span> <span class='ocrx_word' id='word_1_529' title='bbox 1095 5599 1309 5668; x_wconf 82' lang='lat' dir='ltr'><strong>scilicet,</strong></span> <span class='ocrx_word' id='word_1_530' title='bbox 1331 5598 1635 5673; x_wconf 83' lang='lat' dir='ltr'><strong>epiphania,</strong></span> <span class='ocrx_word' id='word_1_531' title='bbox 1665 5598 1795 5669; x_wconf 90' lang='lat' dir='ltr'><strong>quia</strong></span> <span class='ocrx_word' id='word_1_532' title='bbox 1835 5605 1947 5660; x_wconf 73' lang='grc' dir='ltr'><strong>ἔπι·</strong></span> 
     </span>
    </p>
   </div>
   <div class='ocr_carea' id='block_1_78' title="bbox 2067 1826 3670 1898">
    <p class='ocr_par' dir='ltr' id='par_1_78' title="bbox 2067 1826 3670 1898">
     <span class='ocr_line' id='line_1_79' title="bbox 2067 1826 3670 1898; baseline 0.001 -18"><span class='ocrx_word' id='word_1_533' title='bbox 2067 1826 2391 1898; x_wconf 89' lang='lat' dir='ltr'><strong>prophetam</strong></span> <span class='ocrx_word' id='word_1_534' title='bbox 2443 1828 2695 1886; x_wconf 90' lang='lat' dir='ltr'><strong>dicitur:</strong></span> <span class='ocrx_word' id='word_1_535' title='bbox 2758 1854 2777 1877; x_wconf 80' lang='grc' dir='ltr'>ι</span> <span class='ocrx_word' id='word_1_536' title='bbox 2809 1830 3072 1887; x_wconf 86' lang='lat' dir='ltr'><strong>Videntes</strong></span> <span class='ocrx_word' id='word_1_537' title='bbox 3118 1826 3405 1895; x_wconf 84' lang='lat' dir='ltr'><strong>videbitis,</strong></span> <span class='ocrx_word' id='word_1_538' title='bbox 3456 1834 3513 1883; x_wconf 91' lang='lat' dir='ltr'><strong>et</strong></span> <span class='ocrx_word' id='word_1_539' title='bbox 3561 1842 3670 1882; x_wconf 91' lang='lat' dir='ltr'><strong>non</strong></span> 
     </span>
    </p>
   </div>
   <div class='ocr_carea' id='block_1_79' title="bbox 2067 1915 3667 1991">
    <p class='ocr_par' dir='ltr' id='par_1_79' title="bbox 2067 1915 3667 1991">
     <span class='ocr_line' id='line_1_80' title="bbox 2067 1915 3667 1991; baseline 0.002 -22"><span class='ocrx_word' id='word_1_540' title='bbox 2067 1915 2330 1973; x_wconf 87' lang='lat' dir='ltr'><strong>videbitis</strong></span> <span class='ocrx_word' id='word_1_541' title='bbox 2352 1917 2495 1989; x_wconf 88' lang='lat' dir='ltr'><strong>(Isa.</strong></span> <span class='ocrx_word' id='word_1_542' title='bbox 2527 1936 2607 1984; x_wconf 81' lang='lat' dir='ltr'><strong>v1,</strong></span> <span class='ocrx_word' id='word_1_543' title='bbox 2640 1919 2721 1991; x_wconf 88' lang='lat'><strong>9),</strong></span> <span class='ocrx_word' id='word_1_544' title='bbox 2756 1945 2775 1967; x_wconf 75' lang='grc' dir='ltr'><strong><em>ι</em></strong></span> <span class='ocrx_word' id='word_1_545' title='bbox 2828 1919 2936 1976; x_wconf 90' lang='lat' dir='ltr'><strong>hoc</strong></span> <span class='ocrx_word' id='word_1_546' title='bbox 2979 1927 3079 1987; x_wconf 88' lang='lat' dir='ltr'><strong>est,</strong></span> <span class='ocrx_word' id='word_1_547' title='bbox 3128 1918 3473 1974; x_wconf 88' lang='lat' dir='ltr'><strong>Salvatorem</strong></span> <span class='ocrx_word' id='word_1_548' title='bbox 3510 1932 3667 1990; x_wconf 88' lang='lat' dir='ltr'><strong>quem</strong></span> 
     </span>
    </p>
   </div>
   <div class='ocr_carea' id='block_1_80' title="bbox 2065 2006 3660 2082">
    <p class='ocr_par' dir='ltr' id='par_1_80' title="bbox 2065 2006 3660 2082">
     <span class='ocr_line' id='line_1_81' title="bbox 2065 2006 3660 2082; baseline 0.001 -21"><span class='ocrx_word' id='word_1_549' title='bbox 2065 2014 2353 2063; x_wconf 91' lang='lat' dir='ltr'><strong>cernerent</strong></span> <span class='ocrx_word' id='word_1_550' title='bbox 2380 2008 2557 2064; x_wconf 91' lang='lat' dir='ltr'><strong>oculis</strong></span> <span class='ocrx_word' id='word_1_551' title='bbox 2602 2009 3005 2082; x_wconf 77' lang='lat' dir='ltr'><strong>corporalibus,</strong></span> <span class='ocrx_word' id='word_1_552' title='bbox 3037 2006 3275 2080; x_wconf 90' lang='lat' dir='ltr'><strong>spiritali</strong></span> <span class='ocrx_word' id='word_1_553' title='bbox 3306 2007 3524 2063; x_wconf 87' lang='lat' dir='ltr'><strong>lumine</strong></span> <span class='ocrx_word' id='word_1_554' title='bbox 3552 2023 3660 2063; x_wconf 92' lang='lat' dir='ltr'><strong>non</strong></span> 
     </span>
    </p>
   </div>
   <div class='ocr_carea' id='block_1_81' title="bbox 2065 2095 3668 2172">
    <p class='ocr_par' dir='ltr' id='par_1_81' title="bbox 2065 2095 3668 2172">
     <span class='ocr_line' id='line_1_82' title="bbox 2065 2095 3668 2172; baseline 0.001 -23"><span class='ocrx_word' id='word_1_555' title='bbox 2065 2095 2340 2153; x_wconf 88' lang='lat' dir='ltr'><strong>viderent.</strong></span> <span class='ocrx_word' id='word_1_556' title='bbox 2378 2097 2573 2155; x_wconf 91' lang='lat' dir='ltr'><strong>Postea</strong></span> <span class='ocrx_word' id='word_1_557' title='bbox 2601 2098 2749 2154; x_wconf 89' lang='lat' dir='ltr'><strong>enim</strong></span> <span class='ocrx_word' id='word_1_558' title='bbox 2781 2115 2946 2172; x_wconf 89' lang='lat' dir='ltr'><strong>quam</strong></span> <span class='ocrx_word' id='word_1_559' title='bbox 2978 2096 3330 2153; x_wconf 90' lang='lat' dir='ltr'><strong>divinitatem</strong></span> <span class='ocrx_word' id='word_1_560' title='bbox 3365 2111 3522 2152; x_wconf 90' lang='lat' dir='ltr'><strong>suam</strong></span> <span class='ocrx_word' id='word_1_561' title='bbox 3558 2095 3668 2152; x_wconf 90' lang='lat' dir='ltr'><strong>mi-</strong></span> 
     </span>
    </p>
   </div>
   <div class='ocr_carea' id='block_1_82' title="bbox 2068 2184 3661 2260">
    <p class='ocr_par' dir='ltr' id='par_1_82' title="bbox 2068 2184 3661 2260">
     <span class='ocr_line' id='line_1_83' title="bbox 2068 2184 3661 2260; baseline 0 -20"><span class='ocrx_word' id='word_1_562' title='bbox 2068 2184 2338 2243; x_wconf 90' lang='lat' dir='ltr'><strong>rabilibus</strong></span> <span class='ocrx_word' id='word_1_563' title='bbox 2386 2187 2707 2256; x_wconf 87' lang='lat' dir='ltr'><strong>declaravit,</strong></span> <span class='ocrx_word' id='word_1_564' title='bbox 2760 2188 3020 2245; x_wconf 89' lang='lat' dir='ltr'><strong>humanis</strong></span> <span class='ocrx_word' id='word_1_565' title='bbox 3068 2185 3352 2243; x_wconf 90' lang='lat' dir='ltr'><strong>mentibus</strong></span> <span class='ocrx_word' id='word_1_566' title='bbox 3403 2194 3661 2260; x_wconf 85' lang='lat' dir='ltr'><strong>tanquam</strong></span> 
     </span>
    </p>
   </div>
   <div class='ocr_carea' id='block_1_83' title="bbox 2069 2276 3668 2352">
    <p class='ocr_par' dir='ltr' id='par_1_83' title="bbox 2069 2276 3668 2352">
     <span class='ocr_line' id='line_1_84' title="bbox 2069 2276 3668 2352; baseline -0.001 -21"><span class='ocrx_word' id='word_1_567' title='bbox 2069 2291 2250 2332; x_wconf 91' lang='lat' dir='ltr'><strong>novus</strong></span> <span class='ocrx_word' id='word_1_568' title='bbox 2276 2285 2331 2333; x_wconf 92' lang='lat' dir='ltr'><strong>et</strong></span> <span class='ocrx_word' id='word_1_569' title='bbox 2361 2278 2676 2350; x_wconf 91' lang='lat' dir='ltr'><strong>inopinatus</strong></span> <span class='ocrx_word' id='word_1_570' title='bbox 2710 2295 2999 2352; x_wconf 88' lang='lat' dir='ltr'><strong>apparens,</strong></span> <span class='ocrx_word' id='word_1_571' title='bbox 3031 2279 3223 2337; x_wconf 89' lang='lat' dir='ltr'><strong>oculos</strong></span> <span class='ocrx_word' id='word_1_572' title='bbox 3254 2276 3526 2350; x_wconf 87' lang='lat' dir='ltr'><strong>quosdam</strong></span> <span class='ocrx_word' id='word_1_573' title='bbox 3555 2292 3668 2333; x_wconf 85' lang='lat' dir='ltr'><strong>cor-</strong></span> 
     </span>
    </p>
   </div>
   <div class='ocr_carea' id='block_1_84' title="bbox 2066 2363 3669 2440">
    <p class='ocr_par' dir='ltr' id='par_1_84' title="bbox 2066 2363 3669 2440">
     <span class='ocr_line' id='line_1_85' title="bbox 2066 2363 3669 2440; baseline 0.001 -20"><span class='ocrx_word' id='word_1_574' title='bbox 2066 2363 2154 2421; x_wconf 88' lang='lat' dir='ltr'><strong>dis</strong></span> <span class='ocrx_word' id='word_1_575' title='bbox 2206 2365 2434 2435; x_wconf 87' lang='lat' dir='ltr'><strong>infudit,</strong></span> <span class='ocrx_word' id='word_1_576' title='bbox 2485 2374 2546 2423; x_wconf 92' lang='lat' dir='ltr'><strong>ut</strong></span> <span class='ocrx_word' id='word_1_577' title='bbox 2589 2377 2940 2440; x_wconf 88' lang='lat' dir='ltr'><strong>cognosceret</strong></span> <span class='ocrx_word' id='word_1_578' title='bbox 2980 2384 3171 2423; x_wconf 90' lang='lat' dir='ltr'><strong>sensus</strong></span> <span class='ocrx_word' id='word_1_579' title='bbox 3215 2382 3380 2440; x_wconf 88' lang='lat' dir='ltr'><strong>quem</strong></span> <span class='ocrx_word' id='word_1_580' title='bbox 3431 2383 3541 2422; x_wconf 90' lang='lat' dir='ltr'><strong>non</strong></span> <span class='ocrx_word' id='word_1_581' title='bbox 3571 2382 3669 2422; x_wconf 84' lang='lat' dir='ltr'><strong>co-</strong></span> 
     </span>
    </p>
   </div>
   <div class='ocr_carea' id='block_1_85' title="bbox 2067 2455 3664 2528">
    <p class='ocr_par' dir='ltr' id='par_1_85' title="bbox 2067 2455 3664 2528">
     <span class='ocr_line' id='line_1_86' title="bbox 2067 2455 3664 2528; baseline 0.001 -18"><span class='ocrx_word' id='word_1_582' title='bbox 2067 2455 2260 2526; x_wconf 89' lang='lat' dir='ltr'><strong>gnovit</strong></span> <span class='ocrx_word' id='word_1_583' title='bbox 2287 2464 2555 2528; x_wconf 88' lang='lat' dir='ltr'><strong>aspectus.</strong></span> <span class='ocrx_word' id='word_1_584' title='bbox 2580 2456 2736 2513; x_wconf 87' lang='lat' dir='ltr'><strong>Unde</strong></span> <span class='ocrx_word' id='word_1_585' title='bbox 2764 2457 2828 2513; x_wconf 88' lang='lat' dir='ltr'><strong>ﬁt</strong></span> <span class='ocrx_word' id='word_1_586' title='bbox 2848 2466 2910 2513; x_wconf 89' lang='lat' dir='ltr'><strong>ut</strong></span> <span class='ocrx_word' id='word_1_587' title='bbox 2935 2473 3035 2513; x_wconf 89' lang='lat' dir='ltr'><strong>nos</strong></span> <span class='ocrx_word' id='word_1_588' title='bbox 3065 2456 3349 2514; x_wconf 89' lang='lat' dir='ltr'><strong>Christum</strong></span> <span class='ocrx_word' id='word_1_589' title='bbox 3371 2456 3664 2511; x_wconf 86' lang='lat' dir='ltr'><strong>Dominum</strong></span> 
     </span>
    </p>
   </div>
   <div class='ocr_carea' id='block_1_86' title="bbox 2068 2544 3664 2619">
    <p class='ocr_par' dir='ltr' id='par_1_86' title="bbox 2068 2544 3664 2619">
     <span class='ocr_line' id='line_1_87' title="bbox 2068 2544 3664 2619; baseline -0.001 -18"><span class='ocrx_word' id='word_1_590' title='bbox 2068 2561 2164 2617; x_wconf 89' lang='lat' dir='ltr'><strong>per</strong></span> <span class='ocrx_word' id='word_1_591' title='bbox 2190 2544 2378 2615; x_wconf 90' lang='lat' dir='ltr'><strong>ﬁdem,</strong></span> <span class='ocrx_word' id='word_1_592' title='bbox 2401 2563 2563 2619; x_wconf 88' lang='lat' dir='ltr'><strong>quem</strong></span> <span class='ocrx_word' id='word_1_593' title='bbox 2594 2563 2878 2618; x_wconf 87' lang='lat' dir='ltr'><strong>nunquam</strong></span> <span class='ocrx_word' id='word_1_594' title='bbox 2914 2546 3180 2616; x_wconf 86' lang='lat' dir='ltr'><strong>vidimus,</strong></span> <span class='ocrx_word' id='word_1_595' title='bbox 3212 2547 3664 2619; x_wconf 88' lang='lat' dir='ltr'><strong>contemplemur:</strong></span> 
     </span>
    </p>
   </div>
   <div class='ocr_carea' id='block_1_87' title="bbox 2065 2633 3667 2709">
    <p class='ocr_par' dir='ltr' id='par_1_87' title="bbox 2065 2633 3667 2709">
     <span class='ocr_line' id='line_1_88' title="bbox 2065 2633 3667 2709; baseline 0.001 -20"><span class='ocrx_word' id='word_1_596' title='bbox 2065 2633 2240 2690; x_wconf 67' lang='lat' dir='ltr'><strong>Judaei</strong></span> <span class='ocrx_word' id='word_1_597' title='bbox 2271 2651 2435 2707; x_wconf 91' lang='lat' dir='ltr'><strong>quem</strong></span> <span class='ocrx_word' id='word_1_598' title='bbox 2481 2644 2881 2709; x_wconf 88' lang='lat' dir='ltr'><strong>perspexerunt</strong></span> <span class='ocrx_word' id='word_1_599' title='bbox 2911 2636 3108 2705; x_wconf 90' lang='lat' dir='ltr'><strong>oculis,</strong></span> <span class='ocrx_word' id='word_1_600' title='bbox 3156 2636 3523 2708; x_wconf 87' lang='lat' dir='ltr'><strong>palpaverunt</strong></span> <span class='ocrx_word' id='word_1_601' title='bbox 3548 2651 3667 2690; x_wconf 76' lang='lat' dir='ltr'><strong>ma~</strong></span> 
     </span>
    </p>
   </div>
   <div class='ocr_carea' id='block_1_88' title="bbox 2065 2723 3050 2800">
    <p class='ocr_par' dir='ltr' id='par_1_88' title="bbox 2065 2723 3050 2800">
     <span class='ocr_line' id='line_1_89' title="bbox 2065 2723 3050 2800; baseline 0.002 -21"><span class='ocrx_word' id='word_1_602' title='bbox 2065 2723 2251 2793; x_wconf 90' lang='lat' dir='ltr'><strong>nibus,</strong></span> <span class='ocrx_word' id='word_1_603' title='bbox 2275 2724 2441 2782; x_wconf 87' lang='lat' dir='ltr'><strong>hodie</strong></span> <span class='ocrx_word' id='word_1_604' title='bbox 2471 2742 2643 2800; x_wconf 91' lang='lat' dir='ltr'><strong>usque</strong></span> <span class='ocrx_word' id='word_1_605' title='bbox 2663 2743 2772 2782; x_wconf 93' lang='lat' dir='ltr'><strong>non</strong></span> <span class='ocrx_word' id='word_1_606' title='bbox 2805 2727 3050 2783; x_wconf 91' lang='lat' dir='ltr'><strong>videant.</strong></span> 
     </span>
    </p>
   </div>
   <div class='ocr_carea' id='block_1_89' title="bbox 2136 2812 3663 2890">
    <p class='ocr_par' dir='ltr' id='par_1_89' title="bbox 2136 2812 3663 2890">
     <span class='ocr_line' id='line_1_90' title="bbox 2136 2812 3663 2890; baseline 0.001 -21"><span class='ocrx_word' id='word_1_607' title='bbox 2136 2812 2190 2871; x_wconf 76' lang='grc'><strong>4.</strong></span> <span class='ocrx_word' id='word_1_608' title='bbox 2224 2815 2587 2888; x_wconf 83' lang='lat' dir='ltr'><strong>Requiramus</strong></span> <span class='ocrx_word' id='word_1_609' title='bbox 2627 2815 2796 2890; x_wconf 89' lang='lat' dir='ltr'><strong>igitur</strong></span> <span class='ocrx_word' id='word_1_610' title='bbox 2843 2815 2992 2889; x_wconf 91' lang='lat' dir='ltr'><strong>quod</strong></span> <span class='ocrx_word' id='word_1_611' title='bbox 3037 2814 3260 2887; x_wconf 89' lang='lat' dir='ltr'><strong>signum</strong></span> <span class='ocrx_word' id='word_1_612' title='bbox 3291 2823 3552 2888; x_wconf 87' lang='lat' dir='ltr'><strong>operatus</strong></span> <span class='ocrx_word' id='word_1_613' title='bbox 3579 2816 3663 2883; x_wconf 87' lang='lat' dir='ltr'><strong>sit,</strong></span> 
     </span>
    </p>
   </div>
   <div class='ocr_carea' id='block_1_90' title="bbox 2064 2904 3666 2979">
    <p class='ocr_par' dir='ltr' id='par_1_90' title="bbox 2064 2904 3666 2979">
     <span class='ocr_line' id='line_1_91' title="bbox 2064 2904 3666 2979; baseline 0.003 -20"><span class='ocrx_word' id='word_1_614' title='bbox 2064 2911 2128 2959; x_wconf 89' lang='lat' dir='ltr'><strong>ut</strong></span> <span class='ocrx_word' id='word_1_615' title='bbox 2154 2904 2502 2962; x_wconf 87' lang='lat' dir='ltr'><strong>divinitatem</strong></span> <span class='ocrx_word' id='word_1_616' title='bbox 2525 2923 2679 2963; x_wconf 91' lang='lat' dir='ltr'><strong>suam</strong></span> <span class='ocrx_word' id='word_1_617' title='bbox 2705 2906 2923 2979; x_wconf 90' lang='lat' dir='ltr'><strong>populis</strong></span> <span class='ocrx_word' id='word_1_618' title='bbox 2952 2906 3274 2963; x_wconf 90' lang='lat' dir='ltr'><strong>declararet.</strong></span> <span class='ocrx_word' id='word_1_619' title='bbox 3309 2907 3532 2964; x_wconf 92' lang='lat' dir='ltr'><strong>Dicitur</strong></span> <span class='ocrx_word' id='word_1_620' title='bbox 3568 2906 3666 2964; x_wconf 89' lang='lat' dir='ltr'><strong>hoc</strong></span> 
     </span>
    </p>
   </div>
   <div class='ocr_carea' id='block_1_91' title="bbox 2066 2993 3657 3069">
    <p class='ocr_par' dir='ltr' id='par_1_91' title="bbox 2066 2993 3657 3069">
     <span class='ocr_line' id='line_1_92' title="bbox 2066 2993 3657 3069; baseline 0.002 -21"><span class='ocrx_word' id='word_1_621' title='bbox 2066 2993 2306 3065; x_wconf 89' lang='lat' dir='ltr'><strong>primum</strong></span> <span class='ocrx_word' id='word_1_622' title='bbox 2357 2994 2552 3052; x_wconf 87' lang='lat' dir='ltr'><strong>fecisse</strong></span> <span class='ocrx_word' id='word_1_623' title='bbox 2604 2995 2954 3064; x_wconf 89' lang='lat' dir='ltr'><strong>miraculum,</strong></span> <span class='ocrx_word' id='word_1_624' title='bbox 2986 3003 3048 3051; x_wconf 88' lang='lat' dir='ltr'><strong>ut</strong></span> <span class='ocrx_word' id='word_1_625' title='bbox 3093 3011 3292 3069; x_wconf 88' lang='lat' dir='ltr'><strong>aquam</strong></span> <span class='ocrx_word' id='word_1_626' title='bbox 3331 3004 3567 3051; x_wconf 89' lang='lat' dir='ltr'><strong>mutaret</strong></span> <span class='ocrx_word' id='word_1_627' title='bbox 3606 2995 3657 3050; x_wconf 88' lang='lat' dir='ltr'><strong>in</strong></span> 
     </span>
    </p>
   </div>
   <div class='ocr_carea' id='block_1_92' title="bbox 633 3081 1955 3170">
    <p class='ocr_par' dir='ltr' id='par_1_92' title="bbox 633 3081 1955 3170">
     <span class='ocr_line' id='line_1_93' title="bbox 633 3081 1955 3170; baseline -0.004 -12"><span class='ocrx_word' id='word_1_628' title='bbox 633 3081 868 3159; x_wconf 54' lang='lat' dir='ltr'><strong>mem</strong></span> <span class='ocrx_word' id='word_1_629' title='bbox 879 3081 889 3083; x_wconf 59' lang='grc'><em>’</em></span> <span class='ocrx_word' id='word_1_630' title='bbox 903 3081 994 3155; x_wconf 10' lang='lat' dir='ltr'><strong>ﬁt;</strong></span> <span class='ocrx_word' id='word_1_631' title='bbox 1007 3081 1183 3156; x_wconf 59' lang='lat' dir='ltr'><strong>&quot;tua</strong></span> <span class='ocrx_word' id='word_1_632' title='bbox 1197 3081 1549 3155; x_wconf 51' lang='lat' dir='ltr'><strong>aetatm;</strong></span> <span class='ocrx_word' id='word_1_633' title='bbox 1579 3081 1955 3170; x_wconf 48' lang='lat' dir='ltr'><strong>commata,</strong></span> 
     </span>
    </p>
   </div>
   <div class='ocr_carea' id='block_1_93' title="bbox 2072 3081 3658 3170">
    <p class='ocr_par' dir='ltr' id='par_1_93' title="bbox 2072 3081 3658 3156">
     <span class='ocr_line' id='line_1_94' title="bbox 2072 3081 3658 3156; baseline 0.001 -19"><span class='ocrx_word' id='word_1_634' title='bbox 2072 3081 2261 3137; x_wconf 91' lang='lat' dir='ltr'><strong>vinum</strong></span> <span class='ocrx_word' id='word_1_635' title='bbox 2288 3083 2478 3151; x_wconf 85' lang='lat' dir='ltr'><strong>(Joan.</strong></span> <span class='ocrx_word' id='word_1_636' title='bbox 2512 3100 2572 3152; x_wconf 78' lang='grc' dir='ltr'><strong>ιι,</strong></span> <span class='ocrx_word' id='word_1_637' title='bbox 2610 3084 2727 3155; x_wconf 80' lang='grc'><strong>11).</strong></span> <span class='ocrx_word' id='word_1_638' title='bbox 2761 3085 3016 3156; x_wconf 88' lang='lat' dir='ltr'><strong>Magnum</strong></span> <span class='ocrx_word' id='word_1_639' title='bbox 3046 3083 3206 3155; x_wconf 90' lang='lat' dir='ltr'><strong>plane</strong></span> <span class='ocrx_word' id='word_1_640' title='bbox 3234 3084 3478 3155; x_wconf 89' lang='lat' dir='ltr'><strong>signum,</strong></span> <span class='ocrx_word' id='word_1_641' title='bbox 3509 3091 3564 3139; x_wconf 90' lang='lat' dir='ltr'><strong>et</strong></span> <span class='ocrx_word' id='word_1_642' title='bbox 3591 3082 3658 3138; x_wconf 85' lang='lat' dir='ltr'><strong>ad</strong></span> 
     </span>
    </p>
   </div>
   <div class='ocr_carea' id='block_1_94' title="bbox 2065 3171 3655 3244">
    <p class='ocr_par' dir='ltr' id='par_1_94' title="bbox 2065 3171 3655 3244">
     <span class='ocr_line' id='line_1_95' title="bbox 2065 3171 3655 3244; baseline 0.001 -17"><span class='ocrx_word' id='word_1_643' title='bbox 2065 3171 2164 3227; x_wconf 92' lang='lat' dir='ltr'><strong>Dei</strong></span> <span class='ocrx_word' id='word_1_644' title='bbox 2214 3172 2543 3229; x_wconf 89' lang='lat' dir='ltr'><strong>credendam</strong></span> <span class='ocrx_word' id='word_1_645' title='bbox 2592 3173 2872 3230; x_wconf 78' lang='lat' dir='ltr'><strong>sufﬁciens</strong></span> <span class='ocrx_word' id='word_1_646' title='bbox 2915 3172 3283 3244; x_wconf 84' lang='lat' dir='ltr'><strong>majestatem.</strong></span> <span class='ocrx_word' id='word_1_647' title='bbox 3337 3172 3475 3241; x_wconf 88' lang='lat' dir='ltr'><strong>Quis</strong></span> <span class='ocrx_word' id='word_1_648' title='bbox 3515 3173 3655 3228; x_wconf 91' lang='lat' dir='ltr'><strong>enim</strong></span> 
     </span>
    </p>
   </div>
   <div class='ocr_carea' id='block_1_95' title="bbox 2064 3261 3660 3335">
    <p class='ocr_par' dir='ltr' id='par_1_95' title="bbox 2064 3261 3660 3335">
     <span class='ocr_line' id='line_1_96' title="bbox 2064 3261 3660 3335; baseline 0.002 -20"><span class='ocrx_word' id='word_1_649' title='bbox 2064 3276 2176 3315; x_wconf 90' lang='lat' dir='ltr'><strong>non</strong></span> <span class='ocrx_word' id='word_1_650' title='bbox 2226 3261 2459 3318; x_wconf 89' lang='lat' dir='ltr'><strong>miretur</strong></span> <span class='ocrx_word' id='word_1_651' title='bbox 2505 3262 2565 3318; x_wconf 90' lang='lat' dir='ltr'><strong>in</strong></span> <span class='ocrx_word' id='word_1_652' title='bbox 2602 3262 2755 3333; x_wconf 78' lang='lat' dir='ltr'><strong>aliud</strong></span> <span class='ocrx_word' id='word_1_653' title='bbox 2802 3279 2964 3335; x_wconf 91' lang='lat' dir='ltr'><strong>quam</strong></span> <span class='ocrx_word' id='word_1_654' title='bbox 3010 3268 3187 3330; x_wconf 89' lang='lat' dir='ltr'><strong>erant,</strong></span> <span class='ocrx_word' id='word_1_655' title='bbox 3247 3262 3517 3317; x_wconf 85' lang='lat' dir='ltr'><strong>elementa</strong></span> <span class='ocrx_word' id='word_1_656' title='bbox 3550 3278 3660 3318; x_wconf 90' lang='lat' dir='ltr'><strong>esse</strong></span> 
     </span>
    </p>
   </div>
   <div class='ocr_carea' id='block_1_96' title="bbox 2062 3352 3656 3425">
    <p class='ocr_par' dir='ltr' id='par_1_96' title="bbox 2062 3352 3656 3425">
     <span class='ocr_line' id='line_1_97' title="bbox 2062 3352 3656 3425; baseline 0.001 -20"><span class='ocrx_word' id='word_1_657' title='bbox 2062 3352 2332 3407; x_wconf 89' lang='lat' dir='ltr'><strong>translata</strong></span> <span class='ocrx_word' id='word_1_658' title='bbox 2363 3352 2392 3408; x_wconf 84' lang='lat'><strong>?</strong></span> <span class='ocrx_word' id='word_1_659' title='bbox 2446 3353 2619 3409; x_wconf 91' lang='lat' dir='ltr'><strong>Nemo</strong></span> <span class='ocrx_word' id='word_1_660' title='bbox 2674 3353 2822 3409; x_wconf 91' lang='lat' dir='ltr'><strong>enim</strong></span> <span class='ocrx_word' id='word_1_661' title='bbox 2885 3359 3065 3425; x_wconf 88' lang='lat' dir='ltr'><strong>potest</strong></span> <span class='ocrx_word' id='word_1_662' title='bbox 3120 3360 3337 3408; x_wconf 89' lang='lat' dir='ltr'><strong>mutare</strong></span> <span class='ocrx_word' id='word_1_663' title='bbox 3391 3360 3656 3421; x_wconf 89' lang='lat' dir='ltr'><strong>naturam,</strong></span> 
     </span>
    </p>
   </div>
   <div class='ocr_carea' id='block_1_97' title="bbox 2064 3438 2957 3514">
    <p class='ocr_par' dir='ltr' id='par_1_97' title="bbox 2064 3438 2957 3514">
     <span class='ocr_line' id='line_1_98' title="bbox 2064 3438 2957 3514; baseline 0.004 -19"><span class='ocrx_word' id='word_1_664' title='bbox 2064 3438 2172 3496; x_wconf 91' lang='lat' dir='ltr'><strong>nisi</strong></span> <span class='ocrx_word' id='word_1_665' title='bbox 2202 3440 2297 3514; x_wconf 91' lang='lat' dir='ltr'><strong>qui</strong></span> <span class='ocrx_word' id='word_1_666' title='bbox 2327 3440 2587 3498; x_wconf 90' lang='lat' dir='ltr'><strong>dominus</strong></span> <span class='ocrx_word' id='word_1_667' title='bbox 2614 3451 2697 3499; x_wconf 90' lang='lat' dir='ltr'><strong>est</strong></span> <span class='ocrx_word' id='word_1_668' title='bbox 2727 3440 2957 3500; x_wconf 79' lang='lat' dir='ltr'><strong>naturae.</strong></span> 
     </span>
    </p>
   </div>
   <div class='ocr_carea' id='block_1_98' title="bbox 2131 3537 3659 3613">
    <p class='ocr_par' dir='ltr' id='par_1_98' title="bbox 2131 3537 3659 3613">
     <span class='ocr_line' id='line_1_99' title="bbox 2131 3537 3659 3613; baseline 0.001 -19"><span class='ocrx_word' id='word_1_669' title='bbox 2131 3537 2185 3594; x_wconf 76' lang='grc' dir='ltr'><strong>ὕ.</strong></span> <span class='ocrx_word' id='word_1_670' title='bbox 2227 3537 2571 3596; x_wconf 88' lang='lat' dir='ltr'><strong>Credendum</strong></span> <span class='ocrx_word' id='word_1_671' title='bbox 2625 3549 2704 3597; x_wconf 89' lang='lat' dir='ltr'><strong>est</strong></span> <span class='ocrx_word' id='word_1_672' title='bbox 2729 3540 2846 3613; x_wconf 90' lang='lat' dir='ltr'><strong>jam</strong></span> <span class='ocrx_word' id='word_1_673' title='bbox 2878 3556 2949 3597; x_wconf 85' lang='lat' dir='ltr'><strong>ex</strong></span> <span class='ocrx_word' id='word_1_674' title='bbox 3005 3539 3118 3598; x_wconf 92' lang='lat' dir='ltr'><strong>hoc</strong></span> <span class='ocrx_word' id='word_1_675' title='bbox 3148 3540 3444 3596; x_wconf 90' lang='lat' dir='ltr'><strong>mortalem</strong></span> <span class='ocrx_word' id='word_1_676' title='bbox 3476 3538 3659 3596; x_wconf 90' lang='lat' dir='ltr'><strong>homi-</strong></span> 
     </span>
    </p>
   </div>
   <div class='ocr_carea' id='block_1_99' title="bbox 2061 3628 3657 3705">
    <p class='ocr_par' dir='ltr' id='par_1_99' title="bbox 2061 3628 3657 3705">
     <span class='ocr_line' id='line_1_100' title="bbox 2061 3628 3657 3705; baseline 0.001 -22"><span class='ocrx_word' id='word_1_677' title='bbox 2061 3642 2187 3684; x_wconf 90' lang='lat' dir='ltr'><strong>nem</strong></span> <span class='ocrx_word' id='word_1_678' title='bbox 2218 3628 2277 3684; x_wconf 90' lang='lat' dir='ltr'><strong>in</strong></span> <span class='ocrx_word' id='word_1_679' title='bbox 2307 3628 2784 3688; x_wconf 90' lang='lat' dir='ltr'><strong>immortalitatem</strong></span> <span class='ocrx_word' id='word_1_680' title='bbox 2817 3646 2975 3704; x_wconf 90' lang='lat' dir='ltr'><strong>posse</strong></span> <span class='ocrx_word' id='word_1_681' title='bbox 3008 3632 3282 3700; x_wconf 82' lang='lat' dir='ltr'><strong>converti,</strong></span> <span class='ocrx_word' id='word_1_682' title='bbox 3314 3630 3538 3705; x_wconf 87' lang='lat' dir='ltr'><strong>quando</strong></span> <span class='ocrx_word' id='word_1_683' title='bbox 3568 3630 3657 3686; x_wconf 89' lang='lat' dir='ltr'><strong>vi-</strong></span> 
     </span>
    </p>
   </div>
   <div class='ocr_carea' id='block_1_100' title="bbox 2062 3716 3659 3793">
    <p class='ocr_par' dir='ltr' id='par_1_100' title="bbox 2062 3716 3659 3793">
     <span class='ocr_line' id='line_1_101' title="bbox 2062 3716 3659 3793; baseline 0.002 -21"><span class='ocrx_word' id='word_1_684' title='bbox 2062 3716 2133 3772; x_wconf 89' lang='lat' dir='ltr'><strong>lis</strong></span> <span class='ocrx_word' id='word_1_685' title='bbox 2190 3716 2499 3775; x_wconf 88' lang='lat' dir='ltr'><strong>substantia</strong></span> <span class='ocrx_word' id='word_1_686' title='bbox 2554 3720 2613 3775; x_wconf 90' lang='lat' dir='ltr'><strong>in</strong></span> <span class='ocrx_word' id='word_1_687' title='bbox 2642 3721 2935 3793; x_wconf 90' lang='lat' dir='ltr'><strong>pretiosam</strong></span> <span class='ocrx_word' id='word_1_688' title='bbox 2988 3727 3070 3777; x_wconf 89' lang='lat' dir='ltr'><strong>est</strong></span> <span class='ocrx_word' id='word_1_689' title='bbox 3114 3736 3380 3777; x_wconf 90' lang='lat' dir='ltr'><strong>conversa</strong></span> <span class='ocrx_word' id='word_1_690' title='bbox 3406 3720 3659 3777; x_wconf 89' lang='lat' dir='ltr'><strong>substan-</strong></span> 
     </span>
    </p>
   </div>
   <div class='ocr_carea' id='block_1_101' title="bbox 2061 3804 3659 3883">
    <p class='ocr_par' dir='ltr' id='par_1_101' title="bbox 2061 3804 3659 3883">
     <span class='ocr_line' id='line_1_102' title="bbox 2061 3804 3659 3883; baseline 0.003 -23"><span class='ocrx_word' id='word_1_691' title='bbox 2061 3804 2217 3863; x_wconf 88' lang='lat' dir='ltr'><strong>tiam.</strong></span> <span class='ocrx_word' id='word_1_692' title='bbox 2248 3808 2388 3864; x_wconf 90' lang='lat' dir='ltr'><strong>Nolo</strong></span> <span class='ocrx_word' id='word_1_693' title='bbox 2416 3809 2585 3878; x_wconf 90' lang='lat' dir='ltr'><strong>enim,</strong></span> <span class='ocrx_word' id='word_1_694' title='bbox 2611 3810 2851 3879; x_wconf 91' lang='lat' dir='ltr'><strong>auditor,</strong></span> <span class='ocrx_word' id='word_1_695' title='bbox 2877 3809 3106 3867; x_wconf 90' lang='lat' dir='ltr'><strong>nomina</strong></span> <span class='ocrx_word' id='word_1_696' title='bbox 3125 3817 3342 3867; x_wconf 88' lang='lat' dir='ltr'><strong>tantum</strong></span> <span class='ocrx_word' id='word_1_697' title='bbox 3370 3809 3659 3883; x_wconf 88' lang='lat' dir='ltr'><strong>perspicias</strong></span> 
     </span>
    </p>
   </div>
   <div class='ocr_carea' id='block_1_102' title="bbox 2064 3895 3655 3973">
    <p class='ocr_par' dir='ltr' id='par_1_102' title="bbox 2064 3895 3655 3973">
     <span class='ocr_line' id='line_1_103' title="bbox 2064 3895 3655 3973; baseline 0.004 -23"><span class='ocrx_word' id='word_1_698' title='bbox 2064 3895 2182 3951; x_wconf 89' lang='lat' dir='ltr'><strong>vini</strong></span> <span class='ocrx_word' id='word_1_699' title='bbox 2235 3904 2289 3952; x_wconf 92' lang='lat' dir='ltr'><strong>et</strong></span> <span class='ocrx_word' id='word_1_700' title='bbox 2335 3914 2509 3971; x_wconf 66' lang='lat' dir='ltr'><strong>aquae,</strong></span> <span class='ocrx_word' id='word_1_701' title='bbox 2559 3900 2674 3969; x_wconf 90' lang='lat' dir='ltr'><strong>sed,</strong></span> <span class='ocrx_word' id='word_1_702' title='bbox 2730 3900 2774 3956; x_wconf 91' lang='lat' dir='ltr'><strong>si</strong></span> <span class='ocrx_word' id='word_1_703' title='bbox 2803 3901 2889 3956; x_wconf 89' lang='lat' dir='ltr'><strong>vis</strong></span> <span class='ocrx_word' id='word_1_704' title='bbox 2942 3901 3246 3973; x_wconf 86' lang='lat' dir='ltr'><strong>potentiam</strong></span> <span class='ocrx_word' id='word_1_705' title='bbox 3288 3900 3655 3973; x_wconf 87' lang='lat' dir='ltr'><strong>comprobare,</strong></span> 
     </span>
    </p>
   </div>
   <div class='ocr_carea' id='block_1_103' title="bbox 2064 3983 3657 4061">
    <p class='ocr_par' dir='ltr' id='par_1_103' title="bbox 2064 3983 3657 4061">
     <span class='ocr_line' id='line_1_104' title="bbox 2064 3983 3657 4061; baseline 0.002 -22"><span class='ocrx_word' id='word_1_706' title='bbox 2064 3983 2327 4041; x_wconf 90' lang='lat' dir='ltr'><strong>virtutem</strong></span> <span class='ocrx_word' id='word_1_707' title='bbox 2358 4002 2541 4043; x_wconf 91' lang='lat' dir='ltr'><strong>rerum</strong></span> <span class='ocrx_word' id='word_1_708' title='bbox 2573 3989 2755 4061; x_wconf 87' lang='lat' dir='ltr'><strong>aspice</strong></span> <span class='ocrx_word' id='word_1_709' title='bbox 2778 4008 2792 4057; x_wconf 92' lang='lat'><strong>;</strong></span> <span class='ocrx_word' id='word_1_710' title='bbox 2816 3988 2962 4047; x_wconf 89' lang='lat' dir='ltr'><strong>facto</strong></span> <span class='ocrx_word' id='word_1_711' title='bbox 2982 3988 3131 4044; x_wconf 91' lang='lat' dir='ltr'><strong>enim</strong></span> <span class='ocrx_word' id='word_1_712' title='bbox 3154 3987 3261 4045; x_wconf 93' lang='lat' dir='ltr'><strong>hoc</strong></span> <span class='ocrx_word' id='word_1_713' title='bbox 3283 3988 3456 4045; x_wconf 88' lang='lat' dir='ltr'><strong>altius</strong></span> <span class='ocrx_word' id='word_1_714' title='bbox 3485 3988 3657 4045; x_wconf 88' lang='lat' dir='ltr'><strong>nescio</strong></span> 
     </span>
    </p>
   </div>
   <div class='ocr_carea' id='block_1_104' title="bbox 2066 4073 3659 4150">
    <p class='ocr_par' dir='ltr' id='par_1_104' title="bbox 2066 4073 3659 4150">
     <span class='ocr_line' id='line_1_105' title="bbox 2066 4073 3659 4150; baseline 0.001 -22"><span class='ocrx_word' id='word_1_715' title='bbox 2066 4073 2199 4144; x_wconf 90' lang='lat' dir='ltr'><strong>quid</strong></span> <span class='ocrx_word' id='word_1_716' title='bbox 2231 4074 2658 4133; x_wconf 90' lang='lat' dir='ltr'><strong>demonstratur.</strong></span> <span class='ocrx_word' id='word_1_717' title='bbox 2678 4078 2815 4133; x_wconf 90' lang='lat' dir='ltr'><strong>Nam</strong></span> <span class='ocrx_word' id='word_1_718' title='bbox 2836 4094 2962 4133; x_wconf 91' lang='lat' dir='ltr'><strong>cum</strong></span> <span class='ocrx_word' id='word_1_719' title='bbox 2983 4076 3256 4133; x_wconf 91' lang='lat' dir='ltr'><strong>Dominus</strong></span> <span class='ocrx_word' id='word_1_720' title='bbox 3276 4093 3477 4150; x_wconf 88' lang='lat' dir='ltr'><strong>aquam</strong></span> <span class='ocrx_word' id='word_1_721' title='bbox 3501 4076 3659 4132; x_wconf 79' lang='lat' dir='ltr'><strong>vertit</strong></span> 
     </span>
    </p>
   </div>
   <div class='ocr_carea' id='block_1_105' title="bbox 2067 4162 3658 4238">
    <p class='ocr_par' dir='ltr' id='par_1_105' title="bbox 2067 4162 3658 4238">
     <span class='ocr_line' id='line_1_106' title="bbox 2067 4162 3658 4238; baseline 0.001 -21"><span class='ocrx_word' id='word_1_722' title='bbox 2067 4162 2124 4217; x_wconf 91' lang='lat' dir='ltr'><strong>in</strong></span> <span class='ocrx_word' id='word_1_723' title='bbox 2155 4162 2369 4231; x_wconf 89' lang='lat' dir='ltr'><strong>vinum,</strong></span> <span class='ocrx_word' id='word_1_724' title='bbox 2394 4180 2504 4220; x_wconf 90' lang='lat' dir='ltr'><strong>non</strong></span> <span class='ocrx_word' id='word_1_725' title='bbox 2526 4172 2637 4222; x_wconf 90' lang='lat' dir='ltr'><strong>tam</strong></span> <span class='ocrx_word' id='word_1_726' title='bbox 2655 4164 2761 4222; x_wconf 91' lang='lat' dir='ltr'><strong>hoc</strong></span> <span class='ocrx_word' id='word_1_727' title='bbox 2781 4174 3059 4238; x_wconf 90' lang='lat' dir='ltr'><strong>operatur,</strong></span> <span class='ocrx_word' id='word_1_728' title='bbox 3080 4182 3149 4221; x_wconf 89' lang='lat' dir='ltr'><strong>ne</strong></span> <span class='ocrx_word' id='word_1_729' title='bbox 3189 4164 3658 4222; x_wconf 89' lang='lat' dir='ltr'><strong>discumbentibus</strong></span> 
     </span>
    </p>
   </div>
   <div class='ocr_carea' id='block_1_106' title="bbox 2066 4249 3655 4327">
    <p class='ocr_par' dir='ltr' id='par_1_106' title="bbox 2066 4249 3655 4327">
     <span class='ocr_line' id='line_1_107' title="bbox 2066 4249 3655 4327; baseline 0.001 -21"><span class='ocrx_word' id='word_1_730' title='bbox 2066 4249 2210 4307; x_wconf 90' lang='lat' dir='ltr'><strong>desit</strong></span> <span class='ocrx_word' id='word_1_731' title='bbox 2229 4251 2487 4323; x_wconf 89' lang='lat' dir='ltr'><strong>ebrietas,</strong></span> <span class='ocrx_word' id='word_1_732' title='bbox 2514 4254 2607 4311; x_wconf 90' lang='lat' dir='ltr'><strong>sed</strong></span> <span class='ocrx_word' id='word_1_733' title='bbox 2628 4262 2690 4310; x_wconf 92' lang='lat' dir='ltr'><strong>ut</strong></span> <span class='ocrx_word' id='word_1_734' title='bbox 2711 4253 3064 4312; x_wconf 90' lang='lat' dir='ltr'><strong>credentibus</strong></span> <span class='ocrx_word' id='word_1_735' title='bbox 3097 4253 3194 4309; x_wconf 86' lang='lat' dir='ltr'><strong>ﬁat</strong></span> <span class='ocrx_word' id='word_1_736' title='bbox 3215 4254 3498 4310; x_wconf 83' lang='lat' dir='ltr'><strong>aeternitas</strong></span> <span class='ocrx_word' id='word_1_737' title='bbox 3528 4254 3655 4327; x_wconf 88' lang='grc'>(28).</span> 
     </span>
    </p>
   </div>
   <div class='ocr_carea' id='block_1_107' title="bbox 2068 4340 3651 4416">
    <p class='ocr_par' dir='ltr' id='par_1_107' title="bbox 2068 4340 3651 4416">
     <span class='ocr_line' id='line_1_108' title="bbox 2068 4340 3651 4416; baseline 0.001 -19"><span class='ocrx_word' id='word_1_738' title='bbox 2068 4340 2353 4414; x_wconf 88' lang='lat' dir='ltr'><strong>Siquidem</strong></span> <span class='ocrx_word' id='word_1_739' title='bbox 2396 4352 2683 4416; x_wconf 89' lang='lat' dir='ltr'><strong>propterea</strong></span> <span class='ocrx_word' id='word_1_740' title='bbox 2711 4345 2771 4400; x_wconf 91' lang='lat' dir='ltr'><strong>in</strong></span> <span class='ocrx_word' id='word_1_741' title='bbox 2819 4344 3090 4400; x_wconf 91' lang='lat' dir='ltr'><strong>mundum</strong></span> <span class='ocrx_word' id='word_1_742' title='bbox 3143 4344 3357 4401; x_wconf 87' lang='lat' dir='ltr'><strong>venerit</strong></span> <span class='ocrx_word' id='word_1_743' title='bbox 3386 4343 3651 4411; x_wconf 88' lang='lat' dir='ltr'><strong>Christus,</strong></span> 
     </span>
    </p>
   </div>
   <div class='ocr_carea' id='block_1_108' title="bbox 2067 4433 3658 4507">
    <p class='ocr_par' dir='ltr' id='par_1_108' title="bbox 2067 4433 3658 4507">
     <span class='ocr_line' id='line_1_109' title="bbox 2067 4433 3658 4507; baseline 0.001 -21"><span class='ocrx_word' id='word_1_744' title='bbox 2067 4446 2178 4486; x_wconf 91' lang='lat' dir='ltr'><strong>non</strong></span> <span class='ocrx_word' id='word_1_745' title='bbox 2226 4439 2291 4488; x_wconf 92' lang='lat' dir='ltr'><strong>ut</strong></span> <span class='ocrx_word' id='word_1_746' title='bbox 2360 4433 2751 4490; x_wconf 90' lang='lat' dir='ltr'><strong>conviviorum</strong></span> <span class='ocrx_word' id='word_1_747' title='bbox 2779 4434 3003 4492; x_wconf 88' lang='lat' dir='ltr'><strong>cellaria</strong></span> <span class='ocrx_word' id='word_1_748' title='bbox 3053 4441 3399 4507; x_wconf 90' lang='lat' dir='ltr'><strong>procuraret,</strong></span> <span class='ocrx_word' id='word_1_749' title='bbox 3452 4433 3545 4489; x_wconf 88' lang='lat' dir='ltr'><strong>sed</strong></span> <span class='ocrx_word' id='word_1_750' title='bbox 3602 4439 3658 4487; x_wconf 89' lang='lat' dir='ltr'><strong>ut</strong></span> 
     </span>
    </p>
   </div>
   <div class='ocr_carea' id='block_1_109' title="bbox 2066 4520 3653 4594">
    <p class='ocr_par' dir='ltr' id='par_1_109' title="bbox 2066 4520 3653 4594">
     <span class='ocr_line' id='line_1_110' title="bbox 2066 4520 3653 4594; baseline 0.001 -20"><span class='ocrx_word' id='word_1_751' title='bbox 2066 4520 2233 4575; x_wconf 90' lang='lat' dir='ltr'><strong>saluti</strong></span> <span class='ocrx_word' id='word_1_752' title='bbox 2288 4520 2579 4577; x_wconf 91' lang='lat' dir='ltr'><strong>hominum</strong></span> <span class='ocrx_word' id='word_1_753' title='bbox 2618 4523 2935 4594; x_wconf 90' lang='lat' dir='ltr'><strong>provideret</strong></span> <span class='ocrx_word' id='word_1_754' title='bbox 2967 4540 2979 4578; x_wconf 91' lang='lat'>:</span> <span class='ocrx_word' id='word_1_755' title='bbox 3011 4537 3115 4578; x_wconf 89' lang='lat' dir='ltr'><strong>nec</strong></span> <span class='ocrx_word' id='word_1_756' title='bbox 3158 4529 3221 4577; x_wconf 91' lang='lat' dir='ltr'><strong>ut</strong></span> <span class='ocrx_word' id='word_1_757' title='bbox 3248 4520 3481 4594; x_wconf 88' lang='lat' dir='ltr'><strong>hydrias</strong></span> <span class='ocrx_word' id='word_1_758' title='bbox 3515 4521 3653 4578; x_wconf 91' lang='lat' dir='ltr'><strong>sub-</strong></span> 
     </span>
    </p>
   </div>
   <div class='ocr_carea' id='block_1_110' title="bbox 2067 4609 3657 4684">
    <p class='ocr_par' dir='ltr' id='par_1_110' title="bbox 2067 4609 3657 4684">
     <span class='ocr_line' id='line_1_111' title="bbox 2067 4609 3657 4684; baseline 0.001 -22"><span class='ocrx_word' id='word_1_759' title='bbox 2067 4609 2275 4664; x_wconf 87' lang='lat' dir='ltr'><strong>stantia</strong></span> <span class='ocrx_word' id='word_1_760' title='bbox 2314 4609 2449 4665; x_wconf 90' lang='lat' dir='ltr'><strong>boni</strong></span> <span class='ocrx_word' id='word_1_761' title='bbox 2490 4610 2678 4667; x_wconf 91' lang='lat' dir='ltr'><strong>odoris</strong></span> <span class='ocrx_word' id='word_1_762' title='bbox 2706 4612 2981 4684; x_wconf 90' lang='lat' dir='ltr'><strong>impleret,</strong></span> <span class='ocrx_word' id='word_1_763' title='bbox 3033 4610 3128 4668; x_wconf 90' lang='lat' dir='ltr'><strong>sed</strong></span> <span class='ocrx_word' id='word_1_764' title='bbox 3154 4620 3217 4667; x_wconf 88' lang='lat' dir='ltr'><strong>ut</strong></span> <span class='ocrx_word' id='word_1_765' title='bbox 3243 4610 3462 4667; x_wconf 90' lang='lat' dir='ltr'><strong>animas</strong></span> <span class='ocrx_word' id='word_1_766' title='bbox 3494 4611 3657 4684; x_wconf 85' lang='lat' dir='ltr'><strong>gratia</strong></span> 
     </span>
    </p>
   </div>
   <div class='ocr_carea' id='block_1_111' title="bbox 2066 4699 3658 4775">
    <p class='ocr_par' dir='ltr' id='par_1_111' title="bbox 2066 4699 3658 4775">
     <span class='ocr_line' id='line_1_112' title="bbox 2066 4699 3658 4775; baseline 0 -22"><span class='ocrx_word' id='word_1_767' title='bbox 2066 4699 2242 4755; x_wconf 88' lang='lat' dir='ltr'><strong>sancti</strong></span> <span class='ocrx_word' id='word_1_768' title='bbox 2280 4699 2519 4771; x_wconf 89' lang='lat' dir='ltr'><strong>Spiritus</strong></span> <span class='ocrx_word' id='word_1_769' title='bbox 2548 4700 2819 4774; x_wconf 90' lang='lat' dir='ltr'><strong>irrigaret.</strong></span> <span class='ocrx_word' id='word_1_770' title='bbox 2849 4703 2994 4775; x_wconf 89' lang='lat' dir='ltr'><strong>Ergo</strong></span> <span class='ocrx_word' id='word_1_771' title='bbox 3020 4718 3146 4758; x_wconf 90' lang='lat' dir='ltr'><strong>cum</strong></span> <span class='ocrx_word' id='word_1_772' title='bbox 3178 4701 3271 4756; x_wconf 90' lang='lat' dir='ltr'><strong>ille</strong></span> <span class='ocrx_word' id='word_1_773' title='bbox 3295 4716 3367 4756; x_wconf 81' lang='lat' dir='ltr'><strong>ex</strong></span> <span class='ocrx_word' id='word_1_774' title='bbox 3397 4700 3501 4756; x_wconf 94' lang='lat' dir='ltr'><strong>vili</strong></span> <span class='ocrx_word' id='word_1_775' title='bbox 3529 4713 3658 4772; x_wconf 84' lang='lat' dir='ltr'><strong>aqua</strong></span> 
     </span>
    </p>
   </div>
   <div class='ocr_carea' id='block_1_112' title="bbox 2064 4789 3658 4868">
    <p class='ocr_par' dir='ltr' id='par_1_112' title="bbox 2064 4789 3658 4868">
     <span class='ocr_line' id='line_1_113' title="bbox 2064 4789 3658 4868; baseline -0.002 -21"><span class='ocrx_word' id='word_1_776' title='bbox 2064 4792 2185 4848; x_wconf 89' lang='lat' dir='ltr'><strong>vini</strong></span> <span class='ocrx_word' id='word_1_777' title='bbox 2215 4792 2415 4864; x_wconf 89' lang='lat' dir='ltr'><strong>optimi</strong></span> <span class='ocrx_word' id='word_1_778' title='bbox 2437 4808 2687 4866; x_wconf 88' lang='lat' dir='ltr'><strong>saporem</strong></span> <span class='ocrx_word' id='word_1_779' title='bbox 2719 4795 2903 4851; x_wconf 89' lang='lat' dir='ltr'><strong>voluit</strong></span> <span class='ocrx_word' id='word_1_780' title='bbox 2930 4801 3151 4868; x_wconf 86' lang='lat' dir='ltr'><strong>gustare</strong></span> <span class='ocrx_word' id='word_1_781' title='bbox 3175 4793 3462 4860; x_wconf 84' lang='lat' dir='ltr'><strong>convivas,</strong></span> <span class='ocrx_word' id='word_1_782' title='bbox 3494 4789 3658 4862; x_wconf 84' lang='lat' dir='ltr'><strong>magis</strong></span> 
     </span>
    </p>
   </div>
   <div class='ocr_carea' id='block_1_113' title="bbox 2066 4880 3658 4942">
    <p class='ocr_par' dir='ltr' id='par_1_113' title="bbox 2066 4880 3658 4942">
     <span class='ocr_line' id='line_1_114' title="bbox 2066 4880 3658 4942; baseline 0.002 -7"><span class='ocrx_word' id='word_1_783' title='bbox 2066 4880 2248 4937; x_wconf 88' lang='lat' dir='ltr'><strong>voluit</strong></span> <span class='ocrx_word' id='word_1_784' title='bbox 2276 4896 2345 4937; x_wconf 85' lang='lat' dir='ltr'><strong>ex</strong></span> <span class='ocrx_word' id='word_1_785' title='bbox 2377 4880 2481 4938; x_wconf 89' lang='lat' dir='ltr'><strong>hac</strong></span> <span class='ocrx_word' id='word_1_786' title='bbox 2532 4882 2634 4938; x_wconf 88' lang='lat' dir='ltr'><strong>vili</strong></span> <span class='ocrx_word' id='word_1_787' title='bbox 2664 4900 2827 4940; x_wconf 90' lang='lat' dir='ltr'><strong>carne</strong></span> <span class='ocrx_word' id='word_1_788' title='bbox 2859 4883 3278 4942; x_wconf 90' lang='lat' dir='ltr'><strong>resurrectionis</strong></span> <span class='ocrx_word' id='word_1_789' title='bbox 3306 4882 3547 4940; x_wconf 64' lang='lat' dir='ltr'><strong>caelestis</strong></span> <span class='ocrx_word' id='word_1_790' title='bbox 3571 4897 3658 4937; x_wconf 85' lang='lat' dir='ltr'><strong>sa-</strong></span> 
     </span>
    </p>
   </div>
   <div class='ocr_carea' id='block_1_114' title="bbox 2066 4972 2910 5046">
    <p class='ocr_par' dir='ltr' id='par_1_114' title="bbox 2066 4972 2910 5046">
     <span class='ocr_line' id='line_1_115' title="bbox 2066 4972 2910 5046; baseline 0.005 -18"><span class='ocrx_word' id='word_1_791' title='bbox 2066 4972 2330 5045; x_wconf 88' lang='lat' dir='ltr'><strong>pientiam</strong></span> <span class='ocrx_word' id='word_1_792' title='bbox 2365 4983 2581 5046; x_wconf 84' lang='lat' dir='ltr'><strong>gustare</strong></span> <span class='ocrx_word' id='word_1_793' title='bbox 2609 4974 2910 5032; x_wconf 85' lang='lat' dir='ltr'><strong>credentes.</strong></span> 
     </span>
    </p>
   </div>
   <div class='ocr_carea' id='block_1_115' title="bbox 2134 5071 3657 5150">
    <p class='ocr_par' dir='ltr' id='par_1_115' title="bbox 2134 5071 3657 5150">
     <span class='ocr_line' id='line_1_116' title="bbox 2134 5071 3657 5150; baseline -0.002 -20"><span class='ocrx_word' id='word_1_794' title='bbox 2134 5072 2188 5131; x_wconf 87' lang='lat'><strong>6.</strong></span> <span class='ocrx_word' id='word_1_795' title='bbox 2231 5075 2371 5133; x_wconf 90' lang='lat' dir='ltr'><strong>Nam</strong></span> <span class='ocrx_word' id='word_1_796' title='bbox 2401 5074 2509 5133; x_wconf 87' lang='lat' dir='ltr'><strong>hoc</strong></span> <span class='ocrx_word' id='word_1_797' title='bbox 2533 5075 2752 5150; x_wconf 88' lang='lat' dir='ltr'><strong>signum</strong></span> <span class='ocrx_word' id='word_1_798' title='bbox 2781 5082 2962 5134; x_wconf 88' lang='lat' dir='ltr'><strong>totum</strong></span> <span class='ocrx_word' id='word_1_799' title='bbox 2994 5075 3189 5149; x_wconf 89' lang='lat' dir='ltr'><strong>utique</strong></span> <span class='ocrx_word' id='word_1_800' title='bbox 3240 5071 3657 5133; x_wconf 84' lang='lat' dir='ltr'><strong>resurrectionis</strong></span> 
     </span>
    </p>
   </div>
   <div class='ocr_carea' id='block_1_116' title="bbox 2065 5240 3656 5331">
    <p class='ocr_par' dir='ltr' id='par_1_116' title="bbox 2065 5240 3656 5331">
     <span class='ocr_line' id='line_1_117' title="bbox 2065 5240 3656 5331; baseline -0.003 -30"><span class='ocrx_word' id='word_1_801' title='bbox 2065 5249 2269 5331; x_wconf 58' lang='grc' dir='ltr'><strong>φπίιςιιν</strong></span> <span class='ocrx_word' id='word_1_802' title='bbox 2306 5260 2492 5315; x_wconf 85' lang='lat' dir='ltr'><strong>graece,</strong></span> <span class='ocrx_word' id='word_1_803' title='bbox 2523 5252 2629 5302; x_wconf 90' lang='lat' dir='ltr'><strong>etc.</strong></span> <span class='ocrx_word' id='word_1_804' title='bbox 2658 5245 2769 5302; x_wconf 86' lang='lat' dir='ltr'><strong>Nos</strong></span> <span class='ocrx_word' id='word_1_805' title='bbox 2808 5242 3164 5302; x_wconf 81' lang='lat' dir='ltr'><strong>Amerbacbii</strong></span> <span class='ocrx_word' id='word_1_806' title='bbox 3181 5240 3473 5300; x_wconf 90' lang='lat' dir='ltr'><strong>lectionem</strong></span> <span class='ocrx_word' id='word_1_807' title='bbox 3506 5249 3656 5297; x_wconf 88' lang='lat' dir='ltr'><strong>ante—</strong></span> 
     </span>
    </p>
   </div>
   <div class='ocr_carea' id='block_1_117' title="bbox 2064 5333 3651 5463">
    <p class='ocr_par' dir='ltr' id='par_1_117' title="bbox 2064 5333 3651 5463">
     <span class='ocr_line' id='line_1_118' title="bbox 2064 5333 3651 5463; baseline -0.004 -16"><span class='ocrx_word' id='word_1_808' title='bbox 2064 5333 2608 5463; x_wconf 45' lang='lat' dir='ltr'><strong>po?2&quot;8n)u%et._edit.,</strong></span> <span class='ocrx_word' id='word_1_809' title='bbox 2637 5388 2707 5444; x_wconf 85' lang='lat' dir='ltr'><strong>sit</strong></span> <span class='ocrx_word' id='word_1_810' title='bbox 2720 5385 2985 5463; x_wconf 65' lang='lat' dir='ltr'><strong>wtegjnitas</strong></span> <span class='ocrx_word' id='word_1_811' title='bbox 3015 5404 3029 5455; x_wconf 90' lang='lat'><strong>;</strong></span> <span class='ocrx_word' id='word_1_812' title='bbox 3053 5387 3237 5455; x_wconf 82' lang='lat' dir='ltr'><strong>Rom.,</strong></span> <span class='ocrx_word' id='word_1_813' title='bbox 3265 5386 3495 5463; x_wconf 71' lang='lat' dir='ltr'><strong>abundet</strong></span> <span class='ocrx_word' id='word_1_814' title='bbox 3518 5391 3651 5463; x_wconf 74' lang='lat' dir='ltr'><strong>teter-</strong></span> 
     </span>
    </p>
   </div>
   <div class='ocr_carea' id='block_1_118' title="bbox 2060 5457 3650 5528">
    <p class='ocr_par' dir='ltr' id='par_1_118' title="bbox 2060 5457 3650 5528">
     <span class='ocr_line' id='line_1_119' title="bbox 2060 5457 3650 5528; baseline -0.003 -11"><span class='ocrx_word' id='word_1_815' title='bbox 2060 5457 2328 5520; x_wconf 61' lang='lat' dir='ltr'><strong>nitas.&#39;Et</strong></span> <span class='ocrx_word' id='word_1_816' title='bbox 2354 5459 2505 5517; x_wconf 87' lang='lat' dir='ltr'><strong>infra</strong></span> <span class='ocrx_word' id='word_1_817' title='bbox 2543 5476 2733 5517; x_wconf 88' lang='lat' dir='ltr'><strong>omnes</strong></span> <span class='ocrx_word' id='word_1_818' title='bbox 2761 5458 2920 5528; x_wconf 87' lang='lat' dir='ltr'><strong>edit.,</strong></span> <span class='ocrx_word' id='word_1_819' title='bbox 2948 5474 3057 5514; x_wconf 88' lang='lat' dir='ltr'><strong>non</strong></span> <span class='ocrx_word' id='word_1_820' title='bbox 3083 5465 3143 5515; x_wconf 86' lang='lat' dir='ltr'><strong>ut</strong></span> <span class='ocrx_word' id='word_1_821' title='bbox 3170 5457 3521 5515; x_wconf 68' lang='lat' dir='ltr'><strong>convivarum</strong></span> <span class='ocrx_word' id='word_1_822' title='bbox 3545 5457 3650 5513; x_wconf 84' lang='lat' dir='ltr'><strong>cet-</strong></span> 
     </span>
    </p>
   </div>
   <div class='ocr_carea' id='block_1_119' title="bbox 2064 5530 3236 5606">
    <p class='ocr_par' dir='ltr' id='par_1_119' title="bbox 2064 5530 3236 5606">
     <span class='ocr_line' id='line_1_120' title="bbox 2064 5530 3236 5606; baseline -0.004 -14"><span class='ocrx_word' id='word_1_823' title='bbox 2064 5535 2227 5604; x_wconf 80' lang='lat' dir='ltr'><strong>laria,</strong></span> <span class='ocrx_word' id='word_1_824' title='bbox 2261 5551 2392 5592; x_wconf 92' lang='lat' dir='ltr'><strong>mss.</strong></span> <span class='ocrx_word' id='word_1_825' title='bbox 2422 5531 2737 5606; x_wconf 90' lang='lat' dir='ltr'><strong>utrobique,</strong></span> <span class='ocrx_word' id='word_1_826' title='bbox 2774 5539 2836 5588; x_wconf 91' lang='lat' dir='ltr'><strong>ut</strong></span> <span class='ocrx_word' id='word_1_827' title='bbox 2863 5530 2921 5587; x_wconf 91' lang='lat' dir='ltr'><strong>in</strong></span> <span class='ocrx_word' id='word_1_828' title='bbox 2950 5537 3236 5588; x_wconf 83' lang='lat' dir='ltr'><strong>contextu.</strong></span> 
     </span>
    </p>
   </div>
  </div>
