3864 6188
161 291 259 351 641

989 288 1363 349 SERMONES
1398 290 1455 347 S.
1497 288 1853 348 AMBROSIO
1892 288 2265 348 HACTENUS
2301 288 2643 349 ASCRIPTI.

3358 290 3463 349 642

160 414 487 491 mysterium
540 415 826 474 continet:
886 430 1028 489 aqua
1080 414 1231 471 enim
1282 414 1437 485 vilis,
1466 414 1676 488 pallida
1702 421 1758 471 et
1782 418 1835 477 Α
1863 413 2115 472 exhibita
2152 421 2235 470 est
2281 415 2631 488 praesentium
2663 431 2850 472 rerum
2880 415 2939 471 in
2971 414 3326 474 mirabilibus
3352 417 3465 473 vir-

160 505 380 580 frigida,
417 506 473 562 in
506 504 703 562 vinum
737 505 1128 572 versa,scilicet
1152 505 1475 577 pretiosum,
1508 504 1761 574 rubrum,

160 595 249 651 vel
297 596 555 668 ignitum,
605 594 713 651 hoc
763 594 1038 666 signiﬁcat
1084 593 1331 650 hominis
1373 594 1761 663 substantiam,

160 694 451 751 mortalem
482 692 1001 762 conditione,vilem
1033 691 1437 761 imbecillitate,
1467 693 1765 765 pallentem

163 790 367 852 morte,
419 782 477 839 in
532 782 939 839 resurrectione
1007 782 1125 853 (29)
1159 782 1218 838 in
1249 783 1478 854 gloriam
1505 797 1766 839 commu—

158 872 410 941 tandam,
441 888 562 945 quae
591 879 673 928 est
702 873 1009 929 aeternitate
1040 872 1296 944 pretiosa,
1338 873 1515 945 gloria
1543 872 1767 927 colora-

160 970 238 1029 ta,
272 961 474 1034 spiritu
501 961 934 1017 immortalitatis
962 961 1155 1033 ignita.
1190 962 1306 1018 Hoc
1335 963 1507 1033 igitur
1533 961 1765 1032 dignum

161 1057 245 1105 est
297 1050 519 1106 credere
568 1051 868 1107 Dominum
917 1050 1130 1122 operari
1161 1050 1424 1119 voluisse,
1454 1057 1517 1105 ut
1538 1067 1634 1123 per
1661 1050 1768 1107 hoc

161 1147 445 1196 terrenum
497 1140 740 1211 signum,
773 1140 1022 1198 futurum
1051 1139 1166 1213 jam
1199 1150 1334 1198 tunc
1364 1158 1395 1196 a
1423 1138 1767 1213 sapientibus

162 1232 385 1288 cceleste
428 1234 758 1305 mysterium
793 1233 1101 1290 videretur.
1150 1233 1287 1289 Nam
1320 1233 1367 1290 si
1396 1233 1651 1289 mirabile
1685 1239 1767 1289 est

162 1320 382 1395 utique,
433 1338 556 1395 qua
598 1323 913 1382 defecerant
962 1325 1239 1393 convivis,
1283 1324 1417 1381 vina
1463 1324 1765 1398 supplesse,

164 1418 374 1483 quanto
410 1418 494 1468 est
548 1412 864 1470 mirabilius
920 1414 1114 1485 vitam,
1174 1430 1297 1487 quae
1338 1420 1420 1471 est
1476 1412 1763 1481 exhausta,

164 1500 492 1558 hominibus
544 1504 861 1576 reparassel
917 1504 991 1560 Et
1021 1503 1069 1560 si
1108 1502 1410 1576 gloriosum
1458 1509 1541 1559 est
1567 1517 1766 1575 aquam

172 1592 232 1648 in
281 1591 480 1650 vinum
528 1601 979 1668 mutare,quanto
1024 1602 1106 1652 est
1140 1594 1435 1667 gloriosius
1465 1600 1685 1667 peccata
1708 1592 1768 1647 in

162 1680 438 1753 justitiam
488 1691 849 1753 commutare,
900 1693 957 1742 et
1005 1699 1185 1740 mores
1222 1682 1408 1757 potius
1441 1690 1764 1755 temperare,

165 1789 331 1845 quam
363 1774 564 1847 pocula
587 1775 600 1830 l

238 1863 293 1921 7.
322 1862 517 1920 Audeo
543 1862 728 1921 dicere
756 1862 882 1920 illas
906 1861 1135 1936 hydrias
1161 1878 1275 1920 non
1303 1863 1485 1919 solum
1516 1861 1601 1918 illi
1621 1877 1768 1919 con-

168 1952 343 2023 vivio,
389 1953 485 2011 sed
521 1953 785 2011 universo
829 1953 1040 2010 mundo
1071 1952 1367 2025 pretiosam
1398 1951 1551 2006 illam
1590 1949 1771 2007 mini-

168 2053 342 2102 strare
371 2045 761 2115 substantiam,
789 2045 901 2101 nisi
930 2044 1079 2118 quod
1107 2044 1268 2101 nobis
1289 2044 1491 2101 melius
1519 2042 1770 2100 admini-

168 2142 369 2193 strant.
401 2135 631 2194 Constat
657 2123 807 2193 eniln
837 2153 907 2193 ex
936 2136 1072 2208 ipsis
1098 2136 1342 2194 vasculis
1369 2135 1496 2192 illos
1522 2134 1772 2192 hausisse

167 2225 520 2292 ebrietatem,
578 2240 678 2281 nos
708 2222 931 2280 haurire
952 2223 1224 2295 justitiam
1265 2240 1277 2278 :
1313 2225 1440 2280 illos
1468 2225 1772 2297 percepisse

168 2313 287 2369 vini
353 2313 637 2386 poculum,
693 2329 796 2369 nos
821 2313 1050 2370 calicem
1077 2313 1273 2368 salutis
1312 2312 1559 2385 accipere
1590 2331 1602 2369 :
1643 2320 1698 2368 et
1724 2312 1773 2368 si

172 2401 286 2459 dici
339 2402 425 2458 fas
454 2410 554 2470 est,
581 2402 729 2475 apud
758 2402 885 2458 illos
913 2401 1275 2474 pertransisse
1302 2401 1453 2475 quod
1494 2401 1769 2470 biberant,

173 2490 317 2566 apud
349 2507 455 2549 nos
476 2507 608 2548 vero
638 2507 961 2565 permanere
986 2491 1134 2565 quod
1165 2491 1521 2565 sumpsimus.

696 2605 844 2664 402
876 2600 1113 2659 SERMO
1136 2602 1236 2659 IX.

597 2699 676 2755 De
708 2706 899 2755 sancta
927 2696 1241 2771 Epiphania
1270 2699 1339 2755 II.

183 2790 329 2860 Quod
357 2790 442 2847 hic
470 2789 668 2846 dicitur
694 2790 756 2845 de
783 2788 1057 2862 apostolis,
1088 2788 1200 2843 viso
1227 2788 1509 2855 miraculo,
1542 2787 1599 2862 in
1623 2785 1774 2862 Chri-

246 2869 381 2918 stum
434 2862 786 2928 credentibus,
819 2859 956 2916 'cum
1009 2860 1064 2915 in
1112 2876 1349 2915 sermone
1375 2859 1642 2931 superiori
1668 2875 1776 2913 non

243 2936 519 3003 habeatur,
576 2934 648 2990 ad
699 2933 871 2989 alium
912 2930 1112 3001 referri
1138 2931 1479 3002 manifestum
1508 2937 1600 3003 est.
1629 2931 1777 2987 Idem

245 3012 415 3063 autem
477 3002 615 3062 illud
668 3005 890 3060 habetur
925 3004 984 3058 in
1038 3019 1274 3058 sermone
1324 3002 1555 3061 Maximi
1594 3003 1656 3057 de
1684 3003 1776 3057 hoc

247 3078 357 3159 ipso
417 3077 577 3159 festo,
635 3077 771 3159 sicut
817 3082 866 3130 et
891 3076 1008 3131 alia
1034 3075 1297 3145 quaedam,
1327 3074 1516 3159 quibus
1542 3074 1776 3159 illecum

1872 512 1981 571 tus,
2013 502 2201 560 eadem
2232 504 2413 560 virtus
2431 504 2592 562 nobis
2611 513 2693 561 est
2721 505 3029 563 litterarum
3056 504 3317 563 thesauro
3336 523 3465 563 con-

1872 601 2117 661 servata;
2160 601 2223 650 ut
2239 594 2400 651 nobis
2430 604 2712 667 praestaret
2738 595 2937 668 pagina
2967 595 3113 668 quod
3143 595 3201 651 in
3228 595 3343 653 illis
3380 613 3466 670 ge-

1873 684 2027 741 rebat
2081 683 2353 741 historia:
2402 685 2514 740 imo
2561 685 2723 741 nobis
2749 694 3024 756 gereretur
3050 685 3167 757 (31)
3196 684 3468 758 quidquid

1875 773 1932 830 in
1979 773 2141 831 nobis
2182 774 2498 830 insinuante
2534 773 2939 846 Scripturarum
2987 776 3210 846 speculo
3238 775 3467 832 dictare!-

1874 872 1987 932 tur,
2022 872 2077 919 et
2097 864 2401 935 potentiam
2427 863 2844 935 Domini,quam
2875 864 2959 918 illi
2989 864 3300 920 carnalibus
3325 882 3468 921 ocu—
3526 852 3541 869 ’

1877 956 1945 1012 lis
1971 964 2279 1026 cernerent,
2310 973 2414 1013 nos
2440 956 2677 1028 spiritali
2706 956 2916 1013 lumine
2935 956 3270 1012 videremus.

1946 1053 1999 1109 2.
2047 1078 2065 1101 ι
2094 1056 2166 1109 Et
2213 1054 2612 1122 manifestavit,
2666 1053 2868 1127 inquit,
2902 1053 3133 1125 gloriam
3163 1069 3319 1109 suam
3356 1052 3466 1110 dis-

1875 1144 2076 1216 cipulis
2102 1143 2236 1212 suis,
2269 1150 2323 1199 et
2361 1144 2717 1201 crediderunt
2741 1144 2799 1200 in
2825 1160 2950 1199 eum
2983 1143 3242 1215 discipuli
3263 1142 3401 1214 ejus.
3438 1168 3456 1191 ι

1874 1232 2051 1300 Quam
2101 1233 2239 1290 bene
2268 1231 2573 1306 potentiam
2613 1231 2838 1289 Domini
2866 1232 3221 1306 subsequitur
3249 1230 3472 1289 devotio

1874 1325 2223 1381 servulorum
2251 1342 2263 1389 ;
2305 1332 2360 1380 et
2412 1323 2560 1397 quod
2609 1323 2868 1396 magister
2894 1324 3055 1381 docet
3083 1340 3265 1398 opere,
3295 1323 3475 1380 disci-

1875 1414 1995 1487 puli
2042 1412 2208 1470 corde
2253 1414 2595 1471 describuntl
2630 1414 2773 1471 Ecce
2803 1413 2963 1471 vobis
2986 1413 3100 1486 jam
3126 1413 3477 1471 credentibus

1875 1504 2055 1561 virtus
2083 1504 2362 1577 operantis
2378 1503 2841 1573 manifestatur,et
2858 1503 2996 1561 ﬁdes
3005 1501 3473 1576 credentium(32)

1876 1595 2249 1666 apostolorum
2336 1592 2632 1650 manifesta
2702 1593 3053 1665 praedicatur.
3122 1590 3479 1650 Prmdicanda

1875 1684 2037 1756 plane
2064 1683 2442 1755 apostolorum
2472 1682 2758 1755 ﬁdes,quaa
2777 1684 2899 1740 viso
2918 1699 3032 1739 uno
3059 1680 3480 1755 signo,credidit

1795 1781 1844 1842 Β
1876 1772 1936 1828 in
1962 1772 2423 1845 omnipotentiam
2474 1770 2814 1828 Salvatoris:
2866 1780 2922 1828 et
2944 1771 3178 1844 apostoli
3210 1770 3343 1827 dum
3374 1769 3476 1825 mi-

1878 1869 2071 1923 rantur
2098 1878 2299 1937 aquam
2329 1862 2389 1919 in
2418 1862 2611 1918 vinum
2644 1876 2880 1929 versam,
2912 1859 3020 1933 ipsi
3054 1875 3126 1915 ex
3157 1858 3313 1914 omni
3344 1857 3477 1916 faece

1878 1968 2228 2035 peccatorum
2285 1959 2544 2018 similiter
2599 1968 2731 2016 sunt
2785 1956 3059 2026 conversi,
3109 1964 3164 2012 et
3210 1954 3280 2011 ad
3305 1954 3480 2011 instar

1879 2050 2010 2107 facti
2049 2049 2303 2108 miraculi
2360 2065 2429 2106 ex
2477 2048 2581 2105 vili
2637 2046 3031 2120 superstitione
3082 2043 3375 2117 gentilium
3416 2042 3478 2098 in

1879 2148 2175 2220 pretiosam
2194 2146 2549 2203 devotionem
2580 2144 2927 2203 credentium
2957 2151 3089 2201 sunt
3118 2141 3480 2199 translati.Et

1879 2242 1943 2290 ut
1971 2252 2112 2309 aqua
2142 2236 2201 2292 in
2232 2237 2427 2293 vinum
2468 2254 2648 2307 versa,
2682 2254 2896 2311 sapore,
2944 2236 3168 2305 rubore,
3215 2244 3269 2292 et
3298 2234 3479 2292 calore

1880 2325 2160 2396 conditur,
2216 2327 2293 2383 ita
2325 2328 2593 2398 scientiae,
2626 2329 2773 2402 quod
2811 2336 2927 2385 erat
2970 2328 3028 2384 in
3058 2326 3147 2383 his
3184 2327 3479 2395 insulsum,

1882 2417 2094 2489 accepit
2147 2432 2442 2489 saporem:
2489 2416 2637 2489 quod
2689 2418 2902 2489 pallens
2934 2460 2948 2485 ,
2998 2416 3187 2489 gratiae
3240 2413 3482 2487 sumpsit

1883 2507 2121 2563 colorem
2147 2523 2160 2560 :
2193 2504 2340 2578 quod
2369 2505 2656 2578 frigidum,
2680 2505 2913 2564 incaluit
2939 2503 3372 2561 immortalitatis
3399 2518 3484 2558 ar-

1883 2602 2036 2660 dore.

1954 2698 2425 2773 3.Magniﬁcanda
2452 2698 2623 2773 igitur
2650 2699 3025 2773 apostolorum
3052 2696 3335 2773 ﬁdes,quas
3354 2698 3480 2755 ideo

1884 2794 2199 2865 evangelico
2228 2808 2480 2849 sermone
2510 2792 2787 2865 descripta
2810 2800 2914 2861 est,
2934 2800 2998 2849 ut
3025 2800 3079 2849 et
3108 2790 3224 2848 illis
3249 2798 3389 2848 esset
3411 2789 3481 2847 ad

1884 2881 2123 2952 laudem,
2157 2891 2211 2939 et
2240 2882 2399 2940 nobis
2426 2881 2715 2955 proﬁceret
2742 2883 2810 2939 ad
2840 2883 3180 2956 exemplum.
3202 2880 3307 2937 Sed
3334 2879 3483 2955 quod

1884 2970 2038 3045 pejus
2069 2981 2171 3039 est,
2203 2972 2317 3029 illis
2346 2973 2466 3029 laus
2499 2989 2599 3029 sua
2628 2978 2932 3045 permanet,
2960 2987 3061 3027 nos
3089 2970 3344 3043 exempla
3370 2985 3483 3026 non

1883 3072 2225 3135 permovent;
2255 3080 2380 3120 nam
2404 3070 2611 3138 quanto
2632 3062 2960 3137 posteriores
2990 3080 3181 3119 sumus
3210 3069 3480 3136 tempore,

246 3145 336 3227 (ioc
393 3145 442 3204 et
487 3145 753 3227 superiori
780 3164 888 3202 non
911 3163 1118 3227 parum.
1133 3145 1371 3201 convenit
1399 3163 1419 3211 ;
1447 3146 1594 3225 unde.
1616 3145 1776 3199 trium

1890 3162 2044 3211 tanto
2070 3162 2124 3211 et
2154 3155 2443 3213 inferiores
2463 3155 2681 3213 merito.
2713 3156 2804 3212 Illi
2828 3155 2997 3224 enim,
3014 3157 3135 3213 viso
3163 3172 3276 3212 uno
3303 3155 3484 3227 signo,

243 3220 467 3276 illorum
522 3216 630 3275 non
688 3216 959 3275 diversum
1012 3218 1321 3288 scriptorem
1349 3233 1454 3288 esse
1478 3216 1780 3286 conjectura

246 3293 320 3364 ﬁt.
370 3294 504 3349 Ηιεθ
545 3307 717 3364 porro
748 3291 963 3364 perba:
1020 3290 1093 3364 Et
1118 3287 1167 3344 si
1198 3287 1474 3364 interdum
1507 3288 1778 3364 vitorem,

280 3380 359 3419 ure
408 3360 943 3435 cum—superioribus
971 3362 1111 3416 male
1137 3361 1421 3425 cohwrent,
1442 3360 1497 3414 in
1519 3360 1781 3415 codicibus

280 3380 359 3419 ua’
408 3381 538 3420 cum
576 3380 943 3435 superiorious
971 3380 1111 3416 male
1137 3380 1421 3425 conterent,
1442 3380 1497 3414 Ut
1519 3380 1781 3415 coaicwus

246 3380 495 3507 iugdun.
554 3439 600 3489 et
662 3433 827 3507 Vallis
862 3434 1041 3507 Clarae
1085 3448 1597 3507 novum_sermone_m_
1623 3448 1781 3507 emor-

247 3502 494 3562 diuntur.
550 3505 702 3573 Quod
747 3522 869 3560 vero
896 3504 969 3559 ad
992 3503 1232 3559 auctoris
1264 3503 1326 3557 de
1347 3503 1487 3558 vocis
1516 3502 1784 3558 debilitate

245 3577 658 3648 querimoniam,
684 3575 805 3646 jam
853 3593 951 3631 nos
999 3576 1073 3630 ad
1119 3574 1314 3648 librum
1362 3591 1381 3630 ι
1415 3575 1494 3648 De
1524 3590 1779 3648 sacram,

244 3645 353 3721 cap.
390 3651 443 3719 6,
480 3645 863 3705 annotabamus
892 3664 1007 3721 eam
1017 3646 1276 3721 plurimis
1325 3645 1783 3721 concinnatoribus

246 3718 343 3777 esse
368 3718 722 3778 cotnmunem.
757 3721 919 3787 Quem
960 3720 1128 3775 locum
1157 3719 1267 3790 ipse
1298 3718 1543 3773 consulas
1575 3718 1711 3775 licet.

249 3811 296 3869 1.
351 3809 620 3868 Meminit
685 3809 947 3866 sanctitas
994 3815 1194 3878 vestra,
1238 3806 1455 3876 fratres,
1486 3804 1783 3880 superioris

186 3900 588 3971 praedicationis
620 3907 843 3969 nostrae,
874 3915 982 3974 qua
1008 3897 1400 3971 descripsimus
1428 3897 1615 3955 beatos
1642 3912 1784 3969 apo-

194 3993 349 4051 stolos
406 3994 554 4069 (30),
605 4009 718 4049 uno
761 3993 883 4048 viso
931 3990 1223 4059 miraculo,
1291 3988 1397 4046 hoc
1421 3996 1523 4059 est,
1555 4004 1695 4062 aqua
1724 3986 1784 4043 in

196 4082 376 4141 vinum
434 4102 465 4140 a
494 4083 782 4140 Salvatore
811 4097 1097 4149 conversa,
1127 4079 1188 4136 in
1215 4095 1340 4136 eum
1372 4079 1627 4152 protinus
1654 4093 1785 4135 cre-

197 4169 388 4230 didisse
417 4191 429 4230 :
476 4174 560 4229 ita
590 4170 739 4230 enim
774 4171 852 4228 ait
878 4170 1217 4244 evangelista
1245 4169 1312 4225 de
1344 4168 1582 4225 Domino
1606 4186 1619 4224 :
1668 4193 1686 4216 ι
1712 4168 1786 4223 Et

198 4260 558 4320 manifestavit
603 4261 831 4334 gloriam
875 4277 1052 4329 suam,
1105 4266 1159 4316 et
1188 4255 1544 4315 crediderunt
1572 4256 1631 4312 in
1659 4272 1785 4313 eum

200 4358 443 4434 discipuli
500 4361 623 4434 ejus
682 4362 865 4433 (Joan.
923 4376 987 4428 ιι,
1035 4358 1149 4429 11).
1191 4383 1210 4407 ι
1254 4356 1413 4425 Quod
1438 4356 1643 4413 factum
1674 4371 1786 4411 non

200 4447 314 4506 ideo
367 4460 582 4509 tantum
631 4450 899 4523 scriptum
946 4456 1047 4517 est,
1094 4454 1156 4504 ut
1193 4446 1419 4503 illorum
1452 4444 1556 4502 sub
1586 4444 1787 4518 quibus

1885 3245 2070 3302 statim
2098 3246 2337 3303 Domino
2366 3246 2722 3304 crediderunt
2753 3264 2767 3315 ;
2799 3262 2902 3302 nos
2930 3244 3168 3318 acceptis
3193 3243 3374 3300 adhuc
3400 3251 3489 3301 tot

1887 3335 2288 3394 beneﬁciorum
2338 3336 2707 3405 mirabilibus,
2756 3335 3109 3402 dubitamus;
3139 3333 3484 3403 dubitamus,

1888 3426 2135 3501 inquam;
2158 3428 2288 3502 quia
2314 3427 2604 3503 praesentia
2632 3426 2802 3483 nimis
2829 3424 3275 3499 diligimus,dum
3302 3423 3491 3480 futura

1889 3532 2002 3573 non
2035 3518 2338 3587 credimus;
2368 3518 2595 3576 divitias
2623 3533 2872 3574 amamus
2898 3516 2958 3572 in
2986 3515 3209 3583 saeculo,
3236 3513 3370 3570 dum
3400 3528 3490 3569 eas

1889 3610 2135 3684 accipere
2162 3620 2490 3670 cunctamur
2521 3628 2554 3668 a
2581 3610 2843 3669 Christo:
2889 3608 3178 3666 iracundia
3205 3606 3488 3665 immode—

1890 3709 2006 3758 rate
2033 3703 2374 3771 extollimur,
2405 3701 2538 3758 dum
2572 3700 2956 3759 retributionis
2969 3698 3248 3772 judicium
3280 3715 3393 3756 non
3422 3697 3491 3755 ti-

1890 3806 2123 3848 memus.
2174 3791 2448 3850 Caeterum
2496 3791 2592 3865 qui
2624 3791 2785 3848 novit
2813 3789 3083 3861 scriptum
3112 3805 3228 3845 esse
3262 3806 3274 3843 :
3320 3811 3340 3837 ι
3368 3788 3491 3855 Quo

1885 3879 2100 3952 judicio
2146 3881 2557 3955 judicaveritis,
2597 3882 2790 3939 eodem
2842 3878 3189 3951 judicabitur
3230 3876 3299 3933 de
3327 3876 3490 3933 vobis

1895 3969 2107 4037 (Matth.
2143 3988 2242 4041 vn,
2271 3971 2329 4044 2)
2359 3990 2374 4040 ;
2404 3996 2421 4020 ι
2463 3972 2669 4044 absque
2699 3969 2874 4027 dubio
2906 3968 3067 4037 lenis,
3099 3966 3412 4024 moderatus
3437 3973 3492 4023 et

1892 4061 2046 4118 mitis
2098 4069 2216 4118 est:
2269 4069 2324 4119 et
2364 4063 2488 4135 plus
2515 4061 2765 4118 bonitate
2794 4059 2961 4133 cogit,
3002 4075 3167 4133 quam
3198 4057 3493 4116 severitate

1892 4151 2213 4225 compellit:
2244 4151 2454 4209 amicus
2474 4150 2852 4224 indulgentiae,
2885 4148 3177 4206 familiaris
3191 4156 3274 4206 est
3292 4147 3494 4217 veniae,

1890 4249 1953 4298 ut
1981 4240 2113 4297 dum
2137 4256 2256 4297 eam
2286 4241 2604 4315 frequenter
2633 4240 2910 4315 impertit,
2950 4256 2979 4296 a
3007 4240 3251 4297 Domino
3278 4253 3497 4312 semper

1892 4332 2144 4406 accipiat.
2191 4332 2475 4407 Siquidem
2512 4332 2805 4405 prudentis
2851 4332 2924 4389 sit
2955 4332 3183 4391 rectoris
3221 4332 3300 4388 ita
3329 4339 3496 4389 terre-

1892 4442 1993 4482 nos
2031 4424 2269 4481 honores
2313 4439 2490 4495 agere,
2539 4429 2603 4480 ut
2634 4421 3121 4481 honoriﬁcentiam
3150 4420 3391 4480 caelestis
3416 4419 3496 4478 di-

206 4535 394 4596 factum
448 4549 551 4611 est,
596 4509 762 4598 ﬁdei‘
783 4539 958 4613 gloria
984 4509 1387 4595 monstraretur
1411 4552 1423 4591 :
1458 4534 1554 4592 sed
1581 4509 1634 4591 et
1664 4551 1783 4608 pro-
1812 4509 1862 4570 D
1891 4513 2116 4613 Sumus
2132 4515 2405 4589 εοίιιιίται-

205 4636 314 4698 pter
338 4648 458 4700 nos,
489 4630 586 4704 qui
615 4629 805 4686 eodem
837 4627 1153 4686 devotionis
1195 4627 1451 4709 exemplo
1480 4624 1788 4683 credulita-

1971 4611 2026 4670 4.
2055 4614 2126 4669 Et
2155 4613 2201 4669 si
2234 4612 2514 4669 interdum
2552 4611 2801 4684 vigorem
2831 4606 3054 4666 dicendi
3080 4606 3139 4662 in
3169 4604 3331 4661 nobis
3368 4617 3500 4660 cor-

204 4690 268 4772 tis
293 4690 461 4790 gloria
490 4690 879 4793 provocamur.
911 4717 1166 4777 Christus
1181 4716 1328 4773 enim
1357 4690 1506 4789 quod
1538 4722 1795 4787 operatus
1899 4704 2050 4776 Poris
2078 4702 2346 4759 Oblundat
2398 4700 2717 4793 inqﬂllimss
2751 4706 2938 4793 Eme“
2968 4696 3155 4754 διιυάίο
3182 4690 3501 4793 ἀθνίξξίοξὶίε

204 4782 318 4874 est:
346 4824 456 4864 non
490 4782 627 4865 .illis
670 4814 885 4865 tantum
937 4814 1194 4878 operatus
1240 4811 1345 4872 est,
1373 4782 1530 4875 'quos
1558 4782 1792 4858 habebat
1900 4802 2093 4851 vestrae
2140 4793 2396 4849 fortiores
2430 4790 2721 4847 efﬁcimur.
2753 4787 2897 4878 Nam
2927 4802 3037 4858 quo
3068 4799 3168 4840 vos
3196 4782 3502 4878 studiosius

205 4871 329 4951 tunc
368 4905 659 4969 praesentes
685 4915 696 4953 :
744 4896 839 4954 sed
881 4904 936 4952 et
974 4871 1147 4951 nobis
1190 4900 1376 4966 postea
1404 4871 1696 4959 secuturis,
1727 4896 1791 4946 ut
1899 4882 2125 4948 auditis,
2155 4899 2219 4938 eo
2248 4898 2349 4937 nos
2379 4879 2644 4969 libentius
2669 4872 3159 4969 praedicamusiet
3187 4871 3366 4969 virtus
3401 4889 3499 4929 no-

207 4978 325 5038 licet
360 4985 591 5059 majores
630 4987 809 5047 nostri
848 4995 1095 5057 tempore
1146 5000 1246 5039 nos
1292 4979 1681 5054 prmcederent,
1715 4986 1789 5034 ta-

208 5084 323 5126 men
366 5073 653 5147 signorum
705 5075 878 5148 gratia
903 5090 1014 5130 non
1036 5071 1314 5145 praeirent.
1342 5070 1473 5137 Quae
1501 5068 1648 5125 enim
1677 5068 1790 5125 illis

274 5178 386 5252 (29)
423 5180 549 5239 Vet.
589 5183 747 5252 edit.,
776 5181 1125 5239 substantiam
1165 5177 1459 5252 conditione
1485 5176 1662 5252 vilem,
1693 5174 1789 5230 im-

209 5245 467 5325 becillitate
511 5245 815 5325 pallentem,
858 5260 1025 5310 morte
1068 5252 1126 5307 in
1162 5246 1577 5325 resurrectione;
1626 5248 1785 5303 Rom.

209 5318 358 5398 edit.,
406 5318 571 5398 mor'te
616 5318 918 5398 frigentem,
946 5326 1006 5381 in
1040 5320 1457 5385 resurrectione;
1492 5334 1623 5375 mss.
1655 5333 1787 5374 vero

210 5390 480 5450 nobiscum
511 5390 743 5454 faciunt.

269 5463 610 5551 ρυλεοάεξ
636 5468 1074 5551 “exercuisse
1098 5457 1784 5551 el.iqe°"’e15§ib?%l‘?¥§9:

200 5532 526 5603 εθΙὶἱ,’ὴειιιο
596 5532 880 5596 homiliam
911 5540 991 5596 ita
1038 5532 1363 5595 ordinatur:
1396 5532 1785 5603 Descripsimus

204 5599 364 5679 beatos
392 5612 682 5679 apostolos,
700 5619 809 5668 etc.

277 5673 389 5749 (3t)
416 5672 501 5735 Ita
530 5672 773 5739 πιειίιωί
803 5681 949 5756 quod
970 5698 1070 5755 pro
1095 5679 1246 5739 nobis
1262 5672 1780 5751 gereretur,quidam

1896 4972 1983 5029 bis
2036 4969 2297 5043 loquendi
2341 4966 2587 5033 additur,
2614 4980 2741 5021 cum
2774 4979 2873 5019 vos
2913 4960 3269 5034 intelligendi
3288 4978 3501 5020 accom-

1897 5059 2133 5118 modatis
2160 5054 2572 5122 auditum.Quis
2607 5054 2757 5110 enim
2783 5069 2898 5109 non
2929 5058 3166 5110 conetur
3194 5051 3314 5109 illic
3342 5051 3500 5110 verbi

1895 5170 2214 5245 praeferunt,
2256 5168 2314 5223 in
2369 5164 2543 5245 nobis
2566 5166 2774 5245 geritur
2795 5183 2817 5245 ;_
2861 5163 2999 5245 edit.
3054 5176 3246 5245 vero_,_
3280 5162 3387 5245 imo
3441 5163 3500 5220 in

1894 5234 2043 5298 nobis
2066 5234 2288 5313 geritur,
2320 5234 2590 5311 quidquid
2608 5238 2757 5295 nobis
2796 5236 3082 5310 ingeritur,
3116 5234 3379 5307 quidquid
3406 5242 3523 5292 no-‘

1895 5315 1972 5370 bis
2003 5314 2330 5368 insinuatur.

1962 5384 2084 5457 (32)
2126 5384 2328 5457 omnes
2356 5380 2491 5439 edit.
2524 5395 2654 5457 cum
2687 5379 3000 5457 Regncod”
3046 5381 3180 5457 Ecce
3206 5378 3293 5457 cui
3327 5379 3500 5457 mani-

1890 5451 2119 5527 festatur
2159 5456 2327 5510 virtus
2373 5453 2662 5527 operantis,
2685 5451 2789 5527 ,εἴ
2809 5453 2937 5524 ﬁdes
2961 5451 3292 5527 praedicatur
3313 5452 3483 5527 mani-

1891 5520 2026 5598 festa
2079 5520 2449 5590 credentium";
2494 5523 2698 5596 reliqui
2745 5520 2876 5580 mss.
2926 5520 2979 5579 θ’
2997 5520 3299 5590 contrario,
3345 5521 3499 5577 utin

1889 5608 2174 5658 contextu.
