3864 6188
347 261 454 318 643

1356 265 1452 321 ΑΒ
1490 265 1725 322 OPERA
1762 265 1817 323 S.
1862 265 2195 325 AMBROSII
2230 265 2613 325 APPENDIX.

3553 273 3660 331 644

348 388 590 445 caelestis
620 388 831 444 semina
872 389 1075 461 jacere,
1106 388 1201 444 ubi
1244 390 1383 446 illud
1428 392 1549 463 puri
1580 396 1725 453 403
1751 391 1935 447 cordis
1961 393 2012 452 A
2040 399 2183 448 stros
2241 391 2487 449 hausisse
2539 409 2735 468 aquam
2777 392 2845 449 de
2875 393 3078 466 puteis,
3107 394 3313 451 vinum
3345 396 3409 450 in
3439 395 3661 469 bydriis

349 486 587 543 fecunda
628 496 772 543 terra
817 486 1128 559 suscipiat?
1169 487 1322 556 Quis,
1372 488 1616 561 inquam.
1664 506 1774 545 non
1824 490 1945 547 illic

351 578 584 635 verbum
635 577 934 633 Salvatoris
984 578 1255 633 collocare
1301 579 1456 646 velit,
1512 579 1607 635 ubi
1656 579 1797 635 illud
1828 597 1941 635 non

350 666 697 723 saecularium
729 664 1047 721 sollicitudo
1080 666 1358 737 praefocet,
1393 668 1485 723 sed
1515 669 1940 741 disciplinarum

350 755 687 827 spiritalium
726 756 905 809 virtus
947 755 1189 809 enutriat
1222 755 1250 810 ?
1278 756 1444 828 Ergo,
1476 757 1693 826 fratres,
1726 758 1854 831 quia
1888 758 1946 813 in

352 852 537 900 sancta
590 841 900 913 Epiphania
954 844 1360 900 exsultavimus
1389 846 1641 903 videntes
1680 848 1948 903 miracula

349 931 670 998 Salvatoris,
700 930 964 985 debemus
985 931 1163 987 facere
1195 934 1342 1005 quod
1376 935 1529 992 illius
1556 938 1820 1009 temporis
1838 937 1947 993 dis-

349 1021 521 1093 cipuli
549 1028 682 1076 tunc
714 1020 982 1077 fecerunt.

421 1112 476 1167 5.
505 1110 662 1178 Quod
705 1118 885 1165 autem
917 1110 1037 1166 dixi
1068 1111 1272 1169 vidisse
1301 1130 1401 1170 nos
1430 1117 1611 1186 modo,
1638 1118 1783 1190 quod
1813 1117 1946 1173 olim

349 1210 561 1273 gestum
603 1209 719 1256 est:
770 1199 1014 1256 vidimus
1063 1204 1242 1273 plane,
1286 1204 1647 1279 videmusque
1677 1208 1943 1279 quotidie.

348 1291 428 1345 Ea
473 1291 622 1345 enim
656 1299 785 1347 sunt
814 1288 1021 1346 Christi
1054 1290 1353 1360 mirabilia,
1382 1301 1443 1348 ut
1474 1311 1586 1350 non
1619 1296 1948 1368 antiquitate

348 1386 675 1453 praetereant
709 1378 951 1450 (33),sed
983 1379 1154 1452 gratia
1201 1382 1625 1439 convalescant:
1658 1401 1769 1440 non
1796 1384 1948 1439 obli—

351 1470 515 1525 vione
545 1468 1002 1541 sepeliantur,sed
1017 1469 1394 1527 utvirtutibus
1421 1472 1948 1546 innoventur.Apud

348 1558 809 1631 omnipotentiam
861 1559 1009 1614 enim
1051 1559 1150 1614 Dei
1199 1559 1343 1616 nihil
1370 1569 1451 1617 est
1478 1562 1769 1633 abolitum,
1802 1564 1948 1619 nihil

350 1649 723 1724 praeteritum:
758 1648 854 1706 sed
892 1665 989 1721 pro
1019 1650 1107 1705 sui
1136 1652 1518 1723 magnitudine
1551 1655 1742 1711 omnia
1769 1655 1853 1711 illi
1887 1654 1947 1710 in

2055 481 2367 543 invenisse:
2400 490 2562 555 atque
2593 483 2816 539 utiliore
2844 482 3134 556 dispendio
3161 484 3483 556 perdidisse
3513 488 3660 558 quod

2055 569 2439 641 impleverant,
2495 573 2757 645 reperisse
2788 573 2935 646 quod
2990 574 3213 630 deerat:
3271 582 3524 648 tuncque
3555 578 3661 647 pri-

2055 675 2206 714 mum
2256 658 2361 715 hoc
2392 660 2633 716 mirabili
2663 661 2819 734 signo
2849 661 3163 717 divinitatis
3193 680 3306 719 suae
3350 664 3660 722 declarasse

2056 748 2318 805 virtutem
2377 751 2557 822 (Joan.
2617 768 2679 821 ιι,
2728 752 2918 824 2-11).
2949 753 3216 810 Nonnulli
3248 763 3437 811 autem
3473 756 3533 811 in
3564 756 3661 813 hac

2056 848 2246 897 sancta
2300 841 2389 897 die
2439 841 2508 897 ab
2552 843 2762 898 Joanne
2804 843 3141 916 baptizatum
3173 862 3299 901 eum
3330 847 3391 901 in
3425 846 3659 904 Jordane

2059 937 2346 999 testantur,
2375 940 2539 1005 atque
2559 933 2616 988 in
2651 934 2853 990 lavacri
2875 933 2995 1006 ejus
3023 936 3198 1007 gratia
3226 936 3555 993 interfuisse
3589 940 3657 993 lo-

2058 1020 2275 1092 quendo
2311 1023 2495 1077 'Deum
2550 1022 2785 1091 Patrem,
2839 1032 3089 1079 sanctum
3137 1041 3361 1098 quoque
3390 1025 3656 1097 Spiritum

2056 1108 2422 1166 descendisse.
2469 1111 2579 1167 Nec
2624 1111 2828 1167 mirum
2859 1112 2905 1168 si
2939 1113 2997 1168 in
3029 1113 3255 1169 Domini
3287 1115 3515 1171 lavacro
3546 1133 3657 1188 my-

2058 1199 2284 1254 sterium
2310 1216 2421 1255 non
2437 1200 2612 1255 defuit
2633 1201 3075 1270 Trinitatis,cum
3098 1211 3352 1259 nostrum
3377 1204 3655 1260 lavacrum

2058 1287 2346 1344 Trinitatis
2400 1290 2673 1362 compleat
2696 1299 3138 1348 sacramentum:
3173 1309 3356 1366 neque
3388 1293 3541 1349 enim
3567 1310 3655 1365 po-

2056 1384 2197 1432 terat
2256 1378 2524 1435 Dominus
2580 1396 2691 1435 non
2750 1380 2992 1452 primum
3052 1381 3204 1438 circa
3253 1398 3312 1437 se
3370 1382 3656 1453 exhibere,

2057 1466 2204 1539 quod
2234 1475 2350 1523 erat
2379 1476 2566 1541 postea
2593 1468 2835 1524 humano
2866 1470 3051 1541 generi
3084 1478 3484 1543 praecepturus,
3533 1488 3657 1528 cum

2058 1555 2245 1611 omnia
2283 1571 2391 1614 non
2432 1556 2518 1613 sui
2547 1574 2728 1626 causa,
2757 1557 2852 1614 sed
2881 1565 3085 1614 nostra:
3113 1557 3291 1630 gratia
3317 1558 3523 1615 salutis
3549 1559 3654 1615 eiii-

2058 1651 2224 1701 ceret.

350 1739 603 1814 praesenti
642 1746 975 1807 sunt,totum
1016 1739 1099 1794 illi
1132 1749 1345 1813 tempus
1374 1750 1457 1799 est
1492 1743 1676 1801 hodie.
1710 1745 1863 1801 Unde
1894 1752 1948 1800 et
1976 1767 2022 1828 Β
2129 1733 2182 1789 2.
2237 1737 2310 1789 At
2339 1736 2609 1828 numquid
2654 1745 2873 1828 propter
2906 1736 3259 1828 seibaptizari
3292 1737 3499 1828 voluit,
3529 1756 3651 1796 cum

350 1837 572 1886 sanctus
592 1828 864 1900 Propheta
893 1827 1050 1884 dicit:
1088 1852 1105 1874 ο
1133 1829 1283 1887 Mille
1310 1831 1442 1887 anni
1463 1841 1592 1889 ante
1612 1834 1801 1891 oculos
1824 1843 1946 1890 tuos

348 1926 609 1991 tanquam
637 1917 756 1973 dies
786 1916 1074 1989 una(Psal.
1095 1935 1331 1988 Lxxx1x,
1360 1920 1441 1992 4).
1466 1947 1485 1969 ι
1518 1921 1675 1989 Quod
1706 1922 1751 1978 si
1782 1938 1947 1980 omne

351 2009 679 2065 seculorum
710 2015 926 2079 tempus
944 2023 1055 2063 una
1079 2008 1196 2064 dies
1224 2017 1306 2064 est
1335 2010 1595 2080 Domino,
1627 2011 1816 2068 eadem
1849 2014 1940 2071 die

349 2115 459 2172 qua
510 2097 784 2154 mirabilia
826 2096 1077 2153 Salvator
1103 2097 1352 2170 patribus
1384 2109 1639 2173 operatus
1669 2110 1773 2172 est,
1804 2119 1947 2176 ope-

348 2194 501 2244 ratus
533 2195 588 2244 et
615 2187 776 2243 nobis
803 2195 904 2243 est.
937 2186 1198 2243 Vidimus
1226 2188 1397 2261 igitur
1427 2197 1479 2246 et
1516 2207 1615 2246 nos
1638 2190 1782 2249 sicut
1819 2210 1947 2251 ma—

344 2275 493 2349 jores
511 2280 687 2333 nostri
723 2276 1001 2333 mirabilia
1025 2278 1404 2346 Domini,cum
1436 2281 1555 2352 pari
1593 2298 1657 2337 ea
1684 2299 1809 2340 cum
1833 2283 1947 2340 illis

350 2375 572 2439 stupore
600 2365 1335 2439 suspeximus.Gustavimus
1363 2376 1418 2423 et
1451 2386 1552 2425 nos
1589 2371 1734 2429 sicut
1764 2372 1850 2428 illi
1879 2372 1947 2428 de

350 2453 484 2528 ipsis
515 2457 767 2529 hydriis;
800 2455 1071 2528 siquidem
1105 2456 1187 2512 illi
1219 2457 1285 2513 de
1313 2456 1401 2514 his
1430 2461 1689 2532 poculum
1719 2462 1838 2518 vini
1865 2462 1946 2518 bi-

349 2545 571 2616 berunt,
602 2562 702 2601 nos
728 2543 923 2601 salutis
945 2544 1173 2601 calicem
1195 2547 1612 2619 sumpserimus.

421 2637 474 2693 6.
502 2636 775 2693 Debemus
799 2652 926 2707 ergo
947 2635 1145 2704 facere,
1178 2636 1298 2691 viso
1328 2636 1484 2707 signo
1516 2638 1762 2707 Domini,
1796 2637 1945 2712 quod

350 2728 525 2783 nostri
557 2727 729 2782 fecere
757 2725 1001 2797 priores;
1036 2724 1079 2780 si
1111 2725 1258 2781 enim
1290 2725 1476 2781 eadem
1507 2726 1565 2782 in
1591 2726 1750 2783 nobis
1791 2728 1946 2784 divi-

350 2818 541 2873 nitatis
574 2815 791 2872 refulsit
828 2814 1020 2888 gratia,
1051 2815 1241 2871 eadem
1273 2822 1327 2869 et
1361 2814 1492 2870 ﬁdei
1547 2815 1691 2887 apud
1713 2832 1813 2872 nos
1842 2815 1948 2872 de-

349 2909 448 2965 bet
475 2924 589 2963 esse
620 2906 858 2963 devotio.
881 2906 1028 2963 Dicit
1047 2908 1194 2963 enim
1229 2908 1569 2979 evangelista
1593 2909 1660 2965 de
1686 2910 1945 2980 Domino,

349 2997 455 3053 hoc
484 2996 750 3052 miraculo
778 3005 1121 3069 perpetrato:
1170 3022 1187 3044 ι
1209 2998 1280 3053 Et
1312 2997 1690 3056 manifestavit
1718 3001 1947 3073 gloriam

350 3101 527 3155 suam,
558 3092 613 3141 et
640 3084 992 3141 crediderunt
1021 3086 1281 3158 discipuli
1312 3086 1432 3159 ejus
1456 3088 1514 3143 in
1535 3091 1849 3163 eum(Joan.
1883 3109 1944 3162 ιι,
1983 3127 2027 3188 G

354 3175 465 3247 11).
498 3199 517 3223 ι
562 3174 791 3232 Credere
817 3191 944 3248 ergo
973 3175 1253 3245 debemus,
1292 3175 1437 3233 sicut
1465 3185 1519 3233 et
1549 3185 1685 3236 tunc
1716 3180 1947 3253 apostoli

348 3264 720 3321 crediderunt.
752 3265 901 3322 Dicit
930 3274 1110 3322 autem
1140 3264 1282 3322 alius
1316 3281 1328 3319 :
1370 3291 1387 3314 ι
1416 3267 1485 3322 Et
1516 3285 1616 3323 nos
1647 3268 1948 3327 Christiani

348 3371 558 3424 sumus,
590 3363 643 3410 et
669 3354 947 3411 credimus
968 3353 1026 3408 in
1048 3354 1347 3410 Dominum
1378 3355 1743 3414 Salvatorem.
1783 3385 1801 3408 ι
1844 3360 1949 3418 Sed

345 3445 567 3501 credere
616 3459 753 3514 opus
796 3450 877 3496 est
907 3457 1089 3511 opere,
1121 3459 1232 3497 non
1264 3460 1515 3500 sermone
1545 3463 1557 3501 :
1594 3462 1705 3502 non
1736 3448 1944 3521 lingua,

347 3532 443 3588 sed
465 3529 666 3595 corde;
699 3544 766 3582 ne
796 3535 850 3583 et
878 3527 1039 3583 nobis
1067 3528 1316 3586 dicatur:
1375 3558 1393 3580 ι
1424 3533 1585 3589 Plebs
1636 3534 1754 3593 haec
1789 3537 1948 3594 labiis

348 3632 437 3675 me
493 3618 750 3684 honorat,
804 3632 901 3671 cor
941 3623 1123 3671 autem
1170 3634 1361 3674 eorum
1424 3620 1583 3693 longe
1641 3631 1722 3680 est
1774 3640 1805 3680 a
1861 3640 1949 3681 me

355 3709 493 3777 (Isa.
523 3723 688 3776 xxxx,
712 3704 823 3779 13).
855 3731 874 3755 ι

974 3853 1210 3913 SEBMO
1248 3854 1321 3912 X.

771 3964 852 4020 De
878 3970 1068 4021 sancta
1095 3962 1407 4037 Epiphania
1434 3964 1529 4022 III.

368 4078 638 4140 Christum
666 4080 760 4137 hoc
787 4078 886 4154 die,
909 4081 967 4135 in
991 4081 1224 4137 Iordane
1257 4082 1474 4137 tinctum
1507 4082 1573 4138 ab
1601 4080 1727 4139 aliis
1753 4084 1946 4154 astrui,

421 4154 488 4208 ab
532 4154 658 4207 aliis
703 4152 887 4224 negari
919 4153 1086 4207 tradit
1123 4154 1206 4207 hic
1253 4171 1422 4209 sermo
1453 4172 1470 4209 .·
1504 4171 1610 4224 qua
1639 4156 1702 4210 de
1727 4172 1786 4210 re
1815 4152 1950 4211 Hie?-

420 4239 703 4296 ronymus__
729 4223 787 4276 in
833 4224 1178 4296 Ezechielern,
1237 4225 1339 4279 Leo
1384 4223 1633 4294 Magnus,
1694 4227 1845 4296 epist.
1881 4228 1947 4285 16

420 4310 572 4350 nova:
621 4292 767 4366 edit,
824 4299 980 4366 atque
1025 4294 1125 4349 alii
1169 4296 1373 4351 consuli
1415 4292 1657 4366 possunt.
1692 4292 1950 4354 Nostrum

419 4382 543 4419 vero
577 4370 651 4418 est
683 4362 766 4417 hic
809 4364 1092 4417 admonere
1142 4382 1257 4419 cum
1319 4362 1601 4422 sermone!
1639 4370 1808 4423 sancti
1834 4372 1948 4428 Ma-

422 4436 578 4510 ximi,
610 4451 833 4510 necnon
863 4451 979 4488 cum
1007 4434 1116 4489 alio
1147 4436 1468 4510 in_Append.
1498 4439 1636 4510 Aug.
1673 4438 1949 4510 131i,un

439 4493 604 4563 eidem
654 4506 1041 4581 Maximamss.
1082 4493 1653 4581 et_ec_l_it.‘_'commxunit‘3r
1682 4493 1941 4581 tribuunt,
1976 4493 2027 4553 D

423 4582 649 4657 multum
690 4577 1059 4657 conpenire..At
1088 4578 1221 4632 nihil
1251 4579 1430 4657 sicani
1456 4580 1744 4636 Ambrosio
1776 4577 1948 4657 affini:-

428 4652 550 4727 tatis
597 4668 731 4727 esse,
764 4648 925 4727 facile
952 4649 1282 4727 isagnoscet,
1299 4652 1401 4727 qui
1428 4657 1627 4706 tantum
1659 4671 1774 4723 qua:
1800 4648 1947 4727 apud

422 4722 597 4795 ipsum
649 4723 742 4778 sub
773 4722 928 4795 ﬁnem
978 4721 1066 4795 lib.
1117 4739 1158 4795 ιι
1204 4721 1260 4777 in
1288 4721 1506 4795 Lucam,
1538 4730 1585 4778 et
1616 4721 1732 4795 qua:
1762 4721 1939 4783 in’hoc

421 4793 656 4850 sermone
709 4793 779 4849 de
818 4793 1067 4849 columine
1112 4794 1289 4866 ﬁgura
1343 4793 1699 4863 disseruntur,
1731 4797 1867 4854 inter
1893 4816 1946 4854 se

420 4867 719 4923 contulerit.

423 4992 474 5048 1.
515 4992 768 5065 Plerique
810 4992 868 5047 in
915 4991 1018 5049 hac
1054 5000 1242 5050 sancta
1279 4992 1603 5068 Epiphaniae
1641 4993 1733 5052 die
1761 4995 1941 5053 hacte-

350 5095 457 5137 nus
505 5098 535 5137 a
587 5080 826 5137 Domino
870 5081 1150 5138 mirabilia
1176 5083 1318 5139 facta
1342 5100 1456 5141 esse
1486 5092 1942 5154 commemorant,

351 5177 414 5225 ut
458 5178 680 5242 rogatus
736 5170 803 5227 ad
862 5170 1084 5243 nuptias
1139 5187 1294 5244 aquae
1342 5173 1707 5230 substantiam
1738 5174 1797 5230 in
1826 5170 1945 5229 vini
2010 5226 2015 5230 .

350 5257 589 5329 speciem
642 5266 1026 5329 commutaret,
1075 5277 1138 5317 ac
1182 5259 1453 5333 liquorem
1481 5262 1719 5318 fontium
1745 5260 1803 5317 in
1834 5278 1944 5319 me-

353 5346 546 5403 liorem
603 5364 765 5404 usum
809 5348 896 5405 sui
939 5349 1326 5406 benedictione
1372 5351 1723 5407 transferret:
1776 5350 1938 5406 mini-

424 5507 540 5578 (33)
588 5507 791 5565 Omnes
831 5507 1200 5577 edit.,Christi
1226 5511 1495 5578 miraculi,
1530 5516 1720 5567 utnon
1749 5510 1944 5583 iniqui-

355 5582 455 5632 tate
470 5584 789 5647 prwtereant
815 5598 828 5647 ;
865 5597 1058 5635 omnes
1085 5599 1213 5637 mss.
1247 5589 1307 5637 ut
1339 5583 1393 5636 in
1425 5589 1707 5639 contextu.

425 5647 543 5723 (34)
602 5649 757 5704 Rom.
806 5649 941 5705 edit.
989 5666 1113 5705 cum
1146 5652 1276 5724 Reg.
1335 5652 1481 5722 cod.,
1515 5652 1651 5709 sicut
1672 5654 1801 5709 dicit
1823 5670 1946 5725 pro-

2054 1830 2335 1895 peccatum
2364 1840 2478 1880 non
2506 1825 2898 1895 haberet,sicut
2930 1827 3071 1884 dicit
3100 1828 3294 1884 Petrus
3324 1827 3469 1900 (34):
3510 1855 3529 1875 ι
3554 1829 3652 1895 Qui

2054 1911 2403 1986 iniquitatem
2435 1929 2546 1969 non
2575 1914 2726 1983 fecit,
2761 1931 2864 1972 nec
2894 1915 3155 1971 inventus
3183 1924 3266 1973 est
3289 1916 3452 1974 dolus
3482 1918 3543 1974 in
3565 1934 3655 1974 ore

2055 2001 2173 2075 ejus
2212 2002 2269 2075 (Ι
2310 2004 2423 2059 Pet.
2471 2022 2531 2073 ιι,
2563 2006 2690 2077 22)?
2712 2031 2729 2055 ι
2768 2004 2874 2062 Sed
2905 2013 3129 2078 propter
3157 2022 3260 2063 nos
3284 2008 3506 2080 utique,
3537 2008 3653 2080 qui,

2055 2097 2360 2154 multorum
2408 2098 2706 2156 criminum
2752 2100 2992 2173 peccatis
3033 2100 3288 2168 obnoxii,
3319 2120 3462 2175 opus
3499 2102 3657 2159 babe-

2054 2184 2250 2242 bamus
2286 2194 2350 2242 ut
2380 2186 2438 2243 in
2488 2187 2694 2246 Christi
2736 2188 3013 2263 baptismo
3056 2206 3453 2263 purgaremur:
3495 2200 3655 2264 atque

2055 2273 2181 2332 ideo
2211 2274 2365 2332 venit
2393 2276 2664 2336 Dominus
2690 2277 2761 2334 ad
2790 2280 3092 2348 lavacrum,
3116 2296 3229 2336 non
3254 2288 3314 2336 ut
3333 2279 3657 2353 puriﬁcetur

2056 2364 2173 2437 ipse
2223 2366 2401 2438 aquis,
2455 2367 2550 2423 sed
2601 2375 2663 2423 ut
2709 2368 2871 2425 nobis
2915 2384 3185 2442 aquarum
3232 2369 3442 2427 ﬂuenta
3467 2368 3655 2442 puriﬁ-

2054 2462 2142 2512 cet
2170 2455 2286 2528 (35)
2324 2475 2335 2513 :
2377 2473 2446 2513 ex
2474 2473 2584 2529 quo
2614 2458 2765 2514 enim
2793 2458 2891 2516 ille
2920 2476 3037 2517 sese
3066 2460 3126 2515 in
3149 2476 3319 2533 aquas
3344 2461 3554 2529 mersit,
3584 2476 3657 2515 ex

2056 2560 2121 2600 eo
2148 2546 2398 2602 omnium
2428 2546 2772 2605 credentium
2798 2557 3021 2621 peccata
3050 2549 3276 2607 delevit.
3316 2550 3546 2607 Necesse
3572 2556 3657 2605 est

2055 2640 2236 2689 autem
2289 2642 2352 2691 ut
2397 2635 2645 2691 omnium
2693 2645 2915 2710 peccata
2955 2637 3249 2707 deleverit,
3276 2640 3373 2712 qui
3404 2640 3654 2695 omnium

2056 2726 2275 2790 peccata
2315 2722 2594 2794 suscepit;
2654 2723 2798 2780 sicut
2845 2724 2922 2779 ait
2946 2724 3322 2797 evangelista:
3368 2751 3388 2773 ‹
3429 2726 3529 2782 Hic
3570 2736 3654 2783 est

2056 2811 2245 2881 Agnus
2289 2809 2411 2879 Dei,
2457 2810 2549 2868 hic
2576 2822 2659 2869 est
2686 2813 2781 2885 qui
2812 2814 2960 2869 tollit
2990 2823 3209 2886 peccata
3242 2816 3439 2872 mundi
3471 2817 3651 2888 (Joan.

2056 2916 2096 2968 ι,
2138 2898 2253 2970 29).
2287 2923 2306 2947 ι
2349 2900 2551 2957 Mirum
2582 2917 2710 2973 ergo
2754 2902 2813 2957 in
2845 2903 3072 2960 modum
3101 2921 3247 2961 unus
3277 2906 3564 2979 mergitur,
3594 2915 3655 2962 et

2057 2988 2204 3044 salus
2232 2989 2483 3045 omnium
2514 3000 2814 3067 reparatur.

2135 3082 2285 3139 404
2319 3076 2370 3133 3.
2418 3077 2589 3134 Adest
2634 3097 2761 3152 ergo
2785 3082 2931 3137 Deus
2957 3080 3138 3152 Pater,
3170 3098 3298 3140 cum
3347 3083 3659 3157 baptizatur

2057 3173 2360 3241 Dominus;
2391 3174 2544 3231 adest
2571 3174 2811 3247 Spiritus
2850 3185 3091 3234 sanctus.
3128 3178 3327 3236 Videte
3357 3180 3656 3237 Salvatoris

2058 3262 2522 3334 benevolentiam,
2556 3281 2661 3338 qua
2687 3268 2838 3323 solus
2858 3284 2913 3324 se
2937 3268 2996 3323 in
3021 3267 3274 3340 passione
3301 3271 3656 3327 contumeliis

2059 3353 2328 3422 subdidit,
2386 3354 2442 3410 in
2501 3356 2722 3413 lavacro
2771 3357 2921 3413 solus
2971 3358 3203 3431 gratiam
3233 3376 3347 3415 non
3375 3360 3652 3433 quaesivit,

2058 3446 2180 3501 vult
2223 3445 2516 3519 participes
2559 3462 2675 3503 esse
2721 3448 2927 3521 gloriae.
2977 3448 3149 3505 Adest
3179 3466 3329 3522 ergo,
3360 3449 3507 3506 sicut
3532 3449 3654 3506 dixi

2057 3534 2237 3605 Pater,
2279 3536 2432 3593 adest
2457 3544 2511 3593 et
2551 3536 2790 3610 Spiritus
2827 3546 3084 3596 sanctus:
3118 3547 3172 3594 et
3211 3539 3346 3612 quia
3391 3540 3539 3594 Deus
3563 3538 3653 3593 vi-

2056 3626 2175 3683 deri
2205 3642 2317 3682 non
2346 3634 2543 3699 potest,
2574 3626 2814 3699 Spiritus
2843 3628 2901 3683 in
2932 3628 3211 3695 columba,
3252 3628 3415 3682 Pater
3433 3628 3653 3684 descen-

2058 3716 2141 3773 dit
2170 3716 2226 3772 in
2278 3733 2430 3773 voce:
2475 3718 2729 3791 quodque
2763 3719 2941 3775 solum
2989 3718 3058 3774 ad
3098 3717 3453 3774 astruendam
3483 3716 3649 3773 ﬁdem

2058 3804 2382 3863 hominibus
2418 3807 2785 3864 necessarium
2835 3814 2975 3873 erat,
3025 3807 3252 3863 exhibet
3283 3806 3648 3863 Salvatorem.

2058 3896 2221 3953 Fides
2247 3897 2397 3953 enim
2432 3905 2618 3953 nostra
2642 3914 2755 3953 non
2784 3895 2895 3954 nisi
2924 3897 3117 3953 auditu
3148 3904 3365 3955 constat
3395 3905 3451 3953 et
3481 3896 3600 3952 visu
3630 3912 3647 3961 ;

2059 3986 2183 4043 ideo
2220 4003 2276 4043 se
2314 3987 2552 4060 Spiritus
2581 3988 2636 4044 in
2666 3989 2926 4045 columba
2954 3988 3130 4046 oculis
3168 3988 3380 4058 subdit,
3407 3989 3565 4043 Pater
3592 3987 3648 4043 in

2058 4094 2195 4135 voce
2241 4095 2298 4135 se
2353 4079 2579 4136 auribus
2636 4079 3054 4150 subministrat;
3097 4095 3224 4135 nam
3282 4078 3394 4134 nisi
3435 4086 3652 4151 propter

2058 4175 2299 4224 nostram
2352 4169 2732 4225 credulitatem
2790 4169 2895 4225 ista
2939 4166 3059 4224 ﬁeri
3090 4166 3442 4239 oportuisset,
3474 4166 3651 4240 potuit

2058 4257 2216 4312 Pater
2257 4265 2311 4313 et
2353 4257 2590 4330 Spiritus
2626 4266 2883 4330 tanquam
2917 4255 3221 4312 invisibilis
3244 4258 3392 4311 Deus
3416 4255 3487 4311 ad
3516 4256 3647 4312 Ver-

2056 4346 2188 4402 bum
2228 4347 2434 4402 Filium
2464 4346 2737 4403 invisibili
2759 4346 3103 4419 prolapsione
3125 4345 3650 4417 descenderelgitur
3702 4373 3706 4376 ~

2057 4445 2278 4508 propter
2331 4446 2573 4492 nostram
2621 4436 2782 4493 ﬁdem
2841 4444 3030 4509 aperto
3078 4437 3240 4504 ccelo,
3298 4436 3542 4507 Spiritus
3583 4433 3647 4490 ad

2058 4526 2362 4594 Christum,
2395 4527 2556 4582 Pater
2584 4527 2651 4582 ad
2680 4526 2912 4595 Filium,
2960 4543 3071 4582 vox
3110 4524 3397 4582 descendit
3425 4524 3495 4581 ad
3524 4524 3646 4581 Ver-

2054 4618 2220 4674 bum:
2256 4618 2501 4674 Verbum
2532 4616 2680 4674 enim
2721 4617 2978 4675 Christus
3005 4617 3181 4685 est,de
3212 4633 3320 4689 quo
3348 4615 3640 4673 scribitur:

2067 4730 2087 4754 ι
2134 4707 2197 4761 In
2254 4705 2528 4779 principio
2569 4714 2685 4763 erat
2732 4708 2976 4765 Verbum
3017 4707 3198 4778 (Joan.
3234 4723 3271 4773 ι,
3309 4707 3387 4777 1).
3422 4730 3439 4752 ι
3486 4706 3641 4771 Bene,

2055 4794 2302 4869 inquam,
2335 4795 2497 4852 Pater
2524 4811 2654 4865 vox,
2687 4804 2739 4853 et
2764 4797 2942 4854 Filius
2971 4793 3217 4851 Verbum
3255 4794 3488 4859 dicitur,
3525 4792 3648 4865 quia

2056 4884 2302 4944 Verbum
2347 4886 2572 4942 nonnisi
2600 4886 2668 4943 de
2695 4904 2833 4945 voce
2860 4884 3128 4959 procedit.
3159 4884 3518 4943 Conveniunt
3554 4883 3646 4937 ita-

2055 4990 2160 5049 que
2206 4976 2312 5033 sibi
2351 4994 2462 5033 vox
2488 4985 2543 5034 et
2572 4977 2839 5046 Verbum,
2870 4983 2922 5033 et
2951 4974 3117 5032 saluti
3147 4973 3441 5031 hominum
3472 4971 3644 5046 provi-

2055 5065 2187 5123 dent
2213 5067 2473 5125 societate
2502 5067 2775 5140 mysterii.
3600 5086 3601 5089 ‘

2128 5158 2178 5213 1.
2212 5155 2332 5224 Qua
2362 5166 2542 5214 autem
2573 5157 2788 5213 ratione
2837 5154 3078 5230 Spiritus
3113 5161 3333 5211 sanctus
3362 5152 3434 5209 ad
3497 5150 3647 5210 Chri-

2055 5254 2200 5302 stum
2268 5247 2326 5303 in
2390 5246 2566 5320 specie
2616 5246 2885 5303 columbae
2931 5242 3296 5311 descenderit,
3337 5241 3647 5299 videamus:

2054 5342 2243 5391 utrum
2291 5336 2364 5392 sit
2410 5336 2595 5409 aliqua
2641 5332 2955 5392 similitudo
2982 5332 3253 5390 columbae
3284 5333 3370 5388 vel
3405 5329 3647 5399 Domini,

2050 5511 2227 5584 pheta.

2129 5583 2246 5655 (35)
2295 5583 2448 5641 Edit.
2498 5584 2708 5641 ultima:
2759 5580 2953 5653 Paris,
2993 5580 3081 5636 sed
3129 5584 3190 5635 ut
3240 5596 3336 5635 nos
3378 5591 3649 5649 aquarum

2054 5655 2266 5724 ﬂuentis
2290 5656 2554 5729 puri/im.
2589 5656 2710 5712 Non
2748 5665 2912 5715 recte.
