3864 6188
171 301 276 358 645

1007 300 1384 358 SEBMONES
1422 301 1477 356 S.
1517 298 1874 359 AMBROSIO
1913 297 2283 357 HACTENUS
2321 299 2659 359 ASCBIPTI.

3375 300 3482 357 646

172 429 316 485 sicut
342 436 424 484 est
448 429 601 486 vocis
642 435 697 485 et
724 428 914 487 Verbi.
946 429 1046 486 Est
1090 432 1252 503 plane
1279 445 1391 485 non
1421 444 1623 502 parva:
1656 443 1762 484 co-
1793 430 1846 489 Α
1953 425 2054 503 l35
2084 432 2131 481 et
2153 425 2253 503 136
2282 426 2509 498 August.
2542 426 2783 498 Append.
2837 427 3016 503 eadem
3066 427 3329 503 legantur,
3368 442 3479 480 non

173 517 594 574 lumbamenim
621 517 785 574 etiam
818 516 998 591 ipsum
1023 520 1325 575 Dominum
1351 517 1617 585 dixerim,
1641 516 1772 590 quia

170 614 252 661 est
307 608 507 675 alacer,
561 608 714 664 mitis
765 614 819 663 et
874 608 1133 681 simplex.
1196 607 1463 665 Columba
1508 613 1610 674 est,
1642 605 1774 678 quia

169 706 390 754 sanctos
433 714 563 754 suos
605 713 722 753 esse
776 698 1033 770 praecepit
1084 705 1147 753 ut
1199 697 1507 763 columbas,
1541 696 1768 751 dicens:

181 808 200 832 ι
242 787 436 843 Estote
474 786 752 859 simplices
784 786 929 843 sicut
957 787 1227 843 columbae
1262 788 1473 859 (Matth.
1507 803 1566 855 x,
1600 786 1714 857 16).
1740 813 1758 835 ι

168 878 332 944 Quod
358 888 540 935 autem
574 878 827 936 columba
848 879 1100 937 Christus
1119 879 1211 943 sit,
1246 879 1514 952 Propheta
1540 879 1678 936 dicit
1700 897 1774 936 ex

167 986 409 1040 persona
456 969 648 1041 ipsius,
680 969 995 1025 describens
1042 976 1165 1040 post
1196 968 1501 1040 passionem
1531 968 1770 1024 reditum

166 1056 287 1128 ejus
342 1057 411 1112 ad
467 1060 714 1114 coelum:
764 1058 946 1124 «Quis
998 1057 1157 1113 dabit
1214 1057 1355 1112 mihi
1386 1073 1594 1130 pennas
1625 1057 1772 1114 sicut

168 1145 461 1214 columbae,
493 1156 547 1203 et
574 1147 789 1215 volabo,
819 1155 873 1203 et
902 1148 1238 1219 requiescam
1273 1149 1457 1219 (Psal.
1492 1164 1605 1216 LIV,
1638 1149 1668 1203 7
1692 1149 1720 1204 ‘2
1740 1172 1756 1193 ο

169 1235 309 1293 Cum
340 1252 468 1307 ergo
515 1235 768 1293 Christus
795 1237 1067 1293 Dominus
1110 1236 1355 1293 initiaret
1382 1238 1644 1294 Ecclesiae
1675 1254 1773 1293 sa-

169 1335 471 1396 cramenta,
529 1344 559 1384 e
615 1330 756 1385 ccelo
802 1330 1125 1402 supervenit
1174 1330 1451 1386 columba.
1517 1331 1773 1404 Intelligo

170 1418 523 1489 mysterium,
554 1434 788 1489 agnosco
817 1419 983 1475 etiam
1035 1428 1440 1476 sacramentum
1472 1437 1483 1474 :
1515 1419 1774 1476 columba

169 1508 316 1564 enim
365 1508 483 1579 ipsa
534 1516 637 1576 est,
668 1523 788 1579 quae
816 1525 965 1565 nunc
1004 1508 1072 1564 ad
1125 1510 1427 1566 Ecclesiam
1476 1508 1682 1567 Christi
1712 1509 1771 1564 in

168 1597 442 1669 baptismo
471 1598 645 1666 venit,
674 1615 795 1671 quze
827 1600 1107 1672 quondam
1136 1600 1205 1656 ad
1225 1617 1405 1656 arcam
1432 1600 1546 1657 Noe
1579 1600 1635 1656 in
1675 1600 1773 1655 di-

170 1686 322 1743 luvio
351 1688 669 1760 properavit
698 1690 855 1759 (Gen.
890 1708 1013 1757 vin,
1031 1690 1115 1759 9),
1147 1698 1279 1746 tunc
1307 1690 1391 1745 illi
1420 1691 1771 1746 securitatem

169 1776 510 1833 annuntians
539 1778 703 1834 olivae
722 1794 894 1846 ramo,
916 1778 1083 1835 modo
1102 1778 1235 1835 huic
1262 1778 1620 1835 aeternitatem
1643 1795 1771 1835 con-
1804 1789 1850 1850 Β

170 1867 349 1925 ferens
400 1867 711 1926 divinitatis
754 1868 998 1938 indicio;
1050 1877 1184 1927 tunc
1228 1868 1449 1943 signum
1496 1870 1644 1942 pacis
1677 1886 1772 1925 ore

170 1957 426 2023 aﬂ'erens,
455 1958 619 2016 modo
654 1958 777 2032 ipsa
819 1974 1006 2031 pacem
1038 1958 1321 2018 Christum
1352 1959 1438 2016 sui
1467 1959 1773 2017 substantia

171 2047 591 2120 superfendens.

239 2137 295 2194 5.
338 2138 405 2192 In
456 2138 696 2193 Iordane
758 2137 928 2209 igitur
984 2137 1292 2209 baptizatus
1346 2147 1428 2194 est
1482 2139 1771 2196 Dominus.

169 2226 348 2283 Multa
400 2226 680 2283 mirabilia
714 2227 774 2282 in
822 2227 927 2284 hoc
979 2227 1210 2284 ﬂumine
1263 2229 1463 2301 saepius
1491 2229 1633 2287 facta
1660 2247 1776 2287 esse

170 2315 459 2387 Scriptura
500 2324 914 2385 commemorat,
965 2316 1111 2372 inter
1147 2324 1339 2373 caetera
1385 2317 1612 2373 dicens:
1650 2343 1667 2366 ε
1705 2319 1778 2375 Et

172 2406 431 2464 Iordanis
464 2424 764 2464 conversus
792 2417 873 2465 est
903 2418 1204 2466 retrorsum
1232 2410 1414 2480 (Psal.
1447 2429 1604 2480 cxni,
1629 2413 1710 2484 3).
1745 2438 1764 2463 ›

176 2497 311 2553 Ριιιο
375 2504 562 2553 autem
628 2514 744 2554 esse
791 2498 1104 2555 mirabilius
1167 2500 1314 2572 quod
1362 2502 1602 2559 Domino
1651 2503 1777 2560 Iesu

178 2586 396 2644 Christo
425 2587 508 2644 ibi
539 2588 740 2659 posito,
761 2588 968 2646 factum
992 2599 1111 2647 est:
1145 2598 1271 2646 ante
1294 2591 1442 2647 enim
1473 2600 1775 2649 retrorsum

180 2693 327 2749 aqua;
380 2694 663 2734 conversae
717 2677 957 2747 fuerant,
1011 2677 1178 2735 modo
1226 2688 1527 2737 retrorsum
1557 2689 1780 2753 peccata

180 2782 440 2823 conversa
469 2774 603 2823 sunt
639 2786 651 2823 :
698 2775 752 2824 et
799 2767 945 2824 sicut
979 2775 1114 2824 tunc
1146 2768 1384 2841 impetus
1411 2769 1659 2827 fluminis
1688 2772 1779 2826 al-

180 2870 335 2911 veum
390 2856 482 2913 sui
545 2873 740 2915 cursus
794 2856 1057 2930 perdidit,
1114 2857 1191 2914 ita
1242 2868 1297 2916 et
1352 2876 1501 2917 nunc
1542 2861 1779 2932 impetus

180 2955 530 3020 peccatorum
595 2947 908 3005 dominium
956 2948 1042 3004 sui
1107 2949 1309 3005 erroris
1364 2950 1567 3006 amisit.
1619 2950 1777 3019 Quod

181 3036 396 3110 quidem
430 3038 498 3093 in
523 3037 792 3109 propheta
819 3037 940 3093 Elia
952 3036 1069 3109 jam
1099 3036 1273 3093 illoin
1302 3048 1546 3110 tempore
1570 3038 1777 3096 factum

1953 499 2058 552 leve
2112 497 2349 568 profecto
2379 497 2764 569 argumentum
2824 505 2897 553 est
2944 500 3009 554 ab
3065 497 3237 553 eodem
3266 504 3481 552 auctore

1951 585 2125 623 omnes
2145 570 2237 623 hos
2252 568 2513 623 sermones
2552 587 2657 624 esse
2701 568 2982 640 profectos,
3005 576 3101 626 aut
3155 570 3315 625 unius
3368 586 3481 624 au-

1950 646 2143 694 ctorem
2168 657 2234 694 ea:
2258 642 2429 696 altero
2459 641 2665 711 largius
2697 641 2955 697 hausisse.

1956 818 2006 872 1.
2039 817 2124 873 Ad
2146 832 2335 873 omnes
2355 834 2477 886 vos,
2510 819 2725 885 fratres,
2750 819 3193 890 praedicationem
3223 838 3398 877 meam
3421 822 3479 878 in

1881 908 1972 965 die
2003 916 2189 964 sancta
2239 907 2564 979 Epiphaniae
2612 910 2924 981 pervenisse
2953 910 3136 979 credo,
3184 919 3237 965 et
3287 912 3355 967 ad
3384 928 3481 967 vos

1882 998 2167 1071 praecipue
2188 998 2615 1055 catechumenos
2638 1018 2651 1067 ;
2695 1001 2755 1055 in
2785 1017 2892 1073 qua
2913 1001 3302 1072 descripsimus
3328 1008 3481 1069 tunc,

1883 1086 2173 1141 nonnullis
2202 1092 2349 1149 405
2377 1088 2750 1144 asserentibus
2782 1106 2977 1163 aquam
3012 1090 3067 1145 in
3096 1089 3291 1145 vinum
3314 1089 3483 1145 fuisse

1881 1198 2205 1238 conversam
2232 1201 2244 1239 :
2274 1184 2548 1258 plerisque
2579 1193 2760 1240 autem
2795 1185 3125 1241 testantibus
3152 1184 3249 1240 illa
3267 1200 3484 1258 quoque

1882 1270 1972 1327 die
2000 1272 2057 1326 in
2112 1272 2347 1328 Iordane
2381 1274 2678 1329 Dominum
2749 1273 3105 1346 baptizatum.
3157 1272 3314 1340 Quod
3356 1273 3485 1330 licet

1881 1361 2175 1417 adiversis
2228 1362 2559 1418 alterutrum
2616 1362 2822 1418 factum
2884 1379 3000 1419 esse
3054 1362 3332 1430 credatur,
3386 1377 3485 1433 ego

1882 1458 2064 1506 tamen
2093 1458 2394 1524 utrumque
2424 1451 2630 1507 factum
2661 1467 2775 1507 esse
2806 1451 3101 1519 conﬁrmo,
3133 1458 3187 1506 et
3214 1449 3367 1505 aliud
3396 1450 3486 1505 si-

1882 1556 2048 1612 gnum
2078 1540 2146 1596 de
2172 1540 2283 1596 alio
2323 1541 2617 1597 contineri.
2639 1541 2943 1614 Utrumque
2973 1541 3119 1597 enim
3141 1540 3345 1597 factum
3367 1548 3482 1597 est:

1880 1644 2008 1683 nam
2047 1645 2173 1685 cum
2232 1629 2543 1702 baptizatus
2599 1637 2679 1684 est
2718 1629 3010 1697 Dominus,
3074 1636 3128 1684 et
3156 1628 3485 1700 mysterium

1883 1717 2087 1774 lavacri
2118 1717 2384 1786 instituit,
2430 1725 2487 1774 et
2532 1717 2837 1774 humanum
2896 1734 3067 1791 genus
3096 1718 3251 1773 velut
3317 1718 3485 1774 vilem

1880 1821 2076 1878 aquam
2128 1806 2187 1861 in
2242 1813 2507 1862 aeternam
2537 1805 2898 1861 substantiam
2941 1805 3257 1862 divinitatis
3295 1821 3486 1877 sapore

1879 1893 2177 1951 convertit.
2210 1893 2486 1958 Similiter
2513 1901 2568 1949 et
2622 1910 2748 1951 cum
2778 1894 3006 1967 hydrias
3052 1894 3241 1966 plenas
3272 1893 3487 1965 liquore

1882 1983 2120 2041 fontium
2152 1984 2319 2040 vertit
2349 1984 2408 2040 in
2440 1984 2654 2053 vinum,
2698 1993 2994 2057 utrumque
3023 1990 3281 2056 operatus
3306 1989 3409 2052 est,
3432 1990 3487 2040 et

1882 2074 2119 2147 speciem
2158 2073 2332 2147 magis
2361 2073 2723 2130 necessariam
2763 2073 2977 2146 nuptiis
3004 2072 3282 2145 praestitit,
3312 2081 3367 2129 et
3393 2072 3484 2129 de-

1884 2164 2214 2220 monstravit
2268 2180 2501 2237 corpora
2551 2163 2842 2220 hominum
2893 2179 2989 2235 per
3019 2163 3300 2220 lavacrum
3359 2162 3485 2235 Spi-

1884 2254 2024 2310 ritus
2050 2255 2228 2311 sancti
2259 2254 2496 2327 spiritali
2528 2254 2789 2327 replenda
2816 2271 2932 2311 esse
2973 2255 3301 2312 substantia.
3326 2252 3486 2322 Quod

1885 2342 2019 2399 alibi
2073 2343 2187 2415 ipse
2245 2345 2523 2400 Dominus
2573 2344 2921 2401 manifestius
2946 2344 3269 2414 declaravit,
3295 2344 3486 2401 dicens

1887 2434 1946 2489 in
2003 2441 2155 2490 utres
2214 2450 2393 2491 novos
2446 2436 2643 2490 vinum
2699 2450 2909 2490 novum
2964 2452 3080 2491 esse
3136 2434 3485 2492 condendam

1890 2524 2105 2595 (Matth.
2139 2541 2217 2593 ιι,
2264 2525 2395 2597 l7);
2440 2524 2501 2580 in
2547 2525 2794 2580 novitate
2843 2525 2991 2580 enim
3039 2525 3248 2581 utrium
3280 2523 3487 2582 lavacri

1886 2615 2119 2687 puritas,
2165 2613 2404 2687 Spiritus
2445 2614 2619 2670 sancti
2648 2612 2822 2686 gratia
2851 2613 3194 2687 signiﬁcatur
3224 2615 3282 2670 in
3329 2615 3483 2671 vino.

1958 2702 2011 2757 2.
2092 2702 2266 2773 Igitur
2323 2718 2423 2757 vos
2496 2701 2919 2758 catechumenos
2992 2701 3108 2775 (38)
3160 2700 3490 2773 diligentius

1887 2792 2133 2862 oportuit
2160 2790 2266 2847 hoc
2293 2790 2532 2859 audisse,
2555 2790 2755 2865 quibus
2784 2790 2957 2863 magis
2985 2799 3070 2847 est
3095 2790 3485 2860 necessarium,

1886 2888 1948 2935 ut
1972 2896 2163 2937 sensus
2203 2888 2403 2949 vester,
2435 2880 2527 2952 qui
2561 2882 2870 2952 ignorantia
2918 2878 3214 2935 Trinitatis
3242 2886 3303 2934 ut
3348 2895 3489 2952 aqua

1887 2985 2037 3025 nunc
2066 2969 2249 3042 friget,
2280 2970 2564 3042 agnitione
2594 2969 3158 3042 mysteriiincalescat
3185 2975 3248 3024 ut
3268 2968 3486 3037 vinum,

1888 3066 1944 3115 et
1971 3059 2281 3115 animarum
2339 3068 2644 3116 vestrarum
2694 3060 2877 3133 liquor
2927 3058 3057 3115 vilis
3085 3067 3139 3117 et
3185 3058 3370 3116 tenuis
3424 3058 3485 3113 in

177 3137 338 3201 puto:
370 3129 529 3186 sicut
556 3128 704 3184 enim
732 3128 887 3183 Elias
917 3128 974 3182 in
1003 3127 1240 3184 Iordane
1273 3128 1606 3185 divisionem
1649 3130 1781 3187 fecit

1903 3149 2187 3221 pretiosam
2219 3157 2276 3205 et
2308 3149 2505 3205 fortem
2537 3127 2773 3222 gratiani
2795 3148 3249 3215 transfundatur;
3282 3154 3345 3203 ut
3362 3146 3487 3202 vini

175 3218 568 3291 undarum(IV
581 3219 704 3289 Reg.
728 3234 790 3286 ιι,
816 3216 1017 3289 14),ίῐει
1031 3216 1343 3273 etChristus
1362 3219 1634 3274 Dominus
1657 3218 1776 3291 (36)

181 3308 234 3363 in
282 3307 468 3365 eodem
507 3306 746 3362 Iordane
790 3304 1189 3378 separationem
1244 3315 1498 3378 operatus
1529 3315 1610 3363 est
1647 3323 1782 3379 pec-

186 3408 419 3456 catorum
451 3418 464 3457 :
516 3398 615 3455 ille
655 3408 798 3455 stare
843 3397 1050 3455 fluenta
1076 3398 1356 3471 praecepit,
1385 3398 1475 3455 hic
1522 3399 1778 3455 crimina.

186 3488 251 3543 Et
289 3489 427 3547 sicut
465 3492 575 3546 sub
622 3490 744 3547 Elia
792 3490 993 3549 ﬂuctus
1052 3490 1356 3563 primordia
1398 3491 1660 3560 fontium,
1715 3490 1783 3547 de

188 3578 377 3651 quibus
421 3580 699 3650 exierant,
731 3580 1010 3655 petierunt
1063 3580 1207 3654 (37),
1237 3580 1315 3638 ita
1342 3590 1395 3637 et
1424 3580 1527 3637 sub
1561 3579 1782 3639 Christo

190 3669 414 3728 Domino
476 3671 743 3727 homines
825 3671 894 3727 ad
952 3672 1224 3745 originem
1297 3688 1453 3729 suam
1529 3671 1597 3729 de
1676 3688 1786 3747 qua

193 3759 246 3817 in
277 3763 512 3823 infantia
546 3763 770 3821 fuerant
798 3763 997 3833 exorti,
1031 3772 1161 3821 sunt
1184 3764 1410 3820 reversi.

798 3873 1033 3930 SERMO
1078 3874 1177 3930 XI.

599 3965 679 4022 De
704 3972 893 4022 sancta
918 3964 1231 4037 Epiphania
1267 3962 1365 4022 IV.

194 4064 283 4120 Hic
306 4064 359 4119 in
372 4064 555 4137 rantiq.
602 4063 729 4137 edit.
762 4064 1146 4137 inscribebatur
1176 4082 1187 4119 :
1239 4064 1367 4121 Post
1391 4062 1781 4137 Epiphaniam.

257 4137 326 4191 Et
359 4136 406 4191 is
451 4135 644 4193 revera
678 4142 800 4207 post
826 4136 1174 4207 superiorem,
1218 4153 1370 4206 quem
1397 4135 1516 4206 ipso
1540 4136 1623 4191 die
1652 4135 1784 4206 Epi-

256 4208 459 4277 phania:
513 4207 759 4263 habitum
804 4214 1024 4275 constat,
1077 4225 1142 4263 ex
1188 4207 1467 4277 utriusque
1507 4207 1788 4262 collatione

259 4280 421 4351 dictus
445 4279 798 4351 cognoscitur.
832 4281 895 4335 In
925 4278 1234 4351 Romgaedit.
1266 4278 1430 4351 eidem
1458 4278 1645 4351 titulus
1673 4284 1782 4351 est:

260 4349 337 4405 Ad
366 4349 814 4407 catechumenos.
846 4351 1023 4420 Neque
1048 4350 1106 4404 id
1133 4349 1361 4404 absurde
1382 4367 1403 4414 ;
1424 4349 1627 4404 eosdem
1650 4350 1789 4403 enim

262 4423 425 4476 uariis
491 4424 555 4477 in
604 4422 855 4478 Ecclesiis
905 4421 971 4476 ab
1016 4438 1072 4476 eo
1117 4420 1250 4491 festo
1315 4438 1502 4476 nomen
1544 4420 1790 4493 proﬁteri

1889 3239 2010 3296 vice
2048 3238 2326 3311 sapiamus
2357 3239 2505 3312 quod
2530 3239 2739 3295 bonum
2790 3245 2893 3307 est,
2934 3238 3275 3295 redoleamus
3330 3237 3478 3310 quod

1890 3344 2058 3384 suave
2125 3336 2224 3396 est,
2303 3336 2359 3384 et
2414 3328 2688 3401 possimus
2741 3327 2924 3385 dicere
2982 3326 3124 3383 illud
3177 3326 3429 3398 Apostoli
3470 3344 3483 3382 :

1904 3440 1922 3463 ι
1954 3417 2225 3485 Quoniam
2256 3417 2464 3475 Christi
2494 3418 2675 3474 bonus
2701 3418 2838 3475 odor
2876 3433 3065 3473 sumus
3092 3418 3206 3473 Deo
3239 3416 3329 3488 (II
3358 3418 3486 3472 Cor.

1892 3525 1956 3577 ιι,
1981 3508 2071 3580 15)
2098 3526 2152 3576 ;›
2190 3508 2618 3567 catechumenus
2639 3508 2785 3564 enim
2808 3508 3127 3581 priusquam
3156 3506 3488 3579 baptizetur,

1892 3596 2036 3654 sicut
2058 3614 2200 3672 aqua
2243 3597 2410 3671 jacet,
2440 3598 2603 3670 friget
2645 3606 2699 3654 et
2727 3598 2912 3671 pallet:
2945 3596 3125 3654 ﬁdelis
3152 3605 3336 3653 autem
3369 3596 3487 3670 (39)

1892 3687 2035 3745 sicut
2066 3687 2262 3743 vinum
2318 3687 2479 3744 fortis
2507 3696 2562 3744 et
2617 3687 2821 3744 rubens
2866 3694 2968 3744 est.
3029 3686 3489 3756 Catechumenus,

1896 3778 2153 3851 inquam,
2185 3777 2329 3834 sicut
2347 3794 2487 3852 aqua
2515 3777 2729 3834 nullius
2756 3777 2985 3851 saporis,
3031 3776 3242 3832 nullius
3280 3776 3491 3845 odoris,

1893 3868 2106 3923 nullius
2134 3874 2217 3922 est
2246 3865 2431 3938 pretii,
2462 3882 2566 3923 nec
2599 3864 2877 3921 sufﬁciens
2902 3863 2971 3918 ad
3007 3879 3190 3933 usum,
3222 3878 3323 3919 nec
3348 3861 3493 3917 dele-

1894 3954 2119 4013 ctabilis
2153 3953 2221 4011 ad
2257 3954 2641 4021 reﬁciendum,
2691 3968 2793 4010 nec
2824 3950 3131 4008 tolerabilis
3159 3951 3228 4006 ad
3256 3965 3493 4006 servan—

1895 4044 2049 4100 dum.
2077 4043 2214 4100 Nam
2247 4042 2391 4099 sicut
2419 4058 2558 4115 aqua
2593 4058 2720 4098 cum
2749 4049 3001 4097 servatur
3036 4040 3269 4109 diutius,
3302 4040 3359 4096 in
3387 4038 3494 4096 de-

1895 4132 2069 4188 terius
2096 4148 2256 4188 versa
2285 4131 2433 4187 intra
2455 4130 2799 4201 semetipsam
2840 4129 3108 4203 putrescit
3135 4138 3188 4186 et
3209 4129 3342 4186 fetet
3369 4147 3383 4197 ;
3410 4127 3491 4185 ita

1897 4229 1951 4277 et
1970 4220 2397 4279 catechumenus
2425 4237 2550 4278 cum
2581 4219 2794 4276 diutius
2841 4219 3267 4277 catechumenus
3286 4234 3494 4295 parma;

1897 4319 2012 4376 net,
2044 4311 2102 4366 in
2130 4308 2373 4366 deterius
2401 4325 2701 4367 conversus
2731 4308 2877 4367 intra
2894 4309 3249 4382 semetipsum
3279 4307 3499 4365 vilescit

1897 4407 1952 4455 et
1975 4399 2344 4473 deperit(40).
2373 4399 2469 4456 Ait
2496 4398 2647 4456 enim
2674 4400 2945 4457 Dominus
2976 4419 2988 4456 ;
3022 4424 3040 4448 ι
3062 4399 3176 4456 Nisi
3201 4399 3327 4473 quis
3343 4413 3496 4455 mna-

261 4494 581 4576 consuevisse
631 4511 697 4576 ea:
727 4492 920 4576 multis
934 4489 1345 4576 cumatiorum
1376 4499 1484 4547 tum
1518 4489 1790 4576 Ambrosii
1820 4516 1869 4576 Β
1901 4498 1993 4548 tus
2049 4491 2220 4548 fuerit
2273 4508 2344 4548 ex
2373 4507 2515 4565 aqua
2566 4498 2620 4547 et
2648 4491 2861 4563 Spiritu
2908 4499 3116 4559 sancto,
3154 4507 3267 4547 non
3325 4489 3498 4547 intrat

265 4566 568 4619 testimoniis
647 4565 810 4619 datur
866 4564 1111 4635 intelligi.
1170 4565 1274 4619 Nec
1320 4580 1442 4619 vero
1497 4565 1790 4635 quidquam

263 4641 354 4708 est,
382 4652 478 4690 cur
528 4639 667 4691 hunc
716 4642 981 4691 auctorem
1020 4636 1209 4691 Felicis
1252 4642 1300 4690 et
1327 4636 1589 4708 Elipandi
1617 4654 1790 4707 requa-

269 4706 379 4773 lem,
433 4714 529 4779 aut
562 4709 619 4761 in
674 4709 947 4763 erroribus
988 4725 1372 4778 praecursorem
1399 4706 1598 4779 aliquis
1618 4706 1792 4779 putet;

267 4779 401 4851 quod
427 4778 484 4832 in
512 4779 767 4850 baptismo
797 4779 1064 4836 Christum
1108 4781 1339 4851 afﬁrmat
1366 4778 1789 4851 renatum’csse,

268 4848 403 4904 illud
454 4848 593 4904 enim
617 4851 753 4906 nihil
779 4851 932 4906 aliud
978 4848 1166 4914 sonat,w
1194 4850 1299 4904 nisi
1327 4851 1613 4906 Dominum
1639 4849 1794 4920 aquis

270 4928 602 4992 emergentem
632 4921 1034 4977 resurrectionis
1060 4920 1291 4990 formam
1321 4922 1617 4992 exstitisse.
1661 4921 1794 4992 Cum

269 4991 415 5046 vero
442 5009 551 5047 non
578 4994 731 5049 modo
762 4993 818 5048 in
865 5009 1104 5048 sermone
1154 4993 1408 5062 sequenti,
1436 4993 1524 5047 sed
1553 4991 1712 5047 etiam
1741 4991 1797 5045 in

276 5160 389 5237 (36)
428 5163 553 5221 νει.
605 5165 761 5239 edit.,
815 5164 894 5222 ita
945 5172 993 5222 et
1046 5163 1279 5239 Spiritus
1328 5162 1568 5231 Domini,
1598 5161 1799 5221 melius

210 5230 443 5291 Rom'et
473 5250 607 5293 mss.
637 5245 699 5294 ut
725 5230 783 5293 in
814 5245 994 5293 textu.

219 5372 230 5384 ο
265 5306 390 5444 ἷ37)
422 5308 626 5365 Omnes
670 5309 804 5365 edit.
850 5310 1310 5381 pertinuerunt...
1342 5309 1415 5365 ad
1441 5308 1664 5381 originis
1691 5324 1801 5364 sua:

219 5390 263 5427 in
290 5379 487 5433 antiam
535 5380 601 5433 de
640 5397 744 5444 qua
795 5352 1034 5444 fuerant,
1081 5391 1187 5438 etc.
1207 5400 1228 5444 ;
1258 5397 1451 5438 omnes
1476 5379 1801 5444 mss.,nobis

210 5379 487 5451 infantiam
535 5380 601 5433 de
640 5397 744 5451 qua
795 5379 1034 5451 fuerant,
1081 5391 1228 5448 etc.;
1258 5397 1451 5438 omnes
1476 5379 1801 5445 mss.nobis

213 5449 562 5530 conveniunt,
612 5449 715 5535 nisi
749 5449 901 5533 quod
946 5469 1042 5533 pro
1072 5454 1330 5535 originem
1366 5452 1425 5508 in
1454 5469 1566 5508 uno
1602 5451 1801 5523 legitur

217 5524 478 5594 "ﬁaiﬂisj
509 5524 567 5575 in
606 5524 737 5591 alio,
762 5524 988 5594 originis
1016 5540 1124 5579 sua:
1147 5524 1380 5579 initium.

285 5590 400 5713 (ξω)
429 5591 558 5670 Beg.
583 5590 770 5649 Codex
790 5590 933 5650 unus
951 5594 1222 5667 quidquid
1240 5594 1309 5650 ab
1329 5594 1417 5650 bis
1431 5594 1614 5651 verbis
1628 5608 1802 5665 usque

313 5675 365 5713 In
394 5677 567 5713 erlora
601 5663 694 5713 illa
720 5682 731 5713 :
768 5665 908 5713 Erae
926 5665 983 5713 in
1003 5667 1099 5713 hac
1117 5671 1300 5713 saneta
1328 5665 1429 5713 die-
1463 5665 1798 5713 continetur.

222 5656 567 5717 adinferioi'a
601 5663 694 5719 illa
720 5682 731 5719 :
762 5665 908 5737 Ergo
926 5656 985 5721 iii
1003 5656 1300 5722 hac‘sancta
1328 5665 1430 5735 die,
1463 5656 1798 5733 continetur,

1898 4598 2126 4653 regnum
2181 4582 2445 4639 ccelorum
2506 4582 2691 4649 (Joan.
2748 4598 2831 4649 ιιι,
2904 4581 3005 4652 3);
3061 4604 3079 4628 ι
3141 4580 3237 4651 qui
3312 4587 3496 4634 autem

1898 4692 2014 4732 non
2072 4676 2243 4731 intrat
2298 4690 2556 4747 regnum,
2623 4671 2928 4729 necessario
2986 4678 3232 4727 remanet
3283 4670 3341 4725 in
3398 4668 3497 4724 in-

1901 4766 2080 4822 ferno.

1975 4902 2028 4960 3.
2069 4904 2233 4962 Recte
2266 4908 2449 4959 autem
2502 4898 2637 4957 vino
2692 4906 3039 4972 comparatur
3081 4896 3296 4969 fidelis;
3353 4901 3500 4958 sicut

1917 4991 2068 5049 enim
2099 5010 2169 5050 ex
2199 5000 2523 5050 0111101311111)
2566 4997 2941 5047 creaturarum
2980 4986 3290 5046 substantia
3316 4990 3499 5048 omnis

1905 5163 2144 5223 sermoni
2163 5163 2255 5238 qui
2289 5159 2450 5221 nobis
2477 5175 2659 5238 nonus
2674 5167 2774 5232 est,
2803 5162 3057 5238 inseruit,
3091 5163 3169 5220 ita
3191 5163 3497 5238 incipiens:

1906 5235 2432 5317 Igituroportetheos
2486 5236 2763 5317 diligenter
2784 5235 3002 5317 audire
3037 5237 3161 5317 haec,
3192 5242 3251 5291 ut
3277 5235 3503 5293 anima-

1905 5307 2024 5364 rum
2062 5307 2239 5379 liquor
2266 5307 2519 5363 vitiorum
2545 5307 2671 5363 vilis
2699 5313 2748 5362 et
2778 5307 2966 5375 tenuis,
2998 5315 3106 5366 etc.

1981 5380 2097 5452 (39)
2113 5377 2272 5435 fidem
2294 5379 2416 5436 cod.
2441 5380 2595 5452 Reg,
2617 5379 2855 5452 Inﬁdelis
2882 5379 3020 5434 enim
3050 5380 3187 5437 sicut
3202 5395 3345 5451 aqua
3361 5377 3505 5450 jacet

1981 5396 2097 5452 (δυ)
2124 5396 2272 5435 idem
2294 5396 2416 5436 cou.
2442 5396 2595 5505 mag”
2617 5396 2855 5451 inpactis
2882 5396 2930 5433 er

1906 5451 2103 5523 rigetet
2123 5453 2356 5523 pallet...
2389 5452 2494 5523 Infi
2533 5451 2648 5523 clis,
2690 5451 2930 5523 inquam.

2001 5520 2206 5601 49)]ιῂ
2238 5539 2349 5595 reg.
2380 5520 2577 5601 codex,
2608 5522 2686 5576 ita
2717 5528 2780 5601 _et
2802 5521 3033 5601 inﬁdelis
3052 5541 3169 5579 cum
3218 5520 3420 5577 diutius
3448 5521 3506 5576 in

1908 5593 2217 5665 inﬁdelitate
2274 5593 2638 5665 permanet...
2696 5593 2917 5665 deperit.
2966 5594 3176 5652 Caetera
3204 5610 3304 5649 vos
3332 5607 3505 5665 usque

1910 5661 1977 5722 ad
2006 5667 2157 5723 Recte
2183 5661 2380 5735 autem,
2411 5664 2649 5738 scriptor
2678 5661 2892 5729 omisit,
