3864 6188
1680 116 1699 143 \

360 279 465 337 647

1362 280 1458 337 AD
1495 280 1731 339 OPEBA
1769 279 1825 337 S.
1866 280 2203 339 AMBROSII
2244 281 2632 340 APPENDIX.

3584 284 3698 342 648

355 424 444 466 res
470 413 743 465 vetustate
784 405 1017 480 deperit,
1074 408 1254 464 solum
1284 407 1480 464 vinum
1512 408 1730 480 proﬁcit
1775 415 1945 464 vetu-
1976 411 2025 470 A
2130 407 2184 466 2.
2228 408 2343 467 Hoc
2386 418 2569 466 autem
2614 416 2791 467 totum
2842 408 3107 467 hodierno
3151 410 3241 467 die
3284 418 3507 485 gestum
3571 428 3701 470 esse

357 505 530 566 state;
564 497 641 554 ita
670 514 738 553 ex
764 496 918 553 omni
941 512 1135 569 genere
1154 496 1445 553 hominum
1475 497 1693 555 cunctis
1721 497 1958 570 antiqui-

355 595 470 644 tate
485 585 862 660 pereuntibus,
886 585 1035 641 solus
1056 585 1407 643 Christianus
1418 586 1640 658 proﬁcit
1663 592 1954 642 vetustate.

429 678 502 733 Et
531 676 675 734 sicut
704 675 897 730 vinum
921 675 980 730 in
1010 674 1128 729 dies
1156 672 1403 746 singulos
1430 674 1780 747 asperitatem
1803 691 1957 731 suam

356 766 689 838 decoquens,
719 764 930 835 saporis
959 763 1334 833 dulcedinem,
1367 764 1696 821 suavitatem
1750 765 1955 833 odoris,

357 854 597 926 acquirit
620 872 633 921 ;
657 852 733 908 ita
753 862 805 908 et
819 852 1166 910 Christianus
1186 871 1440 911 successu
1456 854 1720 927 temporis
1735 854 1958 911 delicto-

360 960 485 999 rum
514 960 741 999 suorum
770 944 1123 1015 asperitatem
1154 944 1483 1018 decoquens,
1504 944 1829 1018 sapientiam
1852 944 1957 1000 sibi

357 1032 694 1100 divinitatis,
754 1031 1200 1090 benevolentiam
1231 1034 1519 1090 Trinitatis
1552 1034 1669 1106 (4i)
1702 1033 1955 1091 assumit.

428 1123 482 1178 4.
514 1125 661 1196 Ergo
692 1122 749 1178 in
778 1121 883 1179 hac
901 1131 1090 1181 sancta
1118 1124 1209 1181 die
1238 1125 1548 1197 baptizatus
1564 1134 1645 1182 est
1664 1126 1955 1182 Dominus.

356 1212 557 1271 Videte
585 1229 749 1285 quam
801 1212 942 1269 bene
970 1213 1334 1283 ordinaverit,
1368 1224 1431 1271 ut
1460 1222 1515 1271 et
1568 1215 1625 1270 in
1655 1214 1826 1271 natali
1856 1230 1958 1269 suo

357 1309 518 1357 natus
542 1301 633 1370 sit,
664 1309 718 1358 et
746 1300 805 1356 in
834 1301 1151 1375 Epiphania
1195 1311 1455 1373 renatus;
1515 1312 1578 1360 ut
1602 1320 1704 1361 nec
1740 1305 1901 1376 longe
1928 1333 1961 1373 θ,

358 1408 415 1450 se
443 1392 639 1449 salutis
663 1391 918 1449 humanas
951 1401 1082 1450 vota
1110 1393 1399 1464 distarent,
1422 1402 1477 1451 et
1503 1402 1735 1452 aeternas
1777 1394 1961 1452 Salva-

357 1484 465 1541 tori
492 1482 702 1556 jugiter
741 1482 943 1556 gratias
975 1500 1279 1556 ageremus.

425 1573 481 1630 5.
515 1573 672 1631 Tunc
723 1582 777 1630 et
832 1581 963 1630 vota
988 1580 1178 1629 nostra
1231 1572 1507 1630 celebrata
1560 1580 1712 1643 sunt,
1739 1574 1958 1647 quando

358 1660 583 1721 Christo
636 1661 885 1719 Ecclesia
931 1662 1188 1735 copulata
1216 1670 1317 1730 est,
1359 1662 1503 1720 sicut
1551 1663 1629 1720 ait
1680 1664 1955 1722 Joannes:

2071 500 2429 557 manifestum
2459 508 2582 556 est:
2636 500 2783 573 quod
2818 499 2897 557 ita
2945 516 3137 557 verum
3172 516 3288 558 esse
3333 502 3456 574 ipsa
3483 518 3696 575 possu-

2069 610 2194 650 mus
2238 592 2496 665 colligere
2544 591 2759 649 ratione
2795 611 2810 661 ;
2856 592 3000 649 ratio
3048 592 3199 650 enim
3246 593 3429 665 exigit
3473 602 3541 649 ut
3568 602 3695 665 post

2068 685 2215 741 diem
2266 683 2475 739 Natalis
2532 681 2832 751 Dominici,
2894 683 3024 739 licet
3097 682 3449 755 interpositis
3505 684 3691 751 annis,

2068 778 2257 835 eodem
2317 784 2500 833 tamen
2548 783 2796 849 tempore
2844 775 2962 832 haec
3007 776 3281 834 festivitas
3322 783 3676 850 sequeretur,

2069 880 2232 937 quam
2279 871 2334 920 et
2380 864 2552 936 ipsam
2603 864 2961 920 festivitatem
3007 865 3242 920 natalem
3292 865 3685 937 appellandam

2070 965 2221 1029 puto.
2256 957 2412 1012 Tunc
2469 956 2619 1012 enim
2667 965 2830 1013 natus
2869 955 3217 1023 hominibus,
3252 955 3423 1013 hodie
3460 964 3687 1013 renatus

2069 1053 2150 1102 est
2197 1045 2551 1101 sacramentis
2585 1063 2596 1101 :
2653 1053 2790 1102 tunc
2835 1060 2932 1117 per
2958 1043 3243 1116 Virginem
3275 1045 3484 1113 editus,
3518 1045 3685 1102 hodie

2069 1153 2166 1209 per
2199 1136 2524 1209 mysterium
2555 1143 2865 1207 generatus.
2894 1136 2975 1191 Ita
3004 1133 3152 1190 enim
3185 1133 3469 1205 disposuit
3495 1137 3683 1192 Domi-

2068 1240 2173 1281 nus
2205 1241 2315 1281 non
2337 1225 2496 1298 longe
2525 1224 2670 1280 inter
2688 1240 2745 1279 se
2774 1222 3065 1279 hominum
3096 1230 3228 1278 vota
3261 1221 3494 1292 distare,
3525 1231 3590 1279 ut
3624 1224 3681 1280 in

2068 1329 2182 1369 uno
2210 1321 2456 1385 tempore
2485 1330 2646 1386 quem
2684 1312 2931 1385 genitum
2963 1311 3390 1385 gratulabantur
3419 1313 3481 1369 in
3512 1322 3676 1383 terra,

2069 1402 2473 1461 sanctiﬁcatum
2515 1404 2831 1461 laetarentur
2874 1403 2934 1459 in
2975 1403 3131 1460 cmlis
3158 1412 3193 1473 ;'
3218 1409 3284 1459 ut
3317 1403 3416 1477 qui
3455 1411 3675 1476 partum

2069 1491 2337 1564 Virginis,
2385 1494 2594 1566 angelis
2622 1493 3106 1563 annuntiantibus,
3139 1493 3523 1567 possidebant,
3572 1495 3670 1552 Dei

2067 1582 2299 1652 Filium,
2374 1583 2530 1640 caelis
2599 1582 2949 1652 testantibus,
3011 1582 3363 1639 retinerent:
3426 1583 3677 1657 certique

2067 1680 2249 1729 essent
2302 1672 2556 1729 homines
2600 1669 2740 1747 quia
2796 1672 2912 1745 ipse
2957 1679 3099 1730 esset
3152 1673 3330 1729 Filius
3356 1672 3484 1742 Dei,
3514 1690 3673 1747 quem

369 1776 390 1801 ι
444 1752 551 1821 Qui
606 1751 773 1809 habet
837 1768 1113 1825 sponsam,
1180 1769 1415 1826 sponsus
1479 1760 1562 1810 est
1632 1753 1814 1826 (Joan.
1871 1771 1953 1823 In,
1992 1771 2042 1833 Β
2070 1762 2242 1834 Virgo
2287 1770 2591 1835 pepererat,
2645 1760 2925 1818 Divinitas
2952 1761 3317 1835 agnoscebat;
3349 1762 3487 1818 novi
3526 1764 3672 1818 enim

356 1840 474 1914 29).
509 1867 529 1892 ι
568 1841 797 1914 Propter
826 1840 926 1898 has
949 1858 1078 1914 ergo
1129 1842 1356 1916 nuptias
1390 1843 1587 1899 saltare
1614 1858 1716 1899 nos
1743 1858 1957 1900 conve-

354 1933 478 1999 nit;
535 1931 809 2005 siquidem
840 1939 895 1988 et
949 1930 1128 1988 David
1190 1948 1289 1989 rex
1347 1933 1551 2006 pariter
1579 1940 1633 1988 et
1666 1932 1958 2005 propheta

356 2035 483 2078 cum
566 2021 742 2079 multa
799 2020 1083 2090 cecinerit,
1159 2028 1287 2077 ante
1379 2037 1560 2078 arcam
1621 2020 1955 2077 Testamenti

358 2111 583 2168 saltasse
640 2110 858 2169 dicatur
916 2112 1007 2184 (ΙΙ
1037 2112 1164 2182 Reg.
1205 2127 1285 2181 v1,
1315 2110 1446 2184 i4);
1505 2111 1750 2167 elevatus
1802 2111 1952 2171 enim

357 2198 557 2272 gaudio
587 2199 646 2256 in
675 2199 1023 2258 saltationem
1053 2198 1326 2273 prorupit.
1358 2199 1691 2256 Praevidebit
1712 2199 1861 2256 enim
1894 2198 1954 2255 in

355 2290 567 2363 Spiritu
617 2308 714 2364 per
784 2293 1012 2349 Mariam
1058 2291 1126 2347 de
1183 2290 1431 2364 germine
1486 2307 1588 2347 suo
1644 2292 1949 2349 Ecclesiam

353 2377 562 2436 Christi
592 2379 837 2437 thalamo
884 2379 1222 2448 sociandam,
1265 2379 1333 2436 de
1368 2396 1477 2453 quo
1496 2379 1615 2437 ait:
1664 2404 1682 2428 ι
1710 2381 1783 2437 Et
1838 2381 1952 2454 ipse

354 2475 617 2541 tanquam
674 2485 908 2543 sponsus
936 2468 1238 2542 procedens
1268 2467 1335 2525 de
1369 2468 1612 2525 thalamo
1642 2486 1741 2526 suo
1774 2470 1947 2542 (Psal.

354 2576 519 2633 xvm,
552 2562 666 2635 6).-
710 2564 891 2637 Atque
921 2563 1045 2619 ideo
1057 2579 1168 2635 prae
1192 2561 1804 2635 casterisprophetarum
1831 2562 1948 2635 (42)

356 2655 675 2713 auctoribus
727 2656 851 2729 plus
890 2656 1179 2724 cantavit;
1240 2658 1370 2730 quia
1404 2655 1582 2711 laetior
1612 2655 1828 2712 cunctis
1854 2672 1952 2728 per

353 2743 472 2803 haec
500 2746 699 2819 gaudia
740 2763 867 2803 suos
921 2754 1167 2818 posteros
1214 2744 1574 2816 conjugabat:
1607 2754 1661 2802 et
1715 2746 1784 2802 ad
1813 2763 1951 2819 pro-

356 2834 477 2906 pria
506 2844 636 2892 vota
665 2851 855 2891 omnes
884 2842 1071 2906 gentes
1103 2833 1267 2889 solito
1293 2832 1512 2889 dulcius
1543 2832 1808 2905 invitans,
1848 2852 1948 2893 nos

354 2939 576 2996 quoque
631 2922 822 2979 docuit
893 2921 1028 2994 quid
1087 2920 1224 2992 ipsis
1280 2921 1458 2977 facere
1511 2921 1835 2981 deberemus
1888 2926 1948 2982 in

351 3012 583 3082 nuptiis,
642 3026 767 3068 cum
815 3009 931 3082 ipse
978 3017 1107 3066 ante
1155 3010 1378 3083 nuptias
1406 3017 1547 3072 tota.
1574 3014 1948 3072 exsultatione

351 3100 567 3161 laitatus
588 3101 683 3158 sit.

859 3196 1006 3257 406
1038 3190 1274 3250 SERMO
1303 3192 1426 3250 XII.

767 3294 847 3351 De
890 3302 1077 3352 sancta
1114 3293 1428 3368 Epiphania
1453 3293 1525 3352 V.

348 3383 426 3442 Iis
454 3384 660 3456 quwad
684 3400 974 3440 sermonem
1017 3384 1341 3454 superiorem
1386 3403 1422 3440 a
1448 3383 1599 3440 nobis
1635 3385 1774 3441 dicta
1802 3392 1946 3456 sunt,

421 3462 626 3512 tantum
645 3456 899 3510 addemus
931 3461 1135 3508 nostros
1169 3456 1262 3510 hos
1294 3473 1554 3511 sermones
1580 3472 1686 3511 uno
1705 3464 1946 3513 contextu

421 3525 732 3599 compositos
752 3524 944 3599 videri,
975 3541 1093 3599 cum
1121 3541 1146 3578 e
1164 3526 1435 3599 contrario
1463 3544 1593 3597 quos
1607 3545 1672 3582 ea:
1700 3527 1941 3599 Append.

420 3595 647 3669 tinguat.
681 3611 849 3669 supra
877 3595 1179 3669 citavimus,
1205 3597 1424 3669 speciem
1449 3595 1721 3653 centenum
1746 3595 1945 3669 quam-

419 3664 545 3738 dam
568 3682 686 3738 pra;
717 3664 768 3738 se
813 3664 993 3738 ferant
1010 3683 1027 3720 :
1052 3664 1377 3738 proindeque
1405 3668 1497 3722 hos
1520 3685 1585 3723 ea:
1622 3664 1804 3723 iisdem
1830 3672 1944 3726 illis

414 3736 605 3808 forsan
646 3736 812 3808 fuisse
832 3736 1195 3808 interpolatos.
1241 3737 1419 3807 Hujus
1462 3745 1634 3795 tamen
1678 3748 1944 3798 auctorem

418 3827 485 3866 ea:
542 3810 739 3868 sanctis
765 3808 1021 3867 Patribus
1057 3811 1316 3865 nonnulla
1345 3810 1501 3866 etiam
1546 3811 1804 3868 imitatum
1838 3830 1943 3872 esse

413 3882 556 3956 nulli
606 3898 888 3956 negamus;
947 3898 1067 3956 qua:
1108 3881 1255 3956 (enim
1301 3899 1473 3956 causis
1517 3900 1615 3938 cur
1673 3884 1943 3956 baptizari

419 3953 663 4027 Christus
676 3953 928 4027 voluerit,
942 3953 1025 4008 hic
1052 3954 1373 4027 afferuntur,
1394 3954 1551 4027 etiam
1569 3957 1715 4027 apud
1732 3953 1944 4027 alios,et

417 4024 755 4097 Ambrosium
767 4026 941 4097 ipsum
950 4042 1067 4080 cum
1080 4024 1213 4081 alibi
1230 4032 1339 4082 tum
1357 4028 1415 4083 iu
1428 4024 1937 4088 Comment.inLuc.

419 4095 511 4151 lib.
540 4114 601 4164 ιι,
631 4095 900 4165 num—83,
943 4103 991 4152 et
1014 4097 1104 4153 lib.
1138 4114 1212 4165 IV,
1257 4116 1404 4154 num.
1436 4099 1491 4168 5,
1518 4106 1936 4172 pertractantur.

417 4192 468 4248 1.
503 4193 835 4265 Evangelica
864 4194 1149 4265 Scriptura
1166 4194 1506 4265 refert,sicut
1525 4197 1729 4255 lectum
1759 4215 1941 4272 nuper

343 4279 678 4350 audivimus,
711 4282 1008 4338 Dominum
1035 4283 1104 4339 ad
1132 4285 1424 4342 Iordanem
1463 4286 1720 4359 baptismi
1775 4304 1940 4346 causa

343 4371 583 4441 venisse,
615 4379 670 4428 et
706 4372 765 4429 in
795 4373 983 4430 eodem
1039 4376 1273 4432 ﬂumine
1311 4379 1591 4448 mysteriis
1620 4395 1676 4435 se
1705 4380 1939 4437 coelesti-

340 4461 447 4521 bus
466 4463 775 4521 consecrari
806 4464 1065 4521 voluisse.
1102 4464 1257 4532 Quod
1289 4466 1479 4521 mirari
1506 4483 1618 4524 non
1647 4468 1928 4539 debemus,
1962 4500 2011 4560 Β

340 4571 441 4612 cur
486 4552 593 4613 hoc
638 4554 981 4628 baptismatis
1038 4555 1213 4628 ipsius
1272 4555 1533 4614 dominus
1579 4559 1628 4615 el
1674 4560 1932 4633 magister

339 4649 554 4718 fecerit,
585 4648 714 4721 quia
746 4647 860 4722 ipse
892 4647 1005 4704 ait:
1045 4671 1065 4695 ‹
1098 4646 1205 4716 Qui
1237 4648 1429 4706 fecerit
1457 4649 1536 4706 sic
1568 4658 1623 4708 et
1659 4650 1941 4721 docuerit,-

336 4740 615 4796 maximus
657 4738 945 4796 vocabitur
993 4739 1051 4795 in
1099 4756 1268 4813 regno
1299 4739 1564 4796 caelorum
1619 4742 1838 4813 (Matth.
1871 4760 1930 4813 v,

338 4830 454 4902 19).
476 4855 495 4879 ι
538 4830 739 4888 Facere
766 4829 937 4903 igitur
966 4828 1121 4903 prius
1181 4830 1387 4900 voluit,
1418 4829 1565 4903 quod
1616 4831 1929 4889 faciendum

335 4919 595 4976 omnibus
632 4920 970 4995 imperabat;
1003 4928 1066 4987 ut
1102 4920 1281 4978 bonus
1312 4923 1575 4993 magister
1620 4920 1928 4978 doctrinam

336 5025 490 5067 suam
548 5027 656 5066 non
714 5019 825 5067 tam
879 5011 1064 5068 verbis
1119 5010 1445 5080 insinuaret,
1503 5028 1664 5083 quam
1716 5012 1932 5069 actibus

335 5109 633 5171 exerceret,
666 5108 722 5159 et
752 5100 820 5158 ad
849 5100 1014 5158 ﬁnem
1057 5118 1161 5159 nos
1196 5109 1361 5174 gustu
1392 5100 1597 5173 pariter
1625 5102 1930 5161 conﬁrma—

333 5198 417 5247 ret
440 5199 494 5248 et
521 5206 703 5248 εθηειι.

408 5297 526 5379 (41)
554 5299 758 5379 Omnes
785 5297 919 5379 edit.
948 5304 1003 5355 et
1026 5314 1130 5379 m_s.
1164 5313 1328 5379 unus,
1342 5295 1699 5379 benevolentia
1738 5298 1930 5379 Trini—

336 5369 484 5442 tatis:
506 5369 645 5442 mss.
694 5369 827 5442 duo,
885 5371 1290 5442 benevolentiam
1340 5369 1658 5442 Trinitatis:
1696 5371 1928 5442 (optime

333 5438 586 5512 omnium
615 5440 791 5512 Lugd.
844 5441 1041 5512 codex,
1076 5440 1500 5507 benevolentiam,
1530 5447 1658 5496 etc.:
1691 5438 1926 5498 idenim

333 5509 569 5595 refertur
598 5511 665 5566 ad
693 5509 946 5595 superius
974 5511 1117 5595 illud
1128 5530 1153 5593 .z
1196 5511 1925 5595 Suavitatempdoris‘acqui-

332 5579 429 5633 rit.
502 5579 630 5660 Reg.
664 5651 675 5660 _
710 5579 1227 5660 codex,sapientiam
1272 5582 1373 5637 sibi
1426 5587 1474 5637 et
1526 5579 1926 5640 benevolentiam

334 5662 549 5704 sume
565 5650 860 5706 divinitatis
885 5650 1125 5710 assumit.

2065 1862 2255 1927 partus
2280 1870 2425 1911 nova
2466 1862 2749 1911 merentur
2778 1853 3060 1928 obsequia.
3092 1853 3173 1911 Ibi
3205 1870 3333 1911 cum
3364 1853 3670 1911 secundum

2070 1943 2353 2000 hominem
2398 1942 2662 2013 nascitur,
2694 1931 2873 2001 mater
2910 1960 3035 2000 eum
3065 1942 3235 2001 Maria
3264 1944 3395 2000 sinu
3421 1945 3671 2002 circum-

2064 2039 2207 2096 fovit
2241 2058 2253 2096 :
2286 2037 2379 2095 hic
2397 2056 2524 2096 cum
2543 2037 2849 2099 secundum
2876 2037 3204 2110 mysterium
3228 2037 3497 2111 gignitur,
3514 2040 3671 2095 Pater

2063 2147 2189 2187 eum
2221 2133 2368 2187 Deus
2398 2146 2535 2188 voce
2586 2130 3016 2202 complectitur;
3050 2130 3129 2186 ait
3156 2129 3306 2186 enim
3342 2149 3353 2186 :
3400 2155 3419 2179 ι
3448 2130 3549 2187 Hic
3586 2138 3667 2187 est

2063 2222 2240 2280 Filius
2284 2237 2458 2290 meus,
2488 2221 2546 2278 in
2596 2239 2705 2296 quo
2738 2220 2877 2278 bene
2908 2220 3240 2293 complacui,
3267 2219 3449 2293 ipsum
3480 2219 3667 2276 audite

2067 2312 2282 2385 (Matth.
2312 2329 2398 2381 III,
2436 2313 2550 2383 17).
2574 2337 2593 2361 ι
2633 2313 2806 2369 Mater
2835 2328 2962 2384 ergo
2992 2309 3178 2383 partui
3200 2308 3357 2365 molli
3383 2308 3667 2366 blanditur

2066 2401 2298 2475 gremio,
2328 2403 2490 2458 Pater
2518 2401 2662 2459 Filio
2690 2401 2783 2475 pio
2811 2399 3132 2459 testimonio
3159 2398 3462 2455 famulatur
3493 2398 3610 2472 (43)
3646 2414 3660 2453 :

2066 2501 2261 2559 mater,
2319 2493 2567 2566 inquam,
2622 2511 2747 2551 eum
2808 2492 3151 2550 adorandum
3220 2491 3396 2565 magis
3443 2492 3661 2565 ingerit,

2059 2581 2224 2638 Pater
2248 2583 2543 2639 colendum
2575 2582 2826 2657 gentibus
2848 2582 3165 2639 manifestat
3198 2599 3210 2637 :
3242 2581 3371 2637 sinu
3394 2580 3566 2653 igitur
3584 2597 3666 2637 re-

2064 2673 2274 2729 tinetur
2300 2689 2331 2728 a
2379 2681 2572 2743 matre,
2599 2690 2723 2730 cum
2768 2672 3014 2730 nascitur
3046 2690 3059 2728 :
3114 2672 3209 2729 sed
3238 2673 3401 2728 Pater
3429 2672 3482 2727 ei
3512 2672 3665 2729 sinus

2057 2762 2144 2817 sui
2176 2762 2355 2818 fotum
2397 2761 2605 2835 jugiter
2633 2761 3040 2819 subministrat.
3075 2761 3332 2833 Legimus
3359 2760 3508 2817 enim
3538 2777 3660 2817 eum

2056 2849 2174 2906 sine
2218 2849 2625 2907 intermissione
2679 2849 2739 2905 in
2781 2849 2958 2905 Patris
3005 2848 3215 2921 gremio
3254 2848 3659 2920 quiescentem,

2056 2947 2273 3024 dicente
2320 2948 2661 3020 evangelista
2693 2965 2705 3003 :
2762 2970 2781 2994 ι
2811 2948 2989 3003 Deum
3020 2961 3183 3002 nemo
3212 2946 3359 3003 vidit
3388 2962 3657 3020 unquam,

2056 3037 2164 3093 nisi
2193 3037 2512 3111 unigenitus
2542 3037 2739 3107 Filius,
2770 3036 2865 3111 qui
2893 3044 2976 3093 est
3004 3036 3062 3092 in
3093 3036 3221 3092 sinu
3250 3036 3428 3093 Patris
3470 3038 3653 3106 (Joan.

1980 3135 2025 3198 α
2056 3146 2097 3198 ι,
2143 3128 2258 3202 18).
2294 3153 2314 3178 ι

2128 3254 2179 3312 3.
2241 3254 2502 3312 Libenter
2555 3271 2684 3328 ergo
2752 3254 2811 3310 in
2870 3254 2999 3311 sinu
3051 3262 3367 3312 sanctorum
3428 3252 3658 3328 quiescit

2054 3344 2327 3401 Dominus
2358 3363 2372 3413 ;
2405 3344 2554 3403 unde
2578 3352 2635 3402 et
2652 3345 2877 3401 Joannis
2906 3345 3255 3419 evangelista:
3284 3345 3497 3413 sinum,
3522 3351 3583 3400 ut
3601 3344 3657 3400 in

2053 3449 2118 3490 eo
2146 3434 2514 3504 accumberet,
2546 3434 2782 3491 libenter
2811 3433 2979 3507 elegit
2997 3435 3313 3507 (Joan.xm,
3341 3432 3467 3506 25).
3498 3433 3657 3490 Sinus

2054 3538 2181 3596 ergo
2256 3523 2315 3580 in
2373 3541 2482 3598 quo
2540 3524 2792 3584 Christus
2866 3522 3182 3596 requiescit,
3236 3539 3351 3579 non
3418 3522 3657 3596 corporis

2052 3616 2260 3688 gremio
2307 3624 2663 3691 praeparatur,
2712 3632 2826 3672 non
2864 3615 3325 3673 vestimentorum
3356 3614 3653 3671 ambitione

2051 3707 2422 3779 componitur,
2473 3707 2570 3764 sed
2632 3706 2940 3765 caelestium
3000 3705 3280 3762 virtutum
3341 3705 3653 3778 operatione

2050 3795 2358 3869 colligitur.
2430 3796 2569 3853 Nam
2646 3795 2854 3854 Christi
2909 3794 3066 3852 sinus
3136 3801 3252 3851 erat
3328 3793 3389 3849 in
3448 3794 3652 3850 Joanne

2054 3886 2392 3959 evangelista
2437 3885 2594 3955 ﬁdes,
2633 3884 2692 3940 in
2734 3885 2847 3940 Deo
2872 3883 3030 3939 Patre
3075 3881 3366 3950 divinitas,
3400 3881 3461 3937 in
3488 3880 3650 3937 Maria

2049 3986 2225 4035 matre
2264 3978 2576 4051 virginitas.
2626 3976 2710 4033 Ibi
2738 3976 2892 4032 sinus
2923 3975 3129 4033 Christi
3160 3982 3264 4042 est,
3295 3974 3395 4031 ubi
3427 3974 3647 4030 habita-

2049 4068 2236 4125 culum
2278 4075 2361 4125 est
2408 4068 2682 4124 virtutum
2713 4084 2726 4122 :
2759 4065 2838 4122 ibi
2883 4065 3118 4122 reclinat
3145 4071 3311 4137 caput
3341 4078 3526 4132 suum,
3556 4062 3645 4118 ubi

2047 4160 2396 4218 domicilium
2451 4160 2759 4218 coelestium
2791 4158 3008 4215 invenit
3057 4163 3482 4230 praeceptorum.
3514 4157 3642 4212 Nam

2046 4251 2171 4308 ideo
2217 4251 2595 4324 peccatoribus
2641 4257 2695 4306 et
2747 4247 3076 4306 inﬁdelibus
3121 4246 3303 4305 dicit:
3377 4271 3396 4294 ι
3446 4246 3642 4317 Vulpes

2046 4345 2232 4402 foveas
2255 4344 2478 4414 habent,
2504 4352 2558 4401 et
2585 4344 2837 4400 volucres
2866 4340 2991 4398 coeli
3020 4338 3181 4395 nidos
3213 4354 3225 4392 :
3260 4337 3438 4394 Filius
3465 4346 3639 4394 autem

2045 4437 2289 4493 hominis
2320 4453 2433 4493 non
2480 4435 2643 4493 habet
2672 4435 2768 4492 ubi
2810 4440 2972 4504 caput
3018 4429 3248 4488 reclinet
3276 4430 3501 4501 (Matth.
3523 4444 3638 4497 vni,

2040 4528 2154 4600 20).
2184 4554 2202 4577 ι
2260 4527 2435 4600 Igitur
2485 4526 2755 4582 Dominus
2809 4525 2966 4580 Jesus
3016 4520 3182 4578 hodie
3233 4519 3392 4577 venit
3443 4518 3514 4576 ad
3541 4519 3641 4575 ba-

2040 4618 2325 4690 ptismum,
2353 4625 2407 4673 et
2432 4631 2631 4686 corpus
2650 4630 2813 4670 suum
2840 4620 3095 4670 sanctum
3114 4610 3297 4666 voluit
3315 4625 3462 4682 aqua
3481 4608 3635 4665 dilui.

2110 4743 2165 4799 4.
2204 4742 2363 4800 Dicat
2413 4741 2642 4798 fortasse
2671 4740 2876 4815 aliquis
2908 4755 2921 4793 :
2954 4738 3059 4808 Qui
3092 4744 3316 4794 sanctus
3343 4745 3448 4804 est,
3478 4750 3639 4809 quare

2039 4835 2219 4891 voluit
2239 4833 2505 4906 baptizari
2534 4833 2562 4888 ?
2592 4832 2738 4889 Audi
2778 4849 2906 4905 ergo
2933 4850 2944 4887 :
2968 4831 3098 4887 Ideo
3130 4828 3439 4901 baptizatur
3469 4827 3639 4886 Chri-

2039 4932 2176 4993 stus,
2204 4940 2317 4980 non
2345 4930 2408 4979 ut
2436 4921 2809 4979 sanctiﬁcetur
2832 4921 2900 4977 ab
2928 4919 3107 4993 aquis,
3129 4917 3225 4975 sed
3244 4924 3306 4972 ut
3335 4918 3453 4989 ipse
3474 4932 3636 4990 aquas

2038 5013 2361 5082 sanctiﬁcat,
2410 5022 2464 5069 et
2493 5011 2879 5084 puriﬁcatione
2907 5009 2991 5066 sui
3026 5006 3280 5081 puriﬁcet
3310 5004 3522 5060 ﬂuenta
3543 5005 3635 5061 illa

2037 5119 2158 5177 quae
2190 5102 2362 5175 tangit
2391 5121 2405 5172 ;
2438 5100 2851 5159 consecratione
2879 5096 3028 5154 enim
3056 5093 3265 5153 Christi
3294 5094 3633 5151 consecratio

2037 5190 2212 5263 major
2236 5199 2319 5248 est
2339 5189 2596 5247 elementi
2617 5187 2756 5263 (44).
2778 5187 2911 5245 Cum
2927 5183 3074 5242 enim
3096 5182 3348 5238 Salvator
3365 5181 3630 5249 abluitur,

2110 5297 2227 5414 (42')
2260 5300 2342 5356 Ita
2368 5315 2559 5356 omnes
2586 5297 2719 5354 edit.
2742 5312 2805 5379 ac
2828 5312 2957 5353 mss.
2977 5292 3073 5351 ubi
3103 5292 3225 5348 loco
3248 5288 3627 5414 primum-um

2110 5387 2184 5414 mn
2230 5388 2321 5414 nm
2368 5371 2509 5414 farm
2549 5370 2982 5414 Inrnnhntmrum:
3018 5372 3072 5414 at
3120 5365 3278 5414 Rom.
3310 5375 3340 5414 e
3407 5367 3447 5414 t.
3483 5359 3625 5414 haud

2036 5359 2324 5443 legendum
2367 5371 2509 5427 forte
2546 5369 2948 5443 prophetiarum
2969 5384 2983 5433 ;
3018 5372 3072 5421 at
3116 5365 3278 5443 _Rom.
3310 5359 3447 5415 edit.
3483 5359 3625 5443 haud

2033 5436 2172 5514 bene
2192 5443 2451 5514 reposuit:
2471 5436 2589 5514 prie
2606 5436 2806 5497 austeris
2822 5441 2949 5514 plus
2971 5436 3357 5514 prophetarum
3370 5436 3619 5514 cantavit.

2108 5513 2226 5585 (43)
2253 5507 2426 5585 Rom.
2458 5507 2592 5570 edit.
2638 5507 3228 5585 sola,ipioitéstimonio
3274 5507 3620 5585 astipigatur.

2108 5514 2201 5581 (43
2268 5514 2426 5570 Rom.
2458 5514 2592 5570 edit.
2638 5514 2773 5581 sola,
2813 5514 2904 5584 pio
2937 5514 3228 5565 testimonio
3274 5514 3617 5585 astipulatur.

2108 5514 2226 5655 (44;
2264 5584 2470 5641 Eadem
2525 5586 2686 5641 Rom.
2718 5584 2850 5641 edit.
2895 5580 3204 5653 Baptizatio
3255 5590 3395 5629 enim
3427 5576 3617 5633 Christi

2030 5656 2349 5712 consecratio
2375 5662 2453 5713 est
2476 5656 2731 5714 elementi.
