3864 6188
109 337 216 395 649

933 340 1303 400 SERMONES
1340 343 1396 399 S.
1439 342 1794 401 AMBROSIO
1831 343 2203 402 HACTENUS
2240 347 2578 408 ASCRIPTI.

3308 351 3413 410 650

101 464 220 534 jam
242 464 444 522 tuncin
471 473 719 522 nostrum
746 464 1082 537 baptismum
1104 476 1219 523 tota
1237 483 1375 540 aqua
1388 467 1707 535 mundatur,
1739 470 1790 529 A
1822 470 2139 539 conveniat,
2171 470 2236 526 de
2265 472 2552 546 utriusque
2581 480 2764 529 tamen
2792 473 3133 532 correctione
3163 491 3407 544 securus;

107 563 160 607 et
191 552 519 623 puriﬁcatur
539 554 682 622 fons,
721 561 783 608 ut
815 555 1084 611 secuturis
1112 555 1463 626 postmodum
1491 558 1709 629 populis

109 643 315 699 lavacri
363 644 535 716 gratia
585 644 953 701 ministretur.
1004 645 1270 702 Praecedit
1299 663 1427 718 ergo
1456 646 1709 704 Christus

111 756 206 812 per
240 738 377 794 407
404 741 763 814 baptismum,
801 752 864 799 ut
893 741 1196 800 Christiani
1225 752 1347 816 post
1373 761 1497 801 eum
1527 744 1710 802 conli-

104 830 304 886 denter
333 831 526 902 populi
565 831 988 904 subsequantur.

179 921 236 976 5.
274 921 529 993 Intelligo
552 939 678 995 ergo
708 922 1032 994 mysterium
1059 941 1072 989 ;
1105 922 1181 978 ita
1206 921 1351 977 enim
1378 929 1431 976 et
1452 923 1711 976 columna

104 1008 256 1080 ignis
297 1010 574 1081 praecessit
605 1026 700 1082 per
746 1027 893 1066 mare
925 1010 1193 1079 Rubrum,
1250 1019 1312 1066 ut
1371 1010 1707 1082 intrepidum

105 1098 214 1153 iter
242 1099 409 1153 Israel
441 1099 543 1153 ﬁlii
567 1105 965 1170 sequerentur;
997 1105 1050 1153 et
1086 1099 1202 1170 ipsa
1229 1098 1377 1170 prior
1405 1115 1501 1172 per
1544 1116 1711 1172 aquas

105 1202 294 1258 gressa
324 1196 441 1255 est;
495 1195 557 1242 ut
583 1187 938 1242 venientibus
969 1196 1092 1259 post
1137 1204 1192 1243 se
1222 1187 1413 1243 viandi
1459 1188 1708 1244 semitam

106 1282 443 1347 praepararet
474 1277 679 1348 (Exod.
707 1292 829 1346 xxv,
861 1276 1088 1348 20—22).
1121 1276 1280 1342 Quod
1310 1277 1540 1345 factum,
1570 1277 1714 1333 sicut

111 1367 422 1438 Apostolus
449 1365 586 1421 dicit
620 1368 678 1438 (Ι
711 1366 833 1422 Cor.
867 1383 924 1435 x,
957 1367 1038 1437 2),
1084 1367 1411 1440 mysterium
1454 1366 1713 1439 baptismi

106 1454 214 1510 fuit
243 1474 255 1510 :
287 1454 597 1526 baptismus
626 1455 786 1527 plane
821 1455 1229 1527 quodammodo
1248 1456 1375 1522 fuit,
1403 1455 1498 1510 ubi
1522 1454 1714 1510 homi-

106 1559 206 1598 nes
250 1542 428 1598 nubes
459 1542 758 1615 operiebat,
783 1543 932 1599 unda
961 1543 1230 1615 portabat.
1260 1544 1365 1600 Sed
1383 1543 1502 1600 haec
1530 1543 1717 1599 omnia

106 1645 368 1709 operatus
407 1643 487 1692 est
537 1636 788 1695 Christus
828 1637 1100 1694 Dominus
1125 1638 1270 1694 idem
1305 1639 1400 1710 qui
1439 1645 1492 1693 et
1529 1637 1714 1706 modo,

105 1725 203 1796 qui
237 1726 383 1781 sicut
411 1734 545 1781 tunc
567 1743 660 1798 per
682 1743 831 1782 mare
859 1727 1004 1783 ﬁlios
1026 1727 1188 1783 Israel
1217 1727 1274 1781 in
1298 1727 1440 1799 ignis
1461 1727 1719 1782 columna

1824 560 2084 632 quoniam
2144 559 2294 617 hunc
2350 579 2536 618 amore
2591 564 2860 633 verberat,
2902 565 3062 621 illum
3117 565 3410 622 severitate

1820 650 2070 722 castigat,
2127 651 2271 708 sicut
2317 652 2393 707 ait
2455 652 2646 708 beatus
2703 657 3000 726 Apostolus
3059 675 3071 714 :
3143 682 3162 706 ι
3221 659 3416 716 Omnis

1822 741 2044 813 quidem
2101 741 2395 815 disciplina
2447 742 2505 798 in
2562 745 2813 816 praesenti
2868 762 2980 802 non
3029 746 3250 803 videtur
3301 763 3417 805 esse

1823 830 2028 902 gaudii,
2050 833 2145 888 sed
2174 833 2424 888 mceroris
2448 849 2459 887 :
2496 840 2682 905 postea
2710 851 2840 890 vero
2855 835 3095 892 fructum
3125 825 3416 909 paciﬁcum

1821 921 2136 977 exercitatis
2166 938 2262 994 per
2291 939 2408 978 eam
2441 922 2630 980 reddet
2653 921 2886 994 justitiae
2921 924 3104 995 (Hebr.
3128 942 3231 994 xu,
3267 926 3403 998 11).»

1821 1009 1996 1082 Igitur
2027 1011 2287 1082 quoniam
2331 1019 2413 1066 tot
2465 1011 2788 1068 tractatibus
2838 1012 2974 1067 meis
3002 1012 3294 1084 profecisse
3321 1030 3420 1071 vos

1821 1098 2004 1164 credo,
2061 1098 2196 1154 libet
2257 1098 2506 1171 qua-idem
2559 1099 2723 1156 vobis
2783 1099 3099 1156 divinarum
3156 1100 3421 1158 disserere

1824 1187 2177 1256 litterarum;
2239 1196 2300 1244 ut
2355 1189 2662 1262 intelligam
2712 1189 2860 1263 quod
2915 1190 2972 1247 id
3028 1189 3175 1264 quod
3203 1190 3418 1261 dixero,

1823 1275 1952 1333 ﬁdei
1983 1277 2274 1334 vivacitate
2302 1277 2547 1349 capiatis.

1895 1395 1947 1450 2.
1982 1395 2079 1450 Ait
2129 1394 2399 1450 Dominus
2451 1395 2509 1450 in
2559 1404 2749 1453 sancto
2795 1397 3130 1472 Evangelio:
3175 1421 3195 1449 ι
3227 1398 3421 1458 Simile

1827 1491 1908 1539 est
1981 1499 2210 1555 regnum
2269 1485 2535 1541 caelorum
2588 1485 2879 1556 fermento,
2938 1488 3086 1560 quod
3135 1496 3420 1562 acceptum

1828 1573 2030 1631 mulier
2060 1575 2348 1632 abscondit
2378 1575 2435 1631 in
2466 1575 2656 1634 farinae
2698 1578 2830 1634 satis
2867 1577 3066 1648 tribus,
3098 1577 3273 1636 donec
3304 1577 3424 1636 fer-

1829 1672 2136 1720 mentatum
2171 1671 2253 1720 est
2288 1671 2465 1721 totum
2501 1666 2651 1738 (Luc.
2683 1683 2808 1735 xm,
2841 1667 2957 1738 21).
2998 1693 3017 1717 ι
3060 1668 3123 1723 In
3153 1667 3262 1723 alio
3291 1683 3424 1724 vero

1827 1751 1952 1808 loco
2006 1751 2084 1808 ita
2133 1753 2210 1808 ait
2235 1771 2246 1807 :
2295 1777 2313 1800 ι
2363 1752 2464 1808 Cui
2494 1754 2674 1810 simile
2703 1754 2986 1812 aestimabo
3012 1771 3237 1827 regnum
3265 1755 3365 1811 Dei
3395 1754 3424 1810 τ

107 1817 413 1916 Ρηξθθθδξίίθ
445 1817 523 1872 ita
552 1834 701 1916 ηωξθ
741 1835 837 1916 Ρθξ
864 1817 1204 1916 δδῐῖίίδίηωη
1234 1816 1579 1916 εδῖίδξξδηοῗ
1604 1833 1713 1916 P‘?‘
1745 1828 1793 1889 Β
1830 1840 2024 1897 Simile
2054 1851 2135 1898 est
2164 1841 2455 1910 fermento,
2489 1843 2636 1916 quod
2665 1850 2948 1916 acceptum
2975 1816 3180 1900 mulier.
3198 1843 3422 1900 abscon-

105 1909 273 1980 pulos
330 1907 388 1962 in
448 1909 697 1980 corporis
751 1909 836 1964 sui
893 1909 1152 1964 columna
1213 1908 1491 1982 praecedit.
1558 1908 1717 1980 Ipsis,

105 1995 364 2068 inquam,
393 2003 474 2052 est
514 1997 792 2065 columna,
825 2013 944 2070 quae
976 2005 1108 2053 tunc
1150 1996 1338 2052 lumen
1370 1997 1717 2069 sequentium

103 2085 291 2140 oculis
336 2085 616 2156 praestitit,
667 2084 832 2140 modo
880 2085 1056 2141 lucem
1089 2085 1432 2141 credentium
1461 2084 1720 2141 cordibus

103 2173 542 2230 subministrat:
580 2181 714 2228 tunc
739 2173 800 2228 in
846 2172 1104 2229 ﬂuctibus
1149 2174 1422 2229 undarum
1456 2173 1722 2229 solidavit

102 2262 399 2328 semitam,
430 2259 596 2316 modo
627 2261 684 2315 in
715 2261 934 2317 lavacro
962 2261 1090 2317 ﬁdei
1118 2262 1351 2332 vestigia
1377 2263 1718 2329 corroborat;

103 2369 206 2424 per
256 2367 426 2424 quam
470 2350 657 2418 ﬁdem,
711 2351 855 2407 sicut
896 2351 999 2406 ﬁlii
1042 2353 1229 2420 Israel,
1275 2351 1371 2424 qui
1414 2352 1723 2423 intrepidus

103 2440 518 2510 ambulaverit,
552 2448 954 2514 persecutorem
1007 2441 1336 2514 Egyptium
1383 2457 1496 2499 non
1552 2441 1724 2499 time-

102 2530 214 2588 bit.

709 2637 945 2694 SERMO
977 2637 1125 2694 XIII.

181 2740 366 2812 Super
395 2736 483 2795 his
525 2737 708 2795 verbis
748 2739 1070 2812 Evangelii:
1115 2739 1296 2796 Simile
1334 2745 1410 2796 est
1434 2756 1654 2812 regnum

642 2812 887 2866 ccelbrum
920 2810 1195 2880 fermento.

111 2899 318 2955 Prima
336 2900 455 2970 ipsa
478 2900 691 2955 exordii
718 2900 876 2954 verba
892 2917 956 2954 ne
977 2899 1258 2955 Ambrosio
1288 2901 1424 2954 hunc
1437 2917 1725 2955 sermonem

188 2971 572 3040 attribuant-us,
624 2971 1012 3042 refragantur;
1063 2989 1168 3026 non
1234 2972 1372 3026 enim
1423 2973 1515 3027 hoc
1570 2972 1722 3026 modo

195 3043 351 3112 loqui
410 3044 673 3098 consuevit
739 3045 801 3098 de
849 3044 934 3098 sui
987 3043 1315 3114 episcopatus
1370 3043 1546 3112 initio,
1607 3060 1724 3098 cum

185 3120 385 3184 raptus
413 3133 446 3169 a
501 3115 873 3182 tribunalibus,
903 3115 1088 3184 aliqua
1140 3133 1292 3170 mora
1324 3115 1391 3169 iis
1443 3115 1723 3182 discendis,

1825 1928 1911 1985 dit
1941 1927 1999 1984 in
2037 1928 2240 1998 farina,
2273 1927 2448 1986 donec
2475 1929 2868 1987 fermentatum
2897 1937 2978 1987 est
2998 1937 3177 1988 totum
3206 1931 3421 2003 (Matth.

1826 2036 1951 2088 xm,
1979 2019 2094 2090 33).
2141 2044 2159 2068 ι
2202 2019 2479 2076 Fermenti
2510 2019 2625 2077 vim
2665 2028 2828 2094 atque
2861 2020 3123 2080 virtutem
3165 2019 3425 2078 omnibus

1827 2119 2014 2164 notam
2045 2125 2159 2166 esse
2189 2126 2300 2166 non
2338 2109 2570 2166 dubium
2599 2117 2699 2168 est.
2731 2110 2868 2167 Nam
2893 2127 3020 2168 cum
3051 2111 3123 2167 sit
3153 2110 3424 2184 magnitu-

1827 2197 1957 2253 dine
2013 2215 2262 2270 parvum,
2320 2199 2499 2272 specie
2555 2199 2810 2273 simplex,
2861 2209 3056 2260 natura
3092 2216 3422 2269 commune;

1828 2293 2042 2342 tantam
2103 2287 2488 2344 fortitudinem
2554 2289 2889 2347 intrinsecus
2972 2289 3132 2363 gerit,
3178 2297 3241 2346 ut
3295 2305 3425 2346 cum

1831 2373 2180 2430 reconditum
2210 2376 2379 2432 fuerit
2406 2376 2466 2432 in
2492 2376 2692 2447 farina,
2723 2394 2920 2435 succus
2958 2376 3075 2450 ejus
3103 2377 3210 2435 hoc
3250 2384 3426 2434 totam

1840 2479 2073 2519 massam
2103 2463 2266 2520 faciat
2319 2480 2455 2521 esse.
2487 2466 2635 2538 quod
2680 2465 2861 2539 ipsum
2905 2473 3020 2533 est;
3053 2473 3107 2522 et
3135 2466 3213 2523 ita
3233 2481 3289 2522 se
3330 2480 3428 2538 per

1829 2552 2156 2609 universum
2197 2553 2312 2625 (46)
2364 2555 2648 2611 cumulum
2697 2553 3024 2627 aspersionis
3079 2572 3190 2612 sua)
3238 2555 3426 2627 vigore

1831 2641 2118 2712 diffundit,
2169 2651 2232 2698 ut
2279 2659 2498 2698 omnem
2529 2643 2703 2716 ipsam
2734 2642 3168 2716 magnitudinem
3199 2642 3428 2716 pollinis

1831 2729 1998 2788 faciat
2070 2732 2453 2788 fermentum:
2516 2748 2579 2789 ac
2652 2732 2733 2789 sic
2782 2748 2869 2788 res
2922 2731 3040 2805 ipsa
3099 2730 3426 2788 fortitudine

1835 2837 1934 2877 sua
1962 2821 2164 2878 molem
2197 2821 2304 2878 sibi
2327 2821 2537 2895 proprii
2569 2821 2776 2894 vigoris
2807 2820 3062 2894 acquirit.
3091 2821 3206 2879 Hoc
3241 2830 3424 2878 autem

1831 2909 2043 2967 faciunt
2075 2911 2355 2979 mulieres,
2398 2918 2460 2966 ut
2506 2910 2644 2967 viris
2670 2910 2784 2966 suis
2812 2909 3172 2966 salubriorem
3205 2926 3422 2983 panem,

1831 3007 1886 3054 et
1915 3001 2098 3056 cibum
2131 3001 2323 3056 utilem
2353 2999 2648 3073 diligenter
2676 2998 2992 3056 exhibeant.
3027 2999 3132 3056 Sed
3161 2999 3422 3072 quoniam

1830 3089 1947 3146 Lex
1980 3090 2246 3163 spiritalis
2289 3097 2370 3146 est
2416 3091 2590 3162 (Rom.
2631 3106 2732 3158 vn,
2786 3088 2900 3160 14),
2958 3096 3012 3145 et
3058 3087 3423 3160 Evangelium

187 3176 313 3256 qua:
358 3187 562 3241 doceret
611 3188 768 3254 alios,
835 3176 1274 3257 opus'habuerit.
1331 3186 1508 3242 Potuit
1555 3176 1725 3242 tamen
1753 3187 1798 3249 ε
1835 3179 2157 3250 spiritaliter
2191 3179 2309 3251 (47)
2342 3177 2727 3251 parabolarum
2774 3176 3088 3234 narratione
3126 3176 3420 3244 subsistit;

185 3257 276 3312 hic
324 3265 510 3312 auctor
555 3275 620 3312 ea:
661 3259 933 3313 Ambrosii
979 3259 1289 3315 Comment.
1343 3258 1400 3312 in
1446 3258 1579 3313 Luc.
1625 3259 1714 3314 lib.

182 3346 292 3395 vn,
326 3345 473 3385 nam.
528 3330 649 3396 187,
681 3331 924 3400 quedam
961 3329 1212 3385 hausisse.
1272 3330 1460 3386 Verum
1505 3346 1622 3383 cum
1662 3346 1719 3384 eo

186 3400 295 3455 loci
323 3400 559 3455 aliorum
587 3402 867 3457 sententias
892 3403 957 3457 ab
979 3419 1031 3456 se
1058 3400 1257 3470 referri
1283 3407 1491 3455 testetur
1509 3407 1720 3456 sanctus

181 3472 397 3544 doctor,
425 3473 704 3541 quominus
733 3474 815 3528 hic
843 3480 1032 3530 auctor
1071 3473 1209 3528 alios
1251 3488 1455 3544 quoque
1482 3472 1721 3528 imitatus

179 3542 383 3614 fuerit,
412 3544 550 3600 nihil
576 3545 834 3615 prohibet.

181 3653 238 3708 1.
276 3652 352 3706 Et
380 3649 484 3724 ipsi
514 3651 665 3709 scitis
681 3651 894 3721 fratres,
926 3651 1071 3726 quod
1103 3667 1172 3708 ex
1193 3667 1300 3725 qua
1327 3651 1416 3708 die
1431 3651 1719 3709 vobiscum

103 3757 228 3798 esse
270 3741 439 3814 cmpi,
470 3757 580 3797 non
611 3743 819 3799 cessavi
862 3742 1120 3799 omnibus
1148 3760 1247 3800 vos
1280 3743 1585 3800 Dominicis
1612 3741 1719 3797 ad-

107 3846 344 3886 monere
403 3830 699 3899 mandatis,
752 3837 806 3887 et
863 3831 1062 3903 partim
1140 3831 1436 3900 hortando,
1515 3831 1717 3904 partim

104 3918 481 3990 increpando,
512 3927 780 3991 praecepta
812 3920 971 3976 vobis
1000 3919 1714 3993 divinitatis(45)ingerere;

106 4009 183 4063 ita
233 4015 301 4064 ut
363 4009 685 4081 plerumque
742 4008 866 4081 pius
927 4018 1080 4082 pater
1133 4009 1360 4078 fuerim,
1431 4008 1721 4065 nonnullis

103 4107 299 4156 autem
336 4098 511 4156 durus
543 4099 802 4172 magister
838 4100 1170 4156 exstiterim.
1202 4100 1418 4156 Patrem
1452 4100 1599 4155 enim
1633 4115 1719 4156 me

103 4190 212 4247 sibi
278 4189 588 4260 gratulatus
659 4197 776 4257 est,
835 4189 1085 4262 quisquis
1159 4205 1464 4246 sermonem
1533 4205 1716 4244 meum

107 4279 365 4335 libenter
410 4279 696 4349 amplexus
740 4284 865 4334 est:
916 4278 1117 4334 durum
1161 4285 1345 4334 autem
1393 4277 1718 4349 magistrum

103 4367 305 4435 sensit,
341 4365 439 4437 qui
487 4367 878 4423 conscientiam
937 4383 1090 4424 suam
1149 4365 1540 4439 praedicatione
1601 4380 1720 4421 mea

103 4471 436 4530 percussam
468 4472 582 4512 esse
620 4456 924 4514 condoluit.
983 4456 1088 4513 Sed
1125 4455 1270 4512 nihil
1318 4471 1438 4511 mea
1468 4457 1716 4521 interest,

1831 3267 2119 3327 videamus
2158 3267 2292 3342 quid
2313 3268 2386 3325 sit
2405 3268 2759 3338 fermentum,
2791 3283 2912 3340 qua
2941 3266 3163 3339 mulier,
3194 3265 3327 3340 quid
3348 3266 3423 3322 fa-

1828 3375 1970 3415 rma.

1906 3473 2054 3530 408
2084 3473 2138 3533 3.
2187 3474 2444 3549 Legimus
2501 3474 2559 3532 in
2606 3481 2794 3533 sancto
2849 3471 3170 3546 Evangelio,
3206 3468 3424 3529 dicente

1828 3563 2070 3620 Domino
2117 3563 2344 3623 Christo
2373 3563 2440 3620 de
2468 3579 2524 3620 se
2554 3562 2709 3636 ipso:
2754 3585 2773 3612 ι
2803 3561 2922 3619 Nisi
2961 3577 3191 3636 granum
3248 3559 3423 3618 tritici

1828 3654 2026 3710 cadens
2078 3653 2136 3708 in
2177 3660 2380 3709 terram
2432 3659 2714 3709 mortuum
2763 3651 2951 3722 fuerit,
3007 3651 3190 3725 ipsum
3241 3650 3422 3706 solum

1829 3751 2048 3811 manet;
2083 3743 2131 3799 si
2164 3751 2347 3800 autem
2377 3751 2661 3799 mortuum
2691 3741 2879 3812 fuerit,
2910 3741 3147 3800 multum
3177 3739 3420 3796 fructum

1827 3834 1985 3890 affert
2007 3833 2184 3905 (Joan.
2213 3850 2316 3901 xu,
2350 3831 2442 3902 24,
2471 3830 2588 3904 25).
2619 3855 2638 3880 ι
2681 3831 2828 3904 Ergo
2858 3830 2905 3886 si
2938 3829 3189 3886 triticum
3218 3828 3423 3884 Domi-

1829 3940 1954 3992 nus,
1990 3931 2044 3979 et
2070 3922 2339 3979 Dominus
2382 3929 2464 3977 est
2506 3922 2879 3988 fermentum;
2912 3919 3042 3992 quia
3088 3919 3421 3974 fermentum

1829 4028 1941 4068 non
1971 4012 2080 4068 nisi
2112 4012 2179 4067 de
2202 4010 2393 4067 tritico
2422 4009 2542 4066 ﬁeri
2576 4010 2714 4065 solet
2744 4026 2756 4066 :
2801 4015 2946 4064 recte
2983 4024 3112 4081 ergo
3147 4007 3422 4065 fermento

1832 4100 1949 4174 (48)
2002 4100 2274 4156 Dominus
2329 4105 2696 4171 comparatur,
2747 4097 2876 4171 quia
2917 4113 3044 4155 cum
3073 4105 3214 4155 esset
3241 4098 3423 4171 specie

1829 4189 2016 4258 homo,
2035 4187 2350 4243 humilitate
2366 4203 2588 4259 parvus,
2611 4185 2988 4243 imbecillitate
3003 4185 3422 4259 dejectus,tanta

1829 4278 2167 4335 intrinsecus
2199 4276 2483 4349 sapientiae
2521 4275 2729 4333 virtute
2749 4274 3006 4349 pollebat,
3021 4284 3083 4333 ut
3111 4275 3419 4333 doctrinam

1828 4369 2001 4442 ipsius
2059 4367 2300 4424 mundus
2356 4367 2471 4438 ipse
2530 4365 2628 4421 vix
2659 4372 2908 4440 caperet:
2953 4366 3048 4439 qui
3099 4382 3224 4422 cum
3254 4365 3421 4438 ccepit

1827 4475 1924 4532 per
1953 4465 2129 4515 totum
2191 4455 2378 4514 orbem
2411 4455 2725 4513 divinitatis
2775 4454 2966 4526 vigore
3010 4452 3416 4522 transfundere,

101 4545 424 4603 dummodo
445 4545 559 4602 sive
576 4547 794 4619 pietate,
827 4547 943 4602 sive
969 4562 1200 4603 censura
1225 4544 1478 4603 Christus
1508 4562 1717 4601 annun-
1748 4547 1796 4606 D
1824 4548 2010 4605 statim
2038 4564 2200 4605 omne
2247 4545 2536 4602 hominum
2569 4562 2738 4618 genus
2785 4545 2844 4601 in
2873 4543 3233 4601 substantiam
3264 4556 3419 4598 suam

105 4636 283 4693 tietur
316 4635 379 4690 in
415 4635 574 4690 vobis
605 4654 619 4704 ;
670 4635 924 4708 quamvis
950 4642 1004 4691 et
1034 4634 1149 4708 ipsa
1177 4651 1406 4692 censura
1425 4634 1496 4689 sit
1524 4633 1714 4707 pietas,

99 4741 229 4799 quae
267 4725 399 4780 ideo
447 4724 592 4781 circa
638 4725 1063 4798 negligentiores
1110 4725 1257 4781 ﬁlios
1305 4725 1622 4793 adhibetur,
1655 4732 1717 4781 ut

103 4817 313 4872 timere
344 4813 566 4870 discant
613 4815 758 4887 quod
790 4831 971 4870 amare
1002 4816 1378 4886 neglexerant.
1416 4815 1537 4870 Non
1569 4815 1715 4886 quod

99 4921 305 4961 omnes
336 4901 486 4958 ﬁlios
533 4920 646 4959 non
678 4905 964 4977 aequaliter
1018 4902 1212 4974 diligat
1244 4912 1413 4975 pater,
1446 4904 1539 4959 sed
1569 4903 1715 4975 quod

99 4995 469 5067 indulgentia
494 4994 666 5065 patris
694 4995 767 5051 sit
806 5010 905 5067 pro
937 4992 1260 5048 diversitate
1295 5010 1512 5049 morum
1543 4992 1714 5048 exhi-

96 5083 233 5141 bere
267 5082 497 5156 pietatis
524 5082 776 5139 affectum
809 5100 822 5150 ;
856 5090 917 5138 ut
935 5081 1199 5137 blandum
1232 5080 1408 5136 ﬁlium
1441 5079 1714 5135 exhorta-

98 5175 262 5232 tione
340 5181 642 5246 provocet,
730 5178 1110 5230 contumacem
1182 5185 1314 5226 vero
1398 5168 1713 5225 austeritate

197 5351 303 5418 45)
341 5349 468 5407 Vox
500 5349 796 5404 divinitatis
817 5366 846 5405 e
873 5346 996 5404 cod.
1020 5344 1194 5418 Lugd.
1226 5343 1554 5418 restituitur.

197 5351 277 5408 45
341 5351 468 5407 Vox
500 5351 796 5404 divinitatis
817 5366 846 5405 θ
873 5351 996 5404 cod.
1020 5351 1194 5418 Lugd.
1226 5351 1554 5400 restituitur.

171 5351 303 5496 ἓωξ
334 5422 420 5496 Ita
450 5421 625 5478 codex
668 5420 919 5477 Valliscl.
957 5419 1031 5496 At
1055 5432 1252 5496 omnes
1280 5416 1416 5483 edit,
1436 5413 1709 5496 “efferunt.

95 5487 292 5552 succus
332 5493 431 5548 hoc
462 5499 624 5548 totam
671 5508 898 5548 massam
955 5489 1112 5560 faciet
1141 5505 1263 5560 esse,
1302 5487 1590 5560 quodipse
1617 5493 1712 5555 est,

94 5569 174 5624 ita
205 5582 424 5637 semper
454 5565 777 5619 universum.
810 5557 984 5634 Lugd.
1009 5562 1182 5617 codex
1202 5559 1270 5614 ah
1300 5558 1389 5614 his
1416 5557 1710 5628 discrepat,

96 5647 355 5722 quadra
372 5661 570 5722 succus
605 5645 698 5722 hoc
726 5659 839 5722 non
868 5641 1135 5722 agnoscit:

171 5719 304 5791 (47)
372 5716 498 5776 Vet.
561 5714 696 5771 edit.
774 5721 828 5768 et
886 5707 1058 5770 c'odex
1117 5711 1313 5784 Lugd,
1370 5707 1748 5781 specialiter;-

365 5816 610 5872 Parnoc.
652 5813 828 5871 XVII.

1827 4655 1925 4695 sua
1952 4646 2216 4710 potestate
2272 4638 2577 4709 protraxit;
2611 4643 2756 4692 utet
2795 4634 2989 4706 jugum
3047 4631 3286 4704 Spiritus
3333 4629 3418 4685 sui

1827 4727 2003 4783 sancti
2036 4727 2352 4783 infunderet
2391 4724 2670 4791 omnibus,
2703 4731 2757 4779 et
2794 4722 2898 4778 hoc
2924 4719 3267 4776 Christianos
3297 4717 3415 4789 (49)

1827 4828 2056 4876 cunctos
2086 4819 2287 4874 faceret
2318 4833 2458 4884 esse,
2504 4815 2653 4888 quod
2695 4813 2950 4869 Christus
2978 4818 3078 4867 est.
3110 4811 3246 4866 Nam
3289 4824 3417 4866 cum

1826 4907 1994 4964 homo
2023 4906 2294 4962 Dominus
2330 4905 2484 4959 Jesus
2525 4918 2670 4958 unus
2708 4909 2762 4956 et
2789 4899 2937 4955 solus
2966 4905 3104 4954 esset
3125 4898 3183 4954 in
3210 4898 3417 4956 mundo

1825 5004 2086 5068 tanquam
2127 4995 2458 5048 fermentum
2487 4991 2545 5045 in
2577 5003 2752 5044 massa
2781 4985 3146 5057 reconditum,
3178 4987 3417 5044 univer-

1826 5103 1913 5143 sos
1940 5085 2197 5140 homines
2245 5081 2504 5154 praestitit
2535 5095 2648 5136 esse
2693 5077 2840 5152 quod
2870 5077 2984 5150 ipse
3013 5087 3114 5135 est.
3155 5077 3417 5152 Quisquis

1825 5175 1995 5250 igitur
2038 5172 2123 5229 illi
2173 5172 2446 5228 fermento
2487 5167 2698 5228 Christi
2743 5167 3056 5238 adhaeserit,
3098 5167 3336 5226 edicitur
3363 5176 3417 5225 et

1824 5349 1982 5405 Rom.
2035 5345 2167 5402 edit.
2228 5352 2281 5400 et
2320 5360 2421 5400 ms.
2481 5341 2730 5400 Valliscl.
2794 5341 3154 5415 spiritaliter;
3212 5348 3268 5397 at
3314 5356 3415 5414 pro

1821 5420 2046 5485 ratione,
2077 5417 2226 5473 solus
2253 5432 2355 5472 ms.
2389 5415 2642 5473 Valliscl.
2676 5411 2920 5486 reposuit
2939 5411 3270 5470 narratione.

1923 5483 2234 5557 hB)'Codex
2263 5488 2536 5552 Vallisc1.,
2570 5483 2848 5557 rectee'rgo
2877 5483 3164 5557 frumento.

1923 5490 1992 5545 48
2048 5489 2234 5546 Codex
2263 5489 2536 5552 Vallisc1.,
2570 5493 2703 5540 recte
2729 5504 2848 5557 ergo
2877 5489 3164 5554 frumento.

1897 5489 2022 5686 (1192
2050 5559 2251 5615 Omnes
2280 5559 2413 5614 edit.
2460 5566 2514 5614 et
2561 5573 2662 5612 ms.
2707 5555 2956 5612 Valliscl.
2982 5599 2997 5622 ,
3029 5555 3291 5620 omnibus,
3321 5553 3414 5609 hoc

1897 5652 1916 5686 ·.
1947 5633 1988 5686 C
2024 5631 2316 5686 ristianos:
2345 5628 2544 5686 Lugd.
2575 5627 2833 5686 omnibus.
2864 5631 2914 5681 et
2942 5626 3036 5681 hoc
3059 5626 3411 5685 Christianos.

1825 5640 1916 5698 est,
1947 5633 2316 5695 Christianos;
2345 5633 2386 5685 L

1824 5705 1975 5762 Idem
1999 5711 2179 5760 autem
2210 5709 2312 5770 est,
2339 5707 2388 5758 et

2024 5631 2279 5686 ristianos
2294 5648 2316 5695 ;
2345 5628 2544 5697 Lugd.,
2575 5627 2833 5695 omnibus,
2864 5631 2914 5681 et
2942 5626 3036 5697 hoc
3059 5626 3411 5685 Christianos.

2520 5742 2535 5768 ,
2566 5706 2751 5770 atque,
2789 5705 2843 5755 et
2870 5697 2976 5753 hac
3005 5696 3306 5753 infusione.

3099 5793 3163 5851 21
