3864 6188
470 314 574 373 651

1492 313 1586 368 ΑΒ
1626 310 1861 367 ΟΡΕΒΑ
1898 310 1954 367 S.
1996 310 2328 367 AMBROSII
2366 308 2748 366 APPENDIX.

3672 310 3768 368 652

470 437 587 510 ipse
617 435 972 505 fermentum,
996 443 1106 493 tam
1138 435 1243 493 sibi
1274 436 1449 503 utilis,
1482 452 1644 509 quam
1675 434 1801 491 aliis
1834 434 2065 491 idoneus
2094 436 2145 495 Α
2179 434 2559 506 Temperatum
2594 440 2673 488 est
2687 431 2834 487 enim
2872 429 3228 503 sanguinibus
3251 438 3307 487 et
3348 430 3768 490 crudelitatibus

472 526 749 583 universis
780 544 795 593 ;
847 534 900 582 et
947 525 1014 582 de
1061 542 1159 582 sua
1199 534 1383 582 certus
1412 526 1607 593 salute,
1638 534 1692 582 et
1735 525 1800 580 de
1834 525 2067 580 aliorum

477 615 840 691 acquisitione
870 632 1112 673 securus.

542 707 595 765 4.
652 708 805 765 Sicut
879 705 1049 778 igitur
1102 704 1434 761 fermentum
1486 721 1611 763 cum
1669 705 1727 761 in
1782 706 2065 761 cumulum

473 797 945 870 conspergendum
1005 802 1086 852 est
1144 795 1409 863 ferinum,
1467 795 1855 867 confringitur,
1906 810 2066 850 com—

470 887 764 953 minuitur,
813 886 1134 958 dissipatur,
1173 893 1226 941 ct
1284 887 1463 959 ipsum
1521 902 1682 942 omne
1721 884 2063 953 dissolvitur,

467 986 529 1033 ut
558 976 858 1048 dispersam
899 975 1052 1030 illam
1104 974 1294 1031 farina:
1343 974 1757 1030 multitudinem
1789 982 1842 1030 et
1891 990 2063 1029 unum

467 1066 550 1123 sui
587 1066 773 1137 vigore
802 1063 1142 1137 constringat
1199 1064 1340 1135 (50),
1371 1073 1531 1137 atque
1574 1064 1633 1120 in
1663 1064 1901 1120 solidum
1931 1079 2063 1119 cor-

469 1173 570 1230 pus
598 1156 827 1229 redigat,
862 1155 1009 1229 quod
1040 1155 1097 1212 in
1126 1156 1371 1227 pulveris
1402 1156 1627 1211 modum
1658 1156 1773 1227 ipsa
1806 1154 2063 1211 diminu-

469 1248 623 1305 tione
654 1247 978 1321 languebat;
1020 1247 1293 1321 faciatque
1313 1247 1702 1319 conjunctione
1731 1246 1815 1303 sui
1862 1246 2060 1307 utilem

466 1353 720 1405 massam,
763 1336 911 1410 quod
953 1336 1173 1409 propria
1202 1336 1562 1393 dissolutione
1606 1335 1898 1392 videbatur
1925 1335 2062 1390 inu-

465 1428 600 1483 tile:
668 1425 747 1482 sic
800 1442 927 1499 ergo
985 1433 1039 1481 et
1096 1426 1367 1481 Dominus
1413 1427 1568 1482 Iesus
1613 1425 1883 1492 Christus,
1935 1440 2059 1480 cum

465 1523 606 1574 esset
634 1516 808 1572 totius
834 1514 1030 1572 mundi
1065 1514 1417 1585 fermentum,
1455 1516 1688 1572 diversis
1717 1514 2062 1588 passionibus

466 1607 800 1675 confractus,
823 1605 1092 1663 laceratus
1121 1613 1174 1661 et
1189 1605 1491 1661 dissolutus
1520 1612 1624 1674 est,
1650 1613 1702 1661 et
1730 1621 1924 1660 succus
1946 1603 2061 1675 ejus

465 1714 563 1771 pro
596 1698 769 1754 salute
799 1704 1003 1764 nostra,
1035 1695 1131 1770 qui
1160 1704 1241 1751 est
1268 1696 1539 1768 pretiosus
1587 1694 1829 1768 sanguis,
1860 1694 2061 1750 effusus

2177 523 2489 579 Judaaorum
2539 519 2849 577 dicentium
2899 520 2967 575 de
2991 519 3227 576 Domino
3261 538 3273 576 :
3325 545 3344 568 ι
3386 519 3630 592 Sanguis
3660 519 3767 592 ejus

2177 630 2339 685 super
2384 629 2504 680 nos,
2558 618 2611 666 et
2661 626 2823 683 super
2869 609 3016 666 ﬁlios
3064 618 3279 666 nostros
3322 610 3544 682 (Matth.
3595 627 3762 679 xxvn,

2176 703 2290 774 25).
2326 728 2343 750 ι
2391 701 2544 757 Unde
2573 702 2649 757 ait
2680 701 3046 771 Evangelium
3072 718 3084 756 :
3146 724 3164 746 ‹
3194 701 3377 756 Erunt
3396 700 3525 755 duae
3555 701 3761 755 molen-

2175 800 2272 857 tes,
2304 807 2414 847 una
2441 796 2751 846 assumetur
2774 799 2829 846 et
2856 804 2966 845 una
2988 790 3333 862 relinquetur
3365 790 3590 860 (Matth.
3615 806 3759 859 xxxv,

2174 882 2288 953 41).
2321 906 2339 929 ι
2378 883 2702 937 Assumetur
2730 879 2878 934 enim
2913 879 2969 934 in
3002 879 3246 951 requiem
3293 888 3559 935 aeternam
3593 887 3762 936 sancta

2172 972 2438 1040 Ecclesia,
2501 988 2619 1044 qua:
2648 970 2887 1027 Domino
2927 970 3110 1027 cibum
3146 971 3461 1030 sanctitatis
3492 973 3755 1029 emoluit:

2172 1066 2515 1138 relinquetur
2571 1064 2639 1120 ad
2695 1066 2870 1120 molas
2922 1072 3150 1121 cruenta
3216 1065 3530 1138 Synagoga,
3579 1082 3757 1139 gyrum

2170 1170 2382 1227 semper
2411 1170 2633 1226 passura
2660 1170 2771 1209 suae
2800 1153 3062 1226 perﬁdiae.

2666 1264 2812 1323 409
2847 1267 3081 1324 SERMO
3112 1267 3263 1325 XIV.

2545 1358 2836 1417 Dominica
2867 1357 2924 1414 in
2954 1357 3384 1430 Septuagesima.

2171 1448 2571 1520 Septuagesima:
2615 1465 2802 1503 nomen
2849 1453 2998 1502 (etate
3063 1462 3168 1501 non
3194 1448 3393 1520 solum
3450 1447 3754 1520 Ambrosii,

2239 1518 2329 1576 sed
2358 1518 2589 1577 Maximi
2614 1522 2773 1575 etiam
2806 1521 2974 1575 multo
3005 1518 3266 1573 recentius
3295 1536 3402 1574 esse
3438 1519 3500 1573 in
3539 1519 3757 1589 confesso

2241 1598 2332 1648 est.
2370 1593 2569 1663 Synodi
2599 1592 3005 1648 Aurelianenses
3036 1591 3218 1662 prima
3246 1596 3294 1645 et
3320 1598 3543 1662 quarta,
3578 1593 3757 1663 quibus

2234 1665 2545 1736 prohibitur
2597 1663 3043 1736 quinquagesima:
3096 1668 3142 1717 et
3185 1663 3521 1736 sexagesima
3565 1665 3755 1719 obsera.

2243 1736 2332 1803 tio,
2380 1737 2442 1790 de
2497 1736 2885 1807 septuagesima
2931 1735 3068 1789 nihil
3103 1735 3456 1807 praecipiunt,
3518 1752 3611 1791 nec
3654 1736 3757 1805 ejus

465 1794 586 1878 est;
627 1794 689 1842 ut
712 1785 1043 1878 admistione
1076 1785 1161 1842 sui
1190 1802 1352 1841 omne
1390 1802 1557 1878 genus
1583 1784 1888 1878 humanum
1907 1782 2057 1878 .soli-
2088 1809 2131 1869 Β
3639 1782 3753 1878 (ἰξυῖ

466 1876 645 1942 daret,
676 1874 824 1949 quod
852 1890 949 1947 per
985 1874 1203 1931 diversa
1230 1883 1390 1931 antea
1421 1874 1537 1947 (51)
1571 1874 1870 1929 resolutum
1898 1870 2057 1944 jace—

465 1966 559 2023 bat
588 1984 601 2033 ;
636 1966 713 2023 sic
743 1965 889 2022 enim
925 1967 1078 2022 velut
1124 1965 1457 2022 fermentum
1506 1963 1782 2038 quoddam
1812 1979 1932 2029 nos,
1966 1961 2060 2034 qui

466 2059 643 2115 farina
689 2074 758 2114 ex
807 2056 1060 2131 gentibus
1111 2058 1439 2114 videbamur
1494 2072 1629 2125 esse,
1706 2052 2057 2111 adhaesimus.

463 2148 595 2219 Nos,
637 2149 884 2222 inquam,
926 2148 1020 2221 qui
1054 2164 1149 2220 per
1177 2156 1353 2205 totum
1384 2147 1570 2203 orbem
1602 2144 1832 2218 dispersi
1881 2151 1934 2198 et
1963 2142 2060 2199 di-

465 2241 669 2297 minuti
711 2240 931 2312 penitus
983 2238 1099 2311 (52)
1145 2238 1481 2311 jacebamus,
1538 2236 1725 2309 vigore
1792 2232 2061 2307 passionis

466 2330 674 2389 Christi
725 2329 783 2385 in
814 2328 988 2401 ipsius
1019 2346 1219 2401 corpus
1270 2327 1478 2385 redacti
1522 2343 1732 2395 sumus,
1765 2325 1909 2381 sicut
1936 2324 2058 2378 bea-

462 2427 550 2478 tus
579 2421 874 2493 Apostolus
901 2421 977 2477 ait
1002 2438 1013 2475 :
1075 2444 1093 2468 ι
1121 2419 1390 2488 Quoniam
1452 2434 1641 2475 sumus
1677 2433 1874 2489 corpus
1903 2414 2056 2472 Chri-

460 2512 530 2571 sti
573 2518 626 2569 et
658 2511 902 2568 membra
934 2512 991 2583 (I
1019 2511 1144 2568 Cor.
1178 2527 1280 2579 xu,
1315 2510 1419 2577 27;
1454 2510 1650 2580 Eplles.
1682 2525 1738 2575 v,
1766 2506 1921 2575 30).n'
1949 2505 2058 2560 Nos

461 2603 631 2677 igitur
657 2602 752 2678 qui
780 2620 850 2659 ex
875 2600 1195 2660 nationibus
1222 2602 1280 2657 in
1306 2600 1553 2673 pulveris
1584 2597 1809 2655 modum
1842 2614 1873 2652 a
1896 2603 2055 2652 terrae

459 2693 600 2751 facie
646 2693 1012 2767 jactabamur,
1064 2691 1377 2765 aspersione
1424 2688 1708 2762 sanguinis
1736 2684 1958 2743 Domini
1998 2685 2058 2741 in

463 2801 695 2841 massam
724 2784 1021 2840 soliditatis
1051 2783 1169 2853 ejus
1196 2782 1554 2840 accrevimus.

531 2877 585 2933 ὅ.
611 2875 810 2930 Mulier
848 2882 1030 2928 autem
1082 2872 1195 2938 illa,
1232 2888 1352 2943 quae
1383 2869 1591 2925 dicitur
1619 2867 1969 2924 abscondisse
1998 2866 2057 2922 in

460 2962 640 3018 farina
694 2962 1047 3027 fermentum,
1080 2975 1200 3030 quae
1255 2967 1355 3026 est,
1413 2958 1521 3013 nisi
1578 2968 1764 3014 sancta
1791 2955 2054 3024 Ecclesia,

466 3068 590 3127 quae
618 3049 867 3124 quotidie
894 3048 1201 3104 doctrinam
1244 3045 1453 3105 Christi
1484 3047 1542 3102 in
1568 3047 1827 3104 cordibus
1856 3046 2059 3104 nostris

469 3151 702 3201 conatur
729 3140 1064 3199 abscondere
1085 3140 1113 3197 ?
1139 3142 1280 3214 Ipsa,
1320 3139 1567 3213 inquam,
1600 3149 1682 3197 est
1711 3140 2058 3214 mulier,quze

459 3234 520 3291 in
551 3234 661 3291 alio
697 3234 818 3291 loco
849 3233 1014 3289 etiam
1061 3233 1267 3289 molere
1314 3231 1540 3301 dicitur,
1571 3231 1714 3288 sicut
1761 3232 1837 3289 ait
1865 3232 2057 3288 Domi-

469 3342 611 3382 nus:
659 3348 678 3372 ι
720 3325 901 3380 Erunt
956 3323 1078 3380 duae
1126 3323 1415 3389 molentes,
1463 3338 1573 3378 una
1626 3330 1954 3391 assumetur,
2005 3329 2060 3379 et

459 3430 573 3471 una
628 3413 973 3485 relinquetur
1012 3412 1224 3483 (Matth.
1279 3430 1438 3479 xxxv,
1468 3411 1631 3482 41).»
1696 3410 1854 3468 Molit
1910 3412 2058 3467 enim

461 3510 652 3561 sancta
683 3502 931 3558 Ecclesia
959 3517 1056 3573 per
1104 3503 1298 3573 legem,
1329 3519 1425 3574 per
1456 3502 1751 3574 apostolos,
1792 3518 1887 3573 per
1922 3518 2061 3573 pro-

460 3592 677 3665 phetas,
730 3608 853 3647 cum
911 3591 1335 3649 catechumenos
1380 3592 1531 3660 facit,
1605 3600 1658 3647 et
1712 3592 2097 3664 asperitatem'

463 3679 792 3753 gentilitatis
833 3679 1065 3753 dissipat
1089 3688 1249 3754 atque
1286 3681 1657 3748 comminuit;
1692 3689 1753 3736 ut
1785 3681 2061 3738 emollitos

462 3792 555 3833 eos
586 3775 645 3832 in
677 3776 867 3859 farinte
894 3776 1117 3832 modum
1134 3784 1288 3849 aptos
1309 3774 1475 3832 faciat
1493 3774 1765 3831 fermento
1783 3775 2060 3832 Dominici

463 3865 746 3940 sanguinis
783 3866 1080 3924 adhaerere.
1116 3867 1472 3924 Fermentum
1522 3866 1669 3921 enim
1700 3865 1937 3921 dixerim
1968 3875 2064 3922 to-

461 3962 574 4013 tam
604 3957 829 4014 Domini
858 3957 1165 4031 passionem
1201 3974 1214 4024 ;
1270 3956 1603 4013 fermentum
1661 3954 1809 4010 enim
1871 3954 2064 4010 salutis

464 4053 665 4103 nostrae
693 4058 774 4105 est
792 4048 1109 4121 symbolum
1144 4048 1325 4121 ipsum
1352 4046 1499 4121 quod
1525 4043 1784 4115 traditur,
1816 4044 1932 4100 sine
1955 4061 2063 4118 quo

466 4134 737 4192 fermento
769 4136 910 4209 (53),
942 4138 1031 4193 vel
1062 4137 1338 4211 symbolo,
1362 4152 1526 4193 nemo
1546 4142 1727 4209 potest
1753 4134 1882 4191 vitae
1913 4142 2064 4191 aeter-

466 4238 552 4279 nae
572 4223 935 4280 substantiam
955 4226 1273 4297 promereri.

541 4313 594 4370 6.
625 4314 696 4369 Et
734 4314 863 4387 quia
894 4316 1029 4372 duas
1066 4316 1432 4389 Evangelium
1482 4316 1745 4373 describit
1776 4316 2065 4397 molentes,

468 4410 632 4478 atque
658 4422 824 4462 unam
863 4407 1165 4464 Ecclesiam
1198 4407 1444 4465 diximus
1499 4408 1791 4464 salubriter
1838 4409 2064 4477 molere,

470 4497 698 4552 alteram
756 4511 921 4568 quam
953 4496 1062 4552 nisi
1092 4496 1436 4570 Synagogam
1465 4498 1711 4569 accipere
1750 4497 2011 4553 debemus
2041 4497 2068 4553 ‘l

2242 1876 2593 1950 dragesimain
2632 1879 2857 1935 alleluia
2884 1878 3093 1934 cantari
3110 1876 3278 1946 jubet.
3306 1876 3570 1934 Eantdem
3596 1876 3755 1935 autem

2240 1969 2413 2006 vocem
2442 1952 2499 2006 in
2518 1951 2639 2006 edit.
2668 1953 2897 2022 Operam
2932 1950 3174 2021 Gregorii
3199 1951 3383 2022 Magni
3405 1951 3653 2006 Homiliw
3676 1953 3750 2017 19,

2239 2030 2287 2079 et
2331 2023 2510 2095 Missis
2545 2022 2859 2092 quibusdam
2901 2022 3233 2077 Sacrament.
3269 2022 3409 2091 falso
3457 2022 3751 2095 inscriptam

2241 2111 2348 2148 non
2374 2094 2851 2164 ambigimusmum
2902 2110 2962 2149 ea
3006 2110 3115 2148 non
3176 2094 3481 2164 reperiatur
3530 2094 3589 2148 in
3639 2111 3748 2150 mss.

2243 2168 2395 2234 Quod
2427 2167 2674 2221 similiter
2722 2166 2783 2220 de
2811 2165 3035 2236 epistola
3087 2164 3158 2221 ad
3202 2164 3559 2236 Augustinum
3585 2183 3752 2222 mona-

2239 2243 2391 2311 chum
2423 2257 2457 2294 a
2495 2239 2781 2303 Gratiano,
2807 2237 3038 2311 distinct.
3073 2237 3129 2307 4,
3159 2253 3276 2309 cap.
3308 2237 3559 2311 Denique
3590 2254 3750 2295 sacer-

2240 2310 2417 2379 dotes,
2444 2312 2607 2366 citata
2640 2310 2976 2366 statuendum
3005 2315 3098 2366 est.

2241 2426 2291 2481 1.
2326 2424 2601 2481 Redimite
2632 2442 2731 2481 vos
2759 2426 2926 2498 ipsos,
2950 2424 3082 2482 dum
3113 2440 3211 2482 vos
3240 2424 3480 2497 pretium
3509 2421 3744 2479 habetis:

2167 2515 2407 2589 quando,
2433 2515 2743 2573 charissimi
2760 2516 2972 2584 fratres,
2998 2532 3205 2572 novum
3232 2523 3452 2589 tempus
3468 2513 3745 2581 inchoatis,

2168 2612 2405 2661 vestram
2439 2605 2610 2660 vitam
2645 2622 2910 2663 renovare
2954 2604 3184 2664 debetis.
3218 2607 3283 2662 In
3313 2612 3432 2662 toto
3461 2621 3607 2661 anno
3648 2618 3744 2659 non

2166 2694 2374 2752 dicitur
2402 2696 2517 2752 ulla
2554 2696 2670 2752 dies
2699 2697 3125 2769 Septuagesima,
3155 2696 3265 2753 nisi
3294 2696 3397 2753 ista
3422 2714 3434 2753 :
3471 2712 3574 2753 nec
3600 2694 3745 2752 Sexa-

2168 2784 2390 2856 gesima,
2425 2784 2531 2841 nisi
2567 2802 2799 2857 sequens
2824 2770 3123 2843 Dominica
3154 2802 3168 2841 :
3200 2802 3377 2859 neque
3404 2786 3749 2859 Quinquage-

2166 2875 2326 2942 sima,
2385 2875 2494 2931 nisi
2547 2875 2754 2933 abhinc
2781 2876 2942 2932 tertia
2980 2891 2992 2931 :
3034 2893 3135 2933 nec
3179 2876 3625 2948 Quadragesima,
3653 2872 3746 2930 nisi

2168 2965 2374 3023 abhinc
2406 2974 2601 3040 quarta
2623 2966 2952 3035 Dominica;
2997 2975 3050 3023 et
3079 2967 3209 3040 quia
3237 2982 3383 3023 nova
3406 2967 3634 3024 nomina
3656 2963 3746 3021 hoc

2168 3063 2390 3129 tempus
2422 3054 2607 3126 habet,
2645 3056 2769 3112 ideo
2800 3057 2980 3112 omnis
3011 3056 3361 3114 Christianus
3390 3071 3654 3114 renovare
3678 3053 3748 3109 vi-

2169 3154 2278 3204 tam
2323 3163 2478 3204 suam
2516 3146 2697 3205 debet.
2734 3148 2849 3204 Hoc
2914 3146 3061 3205 enim
3115 3148 3375 3205 admonet
3424 3146 3748 3220 Apostolus,

2167 3235 2358 3293 dicens
2389 3252 2401 3291 :
2443 3260 2461 3283 ι
2492 3235 2861 3294 Renovamini
2882 3236 3081 3308 spiritu
3102 3236 3304 3293 mentis
3328 3244 3528 3293 vestrae
3547 3235 3748 3309 (Ephes.

2168 3344 2247 3396 1v,
2278 3327 2393 3397 23);
2423 3352 2442 3376 ι
2488 3326 2659 3382 item:
2708 3352 2726 3375 ι
2772 3327 2892 3383 Etsi
2940 3326 3182 3383 exterior
3236 3326 3404 3383 homo
3438 3334 3624 3384 noster
3649 3340 3750 3381 cor-

2167 3417 2467 3491 rumpitur,
2497 3425 2681 3474 tamen
2716 3417 2947 3475 interior
2978 3424 3276 3475 renovatur
3310 3417 3380 3475 de
3405 3416 3499 3475 die
3529 3418 3588 3474 in
3618 3415 3749 3473 diem

2172 3508 2261 3581 (II
2290 3510 2413 3564 Cor.
2450 3526 2527 3576 ιν,
2578 3509 2690 3580 16).
2716 3534 2734 3557 ι

2241 3599 2293 3654 2.
2326 3600 2461 3655 Nam
2508 3599 2651 3655 sicut
2680 3606 2996 3669 renovatur,
3026 3600 3123 3673 qui
3161 3599 3229 3656 de
3272 3599 3421 3656 malo
3472 3597 3666 3656 transit
3692 3593 3750 3651 ad

2168 3689 2376 3745 bonum
2412 3706 2425 3755 ;
2462 3688 2541 3743 ita
2586 3697 2901 3759 renovatur,
2943 3689 3037 3763 qui
3064 3690 3132 3745 de
3159 3688 3308 3745 bono
3338 3688 3541 3745 transit
3568 3687 3635 3745 ad
3658 3700 3750 3742 me-

2173 3779 2300 3834 lius.
2334 3778 2439 3846 Qui
2471 3777 2538 3835 de
2567 3778 2789 3835 luxuria
2817 3779 2904 3834 vel
2933 3778 3178 3852 qualibet
3206 3777 3567 3834 immunditia
3595 3785 3752 3833 trans-

2172 3869 2216 3924 it
2246 3868 2310 3923 ad
2345 3868 2674 3938 castitatem,
2711 3868 2883 3925 vitam
2916 3885 3069 3925 suam
3114 3868 3423 3935 renovavit,
3469 3867 3566 3942 qui
3595 3865 3754 3921 aliena

2173 3974 2359 4031 rapere
2416 3957 2624 4031 injuste
2683 3965 3065 4027 consueverat,
3095 3958 3140 4014 si
3199 3974 3298 4013 sua
3323 3957 3556 4030 coeperit
3595 3956 3754 4013 mise-

2174 4050 2467 4126 ricorditer
2523 4049 2875 4119 distribuere,
2930 4048 3099 4103 vitam
3160 4064 3312 4104 suam
3370 4054 3620 4103 renovat.
3663 4043 3752 4112 Qui

2175 4139 2443 4212 superbus
2485 4140 2553 4195 ad
2606 4139 2977 4195 humilitatem
3010 4136 3313 4204 transierit,
3346 4145 3398 4192 et
3429 4135 3523 4208 qui
3556 4133 3753 4190 amabat

2175 4228 2460 4285 detrahere
2490 4228 2772 4296 fratribus,
2806 4227 2852 4284 si
2885 4226 3111 4299 cmperit
3146 4226 3343 4282 fratres
3372 4224 3621 4297 diligere,
3651 4221 3755 4278 sine

2176 4318 2347 4375 dubio
2379 4328 2607 4375 renovat
2626 4318 2797 4373 vitam
2820 4334 2973 4373 suam
3001 4335 3014 4383 ;
3047 4315 3174 4389 quia
3199 4314 3293 4388 qui
3325 4322 3442 4371 erat
3464 4313 3752 4370 membrum

2177 4407 2385 4464 diaboli
2417 4410 2557 4463 male
2588 4406 2849 4474 vivendo,
2900 4405 3096 4477 incipit
3125 4420 3239 4460 esse
3286 4404 3344 4459 in
3384 4419 3613 4476 corpore
3640 4397 3754 4456 novi

2178 4496 2443 4565 hominis,
2476 4496 2534 4551 id
2562 4506 2644 4553 est
2685 4494 2911 4553 Domini
2942 4494 3115 4551 nostri
3161 4494 3287 4549 Jesu
3327 4492 3559 4559 Christi,
3593 4506 3681 4565 per
3706 4485 3757 4541 ﬁ-

468 4586 628 4645 Molit
657 4546 806 4643 enim
845 4596 899 4644 et
943 4586 1061 4660 ipsa
1112 4546 1208 4659 per
1231 4546 1460 4661 litooysen
1517 4595 1570 4643 et
1586 4546 1889 4660 lprophetas
1923 4605 1934 4641 :
1973 4586 2067 4643 sed
2094 4546 2143 4606 D
2180 4587 2303 4645 dem
2361 4546 2561 4644 rectam
2613 4596 2667 4643 et
2729 4587 2929 4643 bonam
2975 4584 3374 4658 Operationem.
3438 4546 3756 4656 Freqdenter

471 4678 748 4737 inutiliter
803 4681 982 4751 molit,
1017 4681 1159 4738 sicut
1214 4680 1351 4738 dicit
1400 4681 1697 4755 Apostolus
1723 4682 1791 4739 de
1817 4681 2019 4739 Judmis
2054 4700 2065 4738 :

487 4796 507 4821 ι
546 4773 983 4831 Emulationem
1031 4774 1131 4831 Dei
1189 4773 1412 4843 habent,
1467 4775 1560 4832 sed
1600 4792 1711 4831 non
1769 4774 2068 4830 secundum

476 4862 763 4919 scientiam
796 4863 974 4938 (Rom.
1017 4880 1074 4933 x,
1105 4864 1182 4938 2).
1216 4891 1235 4913 ι
1286 4865 1585 4935 Inutiliter,
1634 4845 1880 4938 inquam,
1915 4865 2074 4923 molit

477 4953 793 5028 Synagoga:
832 4956 962 5028 quia
990 4950 1241 5012 massam‘
1261 4973 1415 5014 suam
1449 4956 1654 5014 Christi
1686 4955 1937 5012 doctrina
1963 4971 2075 5011 non

478 5052 789 5127 temperata
821 5050 1003 5121 Atque
1048 5049 1172 5106 ideo
1226 5050 1546 5107 evitandum
1606 5050 1863 5123 praecepit
1906 5049 2075 5119 Syna-

481 5152 629 5221 gogae
671 5137 940 5195 Dominus
971 5155 1087 5195 esse
1134 5140 1487 5210 fermentum,
1540 5139 1733 5209 dicens
1766 5159 1779 5196 :
1834 5138 2075 5195 «Cavete

480 5224 641 5283 vobis
675 5243 707 5283 a
735 5227 1007 5285 fermento
1032 5229 1434 5288 Pharisaeorum
1461 5232 1672 5301 (Matth.
1689 5248 1809 5295 xvi,
1834 5228 1888 5297 6,
1923 5228 2060 5298 11).»

493 5490 504 5502 .
565 5413 684 5486 (50)
720 5415 1004 5499 [tripodes
1024 5416 1221 5502 Lugd.;
1238 5417 1497 5502 Yalliscl.
1521 5426 1702 5502 autem
1728 5424 1891 5490 atque
1918 5415 2077 5502 edit.,

481 5491 540 5546 in
570 5505 738 5542 unum
768 5491 998 5558 vigorem
1048 5491 1392 5562 constringat.
1444 5491 1722 5546 Continuo
1776 5505 1907 5544 vero
1959 5493 2082 5559 post

483 5562 640 5631 solus
656 5558 908 5631 Valliscl.
944 5560 1095 5631 legit,
1127 5568 1283 5631 atque
1312 5563 1371 5615 in
1398 5577 1565 5631 unum
1586 5577 1718 5630 opus
1745 5561 1969 5631 redigat.
2004 5628 2040 5631 Δ

483 5576 637 5617 sonus
667 5576 908 5615 vamsci.
944 5576 993 5614 1e
1032 5576 1095 5630 ιι,
1127 5576 1283 5631 atque
1312 5579 1371 5615 in
1398 5577 1565 5615 unum
1586 5577 1718 5630 opus
1745 5576 1969 5631 redigat.

555 5628 676 5702 (51)
709 5628 912 5685 Omnes
946 5577 1080 5699 edgit,
1113 5648 1175 5712 ac
1216 5632 1388 5704 Lugd.
1425 5630 1623 5712 codex,
1663 5631 1805 5699 quod
1808 5647 1930 5756 (fer
1983 5628 2081 5710 di:-

483 5716 632 5755 versa
652 5704 816 5753 antra
840 5714 858 5756 ;
896 5703 1242 5756 commodius
1264 5719 1368 5756 ms.
1393 5701 1670 5756 Valliscl..
1703 5718 1805 5756 auo
1878 5717 1974 5756 uer
2002 5699 2081 5755 di-

480 5699 632 5755 versa
652 5704 816 5753 antra
836 5714 858 5763 ;
896 5702 1242 5760 commodius
1264 5699 1368 5759 nis.
1393 5700 1670 5767 Valliscl.,
1703 5699 1849 5770 quod
1876 5717 1974 5770 per
2002 5699 2081 5755 di-

2180 4676 2431 4744 audistis,
2465 4676 2663 4732 fratres
2709 4675 3041 4745 charissimi,
3079 4674 3217 4730 duos
3259 4690 3377 4730 esse
3422 4662 3760 4735 homines,id

2180 4779 2281 4839 est,
2314 4769 2489 4825 Adam
2518 4776 2571 4823 et
2605 4768 2886 4826 Christum
2920 4789 2933 4837 ;
2968 4768 3060 4825 ille
3090 4768 3299 4825 dicitur
3327 4775 3510 4836 vetus,
3556 4764 3653 4821 iste
3678 4776 3758 4815 vo.

2182 4868 2337 4918 catur
2364 4877 2563 4916 novus.
2595 4861 2667 4915 Et
2695 4859 2818 4916 ideo
2873 4859 2966 4933 qui
2999 4859 3174 4915 malus
3202 4867 3306 4927 est,
3340 4866 3502 4913 vetus
3531 4863 3631 4922 est,
3653 4849 3759 4906 imi-

2181 4951 2350 5008 tando
2369 4950 2547 5018 illum,
2578 4949 2672 5022 qui
2705 4949 2811 5005 fuit
2834 4950 2889 5004 in
2912 4946 3189 5021 paradisio
3216 4946 3486 5019 superbus
3511 4954 3565 5000 et
3595 4939 3760 4998 inobe-

2184 5042 2380 5110 diens;
2415 5038 2511 5113 qui
2566 5056 2697 5095 vero
2747 5038 2923 5094 bonus
2979 5043 3081 5104 est,
3117 5052 3295 5091 novus
3333 5041 3441 5100 est,
3504 5023 3761 5103 sequendo

2184 5130 2343 5186 illum
2376 5129 2471 5202 qui
2525 5128 2706 5185 dicit:
2756 5127 3002 5183 «Discite
3041 5143 3072 5182 a
3128 5142 3216 5200 me
3265 5124 3397 5197 quia
3446 5119 3597 5177 mitis
3631 5128 3758 5177 sum,

2183 5228 2238 5276 et
2276 5219 2507 5275 humilis
2534 5218 2697 5275 corde
2728 5217 2940 5289 (Matth.
2970 5215 3161 5287 x1,29)
3189 5233 3203 5282 ;
3237 5233 3266 5267 ››
3299 5220 3355 5269 et
3391 5213 3459 5268 de
3486 5225 3594 5284 quo
3617 5208 3759 5276 Apo-

2185 5429 2336 5469 versa
2365 5418 2540 5486 antea,
2570 5407 3103 5486 ευρριθιιάιιωλοίτςξ-
3148 5476 3162 5486 .
3265 5475 3303 5486 ..
3460 5471 3471 5482 .
3558 5475 3572 5486 .
3623 5454 3758 5486 ,;-;.;

2262 5465 2772 5567 Gades—Reg.
2830 5487 2884 5535 et
2939 5476 3213 5544 Valliscl.,
3244 5471 3472 5547 dispersi
3524 5475 3573 5525 et
3613 5465 3759 5520 divis:

2188 5563 2413 5627 penitus,
2443 5563 2549 5612 etc.
3749 5614 3761 5625 .

2265 5628 2383 5698 (53)
2432 5625 2593 5698 Edit.
2632 5639 2839 5690 omnes,
2889 5621 3180 5698 symbolum
3213 5619 3326 5698 sine
3352 5634 3455 5689 quo
3482 5610 3756 5698 fermento.

2191 5690 2321 5755 mss.
2352 5690 2533 5755 autem
2582 5697 2765 5756 locum
2797 5690 3116 5760 restituunt,
3138 5698 3201 5747 ut
3226 5690 3285 5747 in
3316 5692 3594 5747 contextu.
