3864 6188
111 312 213 370 653

915 323 1287 387 SERMONES
1328 330 1384 388 S.
1425 331 1782 393 AMBROSIO
1824 337 2194 400 HACTENUS
2230 347 2568 412 ASCRIPTI.

109 443 273 498 stolus
301 442 376 499 ait
403 462 414 500 :
486 466 506 492 ι
537 446 738 506 Factus
762 457 843 506 est
875 452 1134 512 obediens
1162 474 1334 532 usque
1361 460 1430 516 ad
1464 469 1695 519 mortem
1724 468 1776 528 Α
1803 467 1896 538 qui
1927 477 2127 528 terram
2168 489 2224 530 re

3288 373 3394 434 654

2228 479 2608 546 promissionis
2637 485 3003 564 intraverunt,
3055 505 3111 555 et
3152 498 3395 560 ﬁdeliter

1818 531 1836 538 “
2228 531 2246 546 ι
2332 531 2608 540 ““““’“””“““’
2637 531 3003 564 ’⁵⁸⁷⁵⁸’ννιυυῠι
3055 531 3111 555 υ.
3152 531 3390 560 ιιυυιιιυι·

109 531 361 604 (Philipp.
390 550 450 602 η,
474 535 594 606 8).»
631 536 736 594 Sed
759 542 889 613 quia
908 541 1013 600 hoc
1031 531 1474 619 tempusnovum
1495 568 1696 614 nomen
1803 554 1863 610 in
1897 558 2155 618 Ecclesiae
2198 563 2358 620 vinea
2401 569 2721 646 laborando,
2779 579 3067 643 denarium
3115 600 3390 664 perpetua

110 620 258 664 habet
329 622 539 664 Μαίη-η
585 627 941 664 ΩᾹΜΛᾺΔΠΊΠΩ
984 634 1106 664 ςιιη-
1181 638 1270 664 -..ἒ
1318 649 1524 664 ---ι-..-κ
1573 645 1592 664 3
1676 655 1689 664 .
1802 644 1862 664 ι-
1909 649 1966 664 .·.
2030 651 2068 664 υ
2120 654 2130 664 .
2351 659 2362 664 -

2401 620 2721 646 ------..υιν,
2779 620 3067 643 uvas-suun
3115 620 3388 664 vulpinum

110 620 280 690 habet,
329 622 539 681 idcirco
582 627 944 690 admonemus
983 634 1129 706 illos,
1179 638 1273 711 qui
1318 649 1528 700 veteres
1565 645 1695 704 sunt
1801 644 2162 711 beatitudinis
2215 659 2495 732 percipere
2547 678 2899 742 memorant;
2944 684 3214 750 quatenus
3259 699 3388 742 cum

111 711 240 750 mnia
269 712 508 750 υἰυωπιη
560 726 620 750 11}
653 718 761 750 m'ne
793 722 922 750 ..Αυζ
960 722 1096 750 1.....-
1132 743 1419 750 --.ηημηη
1448 733 1463 750 ι
1905 738 1936 750 ..
2232 745 2280 750 Α-
2342 748 2349 750 ξ

108 711 240 766 male
269 712 530 783 vivendo,
560 726 623 773 ut
652 718 764 775 sint
793 722 924 778 novi
960 722 1099 782 bene
1125 733 1523 791 conversando.

1799 738 1975 810 capite
2004 753 2193 802 nostro
2222 745 2443 806 Christo
2473 769 2593 824 vos,
2641 757 2737 830 qui
2783 738 2900 833 ejus
2943 738 3202 828 membra
3234 738 3385 846 estis,

168 817 218 872 3.
262 819 642 880 Admonemus
670 825 798 884 mos
830 831 923 903 qui
949 830 1062 903 jam
1094 836 1225 891 novi
1257 847 1386 894 sum
1413 856 1510 913 per
1545 841 1688 902 bona
1795 829 2018 896 possitis
2045 848 2270 905 regnare
2309 855 2406 911 per
2432 841 2655 901 inﬁnita
2683 852 3016 911 saeculorum
3042 863 3258 920 saecula.

101 923 277 978 opera,
335 916 397 964 ut
442 927 706 971 renovare
733 919 986 976 studeant
1031 922 1090 978 in
1133 923 1238 981 hoc
1262 943 1409 984 novo
1438 938 1682 1005 tempore

97 1013 186 1069 per
214 1015 378 1071 opera
409 1004 673 1061 meliora:
722 1008 876 1064 verbi
903 1012 1093 1082 gratia,
1145 1032 1323 1074 novus
1353 1021 1446 1092 qui
1476 1032 1558 1078 est
1587 1042 1683 1096 per

97 1087 392 1144 castitatem
427 1094 689 1150 cessando
741 1113 772 1151 a
821 1099 964 1155 malo
994 1118 1172 1174 opere,
1226 1119 1524 1168 renovetur
1551 1131 1679 1171 ces-

94 1177 253 1233 sando
301 1177 368 1233 ab
416 1179 591 1252 ipsius
621 1186 803 1256 operis
833 1189 1214 1252 delectatione.
1267 1197 1536 1258 Similiter
1581 1205 1676 1278 qui

93 1264 328 1336 humilis,
374 1275 427 1325 et
456 1269 734 1343 obediens,
786 1283 840 1333 et
870 1279 1200 1354 misericors,
1249 1294 1302 1342 et
1334 1291 1542 1361 patiens
1571 1302 1671 1364 est,

91 1364 373 1413 renovetur
399 1375 616 1418 necesse
645 1372 729 1420 est
757 1369 1004 1438 quotidie
1029 1390 1042 1440 ;
1086 1383 1148 1431 ut
1177 1377 1515 1447 proﬁciendo
1544 1400 1673 1440 cre-

89 1452 192 1500 scat
224 1446 279 1501 in
311 1446 444 1520 ipsis
469 1451 792 1524 virtutibus,
847 1461 1147 1518 secundum
1180 1446 1320 1522 illud
1349 1471 1495 1541 quod
1527 1473 1672 1528 scri-

88 1541 229 1604 ptum
263 1543 384 1593 est:
455 1564 472 1588 ι
501 1540 665 1599 Ibunt
707 1545 774 1601 de
817 1548 1024 1606 virtute
1069 1552 1126 1607 in
1179 1540 1441 1614 virtutem
1491 1561 1665 1632 (Psal.

88 1641 313 1696 Lxxxm,
345 1628 427 1701 8).
475 1655 494 1679 ι
538 1634 709 1691 Nemo
735 1647 1007 1710 nostrum,
1061 1643 1392 1717 charissimi,
1444 1666 1668 1711 securus

86 1716 166 1784 sit,
205 1717 333 1791 quia
362 1719 669 1793 baptizatus
697 1735 777 1784 est
808 1747 821 1797 ;
874 1731 1131 1804 quoniam
1161 1736 1306 1794 sicut
1333 1755 1445 1796 non
1475 1758 1665 1802 omnes

85 1807 168 1878 qui
214 1808 268 1863 in
317 1810 496 1868 stadio
539 1826 790 1886 currunt,
844 1821 1124 1895 accipiunt
1150 1824 1428 1899 bravium,
1479 1831 1536 1888 id
1585 1843 1666 1892 est
1694 1836 1742 1899 B

84 1893 401 1956 destinatum
433 1905 742 1975 praemium,
793 1909 887 1966 sed
915 1893 1011 1969 ille
1049 1917 1145 1989 qui
1193 1919 1347 1991 prius
1389 1927 1660 1985 currendo

81 1988 318 2054 pervenit
348 1990 404 2061 (Ι
430 1991 553 2050 Cor.
583 2011 664 2065 rx,
696 1995 788 2069 24)
819 2017 832 2066 ;
865 1999 944 2057 ita
970 1988 1081 2060 non
1111 1988 1301 2067 omnes
1331 2013 1426 2086 qui
1456 2014 1660 2074 habent

81 2072 250 2145 ﬁdem,
305 2081 632 2142 salvantur:
685 2087 781 2143 sed
838 2089 926 2146 illi
968 2103 1183 2152 tantum
1243 2072 1364 2173 qui.
1391 2103 1448 2159 in
1486 2104 1654 2178 bono,

80 2165 209 2235 quod
239 2166 665 2242 inchoaverunt,
695 2192 857 2248 opere
889 2165 1275 2252 perseverant:
1291 2190 1363 2246 Et
1389 2192 1532 2249 sicut
1562 2165 1657 2252 ille

80 2253 157 2324 qui
187 2255 452 2314 adversus
481 2261 712 2318 alterum
744 2279 966 2339 pugnat,
1017 2273 1083 2328 ab
1113 2277 1371 2334 omnibus
1401 2299 1455 2338 se
1484 2283 1656 2341 absti-

80 2349 191 2408 net;
226 2343 304 2398 ita
333 2354 388 2402 et
419 2363 517 2406 vos
546 2350 614 2406 ab
643 2355 902 2413 omnibus
931 2359 1087 2417 vitiis
1113 2363 1385 2423 abstinere
1423 2371 1654 2443 debetis,

79 2439 128 2485 ut
154 2431 456 2504 diabolum,
491 2447 737 2498 vestrum
769 2457 1193 2522 persecutorem,
1236 2472 1492 2528 superare
1519 2477 1655 2532 pos—

79 2521 199 2579 sitis.
255 2524 441 2582 Miseri
488 2528 739 2590 homines
785 2553 911 2594 cum
956 2543 1219 2613 periculis
1268 2548 1397 2606 vitae
1444 2569 1555 2609 suae
1602 2564 1656 2613 et

81 2610 342 2671 immensis
373 2617 656 2678 laboribus
683 2626 932 2683 serviunt
959 2631 1070 2702 regi
1105 2640 1321 2693 terreno
1350 2656 1448 2712 pro
1477 2641 1653 2701 bene-

81 2699 188 2758 ﬁcio
235 2705 344 2761 cito
392 2711 695 2768 transituro
751 2723 804 2771 et
858 2717 1124 2792 perituro,
1178 2741 1343 2798 quare
1397 2746 1496 2788 vos
1539 2749 1649 2792 non

79 2796 274 2853 servitis
313 2800 427 2872 regi
474 2805 710 2862 caelestis
757 2810 909 2882 regni
937 2796 1279 2876 beatitudine
1321 2824 1644 2900 perfruenti,

78 2897 282 2958 eamque
311 2888 692 2951 laborantibus
723 2898 975 2971 largienti
998 2903 1027 2960 ?
1071 2905 1186 2963 Jam
1219 2888 1349 2983 quia
1378 2930 1474 2986 per
1526 2888 1643 2990 (διεδ

78 2972 216 3030 ﬁdem
235 2976 298 3034 ad
315 2980 558 3051 vineam,
577 2984 633 3040 id
659 2995 762 3056 est,
785 2991 851 3046 ad
873 3002 1073 3051 sanctae
1091 2999 1349 3059 Ecclesiae
1375 3006 1641 3066 unitatem

77 3065 230 3120 vocati
261 3067 388 3124 estis
426 3085 459 3124 a
489 3071 762 3146 Domino;
810 3078 886 3135 ita
914 3083 1088 3140 vivite
1133 3096 1185 3143 et
1234 3091 1310 3147 ita
1357 3111 1640 3154 conversa-

77 3154 211 3225 mini,
233 3167 292 3214 ut
319 3159 632 3236 denarium,
656 3166 712 3224 id
739 3179 820 3226 est
849 3176 1003 3244 regni
1032 3179 1269 3237 caelestis
1295 3184 1635 3260 felicitatem,
1671 3199 1721 3265 α

76 3242 167 3300 Deo
197 3247 474 3323 largiente,
515 3256 758 3328 accipere
788 3242 1016 3320 valeatis
1050 3267 1263 3338 (Matth.
1297 3289 1393 3342 xx,
1429 3242 1540 3350 lO)‘.

131 3350 176 3408 4.
213 3357 376 3415 Nemo
434 3361 692 3435 desperet
732 3367 798 3423 de
852 3373 1231 3445 magnitudine
1291 3393 1637 3453 peccatorum

73 3454 286 3516 suorum,
317 3448 594 3510 dicendo:
637 3454 810 3512 Multa
839 3469 967 3517 sunt
995 3475 1216 3535 peccata
1246 3485 1384 3541 mea,
1416 3474 1474 3530 in
1505 3478 1636 3550 qui—

73 3525 151 3550 L__
475 3539 494 3550 .

71 3525 155 3586 bus
203 3550 364 3608 usque
419 3539 498 3597 ad
551 3553 884 3604 senectutem
935 3525 1384 3629 ehdecrepitam’
1419 3525 1634 3624 tetajtem

70 3629 377 3687 perseveravi
397 3649 408 3686 :
422 3630 550 3703 jam
565 3639 862 3706 promereri
884 3657 993 3698 non
1008 3649 1630 3728 poteroindulgentiam,

69 3714 276 3774 maxime
302 3722 427 3794 quia
449 3736 687 3796 peccata
715 3746 801 3787 me
835 3731 1183 3809 dimiserunt,
1228 3759 1339 3800 non
1385 3762 1481 3819 ego
1511 3750 1628 3808 illa.

69 3799 198 3860 Absit
225 3816 280 3864 ut
307 3813 431 3870 talis
489 3813 554 3871 de
591 3818 692 3874 Dei
741 3821 1119 3884 misericordia
1169 3799 1452 3906 desperet:
1504 3841 1633 3913 quia

69 3889 140 3913 ..ει
170 3911 192 3913 _
233 3897 242 3908 ο
363 3903 378 3913 -
799 3911 804 3913 -

1267 3889 1283 3905 ι
1312 3889 1352 3891 τί
1371 3889 1385 3892 ν
1402 3889 1414 3892 -
1438 3889 1452 3906 ι
1508 3889 1629 3913 Ὶ“““

69 3889 143 3944 alii
170 3897 336 3965 prima
363 3903 529 3977 hora,
557 3908 652 3964 alii
683 3911 866 3983 tertia,
889 3915 985 3972 alii
1015 3929 1189 3990 sexta,
1212 3924 1307 3980 alii
1337 3943 1502 3999 nona,
1532 3931 1629 3989 alii

71 3979 181 3999 nn).
225 3985 234 3995 '
417 3993 432 3999 ⁸
481 3997 506 3999 ξ
575 3997 583 3999 “

850 3979 860 3983 ν
1173 3979 1188 3990 ,
1337 3979 1502 3999 -----,
1533 3979 1628 3989 --η

71 3979 327 4045 undecima
372 3993 439 4049 ad
479 3997 587 4052 Dei
626 4011 894 4059 vocantur
923 4006 1160 4080 vineam,
1213 4012 1270 4069 id
1299 4025 1398 4086 est,
1442 4019 1538 4074 alii
1570 4022 1628 4078 in

75 4072 294 4145 pueritia,
319 4081 412 4137 alii
446 4085 506 4140 in
529 4085 1023 4163 adolescentia,alii
1045 4099 1104 4154 in
1118 4099 1431 4178 juventute,
1453 4110 1548 4166 alii
1569 4112 1628 4169 in

73 4167 332 4237 senectute,
385 4173 481 4229 alii
513 4175 576 4231 in
608 4177 884 4255 decrepita
911 4195 1068 4245 aetate
1209 4196 1307 4251 Dei
1337 4167 1627 4260 servitium

72 4252 447 4343 pertrahuntur.
496 4273 648 4332 410
673 4271 745 4328 Et
770 4252 916 4331 sicut
942 4279 1130 4336 nullus
1159 4252 1447 4358 desperare?

1114 4335 1121 4336 ,
1166 4335 1442 4358 μτνηη
1468 4335 1626 4352 μων.

74 4335 442 4446 influacunque
471 4371 630 4419 astate
672 4367 763 4437 sit,
815 4369 862 4425 si
910 4373 978 4428 ad
1027 4376 1327 4438 Dominum
1375 4389 1626 4446 converti

72 4429 302 4534 foluerit:
354 4445 432 4528 ita
469 4453 660 4509 nullus
703 4471 802 4527 pro
832 4460 948 4516 sola
987 4462 1096 4521 ﬁde
1134 4482 1357 4528 securus
1399 4489 1511 4531 esse
1535 4477 1624 4534 de-

73 4513 162 4639 bet,
200 4531 290 4639 'sed
332 4526 516 4607 petius
565 4513 949 4615 pertimescere
1002 4552 1129 4625 hoc,
1177 4561 1327 4632 quod
1380 4563 1622 4629 dicitur:
1656 4579 1704 4639 D

565 4609 580 4615 -
1054 4609 1129 4625 "I
1185 4609 1327 4632 1"“
1382 4609 1578 4623 ““""“‘
1607 4614 1622 4629 ⁸

83 4629 96 4653 ι
119 4609 257 4674 Multi
282 4627 426 4684 enim
461 4641 591 4689 sunt
619 4637 821 4707 vocati,
853 4643 1011 4713 pauci
1042 4662 1173 4704 vero
1204 4650 1363 4710 electi
1413 4655 1623 4728 (Matth.

83 4711 127 4728 ιν
180 4705 253 4728 ΙΒΧ
389 4717 422 4728 Α
523 4722 538 4728 -

806 4705 813 4707 ν
853 4705 869 4713 _
1216 4705 1223 4706 κ
1414 4705 1623 4728 παπ...

72 4709 147 4766 ΚΧ,
177 4705 278 4781 16).
322 4739 340 4762 ι
384 4717 545 4786 Quod
585 4727 765 4783 vocati
816 4747 1006 4790 sumus
1063 4753 1159 4808 per
1209 4740 1396 4816 ﬁdem,
1456 4750 1628 4805 novi-

73 4799 200 4850 mus:
231 4801 321 4858 sed
344 4806 390 4861 si
421 4826 612 4870 sumus
640 4817 709 4873 ad
739 4818 910 4876 vitam
943 4832 1204 4884 aeternam
1237 4833 1420 4902 electi,
1453 4839 1627 4895 nesci-

69 4886 183 4936 mus.
229 4887 397 4951 Tanto
425 4915 554 4973 ergo
581 4903 742 4962 debet
772 4914 1151 4988 unusquisque
1181 4933 1294 4976 esse
1335 4921 1621 4998 humilior,

71 4976 239 4998 mm“
303 4983 336 4998 ί.
402 4987 432 4998 ._
503 4991 516 4998 .

71 4976 263 5047 quanto,
294 4983 338 5038 si
367 4987 440 5043 sit
469 4991 694 5066 electus,
730 4976 963 5072 ignorat.

87 5160 94 5168 _
649 5160 652 5161 ν
700 5160 1042 5182 -___-__r------
1070 5160 1235 5187 νην,
1291 5160 1348 5177 ι..
1397 5160 1508 5177 ,ινα
1537 5160 1626 5181 δι-

66 5166 120 5260 tis
137 5165 194 5224 de
216 5170 429 5239 illorum
452 5203 708 5264 numero,
737 5200 830 5272 qui
856 5217 1006 5258 mare
1029 5204 1274 5263 Rubrum
1298 5208 1444 5265 sicco
1463 5213 1626 5270 vesti-

63 5263 130 5374 εἷο
154 5265 502 5346 transierunt,
554 5298 761 5341 manna
794 5288 851 5344 in
883 5289 1098 5349 deserto
1128 5297 1620 5374 manducaverunt,

63 5352 80 5374 α
124 5358 234 5374 λλι-
391 5364 401 5374 ι
444 5367 454 5374 -
521 5369 535 5374 -

59 5346 292 5460 ξξηβθίαω
323 5364 638 5460 spiritalem
668 5376 951 5452 biberunt,
974 5391 1028 5441 et
1062 5396 1285 5460 propter
1318 5347 1622 5449 murmura:

60 5433 238 5501 “onem
263 5433 417 5511 suam
447 5456 508 5515 in
536 5476 723 5524 eremo
751 5433 1093 5542 perierunt:r
1127 5433 1222 5534 aid
1273 5476 1341 5535 de
1395 5478 1620 5540 illorum

124 5605 594 5722 £332.13?chon
616 5649 802 5722 unus,
826 5642 938 5714 regi
964 5647 1155 5722 cwlesti
1177 5663 1282 5719 pro
1312 5647 1462 5722 regni
1489 5647 1619 5708 bea-

67 5671 280 5746 ιειιιάίγῑεξ
290 5671 594 5772 ’.ὶᾶἆηῒιὶἱέἕ
603 5671 1036 5783 manat:

2390 986 2622 1048 SERMO
2661 993 2785 1054 XV.

2191 1091 2481 1154 Dominica
2519 1100 2577 1155 in
2617 1103 2985 1179 Sexagesima.

1785 1188 1938 1244 Hunc
1985 1210 2274 1279 sermonem
2316 1220 2422 1285 non
2467 1224 2572 1292 esse
2616 1211 2890 1272 Ambrosii
2919 1227 3123 1298 praeter
3160 1241 3221 1281 ea
3266 1243 3383 1298 quae

1863 1278 2118 1298 ..............
2145 1288 2490 1298 ..-.._-_--__---t,
2582 1282 2596 1298 .
2659 1285 2692 1298 ..

2728 1267 2765 1269 η
2965 1267 3104 1278 ....-.
3160 1267 3221 1281 ν..
3305 1267 3380 1286 ww

1857 1267 2122 1345 superiori
2140 1275 2516 1362 mamisimns,
2623 1285 2781 1366 etiam
2808 1267 3022 1366 prohat,
3063 1298 3204 1366 quod
3230 1267 3380 1356 εἶπαι

2567 1336 2574 1338 ἡ
2851 1336 3002 1347 Νη,
3103 1336 3204 1353 ww
3230 1336 3380 1356 πω-

1853 1336 2088 1429 ge'sin‘ue.
2121 1336 2518 1429 dsum,__cujns
2542 1336 2877 1429 instituendi
2931 1336 3250 1425 oceaslionem
3307 1373 3382 1429 ad

2576 1406 2877 1416 -.---ν,..ν--ν--ν
2931 1406 3250 1425 νυνωυυυιοσηι
3307 1406 3380 1429 ιιω

1853 1406 2214 1513 adulterinum
2229 1489 2242 1513 Ι
2256 1406 2595 1513 ⁸ἐλῑιεέρῖιίέίιίξ
2659 1445 2832 1513 papa:
2887 1434 3150 1513 decretum
3212 1441 3380 1513 refert

1852 1477 2113 1573 Atestinus
2135 1487 2192 1541 in
2225 1489 2440 1573 lib.__D_e
2469 1477 2994 1573 lilcclesfuﬁvfiicfivn
3010 1477 3377 1573 "idfser'ni'déé

2424 1549 2429 1550 ,
2470 1549 2676 1556 ﬁ--_-_.
2736 1549 2887 1562 v-..vo
2940 1549 2994 1563 πυ
3019 1549 3112 1567 ιιυυ
3142 1549 3210 1570 οῡι
3230 1549 3375 1573 υιυησ

1851 1549 2174 1643 signiﬁcetur
2224 1578 2273 1643 a_
2310 1564 2633 1643 _Telesphoro
2680 1589 2826 1642 esse;
2872 1594 2987 1635 cum
3033 1584 3170 1639 enim
3219 1586 3375 1643 illam

1907 1630 2218 1716 creatoris“
2239 1630 2508 1716 falsarum
2585 1630 2985 1716 Decreta’litintm

1848 1700 2128 1788 const'etjn
2163 1700 2402 1788 Ecclesia
2446 1728 2552 1768 non
2595 1714 2703 1770 nisi
2747 1700 2884 1774 nono
2925 1722 3134 1782 ineunte
3177 1732 3370 1788 saeculo

2493 1766 2500 1768 _
2750 1766 2880 1774 π.--
2930 1766 3132 1782 ..ηυυηυ
3177 1766 3370 1788 συοωηυ

1853 1766 2158 1858 incaluisse,
2177 1846 2211 1858 ,⁸
2238 1779 2472 1858 eamdem
2556 1799 2844 1845 sermonem
2897 1797 3129 1852 auctoris
3194 1801 3370 1858 eodem

1843 1843 2416 1940 scqculpuantiqniqris
2471 1869 2848 1940 nequaquam“
2871 1879 2977 1940 esse
3028 1869 3369 1940 manifestum

1842 1917 1955 2010 est.‘
1980 1914 2132 2010 Adde
2161 1914 2242 1973 his
2293 1921 2356 1976 de
2397 1914 2848 2010 quadragesimali

1841 2002 1900 2080 ea
1935 1988 2100 2068 tradi,
2157 1988 2420 2080 quw'cnni
2446 1997 2558 2053 ritu
2599 1988 2658 2054 in
2691 1988 3366 2080 oyadrdyéiehdﬁédéb:

1843 2057 1955 2140 lani
1983 2057 2190 2117 servari
2217 2064 2374 2146 solito
2400 2085 2507 2146 no_n
2535 2057 2861 2146 conueniant,
2910 2057 2972 2136 at
2995 2099 3062 2138 ea:
3091 2083 3364 2143 Admoni-

1836 2130 1976 2258 gare
1997 2139 2186 2192 nostra
2226 2136 2284 2193 in
2313 2139 2404 2196 lib.
2455 2143 2533 2199 De
2557 2143 2682 2203 Elia
2713 2153 2768 2204 et
2789 2130 3361 2233 ίέῖιιῆἰόῖᾱῑιῗᾷἴῷὂέ

1881 2219 1907 2258 8
1935 2246 1948 2258 .

1881 2219 1948 2261 π.

1838 2327 1888 2382 1.
1929 2327 2099 2387 Adest
2126 2339 2364 2407 tempus,
2395 2336 2708 2401 charissimi
2747 2345 2966 2417 fratres,
2997 2352 3145 2425 quod
3177 2355 3359 2416 Sexa-

1765 2416 1969 2488 gesima
1997 2430 2258 2492 vocatur;
2308 2435 2363 2483 et
2395 2428 2519 2486 ideo
2548 2448 2766 2492 necesse
2812 2445 2894 2494 est
2940 2449 3003 2498 ut
3030 2444 3146 2500 vita
3174 2454 3356 2507 vestra

1763 2514 2026 2578 mutetur,
2077 2528 2256 2571 mores
2302 2519 2664 2594 corrigantur,
2714 2527 2954 2587 mundus
2997 2531 3351 2609 despiciatur,

1762 2601 1816 2650 et
1839 2598 2074 2657 caelestis
2102 2604 2280 2674 patria
2307 2607 2590 2668 ardentius
2618 2613 2897 2688 diligatur.
2937 2620 3074 2678 Nam
3093 2598 3353 2687 senarius

1753 3045 1912 3104 illum
1946 3053 2124 3110 voluit
2143 3055 2430 3118 redimere.
2449 3061 2603 3122 Unde
2629 3067 2721 3139 qui
2739 3045 3341 3149 jam'Septuagesimam

1749 3137 2083 3213 celebrastis,
2131 3154 2186 3202 et
2235 3147 2401 3207 hodie
2454 3137 2847 3228 sexagesimam
2905 3137 3212 3238 celebratis,
3275 3186 3340 3230 ac

1751 3225 1950 3286 deinde
2003 3233 2522 3311 Quinquagesimam
2564 3225 2618 3303 et
2664 3246 3167 3327 Quadragesimam,
3198 3225 3339 3316 ’Deo

1750 3321 2011 3391 propitio,
2033 3325 2359 3385 celebraturi
2389 3333 2540 3404 estis,
2559 3335 2792 3398 istorum
2821 3321 3112 3405 nominum
3141 3357 3342 3424 myste-

1749 3407 1832 3463 ria
1861 3410 2020 3468 vobis
2048 3415 2398 3476 manifestare
2424 3422 2706 3486 debemus.

1819 3500 1872 3555 2.
1914 3501 2337 3579 Quadragesima
2365 3514 2629 3574 nimirum
2666 3536 2763 3577 sex
2791 3523 3124 3597 septimanae
3150 3527 3338 3605 habet,

1747 3587 1836 3644 cui
1853 3589 2073 3686 addicit
2101 3596 2468 3672 Telesphorus
2495 3609 2748 3679 pontifex
2777 3587 3068 3686 septimam
3117 3587 3340 3678 hebdo:

1745 3676 1983 3750 madam,
2005 3689 2059 3739 et
2085 3696 2340 3746 vocatum
2371 3676 2576 3754 esthoc
2595 3704 2811 3774 tempus
2829 3676 3292 3781 buinquagesima
3317 3727 3331 3772 :

1743 3765 1943 3827 deinde
2014 3773 2082 3830 ab
2137 3777 2263 3836 aliis
2315 3781 2503 3841 addita
2575 3796 2657 3845 est
2707 3765 2920 3852 .octava
2976 3765 3291 3870 septimana
3317 3843 3334 3871 ,

1743 3863 1798 3912 et
1888 3869 2143 3923 vocatum
2236 3878 2320 3927 est
2392 3872 2572 3944 ipsum
2657 3887 2876 3954 tempus
2947 3863 3331 3959 Sexagesima;

1743 3952 2091 4019 postmodum
2166 3974 2298 4016 vero
2353 3963 2541 4023 addita
2615 3977 2697 4026 est
2760 3952 2906 4030 nova
2970 3952 3332 4052 hebdomade,

1741 4045 1795 4092 et
1821 4038 1969 4095 dicta
2006 4050 2088 4099 est
2117 4044 2541 4122 Septuagesima.
2575 4057 2846 4124 Quoniam
2875 4062 3020 4123 sicut
3047 4081 3079 4122 a
3099 4038 3337 4140 quatuor

1741 4123 2185 4204 Quadragesima,
2236 4144 2290 4194 et
2318 4155 2350 4194 a
2379 4156 2476 4198 sex
2507 4143 2893 4221 Sexagesima;
2945 4153 3024 4213 ita
3062 4172 3093 4214 a
3113 4123 3331 4232 septem

1740 4213 2145 4314 Septuagesima
2173 4225 2399 4288 dicitur.
2460 4233 2613 4292 Unde
2651 4213 2705 4295 si
2752 4213 2890 4314 quis,
2917 4245 3085 4304 modo

1739 4303 2009 4367 decimam
2041 4314 2423 4392 septimanam,
2469 4341 2585 4382 non
2628 4344 2747 4388 eam
2792 4349 3113 4396 vocaremus
3162 4339 3331 4399 deca-

1739 4397 2023 4472 gesimam,
2055 4405 2149 4463 sed
2169 4413 2579 4488 octogesimam,
2601 4429 2820 4480 servato
2849 4429 3068 4486 numeri
3096 4431 3324 4491 ordine:

1737 4486 1867 4558 quia
1896 4500 2017 4564 post
2042 4503 2273 4573 septem,
2321 4518 2354 4561 a
2383 4520 2493 4580 quo
2530 4486 2931 4588 septuagesima
2976 4486 3152 4591 venit,
3201 4531 3329 4582 sunt

1735 4588 1876 4638 οΟῐΟ.

1809 4670 1861 4726 3.
1903 4673 2328 4753 Quadragesima
2356 4685 2482 4744 ideo
2509 4700 2779 4763 servatur,
2836 4697 2966 4768 quia
3006 4697 3223 4771 Moyses
3273 4709 3328 4758 et

1735 4757 1906 4830 Elias,
1965 4773 2019 4821 et
2064 4768 2316 4828 Salvator
2344 4775 2704 4848 quadraginta
2733 4757 2927 4839 diebus
2977 4795 3030 4842 et
3069 4757 3327 4846 noctibus

1731 4845 2007 4918 jejunasse
2039 4855 2313 4926 leguntur.
2361 4845 2826 4937 Quinquagesima
2854 4869 2978 4926 ideo
3019 4890 3049 4928 a
3089 4875 3329 4946 quibus-

1736 4935 1858 4992 dam
1892 4949 2162 5013 servatur,
2193 4947 2252 5002 in
2283 4964 2389 5020 qua
2417 4935 2548 5006 sunt
2576 4935 2974 5029 quinquaginta
3000 4935 3150 5020 dies:
3198 4967 3327 5039 quia

1735 5025 1782 5081 si
1811 5027 2150 5088 subtraxeris
2199 5036 2268 5092 ab
2311 5035 2401 5093 his
2427 5025 2633 5112 septem
2661 5045 3001 5121 Dominicas,
3049 5068 3161 5110 non
3197 5073 3326 5115 am-

1734 5117 1880 5189 plius
1909 5133 2191 5181 remanent
2235 5127 2293 5182 in
2322 5129 2676 5205 abstinentia,
2717 5137 2825 5195 nisi
2872 5117 3233 5219 quadraginta
3271 5156 3325 5208 et

1733 5207 1844 5264 duo
1873 5209 1989 5268 dies
2015 5231 2027 5270 :
2083 5223 2136 5271 et
2166 5216 2224 5272 in
2254 5221 2389 5292 ipsis
2417 5221 2632 5284 duobus
2661 5229 2856 5289 diebus
2886 5207 3004 5294 alii
3044 5207 3321 5314 jejunant,

1732 5297 1829 5353 alii
1861 5316 1994 5371 non,
2033 5301 2090 5358 id
2127 5313 2229 5376 est,
2286 5309 2342 5366 in
2398 5328 2553 5371 caena
2599 5318 2846 5393 Domini,
2875 5332 2929 5382 et
2975 5297 3322 5392 in'S'abbato

1731 5400 1941 5452 sancto.
1995 5396 2345 5471 Sexagesima
2373 5404 2499 5463 ideo
2541 5412 2868 5487 celebratur,
2926 5420 2986 5478 in
3035 5439 3145 5497 qua
3191 5435 3322 5486 sunt

1729 5489 1854 5538 octo
1879 5483 2258 5560 hebdomadae,
2278 5493 2336 5550 id
2364 5503 2466 5566 est,
2487 5497 2605 5558 dies
2621 5483 3020 5582 quinquaginta
3046 5483 3163 5588 (55)
3182 5483 3316 5578 sei}

1725 5655 2152 5801 seégggmgodex
2178 5660 2448 5727 Biblioth.
2479 5667 2673 5733 Ambr.
2705 5648 2762 5734 et
2790 5693 2934 5738 unus
2961 5681 3118 5756 Reg,
3136 5691 3186 5744 et
3211 5687 3322 5744 dies
