3864 6188
472 357 578 415 655

1465 352 1559 406 AD
1596 347 1831 405 OPERA
1868 346 1923 403 S.
1965 342 2298 402 AMBROSII
2336 338 2716 398 APPENDIX.

3678 329 3778 387 656

471 482 515 539 si
549 479 889 539 subtraxeris
915 487 1040 538 octo
1067 476 1386 535 Dominicos
1411 475 1552 542 dies,
1600 482 1654 531 et
1680 482 1805 531 octo
1833 473 2056 546 quintas
2093 474 2145 534 A
2172 486 2361 528 succos
2389 465 2724 523 infunderet.
2774 463 2895 521 Non
2941 460 3143 517 mirum
3171 465 3274 529 est,
3324 457 3375 514 si
3429 456 3479 513 is
3529 463 3775 512 arentem

470 571 658 639 ferias,
703 568 1068 643 quadraginta
1104 567 1220 624 dies
1253 564 1601 622 solummodo
1644 571 1929 619 remanent
1971 560 2066 634 je-

358 702 363 709 ς
467 659 635 732 junii.
692 658 1103 732 Septuagesima
1130 672 1284 721 vero,
1333 671 1364 710 a
1410 671 1518 727 qua
1546 670 1718 727 usque
1766 652 1825 707 in
1862 650 2067 725 pascha

472 759 602 807 sunt
639 766 839 806 novem
869 749 1208 822 septimanae,
1250 744 1307 800 id
1333 752 1434 813 est,
1483 744 1768 816 sexaginta
1802 751 1912 798 tres
1946 740 2062 813 (56)

472 838 589 896 dies
615 857 628 906 ;
676 839 800 895 ideo
826 838 893 894 ab
928 836 1208 910 aliquibus
1234 834 1563 902 celebratur,
1610 834 1738 907 quia
1764 832 1809 887 si
1841 831 2069 887 subtra-

471 928 621 984 xeris
650 943 851 983 novem
881 925 1003 982 dies
1031 924 1354 980 Dominicos
1386 930 1608 996 propter
1636 920 1859 979 Domini
1890 935 2067 975 resur-

473 1017 796 1085 rectionem,
849 1023 905 1071 et
959 1031 1159 1071 novem
1204 1014 1425 1087 quintas
1472 1012 1634 1069 ferias
1679 1018 1899 1084 propter
1950 1012 2071 1065 Do-

472 1106 731 1162 minicam
760 1122 993 1174 comam,
1043 1113 1098 1161 et
1127 1104 1355 1160 totidem
1387 1103 1641 1172 Sabbata,
1683 1118 1751 1158 ne
1782 1100 2071 1157 videamur

474 1195 807 1251 sabbatizare
850 1211 976 1252 cum
1008 1193 1247 1260 Iudaeis;
1297 1208 1409 1249 non
1456 1191 1697 1263 amplius
1742 1206 1904 1263 quam
1958 1188 2071 1244 tri-

476 1289 625 1361 ginta
672 1303 767 1343 sex
825 1284 943 1341 dies
997 1292 1285 1341 remanent
1338 1282 1407 1340 ad
1466 1280 1873 1355 jejunandum:
1935 1297 2071 1353 quos

476 1375 627 1432 omni
657 1375 951 1432 devotione
989 1375 1103 1446 ipse
1134 1390 1235 1429 vos
1262 1374 1557 1444 observare
1603 1371 1869 1427 concedat
1898 1368 2072 1427 Chri—

475 1470 593 1524 stus
622 1465 892 1523 Dominus
921 1471 1129 1531 noster,
1176 1462 1271 1536 qui
1301 1462 1444 1518 vivit
1473 1471 1526 1518 et
1557 1468 1747 1534 regnat
1788 1478 1916 1519 cum
1959 1461 2072 1516 Deo

475 1562 633 1620 Patre
674 1560 733 1614 in
762 1554 975 1613 unitate
1016 1551 1254 1625 Spiritus
1302 1550 1480 1608 sancti
1521 1552 1687 1619 Deus,
1737 1565 1834 1623 per
1875 1555 2073 1606 cuncta

475 1650 693 1719 saecula,
723 1659 903 1704 amen.

964 1781 1107 1840 411
1151 1773 1386 1833 SERMO
1426 1774 1578 1833 XVI.

563 1888 669 1947 Ubi
697 1884 970 1945 Dominus
997 1882 1234 1941 Sabbato
1260 1896 1483 1937 manum
1514 1878 1722 1937 aridam
1755 1877 1989 1935 curavit.

479 1995 709 2057 Romani
738 1993 959 2049 editores
985 1989 1448 2057 quadragesimum
1476 1985 1767 2048 Mediolani
1811 2001 1919 2039 non
1950 1983 2073 2038 inci-

548 2085 673 2141 pere
701 2065 808 2120 nisi
834 2057 1025 2141 feria?
1040 2067 1162 2141 post
1188 2057 1519 2141 Dominicam
1546 2059 1598 2123 Ι,
1618 2074 1724 2113 non
1754 2057 2076 2141 advertentes

555 2130 855 2197 Sermonem
880 2135 939 2189 in
966 2130 1163 2204 feriam
1204 2132 1237 2188 6
1258 2130 1401 2203 post
1427 2131 1639 2187 Cineres
1681 2145 1745 2183 ea:
1772 2130 1865 2204 hoc
1892 2133 2075 2204 nostra

552 2210 868 2267 concinnare
897 2198 1319 2268 constituerant;
1363 2219 1424 2257 ac
1446 2206 1729 2272 propterea
1759 2198 1871 2269 ejus
1911 2198 2076 2269 capiti

557 2285 763 2353 longam
814 2278 1061 2353 laciniam
1100 2271 1499 2353 prater-uerunt
1528 2271 1730 2353 partim
1756 2287 1799 2353 ,ᾳ
1819 2286 2079 2353 sermone

553 2354 624 2411 63
647 2340 895 2423 prend.
921 2340 1173 2423 August,
1201 2345 1404 2423 partim
1428 2361 1494 2399 ea:
1515 2340 1908 2423 Itmbrqsiilib.
1942 2340 2077 2423 unde

553 2412 854 2491 Abraham,
886 2412 1105 2492 capiti,
1149 2412 1297 2492 num.
1334 2416 1426 2492 32,
1473 2415 1917 2492 consarcinatum.
1977 2412 2080 2492 sed

554 2496 602 2551 si
659 2513 774 2550 eum
820 2483 1103 2549 Ambrosio
1154 2490 1250 2544 hac
1303 2488 1392 2544 via
1438 2487 1704 2542 vindicari
1744 2502 1891 2551 posse
1934 2483 2076 2539 arbi-

556 2566 687 2623 trati
715 2571 857 2633 sunt,
880 2564 1017 2619 nihil
1044 2560 1350 2618 absurdius.
1370 2561 1478 2633 Nos
1504 2559 1660 2633 illum
1680 2557 1764 2633 ad
1793 2557 1950 2633 ﬁdem
1976 2562 2074 2610 vet.

555 2639 678 2695 edit.
720 2655 782 2693 ac
811 2629 938 2692 mss.
992 2635 1136 2708 Gali.
1187 2639 1236 2688 et
1252 2632 1432 2708 Lugd.
1481 2629 1948 2708 restituimus:__at
1975 2643 2078 2708 pro

554 2710 910 2768 Ambrosiam
938 2724 1047 2762 non
1075 2700 1424 2771 obtrudimus,
1446 2719 1563 2759 cum
1589 2700 1821 2755 eumdem
1838 2700 2079 2760 Maximo

544 2781 747 2852 justius
774 2779 1037 2836 attribuat
1075 2778 1219 2833 Gall.
1250 2775 1432 2830 codex.

557 2911 609 2964 1.
650 2907 977 2978 Diligenter,
1034 2903 1230 2958 fratres
1291 2902 1433 2973 (57),
1480 2917 1581 2957 vos
1630 2899 1846 2957 audisse
1894 2880 2079 2969 credo,

485 2993 857 3065 evangelicam
896 2989 1188 3046 lectionem
1220 3006 1340 3062 quae
1370 3004 1545 3061 nuper
1574 2989 1713 3045 lecta
1733 2997 1836 3057 est,
1856 2988 1955 3044 ubi
1976 2989 2079 3043 Do-

484 3083 670 3139 minus
716 3081 870 3136 Jesus
927 3076 1179 3134 Christus
1232 3077 1508 3151 ingressus
1553 3078 1790 3133 Sabbato
1838 3077 2079 3149 Synago-

486 3189 629 3245 gam,
680 3168 926 3227 hominis
953 3166 1032 3223 ibi
1064 3165 1320 3224 habentis
1349 3183 1571 3223 manum
1606 3165 1815 3222 aridam
1843 3163 2081 3237 spiritali
2111 3191 2154 3251 ο

486 3260 758 3317 medicina
785 3257 1023 3327 curavit,
1073 3272 1186 3313 non
1224 3256 1488 3331 appositis
1534 3256 1829 3313 herbarum
1874 3254 2073 3322 succis,

486 3367 598 3408 non
649 3351 1055 3424 pigmentorum
1106 3345 1568 3403 medicaminibus
1616 3344 1924 3416 colligatis:
1983 3342 2078 3399 sed

485 3440 656 3497 verbo
686 3438 907 3510 jubens,
965 3444 1019 3492 et
1049 3436 1107 3490 in
1138 3436 1220 3492 ira
1248 3436 1575 3508 praecipiens
1621 3434 1829 3490 refudit
1859 3432 2081 3505 corpori

486 3528 778 3585 sanitatem
828 3526 980 3596 (Luc.
1016 3540 1092 3590 vr,
1137 3523 1313 3594 6-10).
1364 3524 1471 3591 Ira,
1524 3523 1772 3595 inquam,
1822 3522 1967 3578 sicut
2004 3521 2082 3577 ait

489 3613 842 3685 evangelista,
874 3610 1117 3666 restituit
1151 3610 1397 3681 vigorem
1427 3610 1688 3667 dexteras.
1721 3610 1878 3666 Unde
1907 3610 2084 3665 intel-

489 3705 714 3780 ligimus
755 3702 934 3778 qualis
974 3700 1278 3758 Dominicis
1321 3700 1679 3773 benignitatis
1726 3701 1801 3755 sit
1853 3700 2079 3769 sanitas,

488 3795 650 3869 cujus
677 3790 1078 3866 indignationis
1105 3788 1233 3845 talis
1259 3796 1343 3845 est
1377 3788 1688 3845 medicina:
1712 3796 1806 3844 aut
1827 3789 2083 3861 quemad-

491 3885 718 3944 modum
747 3884 993 3957 placatus
1018 3878 1258 3954 prodest,
1307 3878 1404 3952 qui
1451 3878 1529 3936 ita
1566 3879 1861 3935 miseretur
1888 3880 2079 3937 iratus.

490 3976 676 4039 Verbo
730 3974 902 4047 igitur
953 3971 1134 4046 jubet,
1183 3978 1245 4027 ut
1303 3969 1478 4026 arenti
1531 3968 1773 4026 dexterae
1818 3985 2084 4026 venarum

568 4133 901 4260 $331.13}ng
930 4133 1093 4193 codd.
1123 4133 1320 4194 Ambr.
1354 4141 1409 4191 et
1434 4134 1589 4206 Reg,
1622 4132 1681 4189 id
1707 4138 1785 4188 est
1809 4132 2089 4205 sexaginta

531 4223 728 4263 uatuor
756 4223 884 4260 αωε.

496 4223 728 4280 quatuor
756 4223 884 4260 ares.

572 4275 689 4350 (57)
729 4277 893 4354 Rom.
923 4275 1096 4354 edita:
1144 4275 1218 4354 Te
1260 4275 2090 4354 autem_faciente_eleemosy-

496 4345 903 4429 nam,_'nesciat
931 4345 1154 4400 sinistra
1180 4352 1297 4415 tua,
1345 4345 1479 4429 quid
1509 4346 1677 4429 faciat
1722 4346 1948 4429 dextera
1972 4345 2086 4402 tua.

508 4419 718 4487 Videtis,
769 4417 991 4487 fratres,
1045 4432 1205 4485 quam
1248 4418 1505 4471 moralem
1544 4418 1782 4487 judicem
1834 4419 2088 4473 habeatis.

504 4492 605 4551 Vos
633 4489 861 4546 consulit
889 4487 1149 4559 quomodo
1190 4503 1322 4557 opus
1364 4494 1595 4542 vestrum
1623 4488 1894 4559 suscipiat,
1940 4506 2094 4544 men—

498 4570 595 4620 tem
626 4567 854 4617 vestram

495 4642 609 4692 stra
634 4641 751 4702 tua,
775 4627 910 4704 quid
935 4628 1101 4704 faciat
1129 4627 1355 4704 dextera
1378 4638 1500 4686 tua:
1507 4627 1806 4704 Diligenter
1819 4632 2088 4704 attendite,

495 4701 741 4778 fratres,
774 4701 824 4759 et
866 4701 1431 4778 intellectum_divime
1491 4702 1780 4778 Scriptura:
1805 4702 2093 4778 humiliter

497 4772 545 4834 et
573 4772 839 4849 sapienter
865 4772 1139 4849 requirite.
1161 4773 1300 4849 Nam
1329 4789 1447 4849 cum
1477 4772 1717 4849 dea-tera,
1737 4774 1818 4849 vel
1846 4773 2089 4849 sinistra,

497 4844 742 4921 corporis
770 4863 975 4921 organa
1003 4845 1129 4914 sint,
1176 4844 1406 4921 rationis
1434 4846 1695 4916 expertia,
1724 4846 1857 4899 scire
1883 4844 2094 4915 aliquid

496 4916 856 4991 vel—ignorare
884 4918 1093 4991 eis_non
1125 4916 1394 4991 competit:
1427 4933 1534 4991 no_n
1557 4934 1679 4991 ergo
1708 4932 1845 4991 nunc
1868 4916 1944 4991 _de
1971 4932 2092 4991 eor-

491 4987 910 5074 pore'lequitur.
944 4989 1129 5074 [erum
1147 4988 1203 5074 in
1223 4987 1443 5074 dextera
1467 4988 1573 5074 Dei
1584 4987 2089 5074 amorintelligitur,

495 5058 558 5117 in
585 5058 806 5118 sinistra
834 5060 1065 5126 vanitas,
1088 5061 1170 5114 vel
1200 5060 1388 5114 mundi
1417 5059 1699 5130 cupiditas.
1733 5058 1899 5126 Quasi
1917 5058 2087 5113 dicat:

495 5134 716 5191 Nesciat
743 5132 988 5204 sinistra,
1027 5130 1164 5204 quid
1208 5130 1375 5204 faciat
1403 5129 1775 5204 deitgtera,_hoc
1812 5136 1905 5204 est,
1953 5129 2094 5204 quod

497 5204 631 5276 facit
655 5221 809 5260 amor
838 5203 958 5271 Dei,
984 5201 1092 5256 non
1113 5202 1307 5276 perdat
1331 5202 1517 5256 mundi
1544 5201 1771 5256 vanitas.
1814 5201 2094 5255 Abraham

497 5274 616 5331 cum
643 5280 884 5347 nepotem,
929 5291 964 5347 a_
1003 5290 1057 5327 se
1097 5274 1439 5347 deflectentem
1472 5278 1639 5347 tenere
1666 5289 1774 5347 non
1794 5276 2001 5347 pos_set,_
2046 5277 2097 5347 et

498 5348 656 5403 vellet
683 5342 801 5402 eum
829 5344 1121 5400 dimittere:
1167 5342 1417 5410 Discede,
1467 5343 1659 5412 inquit,
1708 5342 1754 5398 si
1783 5350 1846 5397 tu
1875 5342 1935 5397 in
1961 5342 2093 5397 sini-

498 5426 690 5487 stram,
715 5434 815 5490 ego
843 5416 912 5490 in_
925 5416 1236 5490 dexteram.
1257 5416 1324 5490 _In
1356 5412 1578 5468 sinistra
1603 5420 1728 5490 sunt
1749 5431 1811 5490 ea
1838 5430 1955 5483 qua:
1971 5429 2092 5490 cor-

492 5490 647 5559 poris
672 5484 723 5543 et
748 5484 933 5542 mundi
962 5492 1132 5559 sunt,_
1154 5485 1212 5559 in
1241 5485 1643 5559 denteraamor
1657 5485 1779 5559 Dei,
1828 5491 1876 5559 e_t
1902 5484 2096 5539 anima:

498 5554 719 5613 uirtutes
749 5564 889 5612 sunt.
937 5559 1087 5614 Recte
1112 5555 1283 5625 igitur
1308 5554 1583 5609 Abraham
1610 5555 1786 5609 dixit:
1831 5555 1889 5610 Si
1935 5564 1996 5610 tu
2035 5555 2094 5610 in

500 5628 805 5695 sinistram,
851 5643 951 5698 ego
981 5627 1040 5682 in
1068 5626 1388 5698 dexteram;
1434 5625 1564 5695 quia
1600 5626 1750 5680 homo
1787 5625 2094 5698 imprudens

501 5714 564 5755 ea
605 5714 722 5771 qua:
764 5695 952 5753 mundi
1005 5702 1054 5752 et
1093 5696 1333 5767 corporis
1374 5701 1518 5763 sunt,
1564 5712 1744 5767 nempe
1788 5695 2003 5751 divitias
2047 5702 2095 5751 et

2173 558 2445 632 reparavit
2479 557 2783 624 dexteram,
2834 552 2929 627 qui
2959 557 3041 607 tot
3067 564 3298 621 corpora
3330 545 3452 620 (58)
3509 545 3583 602 de
3608 548 3778 603 arenti

2174 650 2400 721 pulvere
2428 644 2756 719 procreavit,
2807 651 2861 698 et
2910 642 2965 698 id
3013 638 3167 696 verbi
3218 636 3457 710 imperio
3510 634 3775 706 restituit,

2175 738 2321 812 quod
2386 737 2444 801 in
2500 734 2773 809 principio
2828 733 3038 789 factura
3095 726 3437 802 operationis
3499 725 3774 781 instituit:

2176 830 2329 886 velut
2357 836 2635 885 auctorem
2667 842 2826 881 suum
2858 825 3067 895 plasma
3101 835 3456 892 cognoscens,
3513 816 3777 888 obsequi-

2177 927 2268 975 tur
2296 918 2347 973 ei
2375 918 2745 990 portiuncula,
2795 914 2885 971 cui
2915 921 3094 969 totum
3124 928 3180 967 se
3209 910 3435 967 deberet
3489 907 3553 963 in
3587 923 3772 963 massa.

2249 1012 2301 1069 2.
2342 1010 2447 1067 Sed
2493 1009 2777 1066 videamus
2836 1024 2958 1080 qnze
3014 1006 3086 1062 sit
3131 1004 3188 1059 in
3248 1003 3543 1074 Synagoga
3592 1016 3775 1054 manm

2179 1101 2349 1169 arida,
2400 1118 2519 1173 quae
2549 1099 2688 1154 nihil
2726 1097 2943 1170 corpori
2975 1095 3217 1168 prodest,
3260 1092 3485 1166 quando
3525 1090 3777 1163 operibus

2180 1191 2437 1248 siccavit:
2474 1189 2695 1263 quando
2725 1187 2889 1243 etiam
2931 1185 3171 1259 primum
3199 1182 3355 1238 arida
3385 1197 3506 1237 esse
3534 1179 3773 1251 cmperit,

2181 1280 2565 1353 requiramus;
2627 1294 2738 1333 non
2772 1277 2919 1332 enim
2960 1275 3126 1330 unius
3157 1271 3405 1328 hominis
3434 1278 3663 1327 tantum
3693 1285 3778 1340 per

2180 1370 2519 1427 Salvatorem
2551 1383 2712 1425 causa
2742 1366 2970 1439 geritur,
3004 1379 3107 1418 nec
3134 1362 3301 1417 unius
3329 1358 3583 1415 hominis
3620 1357 3776 1413 imbe-

2180 1459 2386 1517 cillitas
2417 1463 2761 1530 procuratur,
2792 1454 2887 1510 sed
2915 1453 3085 1508 totius
3117 1450 3330 1524 generis
3364 1449 3602 1504 humani
3634 1464 3774 1504 sana-

2181 1557 2272 1605 tur
2329 1545 2642 1602 inﬁrmitas.
2722 1542 2872 1600 Nulli
2926 1549 3107 1597 autem
3166 1539 3403 1596 dubium
3458 1545 3547 1594 est
3599 1537 3773 1593 dexte-

2182 1654 2299 1693 ram
2348 1637 2436 1692 vel
2485 1633 2657 1691 totius
2706 1630 2955 1704 corporis
3010 1628 3413 1702 pmclariorem
3471 1627 3775 1700 portionem

2183 1726 2289 1782 hoc
2316 1725 2482 1781 ofﬁcii
2513 1739 2731 1796 gerere;
2787 1728 2850 1777 ut
2877 1720 3077 1776 diurna
3105 1719 3370 1775 alimenta
3416 1733 3521 1773 suo
3569 1716 3774 1789 corpori

2100 1828 2147 1890 Β
2182 1815 2584 1883 subministret,
2632 1822 2688 1870 et
2728 1811 3078 1886 providentia
3106 1808 3340 1882 quadam
3384 1807 3456 1863 ad
3493 1805 3771 1863 fruendam

2182 1905 2355 1961 vitam
2385 1902 2631 1959 membra
2659 1909 2857 1959 caetera
2882 1907 3068 1973 pascat
3096 1914 3160 1955 ac
3190 1896 3424 1953 nutriat.

2253 1995 2308 2050 3.
2349 1994 2503 2050 Hanc
2532 1992 2701 2064 igitur
2728 1991 3011 2048 dexteram
3042 1990 3101 2045 in
3129 1987 3361 2044 Iudaico
3390 1984 3601 2059 populo
3637 1985 3771 2042 scri-

2184 2084 2279 2141 bas
2307 2100 2422 2140 esse
2451 2080 2715 2151 dixerim,
2738 2081 2826 2135 vel
2857 2078 3127 2145 doctores,
3153 2076 3249 2149 qui
3279 2077 3440 2131 velut
3468 2073 3771 2147 praeclarior

2184 2172 2365 2245 portio
2396 2172 2455 2227 in
2484 2170 2889 2227 Pharisaeorum
2907 2182 3134 2239 corpore
3154 2181 3185 2220 a
3203 2164 3445 2220 Domino
3469 2160 3769 2228 constituti,

2187 2262 2550 2335 neglexerunt
2575 2266 2628 2315 et
2659 2259 2718 2313 in
2747 2264 2945 2315 caetera
2975 2253 3222 2311 membra
3263 2269 3361 2309 sua
3387 2249 3769 2325 prophetarum

2186 2351 2407 2408 oracula
2435 2351 2589 2406 velut
2618 2364 2796 2404 escam
2826 2346 2955 2403 vitae
2993 2353 3210 2402 aeternae
3253 2342 3572 2416 porrigere:
3623 2348 3773 2413 atque

2186 2443 2310 2499 ideo
2339 2440 2593 2497 doctrina
2621 2454 2810 2494 eorum
2852 2444 3114 2508 tanquam
3164 2449 3360 2489 manus
3404 2430 3555 2487 aruit
3600 2428 3773 2486 imbe-

2186 2531 2364 2600 cillis;
2389 2529 2519 2604 quia
2547 2528 2752 2584 fontem
2777 2525 3032 2600 perennis
3054 2524 3336 2597 sapientiae
3359 2536 3473 2578 non
3497 2518 3769 2593 quaesivit.

2187 2621 2478 2692 Propterea
2522 2615 2759 2689 denique
2804 2614 3014 2671 factum
3056 2619 3159 2678 est,
3214 2618 3276 2667 ut
3315 2610 3475 2683 quasi
3502 2614 3775 2666 contracta

2187 2710 2413 2766 dextera
2458 2707 2669 2763 clavem
2713 2704 2957 2761 scientia:
3003 2710 3189 2758 tenere
3234 2715 3346 2755 non
3394 2706 3596 2771 posset,
3646 2697 3776 2753 sicut

2188 2798 2265 2854 ait
2292 2796 2599 2854 Dominus:
2669 2818 2687 2842 ι
2716 2793 2813 2851 Vae
2842 2792 3021 2861 vobis,
3052 2789 3257 2848 Scriba:
3285 2796 3340 2844 et
3370 2785 3660 2854 Pharisai,
3690 2784 3773 2858 qui

2189 2885 2528 2944 absconditis
2572 2885 2783 2941 clavem
2832 2881 3097 2949 scientiae,
3146 2888 3201 2937 et
3230 2878 3447 2952 reliqua
3496 2877 3651 2948 (Luc.
3701 2890 3771 2942 ιι,

2190 2977 2307 3048 52).
2341 3002 2359 3024 ι
2439 2975 2569 3031 Haec
2614 2980 2797 3029 autem
2849 2971 3024 3028 clavis
3069 2968 3321 3025 Christus
3367 2974 3452 3023 est
3496 2964 3772 3028 Dominus,

2192 3083 2301 3141 quo
2331 3066 2399 3122 ad
2426 3064 2810 3123 credulitatem
2833 3060 2960 3118 ﬁdei
2982 3068 3267 3134 pectorum
3287 3073 3486 3114 arcana
3508 3055 3625 3128 (59)
3648 3069 3775 3111 rese

2190 3166 2402 3214 rantur.
2426 3158 2537 3214 Ista
2567 3156 2764 3224 clavis,
2791 3155 2934 3213 sicut
2962 3154 3040 3209 ait
3066 3152 3341 3210 Dominus
3367 3152 3530 3208 Petro
3555 3167 3568 3204 :
3613 3171 3634 3195 σ
3663 3146 3774 3202 Tibi

2189 3247 2331 3305 dabo
2362 3248 2543 3304 claves
2569 3246 2724 3317 regni
2754 3245 3020 3301 caelorum
3055 3243 3270 3314 (Matth.
3305 3258 3423 3311 xvr,
3449 3238 3564 3311 19).
3590 3262 3607 3285 ι
3644 3236 3774 3307 Ergo

2188 3336 2368 3410 arguit
2392 3337 2617 3393 dextera
2645 3334 2943 3406 Synagogae
2984 3346 3201 3399 manus,
3252 3330 3575 3402 relinquens
3616 3322 3775 3382 Chri-

2191 3434 2376 3483 stum:
2428 3440 2548 3497 qum
2590 3421 2744 3495 prius
2791 3426 2905 3475 erat
2952 3420 3011 3475 in
3062 3416 3406 3492 principibus
3453 3415 3771 3477 Judazorum,

2193 3514 2586 3579 deterioravit;
2629 3509 2879 3584 quisquis
2909 3508 3055 3565 enim
3087 3506 3296 3566 Christi
3326 3506 3537 3563 fontem
3566 3501 3773 3567 deserit,

2193 3603 2517 3660 debilitatur
2545 3601 2799 3674 protinus
2826 3607 2881 3655 et
2910 3597 3123 3655 arescit.

2265 3701 2317 3757 4.
2360 3700 2465 3755 Sed
2494 3699 2719 3755 invenio
2758 3698 2931 3771 ipsam
2977 3710 3202 3751 manum
3246 3692 3526 3771 quondam
3573 3687 3770 3748 caeteris

2194 3789 2456 3845 membris
2486 3788 2653 3844 fuisse
2680 3769 2962 3842 meliorem
2986 3803 2999 3852 ;
3024 3790 3249 3839 sanctus
3270 3769 3418 3838 enim
3438 3780 3653 3853 Moyses
3669 3779 3769 3835 dux

2195 3878 2409 3935 Judaici
2442 3877 2651 3950 populi,
2702 3876 2855 3932 velut
2893 3873 3094 3930 clarior
3137 3870 3387 3944 corporis
3429 3869 3518 3927 sui
3564 3869 3769 3927 dextera

2195 3968 2323 4038 fuit,
2347 3983 2474 4025 cum
2497 3968 2667 4039 legem
2690 3962 3071 4038 porrigendam
3087 3961 3292 4017 meruit
3311 3977 3343 4017 a
3360 3958 3652 4017 divinitate
3669 3971 3771 4030 per-

2196 4131 2439 4198 honores,
2468 4128 2529 4184 in
2549 4127 2817 4183 meliorem
2843 4130 3051 4197 partem
3077 4122 3351 4198 constituit
3364 4140 3381 4198 ς
3410 4120 3641 4198 prudens
3663 4130 3769 4172 vero

2196 4192 2441 4257 virtutem
2470 4201 2682 4266 animai,
2727 4204 2775 4253 et
2817 4192 3237 4252 immortalitatis
3277 4192 3630 4266 adipiscenda
3655 4205 3768 4266 gra-

2200 4274 2327 4329 tiam
2342 4272 2627 4345 praeponit.
2648 4259 2957 4345 Longitudo
2986 4266 3123 4345 enim
3135 4265 3281 4345 _vita;
3310 4259 3391 4320 in'
3400 4265 3624 4345 dextera
3648 4259 3768 4345 ejus.

2198 4335 2431 4415 Denique
2456 4335 2609 4414 -quia
2650 4335 2867 4415 (tertiam
2899 4341 3005 4415 hwc
3041 4337 3098 4391 in
3130 4336 3338 4415 homine
3358 4335 3529 4415 jam.
3552 4335 3770 4395 arserat,

2200 4406 2395 4471 idcirco
2426 4406 2682 4471 deinus
2707 4414 2857 4468 Jesus
2888 4412 3217 4481 Synagogam
3245 4407 3476 4463 Sabbato
3509 4406 3766 4481 ingresm,

2200 4487 2427 4542 hominis
2472 4487 2548 4540 ibi
2591 4484 2826 4540 habentis
2869 4476 3400 4537 manum'dexteram
3444 4477 3669 4542 aridam,
3718 4476 3773 4542 κε

960 4558 1033 4613 ius
1061 4541 1386 4629 interrogat:
1421 4541 1906 4629 Nesciat,wiiiquit',
1946 4541 2090 4615 sini-
2118 4550 2168 4610 D
2198 4541 2341 4629 alius
2367 4563 2563 4629 narrat
2598 4556 2937 4629 evangelista,
2985 4550 3223 4623 spiritali
3266 4541 3768 4629 medicina-carpta“.

2199 4612 2273 4684 sic
2300 4612 2435 4684 enim
2466 4628 2648 4682 habet:
2678 4612 3025 4682 Fa'ctum'est‘
3056 4629 3241 4678 autem
3290 4629 3345 4677 et
3393 4622 3452 4677 in
3500 4619 3608 4676 alio
3646 4612 3771 4672 Sab-

2200 4701 2348 4767 bato,
2377 4708 2439 4755 ut
2469 4698 2697 4754 intraret
2725 4697 2782 4752 in
2816 4697 3176 4769 Synagogam,
3213 4701 3267 4749 et
3296 4693 3520 4769 doceret
3549 4709 3560 4745 :
3592 4697 3648 4769 e_t
3669 4688 3770 4740 erat

2200 4771 2279 4827 ibi
2310 4760 2495 4837 homo,
2528 4777 2583 4824 et
2613 4785 2805 4823 manus
2836 4760 2953 4839 e'jus
2968 4760 3209 4839 'de'irtera
3237 4772 3356 4839 erat
3383 4763 3555 4839 arida.
3591 4760 3773 4817 Obser-

2199 4843 2396 4897 vabant
2420 4834 2596 4896 autem
2623 4840 2807 4895 scriba:
2835 4834 2882 4893 et
2906 4835 3162 4909 phariseei
3202 4835 3251 4889 si
3296 4837 3351 4889 in
3384 4834 3606 4909 Sabbato
3638 4842 3772 4884 cura-

2200 4920 2300 4982 ret,
2346 4920 2405 4967 ut
2450 4912 2744 4967 invenirent
2788 4904 2923 4965 unde
2964 4913 3274 4984 arpusarent
3313 4923 3474 4984 eum;
3521 4904 3626 4984 ipse
3647 4911 3772 4984 per?

2201 4967 2394 5040 sciebat
2420 4984 2759 5055 cogitationes
2785 4998 2984 5037 eorum.
3004 4981 3077 5034 Et
3106 4977 3185 5055 ait
3214 4977 3436 5055 homini,
3455 4967 3554 5046 qui
3579 4967 3774 5055 habebat

2200 5072 2417 5112 manum
2443 5047 2694 5111 aridam:
2739 5053 2927 5124 Surge,
2967 5058 3021 5106 et
3047 5058 3129 5124 sta
3156 5048 3214 5124 in
3246 5047 3541 5124 medium,_
3564 5050 3615 5099 et
3654 5054 3773 5117 sur—

2236 5145 2332 5183 ens
2360 5127 2548 5207 stetit}
2591 5133 2639 5181 et
2660 5132 2779 5207 post
2800 5116 3012 5207 pauca;
3057 5116 3575 5207 Etcircumspectis‘
3599 5116 3771 5207 omni:

2240 5216 2323 5267 us,
2347 5198 2492 5255 dixit
2522 5188 2735 5253 homini
2761 5215 2771 5251 :
2795 5188 3051 5251 Extende
3069 5205 3294 5267 manum
3314 5188 3503 5267 tuam;
3527 5195 3578 5267 e_t
3597 5188 3767 5267 eaten-

2200 5254 2323 5337 dit,’
2342 5254 2395 5325 et
2425 5270 2677 5325 restituta
2723 5275 2803 5323 est
2849 5280 3049 5337 manus
3088 5260 3207 5333 ejus
3255 5277 3386 5337 sana
3432 5260 3571 5337 sicut
3595 5254 3769 5337 altera}.

2200 5323 2526 5413 Diligenter,
2549 5323 2766 5410 fratres,
2800 5355 2889 5393 vos
2917 5323 3137 5413 audisse,
3157 5332 3313 5387 credo
3343 5328 3592 5403 quomodo
3616 5323 3769 5381 Chri-

2202 5408 2616 5476 stusvDominus,
2652 5428 2757 5465 non
2782 5408 3062 5481 appositis,
3093 5411 3198 5459 etc.

2275 5463 2411 5565 (ssi
2427 5463 2637 5539 usus
2656 5463 2936 5551 unum
2960 5463 3121 5534 totum
3148 5490 3341 5545 οσηαιιε
3358 5492 3379 5539 ;
3398 5470 3570 5545 Lugd.
3586 5463 3767 5528 codex,

2201 5560 2296 5626 qui
2325 5560 2399 5626 tot
2425 5571 2671 5626 corpora.
2729 5622 2744 5626 _
3043 5624 3050 5626 Α
3512 5613 3558 5626 __
3603 5624 3615 5626 _

2277 5625 2393 5697 (59)
2435 5612 2608 5699 Lugd.
2648 5622 2843 5690 codex,
2875 5624 3207 5693 peccatorum
3236 5633 3464 5675 arcana.
3512 5613 3622 5672 Non
3648 5612 3771 5662 satis

2202 5704 2368 5753 recte.
