3864 6188
111 281 210 340 657

917 277 1289 338 SERMONES
1326 280 1382 337 S.
1423 279 1781 338 AMBROSIO
1821 278 2194 339 HACTENUS
2231 280 2570 339 ASCRIPTI.

3302 279 3409 339 658

115 408 307 480 cipere.
349 405 610 473 Dextera,
637 403 887 477 inquam,
934 412 1052 461 erat
1086 412 1309 461 sanctus
1336 404 1573 478 Moyses,
1604 407 1700 480 qui
1732 410 1785 469 Α
1813 421 1929 463 esse
1967 405 2259 478 oportetin
2300 407 2526 480 vigiliis,
2558 407 2618 463 in
2640 404 2892 479 jejuniis,
2922 406 2984 464 in
3021 407 3406 480 eleemosynis

114 496 250 555 ﬁlios
297 494 462 551 Israel
520 494 676 551 velut
725 509 897 549 manu
950 493 1183 565 provida
1245 494 1455 550 cmlesti
1502 511 1705 553 manna

113 583 323 643 nutriit.
375 583 504 641 Haec
550 584 711 656 plane
768 590 849 639 est
900 583 1144 652 dextera,
1175 600 1296 656 qua:
1339 584 1605 641 Joannem
1649 594 1704 642 et

112 674 409 735 Mambrem
456 691 644 747 magos
686 673 840 729 nivei
886 674 1196 747 splendoris
1235 674 1416 731 nitore
1459 676 1705 734 convicit

114 764 311 838 (Exod.
345 781 447 829 vn,
484 764 583 832 ii;
617 765 684 821 II
726 764 861 821 Tim.
900 780 987 833 III,
1018 764 1097 835 8),
1122 765 1205 820 Ita
1220 769 1368 826 412
1398 765 1546 821 enim
1572 765 1703 822 scri-

111 870 263 936 ptum
293 860 497 918 habes:
532 860 713 935 Atque
755 862 881 919 ideo
931 880 1215 935 magorum
1253 864 1544 921 destructas
1574 870 1704 920 sunt

110 953 369 1023 tenebras,
400 954 531 1028 quia
576 954 756 1027 Moysi
793 954 1008 1012 meritis
1042 956 1231 1013 lucens
1272 956 1499 1012 dextera
1542 972 1701 1011 coru-

111 1042 313 1101 scabat.

177 1135 231 1193 5.
273 1132 377 1190 Sed
435 1133 719 1190 videamus
772 1151 969 1191 manus
1026 1134 1131 1191 ista
1181 1132 1402 1207 quando
1460 1134 1702 1206 primum

112 1222 258 1279 arida
284 1222 510 1293 coeperit
553 1239 670 1279 esse
711 1224 797 1279 vel
830 1232 1068 1280 mortua.
1116 1224 1233 1296 Ego
1272 1223 1425 1279 illam
1460 1224 1703 1295 primum

114 1312 166 1367 in
214 1310 391 1367 Adam
429 1310 638 1368 aruisse
684 1312 977 1382 conﬁrmo,
1039 1328 1166 1369 cum
1222 1320 1417 1369 contra
1464 1313 1703 1369 vetitum

118 1400 335 1460 Domini
365 1400 673 1458 interdictae
702 1401 915 1458 arboris
944 1418 1106 1475 poma
1150 1402 1443 1475 decerpsit,
1473 1417 1537 1457 ac
1576 1409 1706 1457 tunc

115 1508 329 1549 succum
347 1489 781 1547 immortalitatis
791 1491 1075 1549 amisit.Et
1089 1490 1437 1564 siccataquod
1446 1490 1704 1547 ammodo

114 1587 207 1648 est,
236 1579 455 1652 quando
473 1578 758 1635 hominem
787 1579 855 1636 ad
885 1580 1183 1653 imaginem
1208 1581 1310 1637 Dei
1338 1580 1549 1637 factum
1581 1595 1704 1652 pec-

118 1679 234 1729 cato
253 1688 354 1727 suo
378 1670 518 1728 solvi
548 1671 678 1728 fecit
709 1673 775 1729 in-
797 1674 1103 1745 pulverem.
1133 1675 1315 1745 Atque
1346 1672 1558 1728 unitam
1588 1670 1705 1726 sola

1813 503 1867 552 et
1886 495 2247 554 orationibus.
2280 497 2386 565 Qui
2415 514 2589 572 usque
2633 498 2797 555 modo
2827 499 3233 571 eleemosyuam
3254 498 3406 569 fecit,

1813 588 2052 660 amplius
2066 588 2153 644 his
2181 587 2377 645 diebus
2403 589 2599 657 faciat;
2618 590 2748 663 quia
2776 590 2921 647 sicut
2939 606 3082 664 aqua
3100 591 3408 663 exstinguit

1813 677 2019 748 ignem,
2075 677 2153 734 ita
2206 677 2554 750 eleemosyna
2589 678 2893 751 exstinguit
2943 689 3227 752 peccatum
3285 679 3403 753 (62)

1817 765 2009 838 (Eccli.
2037 783 2121 834 ur,
2153 765 2269 838 33).
2307 765 2413 833 Qui
2443 782 2615 839 usque
2645 766 2807 823 modo
2830 767 3106 840 jejunavit
3123 775 3178 825 et
3204 769 3405 838 oravit,

1814 855 1981 911 modo
2007 855 2245 927 amplius
2267 853 2482 927 jejuuet
2528 862 2583 911 et
2616 863 2770 923 oret;
2820 856 2951 929 quia
2992 866 3121 914 sunt
3157 857 3407 930 quaedam

1814 951 2056 1016 peccata,
2086 960 2207 1016 quae
2236 961 2348 1000 non
2401 945 2785 1013 dimittuntur,
2816 944 2926 1001 nisi
2951 946 3077 1018 {per
3103 945 3408 1004 orationem

1813 1041 1867 1088 et
1890 1032 2168 1105 jejunium
2202 1034 2414 1104 (Matth.
2470 1052 2611 1104 xvu,
2644 1034 2760 1107 20).
2815 1034 2872 1091 Si
2902 1036 3028 1109 quis
3080 1034 3218 1092 iram
3257 1042 3410 1092 tenet

1815 1122 2077 1179 adversus
2106 1123 2364 1193 alterum,
2399 1123 2647 1180 dimittat
2685 1123 2737 1180 ei
2765 1140 2835 1180 ex
2867 1124 3031 1182 corde
3065 1142 3078 1181 :
3111 1124 3159 1180 si
3185 1124 3310 1198 quis
3338 1125 3408 1182 ab

1813 1211 2000 1284 aliquo
2042 1211 2248 1284 injuste
2292 1214 2506 1286 aliquid
2554 1213 2804 1283 abstulit,
2863 1213 3055 1271 reddat
3101 1214 3173 1285 ei,
3219 1232 3252 1271 a
3298 1232 3408 1289 quo

1813 1300 2062 1368 abstulit,
2094 1301 2140 1356 si
2163 1302 2315 1375 cupit
2348 1303 2464 1375 (63)
2485 1304 2658 1359 Deum
2687 1302 2988 1376 propitium
3019 1302 3242 1361 habere.
3269 1305 3409 1362 Nam

1814 1391 2068 1464 quamvis
2080 1393 2234 1448 omni
2249 1400 2359 1449 tem
2365 1392 2657 1465 poreChris
2665 1392 2845 1449 tianus
2857 1410 2888 1448 a
2900 1392 3410 1464 maledictionibus,

1814 1487 1868 1535 et
1927 1480 2216 1550 conviciis,
2269 1489 2322 1537 et
2359 1478 2712 1554 juramentis,
2763 1490 2819 1539 et
2862 1481 2979 1539 risu
3009 1482 3207 1553 nimio,
3246 1492 3411 1558 atque

1814 1569 1998 1624 verbis
2039 1570 2232 1626 otiosis
2280 1587 2336 1627 se
2375 1571 2651 1629 abstinere
2692 1570 2888 1639 debet;
2933 1572 3176 1629 maxime
3220 1581 3409 1629 tamen

1812 1659 2016 1716 sanctis
2057 1659 2146 1716 his
2190 1660 2405 1730 diebus,
2447 1662 2545 1734 qui
2591 1661 2660 1718 ad
2696 1661 2803 1719 hoc
2839 1662 3129 1719 constituti
3158 1669 3309 1732 sunt,
3350 1669 3414 1719 ut

117 1778 302 1818 manus
315 1772 537 1834 peccato
566 1770 846 1821 teneretur
865 1763 1139 1819 obnoxia!
1173 1764 1331 1831 Quod
1358 1770 1439 1818 est
1460 1762 1702 1834 gravius,
1732 1766 1780 1829 Β
1813 1755 2034 1821 Peccam
2070 1749 2241 1805 ῐοῑίηε
2268 1749 2399 1805 anni
2431 1750 2491 1804 in
2537 1750 2624 1807 hi3
2671 1750 3034 1824 quadraginta
3079 1748 3274 1809 diebus
3318 1767 3415 1823 Per

116 1867 269 1908 omne
318 1868 517 1925 corpus
563 1860 741 1910 morte
787 1852 1111 1910 damnatum
1154 1862 1257 1921 est,
1304 1869 1429 1909 cum
1479 1851 1707 1907 dextera

116 1940 286 2015 prima
314 1942 641 2015 peccaverit.
669 1944 780 2001 Nec
805 1943 1020 2000 mireris
1040 1942 1088 1999 si
1119 1941 1431 1999 membrum
1460 1941 1704 1998 dexterae

115 2027 169 2086 in
211 2030 389 2087 Adam
437 2047 551 2089 non
599 2034 803 2090 mansit
840 2034 1155 2105 integrum;
1204 2032 1362 2104 vigor
1415 2030 1565 2086 enim
1610 2030 1705 2085 ille

116 2119 432 2177 aternitatis
452 2120 691 2177 exaruit.
712 2121 850 2177 Nam
871 2122 1015 2177 sicut
1047 2120 1224 2192 Moysi
1252 2120 1480 2176 dextera
1509 2127 1705 2176 custo-

114 2208 313 2266 dientis
343 2208 599 2282 mandata
626 2209 849 2265 Domini
880 2210 1043 2265 niveo
1085 2209 1299 2282 fulgore
1328 2208 1702 2280 resplenduit;

116 2296 188 2353 ita
208 2306 263 2353 et
294 2297 429 2352 Adae
454 2296 681 2353 dextera
695 2298 1108 2369 praevaricantis
1128 2306 1399 2371 praecepta
1418 2296 1707 2353 mortifero

119 2386 320 2457 pallore
346 2393 631 2442 contracta
659 2394 760 2443 est.

184 2476 234 2533 6.
270 2476 424 2533 Hanc
471 2477 644 2549 igitur
687 2477 822 2534 Adae
867 2493 1093 2534 manum
1146 2476 1395 2533 Salvator
1440 2483 1597 2532 curat
1652 2473 1710 2529 in

125 2564 420 2637 Synagoga,
452 2565 560 2623 hoc
586 2574 688 2635 est,
737 2566 908 2623 totius
955 2566 1167 2639 generis
1205 2565 1433 2622 humani
1466 2563 1711 2620 imbecil-

128 2654 328 2711 litatem
357 2670 549 2712 sanare
578 2655 837 2723 festinat;
871 2655 1009 2712 dicit
1037 2655 1185 2710 enim
1217 2654 1384 2711 etiam
1430 2654 1551 2710 illi:
1596 2654 1708 2708 Ex-

129 2743 278 2799 tende
328 2760 552 2800 manum
600 2751 777 2813 tuam,
835 2743 929 2817 qui
976 2759 1092 2799 eam
1159 2741 1324 2798 idolis
1371 2740 1711 2798 immolando

130 2832 414 2889 contraxit.
448 2833 598 2891 Dicit
628 2833 743 2890 illi:
786 2832 1038 2890 Extende
1082 2849 1307 2891 manum
1339 2840 1512 2901 tuam,
1552 2830 1712 2903 cujus

130 2917 342 2978 dextera
363 2938 561 2979 usuras
578 2922 898 2996 accipiendo
917 2922 1164 2980 siccavit.
1200 2921 1453 2979 Extende
1485 2937 1709 2977 manum

131 3014 290 3079 tuam,
320 3012 413 3086 qui
444 3029 544 3086 per
583 3029 701 3069 eam
754 3030 840 3071 res
883 3014 1258 3086 orphanorum
1306 3011 1712 3084 viduarumque

1812 1838 2197 1912 paenitentiam
2226 1837 2534 1896 deleantur.

1885 1928 1938 1985 2.
1973 1927 2210 1997 Credite,
2243 1934 2296 1984 et
2323 1926 2640 1984 ﬁrmissime
2687 1926 2914 1995 credite,
2953 1927 3082 2001 quia
3123 1928 3170 1985 si
3203 1926 3319 2001 (64)
3354 1927 3414 1984 in

1813 2017 1902 2074 his
1931 2018 2126 2075 diebus
2153 2034 2346 2092 puram
2371 2017 2775 2076 confessionem
2806 2017 3066 2087 feceritis,
3109 2025 3164 2074 et
3201 2017 3407 2088 taliter,

1814 2109 1957 2165 sicut
2009 2107 2275 2178 diximus,
2321 2108 2711 2181 pmnitueritis,
2752 2107 3004 2164 omnium
3058 2116 3407 2181 peccatorum

1814 2206 2121 2256 vestrorum
2153 2198 2533 2255 remissionem
2563 2214 2692 2255 cum
2739 2196 3006 2254 Ninivitis
3033 2214 3065 2255 a
3092 2197 3416 2258 misericor-

1812 2291 2043 2349 dissimo
2083 2291 2322 2348 Domino
2365 2290 2768 2364 impetrabitis;
2810 2291 2905 2364 qui
2945 2291 3006 2347 in
3050 2308 3207 2350 sacco
3255 2301 3311 2351 et
3353 2292 3414 2349 in

1817 2380 2000 2436 cinere
2044 2379 2364 2452 poenitendo
2410 2380 2633 2436 liberari
2676 2386 3034 2438 meruerunt:
3078 2380 3156 2437 ita
3196 2389 3252 2438 et
3291 2399 3412 2452 vos,

1818 2470 1865 2527 si
1895 2486 1964 2526 ex
1999 2476 2117 2525 toto
2146 2469 2309 2526 corde
2359 2469 2665 2527 secundum
2705 2469 2930 2525 illorum
2985 2473 3302 2544 exemplum
3344 2472 3414 2529 ad

1819 2563 1994 2618 Deum
2023 2560 2416 2630 clamaveritis,
2446 2560 2696 2617 divinam
2741 2576 2906 2633 super
2951 2578 3052 2618 vos
3091 2561 3416 2620 misericor-

1819 2652 1968 2710 diam
2000 2651 2397 2725 provocabitis,
2428 2651 2487 2707 in
2518 2659 2736 2707 tantum
2766 2657 2828 2706 ut
2854 2650 3159 2708 laetioreset
3178 2652 3414 2709 securio-

1820 2757 1907 2797 res
1928 2741 2075 2798 diem
2091 2740 2397 2798 Dominicae
2426 2744 2573 2803 413
2589 2739 3009 2796 resurrectionis
3035 2738 3341 2810 celebretis,
3361 2747 3417 2797 et

1819 2837 2011 2895 felices
2038 2836 2109 2893 ad
2137 2839 2415 2895 cmlestem
2448 2836 2681 2910 patriam
2710 2843 2834 2909 post
2857 2835 3001 2894 hanc
3028 2834 3201 2892 vitam
3230 2842 3409 2893 trans-

1820 2927 1979 2997 eatis,
2012 2936 2306 3000 praestante
2344 2927 2585 2985 Domino
2632 2934 2820 2982 nostro
2866 2926 2996 2983 Iesu
3046 2924 3287 2993 Christo,
3319 2926 3416 2999 qui

1820 3032 1946 3072 cum
1988 3016 2147 3073 Patre
2192 3023 2248 3073 et
2294 3016 2506 3088 Spiritu
2549 3022 2740 3073 sancto
2787 3014 2931 3071 vivit
2976 3022 3031 3072 et
3080 3020 3270 3087 regnat
3318 3030 3415 3087 per

126 3099 274 3170 gestis
300 3100 584 3160 invadere.
604 3102 710 3160 Sed
730 3111 783 3159 et
808 3110 870 3159 tu
886 3101 981 3176 qui
1000 3110 1159 3175 putas
1180 3109 1233 3157 te
1254 3118 1478 3157 manum
1508 3101 1712 3158 habere
1744 3125 1789 3187 ο
1821 3104 2007 3163 omnia
2035 3106 2236 3163 saecula
2262 3106 2612 3163 saeculorum.
2645 3104 2843 3162 Amen.

127 3203 299 3258 puram
326 3199 379 3247 et
406 3207 619 3260 sanam,
650 3207 781 3249 cave
810 3208 879 3248 ne
899 3190 1133 3248 avaritia
1155 3190 1544 3247 contrahatur:
1570 3190 1705 3263 quin

128 3276 290 3346 potius
317 3281 554 3337 extende
586 3296 705 3337 eam
737 3297 835 3353 pro
872 3278 1251 3337 misericordia
1290 3278 1606 3352 frequenter
1637 3277 1706 3334 ad

128 3379 418 3438 pauperem,
477 3384 576 3441 pro
632 3368 1007 3442 hospitalitate
1072 3368 1272 3441 saepius
1335 3367 1404 3423 ad
1472 3368 1706 3440 peregri-

128 3467 243 3510 num
280 3458 561 3516 :extende
597 3475 716 3515 eam
756 3476 856 3532 pro
887 3458 1123 3532 peccatis
1166 3473 1381 3529 semper
1424 3457 1493 3512 ad
1520 3456 1704 3514 Domi-

128 3556 271 3601 num:
315 3555 426 3604 esto
458 3549 799 3618 misericors,
857 3556 973 3604 esto
1021 3547 1222 3620 largus.
1270 3545 1513 3618 Observa
1559 3544 1706 3618 quod

128 3629 193 3686 ait
232 3636 498 3709 propheta
522 3636 562 3694 ς’
603 3663 622 3686 ‹
645 3638 724 3695 Ne
752 3637 825 3693 sit
853 3653 1049 3692 manus
1077 3643 1173 3691 tua
1214 3634 1279 3691 ad
1326 3632 1704 3707 accipiendum

130 3733 376 3794 νυνι-θεῖε,
393 3735 447 3783 et
467 3728 542 3784 ad
573 3726 908 3801 erogandum
929 3732 1210 3783 contracta
1227 3723 1419 3795 (Eccli.
1453 3740 1529 3791 1v,
1552 3722 1691 3794 36).-

136 3806 215 3865 Sic
240 3813 378 3870 enim
408 3832 610 3873 manus
636 3824 733 3872 tua
765 3833 897 3874 sana
924 3831 1038 3872 esse
1068 3814 1289 3889 poterit,
1320 3812 1366 3869 si
1393 3812 1553 3868 malis
1581 3828 1706 3868 con-

138 3897 384 3975 trahatur,
412 3905 577 3963 bonis
606 3923 738 3963 vero
763 3906 1020 3980 operibus
1056 3904 1387 3962 extendatur
1417 3901 1558 3977 (60).

683 4033 918 4093 SERMO
955 4032 1132 4091 XVII.

501 4133 585 4189 De
611 4141 796 4190 sancta
822 4131 1247 4203 Quadragesima
1274 4130 1318 4185 l.

143 4235 412 4317 Hwﬁermo
446 4248 681 4318 primum
702 4249 760 4303 in
799 4249 1038 4304 Romana
1066 4246 1291 4301 editione
1318 4243 1463 4318 inter
1483 4241 1710 4318 Ambro-

202 4313 365 4370 sianos
394 4313 564 4375 locum
619 4319 860 4385 obtinuit,
915 4324 963 4373 et
1002 4334 1188 4372 revera
1238 4331 1355 4370 eum
1395 4313 1714 4385 etiamng-

204 4385 324 4462 ctori
360 4396 539 4447 nostro
576 4383 926 4462 perantiquus
947 4389 1107 4444 eodem
1130 4386 1499 4462 _Vatlicellana:
1518 4383 1713 4462 biblio-

2375 3228 2611 3286 SERMO
2650 3227 2852 3283 XVIII.

2199 3328 2278 3384 De
2304 3332 2490 3382 sancta
2512 3322 2936 3395 Quadragesima
2964 3322 3036 3378 II.

1819 3437 1957 3495 Huic
1982 3434 2213 3492 sermoni
2233 3434 2417 3489 titulus
2467 3430 2854 3504 prwﬁgituririn
2900 3425 3139 3504 antiquis
3161 3427 3297 3504 _edi_t.
3318 3430 3413 3504 De

1884 3508 2134 3581 jejuniis,
2164 3508 2222 3581 in
2256 3498 2546 3581 mss._péro
2576 3498 2872 3581 nonnullis,
2903 3501 2981 3555 De
2996 3498 3212 3581 jejunio
3239 3500 3417 3581 initio

1890 3571 2349 3651 Quadragesima.
2381 3576 2487 3651 Nec
2515 3573 2861 3651 incommode,
2886 3588 3005 3651 cum
3040 3571 3099 3651 in
3117 3571 3415 3651 epistolam,

1889 3642 2006 3723 q'uw
2040 3652 2099 3705 in
2112 3642 2389 3723 "Liturgia
2427 3642 3030 3723 GallicanaDominicre
3057 3643 3418 3723 Quadi-(Ege.

1891 3715 2036 3778 sima:
2060 3715 2386 3793 assignatur,
2418 3733 2509 3793 nec
2553 3733 2661 3793 non
2708 3716 2956 3771 hactenus
2982 3715 3420 3793 recitatureodem

1890 3795 1992 3862 die,
2024 3785 2197 3864 factus
2240 3790 2425 3864 fuerit.
2462 3788 2930 3864 Qucedam__porro
2976 3786 3033 3864 in
3070 3801 3129 3864 eo
3156 3785 3415 3864 reperias,

1890 3854 2098 3938 qum'ea;
2121 3854 2408 3938 Augustini
2434 3854 2669 3938 semone
2697 3854 2964 3938 21L,__num.
2999 3856 3052 3938 7_,
3082 3860 3131 3908 et
3159 3854 3249 3922 77,
3263 3873 3416 3938 num.

1892 3929 1945 4001 3,
2002 3929 2240 3991 imitatus
2277 3933 2488 3988 videtur
2531 3935 2737 4001 auctor.
2769 3929 2921 4001 Hunc
2951 3931 3126 4001 autem
3152 3932 3420 3981 auctorem

1891 3995 2191 4069 Maximum
2248 4020 2352 4059 esse
2376 4018 2487 4056 non
2548 3999 2723 4069 modo,
2756 3999 2925 4069 stylus
2958 3995 3180 4069 suadere
3218 4003 3416 4069 potest,

1895 4066 2075 4135 uerum
2121 4082 2168 4130 et
2194 4074 2335 4145 quod
2380 4088 2499 4145 cum
2523 4070 2649 4126 aliis
2677 4066 2905 4140 ejusdem
2951 4066 3181 4126 Maximi
3207 4067 3264 4123 in
3295 4069 3419 4125 Gal-

1899 4150 2028 4207 lensi
2055 4144 2226 4202 codice
2255 4144 2609 4200 contineatur.
2960 4170 2967 4175 ο

1898 4267 1947 4321 1.
1994 4260 2395 4319 Testimonium
2443 4255 2697 4331 perhibet
2744 4264 2966 4315 sanctus
3011 4256 3309 4330 Apostolus
3353 4255 3422 4313 de

1826 4352 2127 4427 prophetis,
2160 4350 2387 4407 dicens:
2441 4371 2458 4394 ε
2492 4348 2791 4420 Tempore,
2827 4346 3034 4421 inquit,
3088 4347 3420 4422 acceptabili

510 4436 924 4534 'qui'
948 4436 1714 4545 "édéidbiiiri'igﬁicﬁipiam
1743 4486 1792 4545 Β
1825 4443 2087 4502 exaudivi
2117 4448 2274 4545 te,‘et
2310 4438 2384 4538 in.
2413 4438 2502 4495 die
2532 4437 2726 4540 salutis
2755 4436 2949 4545 adiuvi
2977 4446 3031 4495 te
3076 4438 3214 4511 (Isa.
3262 4455 3418 4506 xmx,

206 4526 365 4607 habet.
394 4531 491 4588 Sed
509 4526 818 4607 huiusmodi
837 4532 1241 4607 auctoritatem,
1270 4535 1330 4584 ut
1370 4528 1416 4583 ei
1444 4527 1543 4583 soli
1572 4526 1713 4582 credi
1746 4526 1791 4545 υ
1820 4536 1901 4607 8),
1930 4560 1947 4581 .
2009 4533 2080 4588 Et
2132 4529 2484 4602 subsequitur
2531 4528 2684 4602 ipse:
2745 4550 2763 4574 ι
2816 4527 2957 4584 Ecce
3000 4543 3151 4584 nunc
3200 4534 3420 4598 tempus

213 4602 396 4668 valeat,
422 4621 531 4660 non
561 4602 695 4661 tanti
723 4606 981 4660 ducimus.

212 4722 258 4781 1.
285 4726 422 4783 Ecce
481 4728 921 4802 apprOpinquant
973 4727 1089 4783 dies
1142 4724 1337 4793 sancti,
1401 4728 1455 4779 et
1496 4729 1715 4795 tempus

153 4815 483 4886 acceptabile,
512 4818 703 4875 fratres
730 4817 1059 4886 charissimi,
1087 4815 1159 4873 de
1190 4831 1297 4888 quo
1340 4811 1603 4885 scriptum
1634 4815 1717 4865 est

153 4896 255 4971 (θλ)
286 4920 296 4957 ῑ
351 4929 368 4952 ι
403 4906 544 4964 Ecce
580 4923 727 4964 nunc
758 4914 973 4979 tempus
1004 4903 1355 4977 acceptabile,
1397 4916 1521 4958 ecce
1568 4916 1717 4955 nunc

152 4983 255 5044 dies
281 4993 468 5050 salutis
500 4995 589 5067 (ΙΙ
617 4996 742 5053 Cor.
774 5013 851 5065 γι,
874 4995 931 5068 2)
960 5013 1011 5062 ;›
1060 4992 1185 5050 ideo
1226 4989 1579 5049 sollicitiores
1620 5004 1720 5043 vos

216 5132 325 5211 (60)
356 5137 512 5193 Rom.
544 5138 700 5208 edit.,
744 5139 1080 5211 extendatur.
1116 5136 1255 5211 Dum
1298 5138 1472 5211 autem
1614 5129 1721 5184 vir-

156 5202 834 5282 tutumoperaiewtenditur,
866 5209 1063 5265 nesciat
1084 5207 1340 5282 _sinistra,
1484 5206 1720 5282 astutiar-

156 5271 229 5354 ηῇε
250 5278 321 5354 uel
352 5271 533 5354 mundi
554 5271 945 5354 cupiditasinon
964 5278 1163 5354 perdat
1178 5295 1199 5342 ;
1222 5273 1548 5354 propitiante
1573 5271 1725 5354 Chri-

156 5346 471 5425 ³ίΡΡοτηὶηο
500 5346 702 5425 nostra,
744 5353 836 5423 qui
889 5346 1025 5425 cum
1048 5346 1284 5425 Patre—ent
1320 5346 1527 5415 Spiritu
1548 5348 1723 5397 sancto

157 5419 342 5494 “vi!!!
366 5430 549 5494 regnat
571 5424 626 5478 in
654 5419 844 5480 siccata
872 5419 1418 5494 swcutorum._.{1men.
1496 5483 1527 5494 ι.

222 5486 330 5557 (61)
380 5486 534 5548 Rom.
571 5495 724 5563 edit.,
774 5497 905 5551 Ecce
949 5494 1146 5550 adsunt
1199 5490 1308 5546 dies
1360 5486 1617 5541 sancti...
1668 5486 1729 5537 de

102 5548 109 5556 “
160 5548 251 5622 quo
277 5548 409 5617 nunc
441 5548 750 5621 lectuniies’t.

1821 4624 2173 4698 acceptabile,
2206 4636 2330 4678 ecce
2360 4635 2510 4675 nunc
2531 4618 2651 4674 dies
2688 4616 2883 4673 salutis
2907 4617 2964 4689 (Ι
2993 4618 3119 4674 Cor.
3152 4632 3235 4683 vr,
3274 4614 3355 4685 2).
3389 4640 3408 4664 ι

1823 4716 1977 4773 Unde
2005 4722 2060 4771 et
2088 4730 2187 4784 ego
2225 4709 2491 4767 testiﬁcor
2535 4707 2695 4764 vobis
2726 4707 2826 4762 hos
2871 4721 2987 4761 esse
3035 4704 3153 4761 dies
3198 4702 3424 4759 redem-

1824 4806 2050 4879 ptionis,
2110 4803 2215 4859 hoc
2270 4816 2385 4856 esse
2455 4805 2671 4867 tempus
2726 4794 2963 4851 caelestis
3017 4791 3423 4866 quodammodo

1826 4892 2135 4959 medicinae,
2174 4891 2233 4945 in
2272 4900 2381 4960 quo
2424 4895 2672 4956 tempore
2717 4882 2968 4939 omnium
3014 4881 3281 4938 vitiorum
3311 4899 3423 4940 no-

1827 4990 2068 5039 strorum
2099 4978 2279 5034 labem
2317 4982 2373 5031 et
2403 4973 2663 5030 universa
2691 4972 2924 5028 vulnera
2950 4978 3297 5045 peccatorum
3327 4988 3423 5029 sa-

1829 5144 1992 5197 aqua,
2024 5124 2103 5178 ita
2130 5122 2449 5197 elemosyna
2492 5115 2700 5197 veniam
2732 5114 3047 5197 impetrabit
3090 5114 3304 5197 peccati.
3352 5115 3424 5171 Et

1831 5187 1998 5262 infra,
2053 5201 2100 5250 et
2137 5187 2422 5261 jejunium,
2482 5188 2623 5262 sicut
2650 5189 2899 5262 Salvator
2934 5187 3053 5262 ait:
3098 5188 3211 5245 Hoc
3262 5204 3422 5257 genus

1833 5257 2200 5343 iwn‘ejicitu'r,
2227 5262 2457 5343 nisi‘per
2483 5260 2775 5343 orationem
2798 5264 2847 5313 et
2858 5257 3165 5343 iejuniumz‘

1907 5328 2023 5411 (63)
2054 5328 2446 5411 Eadem_edit.,
2498 5332 2688 5411 reddat
2714 5331 2761 5411 ei
2789 5332 2973 5411 saltem
3013 5330 3154 5401 quod
3180 5328 3421 5399 abstulit,

1833 5411 1882 5468 si
1911 5402 2017 5486 iuni
2044 5408 2102 5486 in
2129 5404 2512 5486 quadruplum:
2540 5402 2916 5486 εἱστφίίκθιρ·
2961 5456 2965 5460 ι
3036 5473 3066 5486 ..
3094 5457 3137 5483 .-

1911 5426 2017 5465 ηοη
2044 5424 2102 5463 in
2129 5421 2512 5533 quadruplum,
2540 5421 2589 5484 si
2617 5421 2678 5458 cu
2720 5421 2916 5483 utere.
2961 5456 2965 5460 .
3036 5473 3045 5483 _
3094 5457 3137 5483 _,

1909 5480 2024 5551 (64)
2048 5479 2130 5534 Ea
2169 5474 2638 5551 em_edlt.,Credite
2657 5421 2957 5551 {rmisstme
2977 5472 3427 5551 mihi,'_fratres,et

1837 5542 2139 5608 nuilatenus
2170 5542 2420 5610 dubitate,
2477 5545 2604 5615 quia
2634 5542 2702 5612 si,
2760 5551 2865 5600 etc.
2906 5544 3110 5605 Iterum
3143 5542 3306 5609 infra,
3338 5543 3429 5596 sed

226 5628 338 5704 (62)
376 5617 750 5705 ndiﬁjédiii,"
779 5638 915 5693 sicut
956 5637 1126 5708 ignem
1154 5633 1421 5690 ardentem
1448 5625 1733 5698 exstinguit
1836 5625 1969 5680 sicut
1996 5620 2083 5677 illi
2110 5636 2215 5675 non
2243 5617 2348 5672 nisi
2376 5618 2432 5672 in
2470 5632 2639 5682 sacco,
2669 5623 2776 5672 etc.
