3864 6188
431 251 539 311 659

1442 247 1540 305 AD
1577 247 1813 306 OPERA
1849 247 1904 305 S.
1948 247 2282 307 AMBROSII
2321 248 2703 307 APPENDlX.

3647 247 3748 304 660

435 397 564 439 nare
591 377 916 453 poterimus,
955 375 1002 434 si
1032 374 1308 434 medicum
1349 373 1659 432 animarum
1709 382 2023 431 nostrarum
2055 381 2106 440 Α
2132 373 2490 433 devastandas
2519 375 2792 433 Ecclesias
2822 377 3146 434 Damascum
3167 382 3524 450 properaret,
3561 374 3746 432 subito

433 469 672 529 ﬁdeliter
700 484 1009 536 exoremus,
1046 474 1108 523 ut
1158 473 1428 539 praecepta
1456 464 1575 538 ejus
1601 477 1871 538 tanquam
1896 483 2026 522 sus-

432 559 578 635 cepti
617 557 803 616 idonei
833 557 1063 613 minime
1091 555 1492 628 dispernamus.
1539 555 1693 613 Tunc
1722 555 1869 611 enim
1912 558 2025 612 lan-

435 650 635 722 guidus
655 646 1004 721 aegritudinis
1032 661 1144 700 suas
1174 643 1392 700 invenit
1420 643 1774 713 medicinam,
1805 644 1852 700 si
1877 643 2029 700 omni

433 736 813 796 sollicitudine
842 733 1043 791 medici
1086 733 1346 788 mandata
1375 731 1680 790 servaverit
1713 734 1828 805 (65)
1856 751 1869 801 ;
1903 733 2030 806 quia

433 829 480 885 si
507 825 660 884 aliud
682 826 867 893 faciat,
891 839 1015 881 cum
1040 821 1193 878 aliud
1200 821 1454 894 jubetur,
1477 821 1816 880 increscente
1836 823 2029 879 morbo

432 933 541 974 non
573 914 842 982 medicus,
873 911 967 968 sed
997 911 1389 985 praevaricator
1419 911 1476 968 in
1503 912 1666 985 culpa
1693 919 1795 969 est.

500 1025 555 1082 2.
604 1022 850 1080 Medicus
927 1030 1110 1078 autem
1165 1029 1248 1076 est
1306 1021 1575 1077 Dominus
1640 1030 1826 1077 noster
1873 1020 2027 1076 Iesus

431 1113 703 1182 Christus,
757 1111 852 1185 qui
904 1110 1022 1167 ait:
1088 1111 1250 1183 «Ego
1295 1110 1543 1166 occidam
1591 1117 1644 1165 et
1695 1110 2021 1167 viviﬁcabo:

430 1203 732 1278 percutiam
777 1209 831 1258 et
877 1199 1080 1258 sanabo
1123 1198 1302 1271 (Deut.
1358 1217 1542 1267 xxxu,
1581 1201 1696 1272 39).
1731 1227 1749 1249 ι
1812 1201 2028 1258 Occidit

429 1294 576 1351 enim
611 1290 1016 1367 quodammodo
1071 1298 1366 1363 antequam
1414 1289 1662 1346 viviﬁcet
1715 1290 2022 1358 Dominus;

430 1383 634 1441 occidit
665 1383 813 1438 enim
831 1381 1072 1455 primum
1105 1381 1162 1436 in
1189 1379 1349 1436 nobis
1369 1379 1694 1447 homicidia,
1729 1378 2024 1448 adulteria,

429 1477 655 1544 scelera,
685 1474 854 1542 furta,
894 1489 989 1546 per
1017 1471 1351 1544 baptismum
1379 1489 1389 1526 :
1443 1479 1496 1526 et
1530 1471 1609 1528 sic
1634 1488 1734 1526 nos
1764 1480 2025 1544 tanquam

430 1582 603 1623 novos
647 1563 900 1620 homines
947 1561 1271 1618 aeternitatis
1307 1560 1723 1618 immortalitate
1757 1560 2024 1619 viviﬁcat.

428 1655 700 1714 Morimur
729 1670 855 1725 ergo
883 1651 1123 1725 peccatis
1165 1650 1426 1707 videlicet
1456 1667 1554 1723 par
1590 1651 1870 1707 lavacrum
1906 1668 1916 1706 :
1946 1666 2026 1706 re-

2136 467 2364 539 fulgoris
2411 466 2647 524 cmlestis
2687 483 2811 524 eum
2861 476 3065 524 terrore
3116 468 3413 541 percussit,
3462 475 3529 524 ut
3561 484 3744 524 evan-

2139 555 2295 628 gelici
2326 555 2630 628 splendoris
2645 573 2768 613 eum
2791 559 2911 614 luce
2933 557 3312 631 perfunderet:
3345 565 3402 614 et
3424 558 3741 615 carnalium

2140 644 2412 702 luminum
2436 648 2826 710 414orbitate
2845 649 3133 706 mulctavit
3153 648 3292 721 (68),
3319 655 3385 704 ut
3398 647 3741 721 spiritalium

2137 747 2420 804 oculorum
2452 749 2789 806 illuminaret
2819 759 3037 822 aspectu
3065 766 3076 803 :
3127 746 3375 820 corporis
3408 763 3544 804 eum
3578 747 3742 804 debi-

2138 837 2290 895 litate
2319 840 2630 912 perterruit,
2676 849 2736 897 ut
2783 839 2909 896 ﬁdei
2938 839 3233 895 devotione
3284 837 3550 894 salvaret.
3600 837 3741 894 Sur-

2138 945 2266 1000 gens
2293 946 2419 1003 ergo
2447 948 2478 986 a
2499 939 2638 987 terra
2667 932 2885 1000 Paulus,
2920 929 3287 987 exterioribus
3336 928 3575 1003 quidem
3613 947 3735 986 ocu-

2139 1018 2206 1073 lis
2245 1034 2351 1074 non
2385 1019 2605 1075 videbat
2648 1019 2919 1087 homines,
2962 1035 3074 1074 non
3107 1035 3286 1075 aerem
3319 1037 3331 1085 ;
3384 1019 3487 1076 sed
3540 1020 3737 1077 mentis

2137 1107 2439 1165 luminibus
2487 1109 2766 1167 Christum
2822 1109 3044 1166 videbat
3094 1127 3123 1165 e
3162 1111 3320 1166 coelo.
3376 1111 3634 1183 Denique
3684 1112 3738 1166 in

2136 1208 2349 1256 tantum
2382 1201 2587 1274 profuit
2623 1202 2846 1258 Domini
2878 1201 2982 1259 ista
3024 1203 3323 1275 percussio,
3353 1212 3416 1260 ut
3449 1201 3520 1258 de
3547 1202 3737 1260 Judao

2137 1290 2502 1358 Christianus,
2524 1289 2590 1346 de
2610 1291 2930 1363 blasphemo
2945 1293 3242 1364 apostolus,
3259 1291 3326 1348 de
3343 1293 3512 1349 Saulo
3539 1293 3736 1350 Paulus

2137 1381 2420 1436 exsisteret
2448 1399 2460 1447 ;
2496 1389 2548 1436 et
2578 1398 2641 1436 eo
2668 1398 2838 1456 usque
2889 1381 3124 1438 mutavit
3153 1390 3395 1439 veterem
3444 1399 3577 1440 cum
3610 1399 3735 1441 mo-

2137 1471 2289 1526 ribus
2326 1471 2632 1537 hominem,
2664 1479 2723 1527 ut
2751 1473 2917 1528 etiam
2951 1481 3187 1529 mutaret
3215 1482 3269 1530 et
3302 1489 3531 1530 nomen.

2209 1570 2261 1626 6.
2295 1569 2566 1626 Habentes
2594 1571 2762 1643 igitur
2790 1570 3110 1642 hujusmodi
3138 1571 3440 1642 medicum,
3475 1574 3571 1647 qui
3606 1589 3731 1646 per-

2137 1660 2396 1716 cutiendo
2443 1669 2619 1729 sanat,
2667 1661 3052 1719 mortiﬁcando
3110 1661 3376 1729 viviﬁcat,
3432 1663 3734 1720 subdamur

430 1760 752 1818 generamur
780 1748 960 1798 amem
1009 1741 1137 1796 νίῐδὲ
1182 1756 1278 1813 De?
1312 1739 1588 1813 Spiritum,
1621 1741 1765 1798 8ίοοι
1802 1742 1879 1797 ait
1909 1758 2030 1797 san-
2060 1745 2106 1805 B
2141 1750 2191 1806 ei
2219 1767 2345 1806 cum
2381 1751 2532 1807 omni
2565 1751 2830 1824 patientia
2873 1751 2941 1807 ad
2985 1750 3322 1808 curandum:
3357 1759 3420 1808 ut
3460 1753 3729 1827 quidquid

428 1843 552 1893 ctus
579 1832 912 1906 Apostolus:
981 1854 999 1879 ι
1041 1829 1313 1898 Quoniam
1373 1831 1577 1886 mortui
1632 1831 1762 1887 estis
1812 1831 2029 1887 delictis

429 1923 647 1992 vestris,
683 1929 736 1978 et
765 1921 879 1978 vita
918 1929 1101 1977 vestra
1144 1919 1466 1976 abscondita
1515 1927 1597 1976 est
1645 1937 1773 1976 cum
1804 1919 2028 1977 Christo

433 2014 662 2086 (Coloss.
696 2028 780 2079 III,
804 2010 883 2082 3).
906 2033 924 2057 ι
954 2040 1018 2051 ο-
1054 2034 1073 2058 ι
1101 2009 1426 2082 Consepulti
1453 2009 1600 2064 enim
1631 2008 1764 2065 estis
1782 2025 1910 2066 cum
1929 2010 2027 2066 illo

429 2119 525 2176 per
552 2102 886 2175 baptismum
910 2099 967 2155 in
985 2106 1218 2156 mortem
1251 2099 1428 2171 (Rom.
1456 2115 1533 2166 v1,
1555 2097 1612 2170 4)
1635 2116 1683 2166 ;›
1719 2097 2028 2154 occidimur

428 2194 578 2251 enim
637 2191 1062 2267 quodammodo,
1131 2207 1257 2247 cum
1323 2190 1628 2247 desinimus
1695 2205 1809 2245 esse
1879 2189 2027 2262 quod

427 2283 656 2341 fuimus.
689 2283 844 2339 Novo
872 2281 1021 2339 enim
1061 2280 1278 2354 pietatis
1316 2295 1510 2352 genere
1545 2280 1602 2334 in
1642 2296 1754 2335 uno
1793 2278 2026 2336 eodem-

428 2392 534 2450 que
603 2373 828 2430 homine
894 2389 1042 2429 mors
1107 2379 1366 2444 operatur
1431 2376 1484 2426 et
1550 2369 1721 2438 vita;
1791 2370 2027 2426 moritur

429 2464 575 2522 enim
601 2461 1048 2536 concupiscentia
1076 2467 1447 2534 peccatorum,
1478 2458 1798 2516 viviﬁcatur
1841 2476 2025 2515 amore

429 2553 699 2611 virtutum
733 2551 872 2624 (66).
914 2553 976 2609 In
1006 2565 1118 2607 uno
1167 2565 1403 2624 namque
1454 2549 1755 2623 eodemque
1800 2547 2024 2606 homine

429 2644 632 2720 impius
653 2653 706 2703 et
721 2644 939 2702 adulter
968 2641 1259 2711 occiditur,
1283 2649 1346 2697 ut
1367 2641 1680 2699 misericors
1711 2647 2026 2696 renascatur

429 2743 483 2793 et
507 2745 688 2794 castus
722 2755 734 2793 :
768 2733 1109 2791 interimitur
1140 2731 1473 2800 idololatria,
1508 2739 1570 2787 ut
1601 2730 1794 2803 religio
1823 2747 2024 2803 propa-

429 2833 620 2901 getur;
660 2826 962 2883 fornicator
989 2830 1042 2879 et
1068 2821 1317 2878 ebriosus
1347 2820 1740 2894 exstinguitur,
1763 2828 1826 2876 ut
1851 2819 2025 2878 conti-

429 2932 565 2973 nens
593 2923 647 2972 et
671 2913 888 2970 sobrius
925 2919 1265 2986 procreetur.

499 3024 551 3081 3.
571 3022 660 3080 Sic
676 3037 803 3094 ergo
826 3018 1420 3087 mortiﬁcatDominus,
1437 3024 1498 3073 ut
1518 3015 1795 3074 viviﬁcari
1822 3016 2018 3074 faciat:

428 3114 510 3172 sic
538 3113 762 3181 occidit,
811 3119 873 3168 ut
923 3109 1140 3185 prosit:
1190 3111 1270 3168 sic
1318 3108 1592 3174 verberat,
1640 3115 1702 3164 ut
1749 3107 2021 3164 emendet.
2055 3115 2097 3175 ο
2135 3101 2370 3158 caelestis
2424 3101 2610 3174 gratiae
2668 3119 2790 3159 rore
2846 3101 3197 3175 perfunditur
3244 3122 3257 3171 ;

429 3205 556 3262 Haec
575 3211 655 3261 est
674 3201 844 3276 igitur
863 3200 1009 3259 circa
1023 3199 1279 3256 homines
1309 3214 1437 3255 suos
1467 3197 1585 3270 ejus
1603 3205 1716 3254 tota
1735 3197 2019 3266 severitas,

427 3303 490 3353 ut
532 3296 590 3352 in
620 3293 710 3351 his
765 3299 986 3366 peccata
1031 3289 1354 3364 puniantur,
1404 3288 1589 3344 anima
1618 3294 2018 3345 conservetur:

426 3383 793 3441 abstollantur
826 3377 1144 3436 detestanda
1175 3377 1332 3446 vitia,
1376 3377 1612 3432 virtutes
1655 3375 1877 3448 optimas
1908 3391 2025 3430 nu-

427 3471 665 3527 triantur
704 3468 840 3540 (67).
875 3467 1056 3538 Usque
1084 3467 1219 3522 adeo
1247 3475 1428 3523 autem
1480 3465 1584 3521 hac
1613 3464 1704 3536 pia
1754 3463 2026 3520 occisione

427 3557 654 3616 Domini
681 3553 962 3614 cernimus
989 3553 1274 3627 plerosque
1301 3569 1596 3609 conversos
1620 3552 1678 3608 in
1707 3561 1925 3610 tantum
1957 3552 2026 3608 ad

429 3642 628 3701 melius
657 3639 975 3716 profecisse,
1014 3639 1094 3697 sic
1121 3638 1188 3696 de
1218 3638 1484 3712 piissimis
1529 3640 1768 3711 optimos
1814 3641 2022 3708 factos;

427 3740 492 3791 ut
519 3749 647 3790 cum
676 3729 864 3788 videas
891 3746 1003 3801 eos,
1035 3729 1172 3787 alios
1200 3728 1388 3786 credas
1435 3727 1711 3798 homines,
1741 3745 1867 3787 cum
1900 3745 2024 3801 non

429 3823 619 3882 videas
664 3827 1044 3880 mutatasesse
1072 3835 1350 3896 personas.
1397 3820 1458 3876 In
1511 3825 1728 3877 tantum
1758 3818 1907 3876 enim
1967 3820 2026 3876 in

429 3914 590 3973 nobis
634 3913 692 3972 id
733 3911 880 3989 quod
923 3911 1075 3986 prius
1104 3927 1342 3981 eramus,
1401 3909 1717 3984 perimitur,
1749 3909 2020 3980 aufertur,

429 4003 824 4078 exstinguitur,
854 4012 917 4061 ut
933 4002 990 4059 id
1017 4000 1164 4076 quod
1194 4008 1384 4075 postea
1398 4017 1608 4070 sumus,
1628 4000 1810 4058 denuo
1831 4009 2025 4058 natum

429 4110 544 4152 esse
572 4095 897 4151 credamus:
933 4092 1080 4150 unde
1110 4092 1370 4150 nativitas
1399 4092 1517 4150 haec
1546 4090 1786 4150 secunda
1824 4091 2029 4165 prioris

430 4182 560 4240 vita
577 4183 744 4239 ﬁnem
757 4181 874 4253 jam
904 4181 1112 4239 factum
1139 4181 1309 4238 fuisse
1338 4181 1636 4255 signiﬁcat.

501 4279 555 4336 4.
585 4278 743 4348 Quod
772 4285 954 4336 autem
997 4277 1107 4341 ait:
1155 4301 1175 4327 ‹
1201 4281 1318 4353 Ego
1365 4279 1667 4354 percutiam
1717 4288 1771 4338 et
1821 4280 2027 4338 sanabo

433 4371 618 4440 (Deut.
651 4384 836 4438 xxxn,
867 4367 960 4440 39)
993 4385 1007 4436 ;
1040 4391 1061 4418 ι
1101 4369 1340 4442 percutit
1390 4371 1550 4443 plane
1596 4369 1882 4444 praeceptis
1916 4369 2031 4427 suis

2137 1838 2196 1894 in
2250 1839 2410 1896 nobis
2461 1840 2814 1912 probrosum,
2849 1841 3118 1914 quidquid
3150 1842 3371 1899 delictis
3423 1843 3724 1912 sordidum,

2137 1927 2405 2003 quidquid
2448 1931 2724 1987 ulceribus
2769 1931 3008 1988 fetidum
3057 1931 3170 2004 (69)
3220 1948 3335 1988 esse
3366 1934 3727 2006 perspexerit,

2136 2018 2364 2088 incidat,
2414 2027 2680 2092 amputet,
2741 2029 3010 2089 exsecet;
3072 2029 3133 2076 ut
3190 2021 3412 2078 resectis
3473 2021 3725 2077 omnibus

2136 2110 2342 2167 diaboli
2386 2111 2728 2181 vulneribus,
2762 2111 2868 2169 hoc
2909 2113 3088 2168 solum
3132 2113 3189 2168 in
3240 2113 3402 2169 nobis
3447 2114 3609 2171 faciat
3639 2130 3729 2169 re-

2135 2218 2374 2268 manere,
2399 2203 2544 2276 quod
2572 2203 2670 2259 Dei
2711 2210 2810 2259 est.
2844 2204 2998 2259 Istud
3029 2211 3214 2260 autem
3251 2213 3583 2278 praeceptum
3615 2205 3729 2277 ejus

2135 2301 2216 2350 est
2261 2295 2522 2366 primum,
2570 2304 2631 2351 ut
2669 2293 2757 2350 his
2787 2294 3147 2368 quadraginta
3209 2295 3432 2362 diebus,
3481 2295 3726 2368 jejuniis,

2135 2385 2496 2453 orationibus,
2531 2385 2738 2458 vigiliis
2759 2401 2976 2456 operam
3021 2385 3438 2440 commodemus
3465 2404 3478 2451 ;
3507 2385 3727 2458 jejuniis

2135 2475 2280 2530 enim
2306 2476 2530 2532 lascivia
2568 2475 2813 2549 corporis
2833 2475 3149 2548 castigatur,
3169 2474 3514 2530 orationibus
3538 2475 3729 2531 devota

2134 2563 2414 2637 saginatur
2427 2564 2631 2633 anima,
2650 2564 2858 2636 vigiliis
2879 2564 3092 2621 diaboli
3112 2563 3329 2620 insidiae
3352 2564 3726 2636 depelluntur.

2133 2653 2342 2710 Deinde
2372 2670 2496 2709 cum
2521 2653 2639 2710 istis
2670 2655 3055 2711 mandatorum
3089 2653 3573 2710 observationibus
3602 2655 3727 2710 fue-

2134 2743 2208 2798 rit
2249 2741 2354 2799 hoc
2396 2751 2610 2815 tempus
2654 2743 2961 2816 impletum,
2996 2752 3130 2800 tunc
3159 2753 3392 2816 purgata
3423 2750 3478 2800 et
3511 2743 3727 2816 fatigata

2135 2839 2215 2887 tot
2244 2831 2721 2888 observationibus
2765 2833 2967 2902 anima,
3001 2833 3066 2888 ad
3111 2832 3449 2905 baptismum
3483 2833 3724 2898 veniens,

2133 2920 2368 2993 Spiritus
2394 2921 2567 2978 sancti
2597 2921 2958 2978 inundatione
2978 2921 3225 2979 reﬁcitur
3250 2941 3260 2977 :
3291 2931 3345 2978 et
3365 2922 3639 2996 quidquid
3674 2923 3723 2977 in

2133 3027 2195 3067 ea
2253 3011 2594 3067 diversarum
2665 3011 3053 3084 mgritudinum
3112 3011 3274 3068 ardor
3331 3012 3725 3078 exsiccaverat,

3337 3112 3399 3160 ut
3452 3103 3726 3176 deponens

2132 3193 2332 3248 veteris
2362 3193 2604 3249 hominis
2633 3195 3022 3266 corruptelam,
3058 3211 3219 3252 novae
3248 3194 3495 3252 indolem
3523 3195 3728 3269 juven-

2133 3283 2268 3339 tutis
2293 3283 2558 3357 acquirat.
2591 3284 2662 3340 Et
2690 3285 2891 3341 mirum
2923 3285 2981 3340 in
3011 3284 3239 3342 modum
3270 3287 3328 3342 in
3359 3302 3474 3342 uno
3503 3285 3729 3342 eodem-

2134 3389 2240 3446 que
2281 3373 2506 3431 homine
2556 3375 2774 3432 delictis
2819 3375 3101 3444 sanctitas,
3153 3375 3440 3450 iniquitati
3491 3375 3723 3448 justitia,

2135 3463 2402 3520 senectuti
2466 3463 2711 3521 succedit
2767 3464 3046 3521 infantia:
3107 3482 3365 3539 novoque
3422 3465 3725 3523 nativitatis

2135 3571 2328 3628 genere
2357 3557 2495 3614 alter
2529 3564 2632 3627 est,
2669 3557 2764 3631 qui
2795 3557 3120 3627 renascitur,
3152 3575 3316 3632 quam
3365 3556 3484 3632 ipse
3513 3559 3607 3628 sit,
3637 3556 3724 3630 qui

2135 3645 2403 3718 peccavit.
2426 3714 2441 3726 ,

2207 3744 2258 3799 7.
2282 3744 2373 3802 Sic
2409 3760 2644 3819 namque
2676 3746 2826 3803 Elias
2871 3746 3232 3821 quadraginta
3279 3746 3499 3804 dierum
3531 3763 3596 3806 ac
3620 3764 3723 3805 no—

2134 3834 2306 3892 ctium
2335 3836 2611 3894 curriculo
2634 3837 2955 3896 continuato
2965 3837 3179 3910 jejunio
3212 3839 3334 3910 (III
3350 3840 3474 3912 Reg.
3507 3857 3629 3908 xxx,
3646 3840 3719 3912 8),

2136 3924 2304 3980 totius
2333 3926 2527 3982 mundi
2559 3927 2774 4000 longam
2802 3944 2864 3984 ac
2902 3927 3131 3983 nimiam
3163 3927 3473 3985 siccitatem
3531 3929 3718 3986 meruit

2137 4013 2397 4069 imbrium
2455 4032 2576 4072 rore
2623 4016 2977 4089 restinguere,
3030 4024 3084 4072 et
3129 4016 3416 4073 ardentem
3465 4027 3717 4075 terrarum

2137 4103 2286 4160 sitim
2320 4105 2554 4161 caelestis
2583 4107 2784 4177 pluviae
2814 4105 3060 4179 largitate
3089 4105 3420 4182 perfundere
3469 4109 3584 4181 (ΙΙΙ
3605 4111 3715 4179 Reg.

2139 4210 2301 4262 xvm,
2331 4193 2448 4266 45).
2479 4194 2635 4263 Quod
2660 4195 2882 4269 quidem
2930 4196 2989 4252 in
3036 4197 3271 4270 ﬁguram
3322 4197 3497 4254 nostri
3528 4198 3715 4255 factum

2138 4297 2252 4340 esse
2280 4285 2679 4357 cognoscimus,
2721 4295 2782 4342 ut
2814 4302 2914 4342 nos
2960 4302 3178 4361 quoque
3236 4287 3439 4344 horum
3490 4288 3716 4362 quadra-

2140 4373 2288 4446 ginta
2316 4373 2593 4431 curriculo
2626 4374 2838 4432 dierum
2889 4375 3227 4449 jejunantes,
3287 4378 3595 4450 spiritalem
3625 4378 3715 4434 ba-

428 4460 700 4519 Dominus
735 4466 1066 4534 peccatores,
1111 4466 1174 4516 ut
1204 4469 1357 4517 sanet
1387 4477 1402 4528 ;
1449 4460 1722 4518 mandatis
1749 4460 2024 4531 verberat,
2059 4487 2104 4544 D
2139 4463 2408 4535 ptismatis
2437 4465 2681 4536 pluviam
2712 4465 2968 4522 tribubus
2997 4467 3204 4523 nostris
3239 4467 3366 4538 (70)
3401 4482 3710 4531 mereamur,

426 4562 491 4611 ut
509 4551 799 4611 emendet:
825 4549 1040 4624 jejunia
1067 4551 1337 4626 praecipit,
1370 4551 1569 4610 indicit
1599 4551 2023 4620 continentiam,

421 4641 700 4716 judicium
739 4642 1136 4700 comminatur:
1185 4649 1238 4700 et
1267 4641 1481 4700 tristem
1523 4642 1784 4714 gehennae
1809 4648 2018 4696 metum

429 4733 724 4803 incutiens,
757 4731 984 4790 adhibet
1007 4730 1340 4790 medicinam
1368 4749 1383 4800 ;
1417 4739 1479 4788 ut
1507 4729 1642 4787 dum
1662 4729 1848 4786 futura
1883 4745 2020 4802 per-

427 4822 793 4893 timescimus,
825 4821 1116 4897 praesentia
1142 4819 1500 4893 corrigamus.

497 4933 552 4990 ὕ.
593 4932 685 4992 Sic
728 4946 966 5005 namque
1021 4929 1253 4987 Paulum
1312 4927 1617 5002 apostolum
1664 4925 2022 5000 percutiendo

427 5036 622 5078 sanum
670 5020 914 5078 reddidit
962 5019 1104 5091 (Act.
1138 5036 1218 5088 1x,
1259 5017 1293 5075 3
1321 5019 1494 5089 seq.);
1528 5033 1654 5074 cum
1695 5017 1842 5072 enim
1882 5023 2022 5072 esset

428 5117 765 5183 persecutor,
820 5108 1027 5182 impius
1060 5116 1114 5165 et
1157 5107 1528 5181 blasphemus,
1572 5114 1626 5163 et
1676 5105 1900 5178 quidem
1956 5104 2024 5161 ad

501 5280 618 5352 (65)
651 5279 841 5340 Codex
870 5276 1130 5352 valliscl.
1165 5276 1477 5352 medicin-am
1508 5276 1689 5352 datam
1714 5275 2020 5331 sewaverit.

502 5347 617 5423 (66)
652 5352 804 5409 Idem
835 5349 1033 5423 codex,
1068 5348 1375 5423 viviﬁcatur
1395 5349 1528 5423 odor
1557 5347 1834 5423 virtutum.

503 5417 619 5494 (67)
646 5423 824 5488 Edit.,
864 5417 1207 5494 auferuntur‘
1239 5418 1542 5494 detestanda
1573 5418 1782 5494 vitia..._
1809 5420 1905 5472 hac
1929 5417 2027 5489 pia

428 5489 692 5549 occasione
728 5489 968 5549 Domini.
1005 5492 1075 5546 Et
1123 5489 1290 5555 infra,
1317 5489 1496 5543 videas
1527 5505 1631 5554 eos,
1662 5489 1844 5544 credas
1873 5506 2024 5543 rena-

431 5567 507 5615 tos
523 5563 775 5618 homines.

504 5631 622 5704 (68)
653 5633 736 5690 Ita
763 5631 939 5689 codex
968 5631 1249 5700 Valliscl.;
1283 5630 1416 5687 edit.
1459 5639 1640 5686 autem
1679 5638 1813 5697 \et.,
1853 5631 2030 5687 orbem

2135 4561 2484 4626 nostramque
2511 4553 2726 4626 jamdiu
2753 4555 2961 4613 aridam
2984 4565 3187 4613 terram
3222 4558 3467 4615 cmlestis
3499 4558 3711 4628 desuper

2129 4641 2308 4698 imber
2357 4642 2634 4713 infundat,
2679 4651 2733 4700 et
2791 4647 3010 4718 longam
3073 4647 3371 4719 gentilium
3426 4647 3708 4704 siccitatem

2131 4730 2334 4787 lavacri
2366 4731 2655 4788 inundatio
2677 4735 2931 4792 salutaris
2961 4737 3178 4793 irroret.
3209 4737 3527 4795 Siccitatem
3575 4733 3708 4790 enim

2127 4827 2181 4875 et
2208 4819 2457 4876 ardorem
2486 4820 2681 4877 animm
2731 4840 2840 4878 suae
2890 4824 3116 4897 patitur,
3167 4825 3422 4898 quisquis
3469 4810 3707 4895 baptismi

2130 4909 2304 4982 gratia
2339 4927 2451 4966 non
2485 4910 2712 4982 rigatur.

2203 5008 2257 5063 8.
2291 5009 2496 5064 Horum
2528 5025 2655 5080 ergo
2686 5008 2898 5066 dierum
2934 5010 3295 5084 noctiumque
3317 5011 3533 5084 jejunio
3561 5010 3707 5080 Moy-

2130 5113 2215 5154 ses
2243 5106 2462 5155 sanctus
2492 5100 2693 5155 meruit
2721 5115 2846 5156 cum
2876 5101 2988 5156 Deo
3009 5099 3184 5171 loqui,
3216 5107 3384 5168 stare,
3408 5100 3702 5164 consistam,

2131 5277 2396 5344 mutavit;
2451 5279 2631 5345 Rom.,
2685 5275 2956 5331 orbitatem
3007 5275 3258 5330 mutavit:
3328 5292 3515 5330 omnes
3569 5287 3701 5338 vero,

2133 5349 2459 5404 illuminaret
2483 5355 2736 5420 aspectum
2748 5392 2759 5403 .

2207 5420 2323 5491 (69)
2357 5416 2561 5477 Omnes
2591 5419 2749 5488 edit.,
2773 5417 3140 5491 ᾼιιιλςιιᾴᾴᾳᾳίἀ
3183 5419 3448 5491 ulceribus
3467 5416 3704 5488 fetidum;

2134 5489 2459 5548 intermedia
2484 5508 2612 5548 vero
2633 5508 2661 5546 e
2690 5489 2811 5547 cod.
2856 5489 3105 5546 Valliscl.
3137 5489 3397 5547 restituta
3417 5499 3559 5546 sunt.

2207 5563 2324 5689 (’70)
2351 5564 2508 5621 Rom.
2543 5561 2676 5620 edit.
2719 5568 2840 5635 post
2869 5577 3060 5618 vocem
3085 5561 3335 5634 pluviam
3362 5565 3700 5622 resecaverat,

2243 5635 2373 5689 ubus
2403 5634 2617 5689 nostris.

2135 5633 2373 5690 tribubus
2403 5634 2617 5690 nostris.
