3864 6188
140 298 250 355 661

967 298 1339 357 SERMONES
1376 299 1432 355 S.
1474 299 1829 358 AMBROSIO
1869 300 2243 359 HACTENUS
2282 301 2616 360 ASCRIPTI.

3346 305 3451 364 662

140 430 199 480 et
227 424 307 483 de‘
330 420 497 481 manu
528 426 661 499 legis
705 433 974 498 praecepta
1019 426 1300 498 suscipere
1341 427 1541 497 (Exod.
1582 432 1745 496 xXtv,
1775 432 1826 492 Α
1857 426 2138 499 gestimus.
2171 427 2428 500 Legimus
2455 428 2513 484 in
2542 427 2731 486 Veteri
2760 430 3130 501 Testamento,
3157 446 3282 488 cum
3313 447 3452 489 san-

142 514 215 570 18
239 531 254 581 ;
289 526 448 583 xxxx,
482 516 594 587 18).
617 515 884 583 Quamvis
898 515 1045 571 enim
1066 516 1226 571 illum
1252 516 1319 573 ab
1347 517 1631 575 obtutibus
1646 517 1745 573 Dei

137 605 399 662 conditio
453 605 698 661 humana
744 604 1116 675 subtraheret,
1169 606 1510 677 jejuniorum
1562 616 1745 663 tamen

137 695 327 767 gratia
345 696 663 768 proximum
694 695 853 751 illum
876 695 1186 751 divinitatis
1202 696 1478 752 consortio
1493 696 1743 764 faciebat;

135 786 266 845 haec
297 788 449 845 enim
480 788 538 844 in
568 788 729 844 nobis
760 787 1029 845 virtutum
1062 788 1241 861 portio
1288 790 1385 845 Dei
1432 796 1533 856 est,
1564 796 1627 843 ut
1653 787 1748 860 je-

126 878 410 952 junemus
462 880 800 952 frequenter,
849 878 1107 951 quoniam
1170 895 1381 951 semper
1435 880 1579 935 Deus
1632 878 1749 950 ipse

127 970 380 1043 jejunat.
413 974 475 1028 In
521 986 854 1043 quocunque
897 969 1066 1041 igitur
1097 970 1219 1041 plus
1264 986 1490 1041 operum
1522 986 1747 1025 suorum

134 1060 328 1117 inesse
360 1059 719 1132 perspexerit,
752 1058 857 1131 ipsi
887 1059 1059 1130 magis
1091 1059 1398 1128 familiaris,
1430 1058 1660 1115 intimus
1696 1067 1750 1115 et

133 1149 361 1207 amicus
388 1157 492 1217 est,
524 1149 671 1204 sicut
716 1148 999 1221 Scriptura
1027 1148 1165 1205 dicit
1193 1167 1204 1203 :
1257 1137 1285 1196 ἰ
1314 1150 1385 1204 Et
1412 1150 1627 1221 Moyses
1657 1150 1749 1204 lo-

135 1240 416 1312 quebatur
444 1255 568 1295 cum
601 1240 714 1294 Deo
739 1236 879 1293 facie
905 1237 973 1292 ad
1003 1238 1223 1308 faciem,
1254 1240 1396 1295 sicut
1422 1240 1546 1313 quis
1575 1240 1748 1313 loqui-

136 1340 231 1389 tur
270 1345 403 1387 cum
433 1327 610 1384 amico
647 1344 747 1383 suo
782 1328 987 1398 (Exod.
1020 1345 1227 1398 χχχιιι,
1262 1330 1376 1401 11).
1407 1354 1426 1379 ι

208 1422 268 1478 9.
303 1418 463 1477 Unde
488 1425 543 1474 et
567 1418 844 1475 Dominus
872 1419 1027 1475 Iesus
1056 1418 1311 1476 Christus
1333 1418 1749 1475 resurrectionis

137 1510 395 1584 gloriam.
443 1517 824 1581 percepturus,
902 1508 1136 1565 virtutes
1193 1526 1317 1566 suas
1390 1508 1750 1583 quadraginta

135 1601 361 1658 dierum
413 1599 770 1672 noctiumque
812 1597 1030 1670 jejunio
1075 1600 1354 1657 dedicavit
1403 1600 1617 1671 (Matth.
1668 1617 1746 1667 IV,

136 1690 194 1761 2)
220 1707 235 1756 ;
268 1697 336 1746 ut
366 1688 679 1746 ostenderet
704 1705 816 1744 non
857 1704 1053 1761 panem
1084 1705 1198 1745 esse
1227 1689 1399 1745 vitam
1430 1688 1744 1757 hominum,

1852 525 1974 573 ctus
2019 516 2234 588 Moyses
2260 516 2404 573 ﬁlios
2432 516 2595 573 Israel
2631 516 2698 574 de
2720 517 2855 591 jugo
2900 518 3176 592 Egyptiaa
3203 520 3452 593 captivi-

1818 634 1821 637 -
1854 605 1981 661 tatis
2018 615 2254 674 erueret,
2303 613 2365 661 ut
2409 606 2467 661 in
2509 615 2711 662 terram
2741 623 2831 664 eos
2863 608 3305 681 repromissionis
3349 612 3453 667 in-

1856 695 2096 763 duceret,
2145 694 2505 768 quadraginta
2548 703 2603 750 et
2631 694 2867 753 duorum
2908 697 3122 754 dierum
3155 698 3441 771 (72)ieum

1857 784 1925 839 ad
1956 794 2308 840 memoratam
2325 792 2525 840 terram
2542 786 2920 842 mansionibus
2940 789 3442 862 pervenis'se’(Num.

1857 876 2113 943 xxxm,I
2165 873 2318 944 seq.);
2373 881 2633 947 tantoque
2678 875 2839 931 illum
2877 884 3184 949 temporum
3219 870 3450 937 numero

1858 965 2095 1036 potitum
2158 980 2272 1019 esse
2313 964 2616 1036 promissis,
2665 974 2871 1037 quanto
2914 973 2967 1021 et
3022 983 3121 1023 nos
3169 969 3451 1040 promissis

1859 1055 2017 1110 nobis
2046 1070 2078 1110 a
2119 1054 2400 1110 Salvatore
2440 1055 2648 1126 perfrui
2687 1056 3043 1127 gratulamur.
3092 1056 3321 1127 Eodem,
3354 1058 3452 1114 in-

1859 1162 2044 1218 quam,
2083 1161 2314 1201 numero
2354 1146 2569 1218 Moyses
2602 1161 2698 1217 per
2739 1147 3051 1205 mansiones
3094 1148 3343 1220 pervenit
3384 1150 3453 1207 ad

1858 1236 2122 1308 requiem,
2174 1253 2283 1309 quo
2316 1244 2370 1292 et
2413 1253 2513 1292 nos
2561 1253 2655 1309 per
2691 1237 2902 1309 jejunia
2962 1254 3340 1312 prosperamus
3385 1240 3452 1297 ad

1858 1329 2058 1385 coalum
2098 1347 2119 1394 ;
2164 1328 2374 1400 jejunia
2420 1330 2567 1385 enim
2616 1339 2803 1386 nostra
2846 1331 3157 1387 mansiones
3203 1331 3451 1406 quaedam

1858 1426 2009 1485 sunt,
2068 1434 2163 1489 per
2212 1435 2334 1491 quae
2392 1420 2495 1474 iter
2534 1419 2858 1491 spiritaliter
2908 1420 3188 1490 facientes,
3254 1420 3452 1478 animm

1859 1508 2160 1565 virtutibus
2201 1510 2568 1577 ambulamus,
2618 1518 2671 1565 et
2718 1511 2921 1567 diurno
2954 1512 3207 1583 profectu
3254 1529 3454 1585 repro-

1858 1598 2039 1655 missae
2103 1599 2263 1655 nobis
2304 1608 2462 1656 terrae
2516 1599 2815 1657 viciniores
2872 1601 3144 1658 efﬁcimur
3187 1619 3202 1669 ;
3272 1602 3349 1658 ita
3392 1611 3455 1660 ut

1857 1689 2023 1744 citius
2051 1689 2354 1761 perveniat,
2387 1689 2481 1762 qui
2509 1689 2761 1746 devotius
2784 1690 3068 1761 jejunarit.
3104 1691 3273 1747 Pedes
3302 1690 3452 1749 enim

135 1779 233 1836 sed
279 1779 386 1835 Dei
436 1778 686 1835 verbum.
747 1778 843 1834 His
900 1777 1085 1851 itaque
1129 1778 1345 1834 dierum
1389 1778 1748 1851 quadraginta
1774 1798 1822 1860 B
1858 1778 2081 1851 quidam
2111 1778 2307 1835 animai
2352 1779 2597 1850 pernices
2640 1786 2771 1833 sunt
2796 1778 2933 1834 ﬁdes
2963 1786 3124 1852 atque
3149 1779 3451 1852 jejunium,

130 1868 368 1943 jejuniis
397 1867 787 1926 reconciliatur
813 1870 981 1937 Deus,
1012 1868 1335 1943 aperiuntur
1354 1868 1501 1936 cceli,
1524 1867 1741 1925 inferna

136 1966 476 2017 reserantur.
509 1957 766 2031 Igitur,et
807 1975 930 2027 nos,
964 1958 1158 2019 fratres
1186 1955 1739 2029 dilectissimi',jeju-

135 2066 336 2107 nemus
365 2050 637 2107 continue
676 2056 735 2103 et
759 2048 956 2103 devote
1002 2048 1107 2107 hoc
1132 2048 1317 2120 spatio
1346 2048 1631 2118 temporis,
1680 2052 1742 2102 ut

134 2138 474 2212 propitietur
506 2136 667 2193 nobis
694 2135 968 2191 Dominus
993 2154 1004 2191 :
1040 2144 1260 2207 pateant
1288 2136 1450 2193 nobis
1477 2135 1624 2205 coeli,
1657 2135 1739 2191 in-

133 2225 297 2283 ferna
326 2242 443 2284 non
471 2224 689 2281 valeant
720 2224 836 2295 (71)
868 2224 1123 2282 retinere.

644 2370 791 2429 415
820 2364 1053 2421 SEBMO
1080 2366 1234 2422 XIX.

501 2468 579 2523 De
609 2474 798 2523 sancta
827 2466 1252 2539 Quadragesima
1291 2465 1384 2520 III.

145 2585 331 2643 Statim
370 2584 438 2639 ab
489 2583 640 2639 initio
691 2596 806 2640 eam
846 2583 1151 2656 a/ﬁnitattm
1189 2581 1401 2656 exhibet
1446 2581 1529 2635 hic
1573 2597 1742 2656 sermo

208 2674 325 2712 cum
353 2673 515 2711 serum.
549 2656 617 2712 39
663 2663 709 2711 et
753 2656 843 2721 M,
875 2651 1004 2725 quos
1041 2654 1333 2723 rejecimus,
1376 2659 1432 2706 ut
1478 2669 1560 2707 eos
1607 2651 1741 2720 ejus-

209 2730 323 2784 dem
378 2728 615 2783 auctoris
693 2743 797 2782 esse
867 2743 962 2781 nos
1023 2725 1341 2797 persuaderi
1396 2725 1540 2778 haud
1606 2740 1742 2794 (egre

206 2800 503 2871 patiamur.
551 2800 672 2856 Non
711 2805 785 2854 est
825 2804 1001 2853 autem
1038 2815 1135 2851 cur
1179 2797 1741 2871 existimesQuadra-

213 2867 456 2942 pssimum
486 2871 622 2936 illic,
651 2871 743 2926 ubi
766 2873 1150 2942 pronuntiatus
1168 2875 1274 2942 (est,
1306 2867 1620 2942 42jejunia,
1651 2885 1740 2942 seu

209 2939 397 3015 septem
414 2939 1055 3015 hebdomadas—complecti
1075 2941 1322 3015 solitam;
1338 2958 1440 3015 non
1454 2988 1457 2993 .
1469 2939 1605 3015 enim
1629 2940 1739 3015 alio

211 3011 378 3084 modo,
414 3032 535 3085 quce
558 3015 639 3070 hic
665 3011 917 3069 dicuntur
945 3015 1006 3069 de
1031 3013 1099 3069 42
1130 3012 1513 3079 mansionibus,
1546 3011 1737 3066 intelli-

210 3087 371 3158 genda
399 3084 547 3152 sunt,
599 3103 760 3158 quam
795 3086 1097 3141 earumdem
1134 3084 1468 3158 mansionum
1509 3101 1543 3138 a
1599 3085 1740 3158 Gre—

208 3155 351 3229 gorio
379 3160 579 3229 Magno
598 3155 751 3213 hom.
786 3158 853 3214 16
878 3158 938 3212 in
969 3158 1231 3228 Evangel.
1253 3156 1389 3229 inita
1407 3155 1735 3229 comparatio
1769 3159 1810 3219 Ο

208 3228 320 3285 eum
385 3228 865 3298 Quadragesima;
936 3229 1026 3283 ubi
1083 3235 1254 3283 tamen
1308 3228 1500 3282 diserte
1572 3228 1737 3281 tradit

212 3302 569 3430 tantuzmodo
615 3298 683 3358 36
729 3302 839 3357 dies
864 3300 1067 3371 jejunii
1108 3306 1256 3356 (etate
1298 3316 1395 3354 sua
1438 3298 1603 3369 fuisse
1650 3299 1734 3354 ob-

209 3390 352 3429 serva
408 3390 454 3430 s.
1734 3398 1739 3403 ι

213 3506 259 3562 1.
297 3506 516 3564 Sanctae
551 3504 990 3579 Quadragesimaa
1038 3502 1330 3573 rationem,
1376 3502 1533 3574 cujus
1568 3501 1734 3558 hodie

148 3593 351 3655 initium
398 3595 769 3664 celebramus,
819 3595 1133 3668 frequenter
1182 3592 1496 3649 edidimus:
1546 3600 1599 3647 et
1636 3608 1734 3647 cur

150 3690 407 3744 tantorum
446 3684 673 3744 dierum
704 3700 935 3740 numero
976 3681 1311 3755 jejunemus,
1346 3697 1486 3752 saepe
1532 3679 1733 3737 docui-

155 3788 282 3831 mus.
308 3776 572 3832 Diximus
609 3773 758 3830 enim
809 3773 955 3846 quod
982 3772 1254 3829 Dominus
1281 3771 1434 3826 Jesus
1481 3769 1733 3827 Christus

159 3860 289 3921 hunc
315 3866 569 3922 eumdem
597 3879 888 3920 numerum
916 3860 1116 3933 jejunii
1146 3860 1499 3927 consecrarit,
1522 3868 1575 3916 et
1605 3875 1731 3914 con-

159 3952 364 4012 tinuatis
418 3956 620 4013 diebus
670 3952 1032 4025 noctibusque
1104 3968 1216 4007 non
1272 3950 1491 4022 capiens
1545 3948 1729 4005 cibum

160 4057 312 4102 unum
336 4047 538 4120 jejunii
586 4062 788 4118 corpus
832 4042 1101 4100 effecerit:
1153 4043 1258 4098 hoc
1304 4050 1405 4109 est,
1455 4040 1583 4097 licet
1621 4039 1732 4096 diei

161 4133 280 4189 ordo
319 4137 491 4194 noctis
546 4135 1041 4206 interrumperetur
1084 4132 1345 4200 adventu,
1392 4147 1502 4185 non
1545 4137 1731 4186 tamen

164 4220 476 4300 interruptus
503 4237 590 4285 est
616 4227 752 4283 ordo
776 4225 998 4299 jejunii.
1023 4224 1177 4282 Unde
1206 4230 1361 4279 erant
1392 4222 1535 4294 apud
1555 4224 1731 4278 Deum

164 4313 302 4382 plura
324 4319 541 4391 quidem
572 4326 880 4390 temporum
911 4315 1208 4382 curricula,
1253 4311 1347 4369 sed
1385 4312 1730 4369 abstinentia

164 4401 266 4459 dies
302 4422 443 4465 una:
490 4407 733 4465 ostendit
778 4405 938 4463 nobis
984 4406 1061 4463 ita
1105 4421 1205 4460 nos
1253 4404 1401 4459 hunc
1439 4417 1730 4458 numerum

167 4489 413 4568 integrum
450 4499 702 4573 jejunare
749 4498 989 4565 debere;
1023 4504 1085 4553 ut
1132 4495 1261 4569 quia
1302 4502 1474 4551 totam
1504 4493 1729 4566 quadra-

169 4583 405 4652 gesimam
462 4590 754 4664 complecti
802 4605 914 4644 non
952 4603 1243 4661 possumus
1290 4585 1467 4642 solido
1522 4592 1574 4640 et
1619 4600 1731 4641 uno

163 4669 376 4745 jejunio,
403 4680 491 4735 vel
517 4678 856 4754 quotidianis
894 4677 1140 4734 eamdem
1178 4676 1296 4732 sine
1325 4674 1731 4731 intermissione

164 4755 369 4831 jejuniis
415 4768 793 4835 celebremus;
843 4775 906 4823 ut
948 4767 994 4823 si
1042 4766 1330 4840 quisquam
1376 4780 1541 4820 uuam
1583 4762 1728 4819 diem

165 4844 441 4921 jejunando
512 4856 940 4930 praetermiserit,
1018 4863 1188 4911 totam
1262 4853 1730 4929 quadragesimum

170 4936 388 5012 violarit,
418 4952 472 5002 et
504 4955 725 5019 propter
769 4943 976 5001 modici
1009 4943 1270 5015 temporis
1307 4943 1517 5012 cibum,
1548 4941 1731 5015 magni

170 5024 387 5088 fructum
412 5033 613 5091 laboris
640 5035 907 5091 amiserit.

231 5116 278 5175 2.
324 5121 423 5179 Sed
473 5124 615 5183 dicet
667 5124 903 5199 aliquis:
959 5121 1396 5194 Quadragesimae
1444 5120 1734 5195 aliquoties

173 5210 455 5282 accepimus
481 5216 767 5283 rationem,
805 5223 859 5271 et
886 5229 1005 5271 eam
1036 5218 1409 5269 consecratam
1439 5227 1470 5265 a
1497 5209 1734 5266 Domino

175 5291 462 5370 frequenter
508 5305 827 5362 audivimus
861 5325 871 5363 :
907 5302 1002 5361 sed
1049 5319 1147 5359 cur
1194 5300 1381 5357 eadem
1417 5299 1736 5372 Quadrage—

176 5382 295 5441 sima
344 5392 697 5468 quadraginta
733 5404 785 5452 et
843 5396 981 5453 duos
1032 5392 1313 5449 contineat
1367 5390 1485 5446 dies
1549 5387 1737 5445 audire

237 5532 356 5660 (Hi
376 5537 497 5595 Vet.
528 5542 684 5612 edit.,
716 5543 929 5615 inferna
976 5550 1164 5597 contra
1208 5558 1301 5595 nos
1354 5554 1459 5617 non
1492 5534 1738 5597 valeant;

237 5600 284 5656 [Ῐ.
358 5609 506 5660 uad-
536 5613 745 5660 inferna.
774 5616 1134 5660 nnnnabmnt:
1168 5613 1329 5660 Rom-
1353 5607 1512 5660 ed1t..
1540 5620 1738 5660 praeua-

177 5600 506 5683 Ϋοάιλλιξεάη
536 5600 745 5683 inferna
774 5600 1136 5681 'nonvaleant;
1168 5613 1329 5669 Rom.
1353 5607 1512 5673 edit.,
1536 5620 1738 5674 praeua-

181 5667 337 5742 ‘eant;
367 5667 903 5744 Valliscl'acodei—L‘ut
927 5667 1032 5742 eos
1061 5667 1324 5741 manu.

1856 1869 1950 1942 qui
1980 1870 2091 1925 cito
2119 1868 2186 1924 de
2230 1869 2538 1925 humilibus
2576 1868 2644 1924 ad
2674 1868 2870 1924 altiora
2904 1869 3303 1938 conscendunt,
3341 1868 3454 1925 cito

1849 1960 1916 2017 de
1949 1960 2186 2017 terrenis
2221 1961 2290 2015 ad
2319 1960 2562 2018 caalestia
2612 1958 2956 2032 gradiuntur.
2997 1962 3075 2016 De
3103 1959 3192 2017 his
3220 1949 3454 2034 pedibus

1845 2049 1991 2107 dixit
2019 2045 2315 2123 Apostolus
2351 2069 2362 2106 :
2414 2052 2445 2101 ι’
2470 2044 2909 2124 Ουειιηερθοὶοεί
2940 2050 3103 2124 pedes
3160 2042 3452 2129 evangeli-

1849 2140 2091 2195 zantium
2158 2145 2365 2212 pacem,
2410 2138 2906 2213 evangelizantium
2962 2141 3109 2198 bona
3158 2143 3336 2216 (Rom.
3388 2162 3448 2215 χ,

1854 2230 2022 2299 15)1›
2083 2230 2193 2285 Hos
2238 2229 2402 2301 pedes
2449 2230 2619 2286 lavari
2670 2230 2928 2305 praecepit
2966 2232 3257 2302 Dominus,
3306 2234 3451 2293 sicut

1850 2321 2146 2391 Apostolus
2174 2321 2251 2375 ait
2280 2320 2347 2376 de
2379 2321 2549 2377 vidua
2581 2341 2591 2378 :
2640 2346 2659 2369 ι
2687 2323 2743 2378 Si
2773 2314 3101 2381 sanctorum.
3120 2325 3284 2398 pedes
3315 2324 3453 2383 lavit

1854 2409 1911 2477 (Ι
1944 2410 2077 2464 Tim.
2120 2426 2175 2477 v,
2211 2410 2323 2481 10).
2357 2432 2375 2459 ι
2436 2411 2598 2482 Digni
2629 2412 2777 2468 enim
2821 2413 3031 2469 honore
3060 2415 3453 2489 evangelium-

1852 2495 1991 2551 tium
2055 2513 2238 2568 pacem
2282 2498 2445 2569 pedes
2491 2510 2640 2568 sunt,
2686 2500 2781 2573 qui
2845 2503 3119 2573 spiritales
3165 2520 3228 2559 ac
3277 2503 3443 2562 nitidi

1851 2583 2103 2640 doctrina
2137 2584 2223 2640 sui
2252 2602 2413 2657 super
2440 2586 2727 2643 hominum
2755 2588 2923 2644 corda
2950 2592 3306 2663 gradiuntur.

1922 2676 1974 2732 3.
2015 2675 2386 2749 Quadraginta
2428 2678 2591 2733 etiam
2645 2686 2698 2733 et
2746 2679 2983 2736 duorum
3030 2698 3302 2739 annorum
3337 2700 3453 2741 nu-

1848 2780 2000 2820 mero
2044 2766 2211 2821 Israel
2255 2768 2491 2838 populus
2528 2768 2779 2839 pervenit
2813 2768 2881 2824 ad
2928 2768 3134 2825 ﬂuenta
3173 2771 3450 2841 Iordanis,

1848 2853 2036 2909 eodem
2060 2870 2275 2927 quoque
2304 2856 2520 2911 dierum
2538 2857 2816 2914 curriculo
2848 2857 3198 2915 Christianus
3213 2846 3450 2932 populus

1848 2946 2101 3017 pervenit
2128 2946 2197 3002 ad
2238 2946 2443 3003 fluenta
2483 2946 2849 3021 baptismatis.
2881 2951 2954 3006 Et
2992 2950 3137 3007 sicut
3177 2951 3254 3007 ait
3303 2952 3449 3008 Pro-

1848 3036 2050 3108 pheta:
2099 3064 2118 3087 ι
2154 3037 2406 3095 Iordanis
2461 3056 2761 3097 conversus
2802 3048 2882 3097 est
2930 3049 3230 3099 retrorsum
3266 3042 3443 3115 (Psal.

1848 3145 2002 3198 cxm,
2029 3129 2109 3202 3,),
2130 3156 2148 3178 ι
2192 3130 2309 3187 illic
2337 3132 2651 3188 introeunte
2680 3134 2845 3190 Israel
2876 3133 2933 3189 in
2970 3150 3138 3209 aquas
3169 3134 3441 3205 ﬂuminis,

1845 3218 1991 3274 unda
2020 3219 2370 3293 subterfugit,
2404 3220 2496 3280 hic
2537 3221 2900 3279 descendente
2931 3223 2989 3279 in
3031 3223 3241 3283 fontem
3272 3224 3446 3282 Chri-

1843 3307 2043 3377 stiano,
2074 3309 2373 3366 criminum
2405 3319 2624 3382 peccata
2665 3310 2985 3383 diﬂ'ugiunt.
3019 3312 3091 3367 Et
3150 3312 3353 3369 mirum
3384 3316 3444 3371 in

1845 3397 2070 3452 modum
2115 3398 2233 3456 illic
2280 3408 2581 3455 retrorsum
2611 3416 2910 3457 conversus
2938 3400 3142 3459 ﬂuvius
3171 3401 3230 3458 in
3261 3402 3443 3476 origi-

1842 3500 1968 3541 nem
2012 3502 2164 3543 suam
2208 3488 2547 3545 revertitur:
2595 3487 2688 3545 hic
2726 3489 2783 3545 in
2822 3497 3102 3562 posterum
3130 3498 3441 3549 'revocatus

1842 3574 2010 3632 homo
2042 3576 2100 3632 in
2133 3577 2360 3649 originis
2388 3596 2499 3635 suae
2524 3577 2816 3636 infantiam
2860 3588 3163 3652 reparatur.
3192 3580 3275 3637 Ibi
3304 3581 3441 3638 fon-

1840 3672 1951 3720 tem
1981 3683 2162 3735 suum,
2194 3667 2260 3722 de
2322 3684 2432 3740 quo
2463 3685 2679 3740 egressa
2708 3668 2904 3736 fuerat,
2938 3668 3090 3725 unda
3117 3670 3389 3743 perquirit
3421 3689 3434 3728 :

1839 3752 1932 3812 hic
1978 3755 2258 3812 hominem
2306 3774 2490 3823 suum,
2522 3773 2553 3813 a
2595 3774 2703 3831 quo
2732 3757 2940 3814 exierat
2977 3757 3313 3827 innocentia,
3356 3775 3438 3815 re-

1838 3847 2148 3917 cognoscit:
2183 3847 2261 3903 ibi
2289 3848 2608 3904 exinanitur
2635 3849 2826 3904 alveus
2858 3847 3143 3916 ﬂuctibus,
3177 3847 3270 3903 hic
3297 3864 3439 3904 eva-

1839 3943 2073 3991 cuantur
2116 3937 2281 3993 corda
2327 3937 2655 3993 criminibus
2691 3953 2703 3990 :
2751 3937 2826 3991 ita
2856 3943 2918 3992 ut
2962 3952 3147 3991 servos
3176 3935 3276 3991 Dei
3319 3935 3437 3993 illic

1838 4041 1979 4097 aqua
2030 4042 2247 4081 caenosa
2291 4042 2403 4082 non
2450 4025 2714 4094 madidet,
2772 4026 2864 4081 hic
2916 4024 3153 4081 famulos
3179 4025 3279 4081 Dei
3309 4041 3434 4082 con-

1838 4114 2067 4170 scientia
2113 4122 2252 4169 tetra
2297 4132 2407 4171 non
2451 4117 2681 4188 polluat.
2731 4115 2987 4172 Iordanis
3034 4116 3181 4172 enim
3210 4114 3434 4190 quidam

1839 4210 1920 4260 est
1964 4204 2085 4259 fons
2127 4204 2351 4269 lavacri,
2400 4222 2497 4277 per
2547 4221 2709 4278 quem
2758 4204 2853 4279 qui
2895 4205 3196 4272 transierit,
3228 4205 3437 4265 relictis

1838 4292 2111 4362 sordibus,
2144 4294 2454 4365 paradisum
2486 4294 2929 4367 repromissionis
2952 4295 3278 4367 ingreditur.

1908 4382 1961 4439 4.
2008 4384 2069 4439 ΙΙΙ
2116 4383 2221 4441 hoc
2262 4402 2389 4457 ergo
2445 4384 2875 4459 quadragenario
2919 4395 2973 4443 et
3019 4385 3170 4442 duali
3201 4401 3434 4442 numero

1836 4473 2000 4528 Israel
2035 4477 2269 4547 populus
2314 4476 2630 4550 relinquens
2667 4476 2993 4550 Egyptum,
3047 4475 3221 4533 Rubri
3266 4477 3435 4533 maris

1841 4561 2045 4619 ﬂuenta
2082 4566 2421 4624 transcendit
2455 4576 2539 4623 :et
2572 4583 2672 4623 nos
2706 4584 2922 4640 quoque
2959 4565 3017 4621 in
3053 4566 3174 4637 ipso
3203 4582 3436 4622 numero

1840 4654 2210 4729 relinquentes
2252 4660 2447 4716 mundi
2503 4661 2828 4732 JEgyptum,
2875 4658 3136 4730 gehennaa
3193 4656 3436 4714 ardentis

1838 4752 2028 4817 stagna
2066 4749 2363 4804 transimus
2388 4766 2399 4802 :
2430 4749 2555 4804 illos
2596 4747 2652 4802 in
2678 4747 2940 4804 ﬂuctibus
2968 4746 3115 4802 unda
3144 4753 3433 4817 sustentat,

1839 4859 1939 4897 nos
1989 4840 2131 4912 ignis
2195 4839 2417 4894 ﬂamma
2456 4853 2567 4893 non
2607 4838 2754 4892 urit:
2804 4836 2917 4891 illis
2960 4834 3228 4892 solidatur
3274 4853 3434 4910 aqua,

1841 4930 2001 4987 nobis
2070 4927 2378 5000 refrigescit
2457 4926 2777 4982 incendium
2818 4932 2920 4993 ;et
2974 4934 3166 4983 contra
3226 4934 3437 4984 natura:

1841 5037 2001 5079 usum
2032 5035 2129 5092 per
2170 5026 2363 5074 aestum
2405 5016 2642 5073 siccatur
2670 5032 2838 5085 mare,
2880 5031 2978 5089 per
3023 5015 3232 5073 fontem
3262 5017 3438 5095 bapti-

1842 5112 1946 5168 smi
1996 5109 2243 5183 gehenna
2265 5106 2526 5164 mitescit.
2554 5111 2701 5170 416
2748 5107 2812 5163 In
2849 5105 2974 5175 hoc,
3024 5106 3270 5180 inquam,
3317 5124 3438 5181 my-

1843 5208 1981 5266 stico
2011 5223 2240 5264 numero
2271 5204 2374 5261 ﬁlii
2417 5206 2582 5263 Israel
2620 5203 3001 5279 pervenientes
3032 5204 3101 5261 ad
3127 5203 3434 5278 Myrrham,

1843 5319 1969 5359 cum
2021 5319 2131 5375 prae
2160 5299 2526 5357 amaritudine
2566 5314 2763 5372 aquam
2800 5296 3022 5361 haurire
3077 5312 3190 5352 non
3219 5304 3439 5369 possent

1849 5394 2108 5466 (habebat
2147 5394 2295 5450 enim
2362 5393 2485 5448 fons
2530 5407 2751 5465 aquam,
2798 5390 2892 5447 sed
2929 5390 3279 5448 dulcedinem
3327 5406 3438 5447 non

1920 5536 2035 5609 (72)
2066 5536 2224 5594 Rom.
2246 5535 2382 5592 edit.
2416 5534 2554 5598 sola,
2582 5532 2944 5609 quadraginta
2971 5539 3021 5591 et
3047 5533 3280 5588 duorum
3309 5532 3445 5605 loco-

1849 5623 1988 5662 rum.
2056 5624 2063 5627 “
3212 5650 3218 5656 .
