3864 6188
395 255 502 313 663

1417 257 1512 312 ΑΙ)
1553 255 1787 314 OPERA
1825 255 1880 311 S.
1908 253 2240 312 AMBROSII
2278 251 2657 311 APPENDIX.

3626 248 3752 304 661

395 386 630 446 habebat
657 401 669 441 :
715 392 832 442 erat
871 385 1210 444 delectabilis
1246 387 1315 443 ad
1360 387 1651 455 visionem,
1681 387 1775 444 sed
1808 389 1983 447 since-
2009 387 2061 445 Α
2095 391 2290 440 mutat.
2310 383 2430 439 Illic
2451 390 2748 438 retrorsum
2771 395 3052 448 conversa,
3075 394 3196 453 quae
3216 375 3606 452 sequebatur,
3635 391 3758 432 un-

396 496 490 535 rus
518 494 628 534 non
657 485 774 533 erat
797 477 865 534 ad
895 479 1193 550 saporem),
1226 477 1428 550 injecto
1474 478 1532 533 in
1561 495 1679 534 eam
1714 495 1812 550 per
1840 481 1994 554 Moy-

396 584 492 625 sen
544 567 714 638 ligno,
762 566 1110 624 dulcedinem
1148 566 1391 623 suaviter
1433 574 1727 638 poterunt;
1760 571 1998 626 austeri-

396 666 563 715 tatem
593 656 738 713 enim
771 673 933 730 quam
974 657 1146 713 noxia
1167 655 1317 712 unda
1346 657 1608 728 gestabat,
1641 657 1777 730 ligni
1807 657 1996 714 abstu-

396 747 464 803 lit
499 755 920 804 sacramentum.
1517 789 1528 802 .

467 838 521 894 5.
561 835 718 904 Quod
748 835 970 908 quidem
1001 834 1060 890 in
1089 833 1320 906 ﬁguram
1351 834 1556 891 factum
1585 843 1720 908 puto
1745 853 1760 903 ;
1797 852 1994 910 aquam

397 925 544 981 enim
588 939 827 979 amaram
891 923 950 978 in
1007 923 1309 996 Myrrham,
1358 924 1534 996 legem
1585 940 1701 981 esse
1761 924 1999 982 arbitror

398 1013 599 1070 veteris
633 1011 989 1081 Testamenti,
1026 1029 1146 1085 quae
1191 1013 1283 1069 lex
1311 1012 1629 1086 priusquam
1669 1030 1831 1071 cruce
1869 1021 1997 1069 tem-

397 1109 676 1176 peraretur
699 1102 944 1170 Domini,
966 1111 1082 1160 erat
1115 1102 1348 1158 immitis
1378 1121 1390 1169 ;
1423 1103 1654 1174 jubebat
1686 1105 1835 1159 enim
1872 1121 1998 1159 ocu-

399 1193 513 1249 lum
567 1208 665 1266 pro
713 1193 891 1262 oculo,
940 1193 1159 1250 dentem
1205 1210 1306 1266 pro
1347 1193 1510 1249 dente
1557 1194 1696 1262 dari,
1747 1204 1801 1250 et
1846 1195 2000 1250 velut

398 1292 614 1341 austera
641 1283 857 1339 nullum
881 1281 1270 1340 misericordiae
1297 1283 1643 1356 refrigerium
1665 1285 1995 1357 porrigebat.

398 1375 473 1431 At
517 1389 648 1429 vero
674 1372 770 1428 ubi
801 1372 952 1444 ligno
995 1371 1324 1445 evangelicae
1368 1373 1640 1445 passionis
1670 1383 1752 1430 est
1797 1382 1998 1445 tempe-

399 1472 534 1532 rata,
579 1461 763 1518 statim
793 1461 1217 1518 amaritudinem
1270 1478 1425 1518 suam
1457 1463 1726 1519 suavitate
1757 1479 1999 1520 commu-

399 1564 542 1624 tans,
598 1554 813 1611 dulcem
862 1569 918 1609 se
974 1553 1187 1610 cunctis
1239 1555 1496 1626 praestitit
1546 1556 1614 1612 ad
1663 1554 1990 1627 potandum,

405 1645 548 1703 sicut
577 1645 655 1701 ait
695 1643 968 1716 Propheta
1000 1659 1012 1697 ε
1059 1668 1078 1691 ι
1125 1643 1297 1711 Quam
1356 1644 1545 1702 dulcia
1587 1646 1839 1702 faucibus
1868 1645 2004 1700 meis

2104 474 2172 530 da
2201 471 2459 544 praecedit
2488 470 2580 528 hic
2629 471 2682 526 in
2717 470 2914 525 melius
2945 476 3268 541 temperata,
3298 483 3429 540 quae
3460 482 3754 520 amarum

2105 563 2367 631 stillabat,
2403 578 2542 618 vena
2569 560 2836 618 dulcescit
2866 578 2878 616 :
2911 566 2966 615 et
2994 559 3194 615 mirum
3232 558 3292 614 in
3324 556 3572 613 modum
3615 556 3747 612 flu-

2107 653 2230 709 vius
2259 668 2480 708 cursum
2512 651 2768 723 perdidit,
2799 650 2922 706 fons
2952 665 3218 722 saporem.

2178 769 2230 825 3.
2262 768 2366 825 Sed
2393 767 2654 839 quoniam
2684 766 2929 822 diximus
2961 765 3107 821 ﬁlios
3135 764 3300 820 Israel
3335 762 3656 819 venientes
3673 763 3747 817 ad

2105 858 2409 929 Myrrham,
2441 873 2593 929 aqua:
2614 855 2979 917 amaritudine
3007 854 3307 920 laborasse,
3337 868 3587 924 eamque
3622 867 3744 906 non

2106 947 2212 1003 nisi
2244 945 2377 1019 ligni
2405 945 2700 1017 injectione
2731 953 2917 1017 potare
2942 944 3187 1016 potuisse
3222 943 3433 1012 (Exod.
3474 958 3584 1009 xv,
3627 941 3744 996 23-

2107 1037 2221 1107 25),
2244 1047 2437 1109 typum
2455 1052 2671 1109 quoque
2702 1036 2758 1090 in
2789 1035 2883 1090 illa
2902 1035 3069 1090 fuisse
3090 1033 3309 1089 Veteris
3325 1031 3698 1088 Testamenti
3724 1049 3737 1094 ;

2107 1126 2390 1182 videamus
2421 1141 2528 1197 quo
2557 1124 2760 1180 exinde
2788 1124 3139 1196 proﬁciscens
3169 1122 3408 1195 populus
3435 1121 3559 1193 ipse
3595 1136 3742 1192 per-

2108 1214 2338 1271 venerit.
2372 1214 2628 1269 Pervenit
2659 1214 2716 1268 in
2745 1213 2948 1280 locum,
2985 1211 3303 1284 quidicitur
3321 1211 3502 1276 Elim,
3525 1210 3593 1264 in
3619 1225 3740 1282 quo

2109 1313 2264 1360 erant
2322 1301 2611 1358 duodecim
2682 1302 2861 1357 fontes
2909 1300 3213 1372 purissimi,
3262 1308 3315 1355 et
3363 1298 3737 1370 septuaginta

2110 1394 2408 1450 virentium
2456 1391 2754 1448 multitudo
2788 1393 3117 1465 palmarum.
3151 1389 3352 1449 Videte
3381 1389 3734 1462 mysterium

2110 1486 2230 1553 Dei,
2305 1484 2765 1557 quemadmodum
2842 1490 2965 1555 post
3039 1482 3478 1538 amaritudinem
3559 1480 3733 1552 legis,

2113 1575 2316 1630 ﬂuenta
2344 1573 2671 1646 evangelicae
2701 1572 2918 1644 pietatis
2935 1571 3260 1627 exuberent.
3295 1570 3382 1626 Ibi
3413 1569 3543 1625 fons
3579 1585 3735 1624 unus

2111 1671 2360 1719 austerus
2373 1670 2456 1718 est
2469 1661 2538 1718 ad
2558 1661 2881 1728 bibendum,
2906 1659 2999 1716 hic
3020 1661 3225 1732 plures,
3247 1666 3301 1714 et
3319 1675 3520 1714 omnes
3531 1657 3733 1714 dulces

401 1736 620 1808 eloquia
666 1741 780 1802 tua:
829 1751 993 1806 super
1039 1735 1146 1790 mel
1193 1744 1247 1792 θῑ
1287 1735 1474 1792 favum
1530 1737 1612 1792 01'i
1653 1753 1775 1793 meo
1824 1735 2000 1805 (Ρδαιο
2033 1747 2078 1806 Β
2115 1761 2244 1808 sunt
2297 1753 2364 1808 ad
2419 1751 2765 1823 potandum:
2830 1749 2907 1804 ibi
2955 1757 3077 1821 post
3124 1747 3506 1820 fatigationem
3567 1747 3730 1802 nulla

401 1844 597 1895 cxvm,
628 1826 775 1896 103)l
800 1849 818 1872 ι
852 1825 1048 1882 Dulcia
1066 1827 1216 1883 enim
1236 1836 1365 1884 sunt
1385 1827 1606 1900 eloquia
1635 1844 1754 1900 quae
1781 1825 2000 1898 jubent:

421 1945 440 1968 ι
468 1918 526 1976 Si
561 1918 685 1992 quis
731 1926 782 1974 te
811 1917 1138 1989 percusserit
1175 1919 1236 1974 in
1274 1918 1501 1976 dextera
1539 1918 1788 1986 maxilla,
1828 1917 2007 1990 praebe

403 2012 455 2069 ei
485 2018 539 2068 et
576 2010 822 2067 alteram.
855 2009 911 2066 Si
953 2009 1077 2083 quis
1106 2010 1209 2067 tibi
1245 2011 1426 2066 aufert
1453 2010 1724 2078 tunicam,
1756 2010 2009 2082 relinque

402 2101 488 2159 illi
517 2108 572 2158 et
599 2101 829 2175 pallium
883 2103 1097 2174 (Matth.
1131 2121 1188 2171 v,
1217 2103 1332 2173 39).
1366 2125 1385 2149 ι
1443 2102 1569 2158 Haec
1605 2110 1688 2158 est
1733 2118 1860 2173 ergo
1912 2101 2009 2156 illa

406 2192 800 2262 amaritudino,
833 2208 956 2266 qum
995 2191 1287 2250 dulcedine
1318 2199 1657 2248 commutata
1683 2199 1784 2259 est,
1817 2191 1875 2247 id
1905 2201 2004 2261 est,

407 2281 699 2338 austeritas
751 2282 885 2354 legis
955 2280 1243 2354 Evangelii
1311 2279 1484 2353 gratia
1541 2289 1845 2352 temperata
1903 2290 2005 2338 est.

406 2370 616 2426 Amara
653 2370 798 2427 enim
848 2377 930 2427 est
951 2369 1084 2443 legis
1128 2369 1313 2425 littera
1340 2369 1459 2425 sine
1489 2369 1669 2425 crucis
1720 2370 2005 2448 mysterio,

405 2458 474 2516 de
503 2477 611 2534 qua
637 2461 714 2518 ait
751 2461 1049 2534 Apostolus
1077 2476 1088 2515 :
1138 2484 1155 2508 ι
1186 2460 1393 2516 Littera
1423 2460 1626 2517 occidit
1650 2461 1739 2531 (II
1759 2461 1886 2517 Cor.
1923 2476 2006 2520 ιιι,

405 2549 485 2622 6).
519 2575 536 2598 ι
577 2553 652 2608 At
690 2551 785 2607 ubi
827 2551 976 2607 enim
1007 2551 1276 2624 passionis
1327 2551 1482 2606 illius
1511 2546 1850 2608 sacramenta
1876 2548 2006 2621 jun-

407 2650 631 2713 guntur,
661 2643 842 2700 omnis
869 2642 988 2714 ejus
1014 2643 1338 2717 spiritaliter
1373 2643 1684 2700 amaritudo
1709 2642 2004 2707 conditur;

407 2738 462 2788 et
489 2731 558 2788 de
584 2748 647 2790 ea
675 2732 813 2790 dicit
829 2734 1130 2804 Apostolus
1155 2751 1168 2789 :
1209 2757 1226 2780 ι
1247 2733 1678 2805 Spiritusautem
1695 2731 1992 2790 viviﬁcata

1013 2872 1246 2930 SERMO
1277 2872 1406 2929 XX.

761 2969 840 3023 De
874 2975 1060 3025 sancta
1088 2968 1516 3042 Quadragesima
1545 2968 1640 3028 IV.

407 3073 476 3129 In
506 3072 598 3129 hoc
650 3091 885 3131 sermone
911 3074 1204 3146 superioris
1241 3075 1499 3133 habentur
1550 3076 1874 3133 continuatio
1898 3096 1918 3143 ;
1947 3094 2009 3133 ac

470 3146 698 3214 proinde
753 3147 847 3202 uni
889 3147 1096 3202 auctori
1124 3155 1340 3219 uterque
1397 3150 1702 3204 tribuendus
1732 3154 1824 3203 est.
1863 3150 2007 3204 Post-

477 3231 638 3293 quam
677 3219 759 3293 hic
785 3220 1027 3291 quaedam
1061 3219 1173 3293 illic
1201 3226 1428 3277 tractata
1465 3227 1652 3277 auctor
1679 3221 1907 3293 repetiit,
1935 3221 2010 3276 ad

488 3291 658 3360 fontes
693 3291 760 3348 I2
788 3299 836 3348 et
859 3293 1072 3364 palmas
1103 3292 1168 3348 72
1199 3293 1492 3348 orationem
1516 3293 1674 3349 vertit
1700 3291 1838 3356 {ubi
1867 3294 2009 3362 quod

479 3364 646 3421 tradit
706 3365 1069 3436 apostolorum
1119 3381 1181 3419 ac
1225 3365 1610 3436 discipulorum
1666 3365 1898 3436 ﬁguram
1950 3365 2010 3418 in

478 3437 590 3492 iliis
657 3435 934 3508 eratitisse,
1011 3451 1118 3489 non
1163 3435 1381 3508 aliunde
1431 3454 1590 3508 quam
1637 3435 1702 3491 ea:
1765 3435 2008 3508 Origenis

478 3507 634 3579 hom.
661 3506 774 3579 2_7,_
774 3506 831 3579 in
852 3521 978 3579 cap.
1007 3520 1196 3579 χχχιιι
1223 3506 1414 3579 Num.,
1439 3506 1492 3562 et
1519 3508 1833 3576 Hieronymi
1854 3507 2004 3579 epist.

482 3577 604 3642 127,
637 3574 706 3630 ad
735 3573 970 3641 Fabioll,
1002 3575 1250 3628 haustum
1276 3577 1505 3633 videtur.

483 3704 532 3760 I.
563 3701 823 3760 Retinent
863 3700 1046 3759 adhuc
1072 3717 1264 3758 sensus
1291 3704 1483 3774 vestri,
1519 3705 1735 3771 fratres,
1766 3722 1866 3762 nos
1896 3706 2008 3766 hoc

408 3793 691 3867 superiore
728 3790 1019 3850 Dominica
1066 3791 1409 3865 praedicasse,
1460 3793 1606 3867 quod
1648 3793 1814 3868 hujus
1863 3812 2008 3869 qua-

409 3882 726 3956 dragesimae
763 3888 963 3939 nostrae
990 3881 1224 3956 figuram
1269 3881 1381 3938 illae
1413 3883 1774 3958 quadraginta
1802 3892 1856 3941 et
1885 3885 2006 3943 duae

409 3977 718 4036 mansiones
745 3975 1040 4034 habuerint
1060 3975 1245 4048 (Num.
1281 3977 1529 4046 xxxm,i
1562 3976 1719 4048 seq.),
1752 3993 1848 4050 per
1874 3994 2007 4051 quas

409 4069 642 4141 populus
688 4069 854 4124 Israel
897 4067 1088 4124 exiens
1115 4067 1182 4124 de
1212 4067 1476 4141 Egypto,
1527 4066 1730 4124 diurno
1759 4068 2007 4139 profectu

409 4166 608 4214 terram
639 4155 1080 4228 repromissionis
1125 4156 1374 4224 intravit,
1409 4165 1462 4213 et
1490 4157 1646 4230 quasi
1675 4157 2003 4231 quibusdam

408 4244 600 4301 salutis
640 4241 900 4316 gradibus
941 4251 1063 4316 post
1095 4243 1291 4316 jugum
1330 4247 1616 4304 servitutis
1657 4246 1906 4304 ascendit
1934 4246 2001 4304 ad

407 4348 656 4407 regnum.

479 4423 532 4480 2.
579 4421 799 4495 Figura,
831 4418 1081 4494 inquam,
1128 4420 1235 4477 fuit
1275 4419 1334 4476 in
1360 4421 1474 4479 illis
1516 4420 1897 4480 mansionibus
1923 4420 2000 4498 je-

406 4510 700 4568 Juniorum
745 4516 1083 4579 nostrorum,
1123 4525 1233 4565 non
1256 4509 1435 4566 solum
1465 4509 1524 4566 in
1560 4511 1863 4583 quantitate
1905 4530 2003 4569 nu-

406 4599 566 4667 meri,
613 4599 707 4656 sed
749 4597 915 4655 etiam
980 4599 1038 4654 in
1081 4598 1465 4655 observatione
1526 4599 1846 4671 virtutum;
1893 4619 2004 4658 non

405 4689 552 4746 enim
582 4696 799 4746 tantum
829 4687 932 4744 ﬁlii
971 4688 1137 4745 Israel
1170 4688 1228 4744 in
1265 4687 1462 4744 itinere
1501 4688 1700 4748 deserti
1730 4691 2006 4764 corporeis

405 4777 680 4851 gressibus
709 4777 1083 4847 ambularunt,
1117 4784 1385 4852 quantum
1415 4778 1472 4834 in
1502 4779 1593 4835 via
1622 4779 1846 4836 Domini
1879 4781 2004 4837 reli-

405 4867 572 4939 giosis
601 4867 814 4926 actibus
859 4867 1228 4942 profecerunt.
1279 4869 1340 4924 In
1372 4868 1461 4924 via
1487 4870 1648 4943 plane
1676 4868 2004 4927 ambulave—

405 4964 536 5012 runt
563 4956 808 5024 Domini,
842 4973 962 5030 quae
1002 4957 1148 5026 illos,
1194 4966 1247 5014 et
1279 4957 1518 5030 portavit
1548 4958 1605 5013 in
1632 4957 1909 5027 ﬂuctibus,
1951 4968 2004 5016 et

405 5045 558 5116 pavit
593 5060 624 5099 θ
667 5047 807 5102 coelo
847 5065 861 5113 ;
901 5047 1272 5104 esurientibus
1298 5048 1444 5103 enim
1484 5047 1539 5102 in
1591 5063 1772 5102 eremo
1805 5064 2003 5103 manna

407 5151 515 5190 non
547 5133 744 5203 defuit,
789 5135 1232 5207 periclitantibus
1256 5139 1311 5194 in
1343 5137 1479 5193 mari
1511 5145 1654 5194 terra
1684 5154 1795 5192 non
1838 5138 1997 5210 fugit:

405 5225 482 5281 ibi
507 5242 656 5281 mare
683 5226 742 5282 in
770 5227 1025 5283 semitam
1070 5229 1355 5297 sternitur,
1389 5229 1482 5286 hic
1509 5230 1710 5287 omium
1739 5229 1806 5285 ad
1835 5229 2000 5301 pabu-

405 5315 519 5370 lum
551 5323 842 5371 reseratur.
874 5315 1101 5388 Propter
1131 5319 1360 5389 gratiam
1392 5318 1725 5374 famulorum
1757 5317 1854 5374 Dei
1886 5319 1998 5372 Jor-

405 5403 562 5460 danis
590 5404 793 5462 ﬂuenta
817 5422 914 5460 sua
944 5406 1164 5474 retinet,
1193 5423 1386 5479 aquam
1420 5425 1574 5463 suam
1610 5409 1835 5480 Myrrha
1853 5425 1996 5464 com-

2115 1841 2362 1908 refectio,
2407 1839 2500 1895 hic
2538 1847 2660 1911 post
2686 1839 2926 1894 laborem
2958 1837 3304 1910 refrigerium
3346 1845 3515 1909 atque
3546 1836 3728 1891 victo-

2116 1932 2225 1996 ria;
2278 1929 2594 1986 sitientibus
2643 1930 2791 1984 enim
2839 1929 3022 1985 fontes
3050 1928 3460 1995 ministrantur,
3515 1928 3719 1998 palmae

2117 2019 2466 2077 vincentibus
2494 2019 2820 2075 offeruntur.

2186 2129 2238 2184 4.
2288 2129 2510 2197 Palmae,
2541 2128 2789 2201 inquam,
2820 2127 3128 2183 offeruntur
3156 2125 3514 2182 vincentibus
3541 2143 3554 2189 ;
3590 2123 3724 2195 quia

2115 2227 2239 2293 post
2269 2219 2403 2291 legis
2432 2217 2695 2275 duritiam
2725 2216 2794 2273 ad
2815 2216 3100 2289 Evangelii
3132 2216 3366 2289 gratiam
3400 2214 3721 2286 pervenisse

2116 2310 2316 2367 vicisse
2353 2317 2433 2365 est
2467 2328 2479 2377 ;
2532 2308 2820 2380 praemium
2850 2307 2998 2362 enim
3029 2307 3305 2379 quoddam
3354 2305 3587 2361 victoris
3619 2312 3717 2370 est,

2117 2416 2178 2455 os
2206 2399 2339 2454 vivo
2367 2398 2519 2454 fonte
2540 2397 2772 2465 diluere,
2803 2406 2857 2452 et
2875 2397 3158 2453 dexteram
3181 2393 3509 2466 triumphali
3540 2393 3720 2464 palma

2117 2487 2355 2544 munire.
2388 2489 2489 2543 Per
2523 2487 2732 2543 fontem
2784 2486 2931 2541 enim
2962 2485 3151 2557 lingua
3196 2484 3529 2540 confessoris
3556 2481 3719 2553 puri—

2118 2578 2332 2644 ﬁcatur,
2367 2593 2462 2648 per
2507 2578 2742 2648 palmam
2792 2576 3017 2632 dextera
3062 2574 3320 2646 martyris
3367 2573 3715 2628 honoratur:

2120 2667 2217 2723 illa
2249 2665 2380 2739 quia
2408 2665 2615 2723 Christi
2659 2665 2925 2722 exaltavit
2955 2664 3209 2736 gloriam,
3261 2663 3379 2719 haec
3409 2663 3540 2735 quia
3567 2678 3714 2716 aram

2118 2758 2391 2830 sacrilegii
2422 2757 2713 2813 recusavit.
2761 2757 3054 2814 Praemium
3085 2755 3231 2811 enim
3266 2753 3542 2827 quoddam
3571 2758 3716 2814 417

2118 2864 2200 2912 est
2248 2856 2429 2928 palma
2476 2855 2750 2928 martyrii,
2784 2872 2904 2928 quze
2950 2852 3235 2910 conﬁtenti
3266 2851 3470 2922 linguai
3500 2851 3715 2906 dulcem

2124 2946 2364 3002 fructum
2395 2945 2612 3013 tribuit,
2647 2953 2700 3001 et
2729 2943 2946 3000 victrici
2976 2943 3216 2998 dexterae
3244 2940 3546 3013 gloriosum
3580 2955 3714 3010 pra:-

2120 3043 2225 3092 stat
2253 3042 2530 3090 ornatum.
2554 3037 2651 3091 Est
2679 3035 2839 3107 plane
2869 3033 3049 3105 palma
3076 3030 3418 3104 martyribus
3446 3029 3630 3084 suavis
3649 3026 3712 3082 ad

2120 3125 2326 3193 cibum,
2356 3124 2616 3180 umbrosa
2646 3124 2712 3179 ad
2743 3122 3008 3195 requiem,
3041 3120 3383 3178 honorabilis
3411 3119 3478 3176 ad
3508 3120 3712 3175 trium-

2118 3215 2312 3288 phum,
2344 3231 2558 3286 semper
2588 3213 2794 3282 virens,
2826 3229 3038 3285 semper
3066 3213 3268 3268 vestita
3304 3211 3476 3279 foliis,
3509 3225 3710 3282 semper

2117 3314 2303 3378 parata
2336 3304 2603 3370 victoriae,
2652 3311 2815 3376 atque
2853 3302 2976 3359 ideo
3023 3319 3134 3358 non
3178 3299 3467 3358 marcescit
3509 3300 3706 3371 palma,

2118 3394 2251 3467 quia
2272 3401 2578 3466 martyrum
2607 3391 2844 3448 victoria
2873 3408 2984 3448 non
3015 3391 3325 3447 marcescit.

2186 3512 2241 3568 5.
2274 3511 2408 3583 Ipsae
2439 3509 2676 3582 denique
2705 3508 2899 3582 palmae
2945 3507 3155 3564 sedenti
3195 3523 3361 3580 super
3389 3506 3617 3573 asinam,
3656 3513 3706 3559 et

2116 3600 2361 3656 venienti
2393 3599 2460 3654 ad
2487 3599 2754 3670 templum
2785 3596 3022 3654 Domino
3052 3613 3082 3652 a
3112 3595 3331 3668 populis
3361 3595 3700 3658 offeruntur;

2116 3706 2243 3746 cum
2273 3689 2422 3745 enim
2465 3687 2725 3760 discipuli
2773 3686 3101 3744 vestimenta
3143 3701 3243 3742 sua
3287 3689 3616 3749 sternerent,
3656 3688 3706 3736 et

2116 3779 2222 3834 iter
2276 3777 2482 3836 Christi
2554 3778 2668 3833 suis
2723 3777 3015 3834 amictibus
3091 3775 3504 3832 communirent
3559 3772 3700 3843 (Luc.

2115 3884 2236 3936 xxx,
2269 3867 2382 3938 36),
2420 3883 2530 3921 non
2578 3865 2772 3922 habuit
2802 3866 2979 3939 majus
3007 3866 3298 3939 praemium
3331 3863 3439 3920 nisi
3472 3863 3699 3936 palmas;

2115 3957 2261 4031 quod
2292 3957 2338 4013 si
2370 3956 2591 4013 devotio
2621 3958 2795 4029 plebis
2823 3958 3063 4022 offerret,
3093 3955 3414 4028 signiﬁcans
3443 3951 3621 4008 stratis
3651 3949 3701 4003 in

2115 4045 2310 4101 itinere
2343 4046 2603 4115 vestibus,
2625 4047 2889 4120 pollutam
2913 4046 3059 4102 viam
3091 4061 3206 4101 esse
3233 4044 3350 4116 (73)
3390 4043 3450 4097 in
3479 4037 3696 4104 mundo,

2114 4134 2312 4190 oblatis
2342 4136 2540 4208 palmis
2592 4136 2770 4208 ipsum
2820 4135 3012 4191 mundi
3060 4151 3176 4190 esse
3223 4133 3516 4189 victorem.
3566 4130 3693 4199 Ipse.

2111 4228 2359 4295 inquam,
2391 4224 2571 4280 victor
2612 4233 2712 4294 est,
2759 4225 2826 4281 de
2872 4241 2979 4299 quo
3027 4224 3104 4280 ait
3135 4223 3456 4295 Scriptura:
3519 4245 3536 4266 ι
3565 4213 3700 4273 Vicit

2115 4313 2198 4368 leo
2227 4311 2294 4368 de
2327 4313 2478 4368 tribu
2508 4312 2648 4368 Juda
2697 4313 2886 4386 (Apoc.
2914 4331 2970 4381 v,
2992 4314 3073 4385 5).
3104 4338 3122 4361 ι
3161 4314 3281 4386 Ipse
3314 4313 3480 4384 plane
3511 4311 3694 4373 victor,

2111 4402 2206 4474 qui
2238 4401 2513 4459 destruxit
2541 4401 2867 4459 diabolicam
2890 4411 3147 4471 mortem,
3179 4403 3352 4458 vitam
3374 4398 3698 4457 illuminavit

2031 4481 2080 4539 D
2117 4498 2394 4546 aeternam.
2436 4490 2638 4546 Palma:
2676 4491 2846 4564 igitur
2876 4491 3189 4548 advenienti
3221 4491 3516 4564 eriguntur
3544 4489 3696 4547 Chri—

2115 4588 2216 4637 sto.
2267 4580 2543 4652 Scriptum
2591 4590 2701 4637 est:
2781 4608 2798 4629 ‹
2827 4582 3011 4638 Justus
3062 4583 3206 4638 sicut
3257 4581 3440 4653 palma
3499 4577 3693 4635 ﬂorebit

2119 4672 2290 4736 (Psal.
2322 4687 2436 4737 xcr,
2479 4671 2608 4742 i3);
2644 4696 2662 4718 ι
2720 4680 2864 4728 recte
2909 4689 3034 4746 ergo
3063 4670 3381 4728 advenienti
3404 4670 3557 4742 justo
3592 4668 3693 4723 eri-

2115 4767 2317 4833 guntur
2345 4760 2552 4816 vexilla
2603 4761 2856 4833 justitiae,
2897 4771 2950 4818 et
2995 4760 3204 4818 auctori
3254 4777 3484 4816 suorum
3541 4759 3688 4814 obse-

2115 4856 2357 4922 quuntur
2384 4849 2534 4905 tituli
2569 4851 2997 4923 triumphorum.

2184 4958 2235 5013 6.
2269 4957 2426 5014 Prius
2475 4966 2654 5014 autem
2698 4975 2861 5031 quam
2908 4959 3172 5013 tollantur
3222 4957 3438 5029 palmae,
3475 4956 3573 5012 iter
3600 4955 3685 5009 Do-

2114 5050 2249 5106 mini
2280 5067 2454 5124 usque
2486 5049 2551 5106 ad
2582 5053 2849 5122 templum
2883 5050 3278 5122 discipulorum
3311 5048 3554 5103 vestibus
3581 5060 3682 5116 ope-

2113 5139 2271 5207 ritur,
2305 5149 2359 5195 et
2399 5148 2461 5195 ut
2491 5139 2788 5212 impolluta
2823 5140 2893 5194 sit
2921 5139 3114 5195 semita
3144 5139 3466 5205 Salvatoris,
3499 5142 3681 5209 apostov

2113 5233 2290 5287 lorum
2355 5231 2649 5288 amictibus
2702 5229 3098 5288 communitur.
3150 5229 3308 5298 Quod
3365 5228 3580 5301 quidem
3631 5224 3676 5277 in

2111 5320 2439 5390 mysterium
2495 5319 2701 5376 factum
2741 5329 2918 5393 puto;
2975 5319 3065 5373 via
3107 5317 3252 5374 enim
3305 5316 3530 5383 Christi,
3578 5327 3674 5386 qua:

2109 5407 2264 5464 ducit
2307 5409 2375 5464 ad
2425 5409 2713 5480 templum,
2764 5409 2899 5464 ﬁdes
2953 5406 3070 5479 ejus
3107 5413 3189 5462 est
3233 5414 3393 5478 atque
3434 5401 3669 5460 doctrina.

479 5527 594 5607 (73)
645 5527 851 5607 Omnes
877 5529 1010 5585 edit.
1045 5539 1100 5586 et
1131 5531 1308 5588 codex
1326 5530 1502 5604 Lugd.
1539 5533 1693 5605 Reg,
1734 5533 2066 5603 impollutam
2105 5533 2248 5588 viam
2296 5550 2432 5602 esse;
2485 5532 2658 5606 magis
2685 5549 2920 5607 congrue
2961 5549 3025 5590 ac
3072 5532 3281 5605 Remig.
3333 5539 3386 5588 et
3427 5527 3663 5591 Valliscl.,

400 5596 684 5664 pollutam,
705 5605 812 5653 etc.
