3864 6188
108 311 226 372 665

930 311 1300 372 SERMONES
1339 313 1394 372 S.
1438 311 1795 373 AMBROSIO
1834 312 2207 371 HACTENUS
2246 313 2588 373 ASCRIPTI.

3319 320 3424 378 666

109 439 273 497 Hanc
301 436 473 513 igitur
506 438 654 497 viam
701 436 983 513 discipuli,
1030 447 1094 496 ut
1134 455 1235 496 nos
1266 438 1383 496 sine
1406 437 1709 496 offensione
1738 449 1790 509 Α
1819 447 1916 495 aut
1957 438 2201 495 solitudo
2230 440 2552 511 pervaserit.
2603 440 2661 498 Si
2700 456 2828 514 ergo
2859 448 2916 497 et
2942 456 3043 498 nos
3071 443 3422 515 propositum

110 528 454 600 gradiamur,
482 529 718 587 amictus
761 529 969 603 proprii
998 528 1246 602 corporis
1292 535 1581 596 exuentes,
1613 544 1713 583 suo

106 630 360 681 stravere
396 624 701 698 martyrio;
762 631 825 680 ut
870 623 1015 680 inter
1065 620 1408 678 diversarum
1466 619 1714 692 gentium

107 712 308 770 turbas
329 712 564 786 justitiaa
588 712 842 770 semitam
870 711 1245 768 membrorum
1277 726 1503 768 suorum
1534 709 1715 766 vesti-

108 809 306 858 menta
356 802 785 871 substernerent,
830 809 884 857 et
915 817 1187 859 caenosam
1220 799 1414 857 mundi
1463 798 1713 872 myrrha-

105 890 301 962 ginem
354 891 471 964 (74)
515 891 811 963 operirent,
858 898 912 945 et
949 891 1297 963 impollutam
1348 888 1493 946 viam
1525 889 1712 945 Salva-

103 980 256 1036 toris
284 980 654 1039 ostenderent.

185 1070 240 1126 7.
286 1071 373 1126 Ad
419 1070 805 1128 duodecimum
856 1086 982 1143 ergo
1023 1071 1205 1127 fontes
1251 1077 1373 1143 post
1418 1070 1705 1143 Myrrham

104 1161 273 1217 venit
300 1161 536 1232 populus
576 1160 761 1217 Israel.
800 1161 1057 1234 Legimus
1085 1161 1144 1217 in
1186 1159 1496 1234 Propheta:
1545 1186 1563 1209 ι
1593 1163 1708 1219 Be—

106 1249 356 1305 nedicite
373 1249 612 1305 Domino
632 1249 701 1306 de
719 1249 966 1306 fontibus
986 1251 1333 1321 Israel(Psal.
1357 1267 1535 1317 van,
1554 1251 1695 1322 27).»

104 1338 387 1396 Dominus
414 1337 668 1397 Christus
709 1348 810 1409 est,
862 1342 957 1414 qui
996 1356 1110 1398 non
1150 1341 1259 1397 nisi
1305 1357 1403 1415 per
1439 1341 1711 1415 apostolo-

104 1445 240 1484 rum
269 1445 363 1485 ora
389 1430 617 1499 dicitur,
647 1430 1157 1504 discipulorumque
1191 1430 1523 1488 doctrinam.
1565 1432 1709 1503 Apo-

104 1518 243 1574 stoli
262 1519 511 1577 discendi
532 1528 661 1577 sunt
677 1520 876 1589 fontes;
897 1521 1026 1595 quia
1054 1521 1208 1577 velut
1229 1520 1406 1578 fontes
1425 1519 1710 1593 purissimi

106 1606 233 1679 (75)
269 1607 442 1680 gratia
469 1608 878 1681 praedicationis
924 1610 1249 1678 exuberant,
1302 1618 1356 1667 et
1404 1617 1527 1683 post
1560 1624 1706 1664 ama-

103 1695 415 1753 ritudinem
468 1697 603 1770 legis
653 1713 917 1755 venarum
965 1716 1187 1755 suarum
1234 1700 1382 1772 larga
1440 1696 1710 1770 sapientia

1827 527 1987 584 nobis
2014 526 2375 600 quadraginta
2401 529 2615 586 dierum
2647 530 2752 587 iter
2771 529 3033 587 debemus
3050 531 3204 587 omni
3235 532 3423 591 labore

1826 615 2115 685 conﬁcere,
2148 624 2201 672 et
2220 616 2549 689 quibusdam
2564 619 2720 691 quasi
2750 620 2942 676 castris
2960 637 3061 677 nos
3076 618 3149 693 jej
3159 622 3421 682 uniorum

1826 703 2119 761 devotione
2167 705 2419 773 munire;
2460 715 2638 763 castra
2684 707 2832 763 enim
2864 708 3026 764 nobis
3073 716 3204 766 sunt
3235 718 3424 768 nostra

1819 791 2052 865 jejunia,
2102 809 2223 866 quae
2270 811 2370 851 nos
2407 812 2438 850 a
2466 794 2741 853 diabolica
2786 797 3193 870 oppugnatione
3222 799 3424 858 defen-

1825 880 1987 938 dunt.
2022 883 2273 956 Denique
2324 883 2589 939 stationes
2624 890 2914 953 vocantur,
2937 885 3086 957 quod
3125 894 3329 945 stantes
3367 895 3422 945 et

1824 978 2226 1027 commorantes
2273 971 2331 1026 in
2370 971 2469 1040 eis,
2519 971 2877 1028 inimicorum
2921 972 3153 1030 insidias
3180 977 3423 1048 repella-

1824 1076 1965 1115 mus.
2015 1059 2205 1117 Castra
2237 1060 2383 1117 enim
2433 1068 2562 1116 sunt
2597 1058 2814 1133 jejunia
2859 1059 3214 1132 Christianis,
3248 1064 3419 1138 aqui-

1822 1149 1927 1206 bus
1953 1150 2000 1206 si
2028 1151 2150 1224 quis
2179 1151 2533 1219 aberraverit,
2568 1150 2637 1207 ab
2669 1151 2905 1223 spiritali
2937 1151 3222 1210 Pharaone
3252 1153 3422 1210 inva-

1822 1240 1995 1308 ditur,
2025 1250 2120 1298 aut
2150 1249 2501 1313 peccatorum
2523 1240 2829 1297 solitudine
2858 1240 3177 1299 devoratur.
3206 1243 3418 1301 Pecca-

1822 1337 2005 1385 torum
2046 1337 2229 1386 autem
2279 1329 2637 1386 solitudinem
2668 1330 2899 1403 patitur,
2930 1331 3026 1403 qui
3083 1331 3355 1389 deseritur
3387 1325 3423 1387 a'

1822 1418 2081 1474 societate
2099 1425 2436 1476 sanctorum.

1894 1509 1946 1566 2.
1963 1510 2153 1566 Murus
2169 1510 2339 1583 igitur
2354 1509 2576 1583 quidam
2598 1518 2680 1567 est
2700 1511 3017 1569 Christiano
3026 1510 3418 1584 jejunium,in-

1821 1600 2205 1672 expugnabilis
2220 1600 2441 1657 diabolo
2461 1600 2602 1672 (78),
2626 1601 3145 1675 intransgressibilis
3167 1602 3417 1659 inimico.

1822 1686 1956 1755 Quis
1983 1688 2131 1743 enim
2160 1704 2403 1761 unquam
2437 1687 2877 1745 Christianorum
2909 1688 3207 1760 jejunavit,
3237 1698 3292 1746 et
3319 1707 3421 1746 ca-

100 1786 437 1859 sacramenti
471 1786 668 1859 pocula
694 1787 1046 1844 dulcedinem
1075 1788 1312 1844 stillant,
1360 1788 1472 1843 Nec
1499 1786 1703 1843 mirum
1742 1798 1788 1858 Β
1821 1787 1945 1852 ptus
1965 1787 2047 1836 est
2067 1781 2096 1837 ?
2115 1780 2239 1853 quis
2267 1779 2484 1837 sobrius
2512 1781 2737 1850 mansit,
2764 1789 2819 1838 et
2848 1781 3029 1840 victus
3057 1790 3139 1838 est
3169 1784 3199 1839 ‘l
3223 1784 3420 1839 Temu-

99 1852 159 1929 δῖ
188 1882 352 1946 potus
387 1876 568 1934 dulcis
595 1884 678 1933 est
706 1876 970 1947 fontium,
1019 1877 1079 1934 in
1111 1894 1347 1951 quorum
1385 1878 1513 1934 sinu
1550 1877 1709 1935 cibus

97 1963 328 2021 dulcior
382 1974 464 2023 est
510 1967 838 2039 palmarum.
885 1968 1135 2040 Apostoli
1182 1985 1311 2039 ergo
1339 1976 1471 2026 sunt
1501 1968 1706 2036 fontes,

96 2052 207 2125 qui
244 2054 417 2111 totius
444 2062 602 2111 terrae
631 2055 828 2114 faciem
859 2056 1123 2114 doctrinae
1150 2043 1261 2114 sua)
1310 2056 1540 2113 ﬂumine
1568 2056 1709 2129 riga-

99 2150 343 2208 verunt,
364 2151 419 2199 et
448 2142 689 2216 fatigatis
713 2144 957 2215 gentium
987 2146 1207 2217 populis
1235 2154 1430 2218 potum
1460 2148 1577 2218 (76)
1611 2146 1711 2203 di-

94 2231 236 2287 vini
265 2232 521 2303 mysterii
550 2232 935 2305 propinarunt.

176 2319 236 2375 8.
279 2321 639 2395 Septuaginta
667 2330 851 2380 autem
896 2323 1105 2396 palmas
1145 2322 1312 2397 juxta
1360 2324 1539 2381 fontes
1568 2341 1711 2397 apo-

91 2408 337 2467 stolicos
365 2421 647 2483 generatas
676 2415 1021 2487 septuaginta
1042 2413 1167 2470 illas
1216 2413 1519 2488 discipulos
1556 2414 1708 2471 dixe-

96 2498 239 2567 rim,
272 2498 371 2572 qui
404 2500 645 2557 secundo
673 2501 742 2557 ah
791 2502 1056 2574 apostolis
1100 2502 1271 2575 gradu
1299 2513 1524 2576 propter
1551 2505 1710 2560 salu-

98 2596 222 2644 tem
267 2586 560 2645 hominum
603 2606 634 2644 a
680 2589 919 2646 Domino
961 2590 1301 2664 diriguntur,
1351 2608 1489 2665 quos
1533 2594 1709 2650 Lucas

101 2677 449 2750 evangelista
484 2677 819 2747 describens,
866 2679 1028 2737 binos
1082 2687 1137 2736 et
1189 2680 1351 2738 binos
1397 2683 1590 2740 asserit
1618 2682 1706 2739 de-

102 2766 345 2824 stinatos
408 2768 565 2840 (Luc.
616 2784 677 2837 x,
731 2769 808 2841 1).
841 2767 947 2836 Qui
994 2785 1121 2826 vere
1162 2771 1317 2828 velut
1360 2772 1557 2845 palmae
1585 2780 1708 2845 post

100 2873 272 2913 curas
316 2855 605 2914 hominum
650 2874 775 2915 cum
825 2858 1194 2917 exsultatione
1240 2860 1553 2932 redeuntes,
1593 2864 1706 2935 glo-

102 2945 327 3002 riantur
348 2946 495 3019 apud
512 2948 811 3005 Dominum
834 2947 941 3005 sibi
961 2948 1128 3006 etiam
1149 2949 1422 3008 daemonia
1443 2967 1559 3009 esse
1578 2954 1705 3011 sub-

94 3033 265 3106 jecta.
298 3035 465 3093 Recte
489 3035 658 3109 igitur
681 3045 1068 3111 comparantur
1096 3038 1316 3112 palmis,
1360 3041 1457 3115 qui
1482 3043 1703 3115 palma-

102 3139 227 3180 rum
257 3123 489 3197 praemio
526 3124 734 3183 diaboli
756 3126 1017 3185 exstitere
1047 3127 1304 3185 victores.

693 3291 930 3352 SERMO
967 3292 1124 3353 XXI.

482 3419 562 3475 De
588 3427 777 3476 sancta
800 3419 1228 3494 Quadragesima
1258 3421 1327 3480 V.

98 3540 293 3620 Prima
321 3540 480 3620 hujus
506 3546 762 3620 sermonis
789 3545 947 3620 verba
974 3548 1123 3603 nobis
1154 3548 1523 3605 indicauteum
1551 3548 1702 3620 ejus-

163 3614 313 3678 dem,
344 3613 494 3684 cujus
545 3617 666 3691 duo,
680 3618 998 3689 superiores,
1019 3621 1263 3691 parentis
1289 3636 1413 3675 esse.
1445 3613 1701 3676 Non'mi-

161 3701 295 3739 rum
323 3693 494 3742 autem
522 3690 667 3761 quod
694 3706 810 3744 cum
838 3690 1087 3761 agnoscat
1102 3690 1301 3761 jejunii
1332 3709 1438 3747 esse
1464 3692 1533 3749 40
1569 3693 1698 3758 dies,

162 3762 467 3837 eosjameu
512 3759 581 3817 42
610 3759 970 3837 maasioaibus
998 3759 1373 3837 Israelitarum
1407 3782 1701 3837 compara-

160 3830 305 3883 verit
324 3847 347 3910 ί
374 3830 565 3910 quippe
591 3833 732 3910 quod
762 3834 939 3889 eadem
967 3836 1315 3910 comparatio,
1335 3842 1396 3891 ut
1415 3830 1535 3907 jam
1558 3838 1697 3893 dixi-

159 3904 435 3977 mus,_jam
455 3909 563 3977 tum
577 3904 746 3974 fuerit
772 3904 1176 3977 usurpandum
1196 3908 1264 3964 36
1286 3904 1497 3964 tantum
1520 3910 1698 3965 diebus

163 3971 591 4053 Quadragesima
648 3971 934 4053 constabat.
1004 3971 1155 4053 Quod
1182 3986 1357 4035 autem
1407 3980 1606 4036 dicitur
1642 3982 1699 4037 id

156 4048 352 4120 moris
392 4061 528 4120 esse,
566 4053 625 4102 ut
653 4048 900 4104 stationes
927 4052 1327 4120 appellarentur
1373 4053 1533 4108 iidem
1562 4054 1694 4119 dies,

157 4067 338 4097 muns
392 4067 517 4111 esse,
566 4067 625 4102 αι
653 4067 900 4104 διαηοηεε
927 4067 996 4120 ap
1035 4067 1327 4106 citarentur
1373 4067 1533 4108 uaem
1562 4067 1693 4119 αιεε,

157 4131 242 4202 ear
305 4116 633 4202 Tertulliario
683 4120 786 4202 lib.
836 4067 1136 4202 ﬂagrat.
1171 4124 1267 4202 sub
1300 4125 1457 4202 [luem
1509 4126 1599 4181 lib.
1626 4124 1693 4181 de

157 4186 348 4257 Jejun.
371 4186 536 4264 et'lilg.
573 4190 657 4264 de,
679 4189 805 4248 Cor.
824 4191 1000 4264 (Milit.
1023 4186 1526 4264 sumptum'videtur
1548 4214 1565 4251 :
1589 4213 1697 4251 non

158 4274 312 4312 secus
361 4275 425 4333 ac
479 4261 722 4318 Jonatlue
775 4263 858 4317 hic
917 4263 1063 4333 facta
1113 4261 1304 4319 mentio
1367 4283 1434 4320 ea:
1492 4268 1695 4324 Hiero—

157 4330 634 4460 ;mfbégAdv.
654 4333 824 4407 Vigil.
856 4330 973 4405 cap.
1008 4335 1097 4402 10,
1134 4342 1183 4390 et
1213 4337 1474 4393 Cassium
1491 4338 1688 4397 Collat.

237 4442 258 4466 ,
278 4416 398 4473 cap.
421 4416 510 4461 zu.

160 4544 214 4601 1.
258 4544 604 4604 Intellexisse
651 4564 751 4606 vos
787 4548 972 4619 credo,
1003 4549 1199 4607 fratres
1253 4551 1394 4625 (77),
1447 4569 1546 4610 cur
1572 4551 1691 4611 haec
1721 4517 1775 4578 D

100 4642 281 4692 nostra
303 4632 517 4707 jejunia
546 4637 662 4694 illis
715 4639 1095 4699 mansionibus
1124 4643 1578 4715 comparaverim,
1626 4644 1686 4700 in

100 4723 295 4794 quibus
324 4727 559 4798 populus
578 4728 742 4784 Israel
770 4736 1030 4803 tanquam
1054 4731 1112 4787 in
1141 4734 1426 4805 procinctu
1447 4736 1683 4809 quodam

100 4813 305 4881 positus
332 4812 670 4873 Pharaonem
730 4834 911 4892 regem
952 4821 1280 4894 quotidiano
1313 4823 1498 4882 labore
1526 4842 1683 4900 supe-

100 4904 252 4975 ravit,
283 4911 341 4960 et
367 4903 436 4960 ab
468 4905 713 4965 inimicis
758 4908 873 4966 suis
921 4911 1077 4983 quasi
1133 4912 1461 4985 quibusdam
1492 4916 1686 4973 castris

101 4992 438 5051 mansionum
469 5010 585 5051 sese
613 4995 850 5053 statione
879 4997 1164 5066 defendit;
1190 5000 1266 5055 ita
1286 5007 1348 5056 ut
1366 5001 1683 5075 quicunque

100 5093 157 5134 ex
175 5081 273 5139 illo
308 5082 695 5141 comitantium
725 5103 958 5142 numero
988 5085 1203 5143 diurnas
1230 5087 1486 5145 stationis
1508 5091 1683 5162 spatia

101 5180 194 5225 non
222 5171 491 5242 confecit,
539 5182 635 5230 aut
680 5174 893 5233 Pharao
943 5174 1104 5231 illum
1134 5176 1506 5248 occupaverit,
1534 5185 1680 5244 418

159 5308 273 5380 (74)
308 5308 469 5365 Rom.
501 5309 636 5367 edit.
668 5312 803 5381 sola,
844 5317 892 5366 el
944 5328 1200 5368 camasam
1237 5312 1538 5382 voraginem
1566 5358 1578 5369 .
1616 5356 1628 5368 .
1668 5357 1679 5369 .

94 5386 204 5457 post
227 5398 427 5436 maran
456 5383 599 5457 venit
619 5400 641 5448 ;
687 5382 783 5439 sed
830 5398 961 5457 mss.
1019 5400 1083 5441 ac
1120 5391 1231 5439 vet.
1289 5381 1426 5439 edit.
1478 5384 1683 5457 ubique

100 5449 353 5525 scribunt,
385 5454 679 5524 myrrham,
714 5456 954 5525 myrrha,
985 5462 1090 5512 etc.

159 5497 679 5607 ςῑδδῖίῖρι.υ’έάτίῑϊ;’
705 5497 832 5607 tu;
864 5497 1431 5607 ';as;"'p......-m.-,
1494 5526 1681 5607 μοι...

99 5596 206 5717 ﬁnio
230 5596 375 5652 velut
400 5612 580 5651 amnes
602 5596 885 5668 purissimi
909 5616 930 5663 ;
978 5596 1123 5654 mss.—
1162 5605 1226 5653 ut
1270 5611 1371 5651 nos
1399 5596 1459 5651 in
1499 5603 1678 5652 textu.

136 5678 287 5717 ursus
314 5682 473 5717 vero-
502 5667 596 5717 ubi
626 5675 740 5717 vet.
784 5668 944 5717 adit--
986 5671 1142 5717 larua.
1192 5667 1455 5717 sanientia
1484 5683 1678 5717 saera-

136 5678 287 5724 ursus
314 5682 473 5737 vero,
502 5667 597 5723 ubi
616 5667 740 5725 vet.
784 5668 945 5737 edit.,
986 5671 1142 5743 larga
1192 5667 1455 5742 sapientia
1484 5683 1681 5724 sacra-

1818 1870 2029 1925 lentum
2084 1870 2400 1942 aggreditur
2450 1871 2709 1928 diabolus
2755 1871 3107 1928 luxuriosum
3139 1879 3421 1945 oppugnat

1819 1961 2099 2018 inimicus.
2128 1961 2229 2017 Ubi
2261 1970 2439 2017 autem
2452 1961 2729 2035 jejunium
2763 1963 2987 2033 viderit,
3011 1964 3173 2035 fugit,
3198 1964 3419 2033 metuit,

1818 2049 2189 2123 pertimescit;
2232 2060 2467 2108 terretur
2492 2052 2703 2124 pallore
2740 2050 2881 2123 ejus,
2914 2051 3242 2108 debilitatur
3282 2052 3413 2109 ine-

1820 2138 1932 2209 dia,
1963 2139 2283 2197 inﬁrmitate
2314 2140 2683 2213 prosternitur
2708 2159 2719 2198 :
2744 2141 3133 2215 prosternitur,
3158 2141 3381 2214 inquam
3400 2185 3414 2209 ,

1821 2228 2165 2297 inﬁrmitate,
2239 2230 2366 2301 quia
2425 2228 2742 2288 Christiana
2797 2230 3093 2286 inﬁrmitas
3148 2229 3418 2286 fortitudo

1822 2326 1922 2375 est.
1956 2319 2109 2376 Unde
2138 2319 2216 2374 ait
2234 2321 2563 2391 Apostolus:
2624 2346 2642 2369 ι
2669 2320 2807 2378 Cum
2840 2321 3112 2391 infirmor,
3146 2330 3281 2378 tunc
3310 2322 3418 2378 for-

1819 2406 1930 2463 tior
1958 2424 2079 2463 sum
2131 2408 2220 2478 (ΙΙ
2249 2410 2375 2466 Cor.
2406 2425 2509 2476 xu,
2546 2408 2659 2482 10).
2695 2432 2715 2458 ι
2778 2409 2883 2467 Sed
2928 2417 3135 2483 quaeret
3190 2410 3413 2484 aliquis,

1819 2497 2281 2571 quemadmodum
2310 2498 2381 2555 sit
2409 2499 2568 2556 fortis
2599 2499 2939 2557 inﬁrmitas?
2968 2501 3124 2558 Tunc
3142 2509 3224 2558 est
3259 2501 3420 2559 fortis

1819 2587 2136 2656 inﬁrmitas,
2161 2587 2380 2662 quando
2409 2605 2537 2645 caro
2558 2590 2789 2648 tabescit
2815 2590 3066 2663 jejuniis,
3088 2592 3275 2649 anima
3302 2609 3417 2665 pu-

1818 2676 1980 2732 ritate
2024 2676 2355 2749 pinguescit.
2391 2677 2671 2745 Quantum
2701 2679 2849 2735 enim
2883 2679 2968 2737 illi
2998 2680 3250 2738 ciborum
3279 2698 3416 2739 suc-

1816 2783 1914 2823 cus
1942 2765 2309 2836 subtrahitur,
2340 2773 2555 2824 tantum
2588 2766 2720 2826 huic
2743 2767 2974 2840 justitiaa
3005 2769 3186 2826 virtus
3238 2787 3415 2844 auge-

1816 2863 1926 2912 tur.
1976 2855 2131 2912 Tunc
2175 2856 2344 2929 igitur
2393 2856 2561 2913 homo
2602 2857 2899 2916 imbecillis
2939 2859 3163 2933 quidem
3209 2867 3291 2916 est
3343 2861 3413 2918 ad

1814 2945 2099 3002 saecularia
2147 2962 2328 3019 opera,
2360 2944 2455 3002 sed
2496 2946 2656 3003 fortis
2701 2946 2770 3003 ad
2812 2947 3037 3005 divina:
3090 2955 3223 3005 tunc
3262 2948 3409 3005 enim

1812 3035 1986 3108 magis
2015 3034 2082 3092 de
2134 3037 2250 3092 Deo
2279 3035 2501 3108 cogitat,
2559 3044 2693 3094 tunc
2728 3035 3004 3110 judicium
3033 3038 3232 3095 metuit
3265 3039 3405 3112 (79),

1740 3152 1784 3213 C
1814 3132 1949 3182 tunc
1984 3124 2163 3182 vincit
2191 3124 2503 3183 inimicum.
2538 3124 2634 3181 Ait
2663 3126 2812 3183 enim
2838 3126 3091 3184 Salvator
3117 3126 3184 3184 de
3205 3126 3408 3185 diabo-

1815 3214 1903 3270 lo:
1939 3215 2054 3271 Hoc
2080 3231 2249 3288 genus
2279 3230 2389 3271 non
2433 3214 2672 3287 ejicitur,
2706 3215 2817 3273 nisi
2862 3214 3079 3287 jejunio
3105 3223 3160 3271 et
3192 3215 3408 3271 oratio—

1811 3304 1975 3361 nibus
2027 3306 2242 3378 (Matth.
2291 3322 2434 3375 xvn,
2474 3306 2589 3379 20).
2640 3306 2791 3363 Dicit
2860 3307 3054 3380 utique
3100 3323 3133 3363 a
3184 3306 3406 3364 diabolo

1810 3409 2240 3467 energumenum
2280 3410 2391 3450 non
2426 3394 2534 3451 nisi
2573 3393 2804 3468 jejuniis
2834 3412 2989 3469 posse
3019 3396 3263 3470 purgari.
3296 3396 3407 3454 Vi-

1809 3481 1932 3538 dete
1974 3499 2101 3555 ergo
2143 3500 2263 3556 qua;
2307 3482 2510 3556 jejunii
2557 3484 2736 3541 virtus
2773 3484 2865 3554 sit,
2899 3492 3159 3558 quantam
3188 3484 3404 3541 homini

1809 3586 1908 3626 suo
1940 3578 2158 3643 praestet
2206 3572 2459 3644 gratiam,
2517 3572 2662 3645 quod
2714 3580 2921 3628 tantam
2975 3580 3193 3646 praestet
3244 3574 3402 3631 alteri

1810 3658 2139 3716 medicinam
2185 3679 2196 3717 :
2248 3661 2713 3734 quemadmodum
2765 3662 3050 3736 proprium
3097 3662 3401 3721 sanctiﬁcet

1810 3748 2090 3807 hominem
2115 3770 2125 3807 τ
2146 3751 2294 3825 quod
2321 3752 2397 3808 ita
2413 3753 2673 3825 purificet
2693 3754 2960 3811 alienum.
2988 3754 3127 3813 Mira
3142 3754 3288 3811 enim
3313 3770 3401 3810 res

1808 3846 1909 3909 est,
1937 3840 2076 3898 alter
2116 3839 2351 3914 jejunat,
2385 3849 2439 3898 et
2479 3842 2637 3898 alteri
2671 3842 2893 3915 prodest
2930 3841 3235 3914 jejunantis
3277 3841 3400 3897 uti-

1808 3929 1953 3986 litas.

1877 4019 1930 4075 3.
1961 4020 2126 4093 Ergo,
2158 4020 2371 4090 fratres,
2399 4021 2747 4080 abstinentiae
2775 4038 2925 4078 arma
2954 4019 3182 4077 minime
3219 4018 3398 4094 depo—

1804 4122 2018 4175 namus,
2043 4115 2095 4163 et
2116 4109 2479 4183 quadraginta
2504 4111 2717 4167 dierum
2745 4109 2959 4184 jejunia
2984 4108 3103 4166 sine
3122 4109 3396 4167 intermis-

1803 4195 1956 4251 sione
1985 4212 2258 4254 curemus.
2300 4198 2403 4255 Hic
2431 4206 2512 4255 est
2549 4198 2700 4257 enim
2729 4200 3005 4275 perfectus
3033 4214 3297 4256 numerus
3328 4198 3396 4256 ad

1803 4282 2137 4340 vincendum
2166 4304 2181 4354 ;
2233 4286 2505 4344 Dominus
2543 4288 2693 4346 enim
2722 4289 3005 4348 diabolum
3039 4298 3394 4365 posteaquam

1801 4372 2162 4448 quadraginta
2198 4375 2315 4434 dies
2341 4375 2638 4451 jejunavit,
2669 4380 2859 4451 evicit,
2888 4398 3001 4438 non
3031 4381 3178 4454 quod
3205 4389 3259 4437 et
3286 4397 3396 4437 an-

1802 4473 1856 4521 te
1878 4464 2093 4539 jejunia
2126 4485 2249 4524 eum
2280 4468 2502 4528 vincere
2532 4488 2643 4527 non
2676 4473 2977 4546 potuisset;
3002 4470 3098 4529 sed
3125 4479 3189 4528 ut
3214 4479 3392 4527 osten-

1801 4554 1952 4613 deret
2002 4557 2165 4614 nobis
2205 4565 2340 4619 tunc
2369 4576 2470 4618 nos
2522 4562 2732 4619 diaboli
2783 4577 2941 4635 posse
2973 4577 3089 4617 esse
3133 4561 3393 4627 victores,

1796 4661 1922 4701 cum
1953 4663 2049 4721 per
2102 4649 2464 4724 quadraginta
2492 4651 2612 4707 dies
2640 4652 2879 4707 victores
2901 4648 3208 4721 jejunando
3236 4648 3396 4704 desi-

1794 4734 2073 4793 deriorum
2119 4739 2423 4795 carnalium
2479 4738 2809 4794 fuissemus:
2869 4753 2995 4793 eum
3025 4751 3243 4808 quoque
3297 4735 3392 4809 qui

1794 4823 1942 4879 hunc
1995 4841 2285 4881 numerum
2354 4834 2728 4882 consecratum
2784 4824 2922 4897 gulae
2970 4823 3392 4896 intemperantia

1794 4913 2070 4984 violasset,
2111 4924 2371 4989 tanquam
2431 4916 2767 4973 imbecillem
2818 4924 2872 4972 et
2909 4915 3171 4971 miserum
3229 4915 3390 4973 facile

1794 5021 1917 5062 eum
1946 5004 2013 5061 ab
2034 5004 2263 5062 inimico
2281 5022 2437 5079 posse
2451 5004 2714 5078 superari.
2731 5005 3020 5074 Quomodo
3040 5005 3187 5062 enim
3211 5014 3389 5080 potest

1793 5092 1850 5148 in
1879 5094 2050 5151 altero
2106 5093 2314 5150 diaboli
2358 5092 2768 5167 improbitatem
2816 5094 3060 5160 vincere.
3093 5095 3190 5171 qui
3247 5097 3387 5169 gulae

1792 5184 2271 5257 intemperantiam
2305 5183 2364 5239 in
2394 5200 2450 5241 se
2478 5183 2598 5257 ipso
2628 5200 2743 5241 non
2769 5185 2948 5242 vincit
2968 5186 2997 5243 ‘l
3036 5186 3198 5245 Prius
3235 5203 3385 5261 ergo,

1794 5321 1963 5371 menta
1982 5315 2183 5388 poculi,
2204 5313 2387 5388 codex
2415 5313 2688 5388 Valli_scl.,
2723 5316 2876 5387 larga
2903 5316 3175 5388 sapimtiw
3200 5333 3384 5374 sacra-

1791 5385 2170 5460 meiitapoculi;
2194 5386 2367 5460 Lugd.
2399 5402 2546 5460 vero
2559 5385 2849 5460 lectionem
2891 5385 3301 5460 anteponimus.

1890 5457 1980 5529 76)
2005 5457 2192 5513 Codex
2217 5457 2492 5523 valliscl.,
2514 5457 2682 5529 divini
2700 5458 2984 5513 ministerii
3002 5457 3382 5529 propinarunt.

1892 5527 1981 5599 77)
2006 5529 2163 5599 110m.
2195 5529 2326 5584 edit.
2369 5530 2503 5594 sola,
2536 5527 2753 5599 fratres,
2782 5527 3381 5599 superioreDominica.

1891 5596 1982 5666 78)
2012 5596 2199 5667 Codex
2227 5600 2436 5664 Germ.,
2462 5604 2510 5651 et
2522 5596 2688 5651 turris
2716 5596 3137 5667 inexpugnabilis
3151 5600 3381 5654 diabolo.

1893 5665 1983 5737 79)
2015 5665 2202 5724 Codex
2224 5667 2449 5726 Valliscl
2472 5708 2510 5735 .,
2560 5665 2956 5738 tuncjudicium
2980 5684 3089 5723 non
3105 5670 3309 5725 metuit.
