3864 6188
486 360 593 419 667

1507 362 1602 417 AD
1642 360 1875 417 OPERA
1917 360 1973 417 S.
2016 360 2349 418 AMBROSII
2386 359 2764 417 APPENDIX.

3698 362 3799 420 668

487 488 675 557 homo,
706 487 789 545 tui
819 487 997 545 victor
1016 498 1169 557 esto;
1203 497 1265 546 ut
1292 488 1465 563 possis
1493 503 1606 545 esse
1618 487 1797 544 victor
1826 488 2069 544 alterius.
2105 490 2155 548 A
2183 486 2368 543 ritales
2394 487 2747 569 carnalesque
2775 483 3095 552 vincamus;
3129 486 3397 543 habemus
3428 486 3610 556 enim,
3651 488 3796 547 sicut

484 578 627 661 Sunt
650 575 796 635 enim
825 578 970 635 intra
995 585 1048 635 te
1089 578 1298 652 proprii
1330 579 1433 635 tibi
1465 578 1671 646 hostes,
1699 576 1797 652 qui
1827 577 2078 651 quotidie

485 674 539 726 te
584 675 947 743 oppugnant;
1002 685 1126 727 ecce
1181 669 1328 725 enim
1378 667 1610 724 avaritia
1654 675 1703 723 te
1752 667 2076 725 divitiarum

484 757 785 815 ambitione
814 757 1199 828 circumvenit,
1225 758 1447 815 luxuria
1476 758 1763 831 epularum
1808 757 2077 815 suavitate

483 848 745 921 captivat,
785 846 1009 905 haeresis
1056 849 1299 905 scientiae
1342 848 1581 905 falsitate
1628 847 1891 921 pervertit
1933 847 2074 920 (80).

484 936 658 993 Vince
705 952 833 1009 ergo
885 935 1143 994 inimicos
1207 937 1479 1012 proprios,
1524 945 1587 993 ut
1634 936 1856 994 vincere
1901 935 2077 1009 possis

480 1024 709 1082 alienos.

553 1123 607 1184 4.
635 1125 759 1182 Non
787 1122 957 1192 enim,
989 1121 1205 1190 fratres,
1238 1122 1356 1178 leve
1376 1129 1661 1194 peccatum
1688 1127 1788 1189 est,
1819 1118 2077 1176 fidelibus

482 1212 749 1272 indictum
793 1211 1265 1288 quadragesimam
1294 1228 1326 1267 a
1355 1211 1594 1267 Domino
1623 1208 1829 1265 violare
1859 1216 1913 1264 et
1935 1207 2076 1281 jeju-

481 1305 574 1363 nia
598 1310 914 1361 consecrata
960 1302 1172 1358 ventris
1201 1302 1500 1357 voracitate
1549 1299 1870 1357 dissolvere.
1917 1297 2076 1354 Scri-

479 1402 634 1468 ptum
664 1400 746 1451 est
790 1393 974 1450 enim:
1017 1415 1036 1439 ι
1074 1390 1180 1460 Qui
1199 1391 1338 1447 dicit
1370 1408 1427 1447 se
1460 1391 1516 1446 in
1564 1390 1787 1448 Christo
1831 1404 2073 1454 manere,

478 1484 641 1543 debet
667 1484 814 1541 sicut
841 1482 935 1541 ille
963 1482 1291 1547 ambulavit,
1323 1489 1377 1537 et
1399 1482 1514 1554 ipse
1534 1480 1816 1537 ambulare
1841 1481 1898 1551 (Ι
1912 1480 2072 1535 Joan.

481 1591 542 1644 ii,
572 1573 677 1645 6).-
708 1572 766 1630 Si
796 1572 881 1629 vis
909 1588 1037 1644 ergo
1064 1570 1415 1628 Christianus
1445 1588 1578 1639 esse,
1604 1570 1768 1627 debes
1797 1567 2074 1645 quomodo

478 1671 533 1721 et
561 1663 813 1725 Christus
868 1661 1151 1720 ambulare
1200 1661 1342 1735 (81).
1374 1661 1475 1719 Ille
1517 1661 1610 1734 qui
1642 1666 1924 1734 peccatum
1962 1675 2074 1716 non

477 1752 733 1822 habebat,
758 1752 1228 1826 quadragesimam
1251 1750 1566 1825 jejunavit:
1600 1759 1663 1807 tu
1687 1767 1799 1807 non
1830 1748 1914 1805 vis
1946 1765 2073 1822 qua-

2188 576 2381 646 nostis,
2422 586 2474 633 et
2493 577 2737 633 carnales
2767 575 2968 632 hostes.
3000 575 3321 648 Jejunemus
3350 575 3553 649 igitur,
3595 585 3664 633 ut
3712 596 3796 635 eos

2187 666 2461 722 exercitus
2512 674 2698 722 noster
2752 674 2806 722 et
2855 666 2982 722 Saul
3030 673 3248 739 superet
3276 674 3330 723 et
3374 666 3657 725 obtineat.
3692 668 3797 726 Nec

2188 757 2245 812 in
2275 756 2608 813 abstinentia
2637 756 2801 830 positi
2839 757 3179 813 declinemus
3225 756 3293 813 ad
3344 757 3583 826 favum;
3638 758 3793 815 favus

2187 849 2333 905 enim
2365 852 2611 924 quaedam
2652 850 2845 906 mundi
2884 857 2964 907 est
2981 851 3257 923 voluptas,
3290 867 3385 907 seu
3412 851 3580 920 vitia,
3629 874 3651 899 ι
3678 869 3791 925 qua

2186 939 2330 996 sicut
2358 939 2623 1011 scriptum
2671 946 2773 1010 est,
2804 939 2873 996 ad
2933 946 3149 1012 tempus
3180 939 3404 1012 quidem
3438 939 3790 1013 impinguant

2186 1029 2388 1098 fauces,
2423 1030 2721 1087 novissima
2750 1030 3020 1086 amariora
3050 1036 3180 1085 sunt
3210 1029 3340 1084 felle
3359 1028 3557 1099 (Prov.
3586 1048 3647 1099 v,
3679 1030 3777 1101 4).»

2186 1118 2417 1175 Uremus
2446 1119 2614 1191 igitur
2645 1119 2786 1191 (83),
2819 1127 2880 1175 ιιι
2912 1117 3073 1174 nobis
3090 1117 3480 1190 jejunantibus
3515 1118 3615 1175 ille
3634 1118 3787 1192 spiri-

2185 1212 2350 1267 tualis
2379 1212 2538 1268 favus
2576 1228 2607 1267 a
2630 1211 2871 1268 Domino
2902 1210 3189 1282 largiatur,
3222 1208 3318 1283 qui
3348 1210 3408 1265 in
3436 1217 3649 1265 aeterna
3672 1210 3785 1268 ha-

2185 1301 2425 1357 titudine
2473 1301 2531 1356 in
2588 1302 2771 1374 palato
2823 1300 2998 1357 faucis
3028 1299 3226 1356 animm
3254 1298 3418 1355 nobis
3458 1298 3783 1357 dulcescat:

2184 1391 2303 1463 ipso
2330 1390 2645 1462 adjuvante,
2678 1391 2773 1465 qui
2801 1390 2946 1446 vivit
2974 1399 3028 1448 et
3075 1398 3267 1462 regnat
3297 1389 3356 1445 in
3386 1391 3597 1447 smeula
3624 1406 3785 1447 saecu-

2186 1483 2385 1550 lorum,
2416 1497 2595 1538 amen.

2749 1587 2982 1645 SERMO
3040 1586 3219 1643 XXII.

2537 1682 2615 1737 De
2645 1687 2829 1735 sancta
2867 1676 3292 1750 Quadragesima
3320 1676 3420 1733 VI.

2182 1772 2282 1828 Hic
2297 1771 2581 1850 sermonin
2608 1769 2930 1850 antiq._edit.
2962 1767 3312 1850 acplerisque
3366 1784 3497 1850 mss.
3532 1768 3779 1848 superio-

478 1840 838 1914 dragesimam
863 1840 1133 1914 jejunare,
1206 1839 1302 1914 qui
1342 1840 1581 1914 peccas?
1642 1841 1761 1909 Ille,
1819 1839 2070 1912 inquam,
2102 1858 2148 1919 Β
2254 1843 2402 1919 ribus
2433 1842 2602 1919 tribus
2625 1839 2873 1913 proxime
2920 1839 3239 1919 subjicitur;
3288 1839 3443 1919 unde
3482 1839 3779 1919 conjectura

477 1926 761 2006 peccatum
818 1948 930 1989 non
961 1931 1216 2001 habebat,
1267 1931 1363 1988 sed
1394 1948 1492 2005 pro
1544 1930 1749 1987 nostris
1791 1927 2073 2001 jejunavit

475 2022 732 2096 peccatis.
764 2020 954 2090 Qualis
982 2038 1110 2095 ergo
1138 2021 1283 2095 apud
1312 2021 1705 2078 conscientiam
1736 2026 1885 2076 tuam
1916 2017 2072 2076 Chri-

474 2113 686 2195 stianus
727 2130 802 2183 es,
834 2131 959 2172 cum
992 2113 1216 2171 Christo
1245 2130 1345 2188 pro
1384 2121 1438 2168 te
1474 2112 1770 2181 esuriente,
1818 2119 1879 2167 tu
1911 2129 2070 2184 pran-

471 2204 569 2260 des
588 2204 616 2260 7
643 2221 770 2262 cum
806 2204 1086 2260 Salvatore
1116 2220 1216 2276 pro
1248 2211 1301 2259 te
1320 2200 1629 2275 jejunante,
1656 2208 1713 2257 tu
1741 2201 1920 2258 reﬁcis
1937 2202 1965 2257 Ὺ

541 2292 596 2349 5.
625 2293 746 2349 Non
782 2292 973 2365 igitur,
1006 2293 1152 2350 sicut
1181 2291 1324 2361 dixi,
1346 2293 1463 2348 leve
1492 2307 1655 2365 pecca
1682 2306 1777 2346 um
1808 2298 1889 2347 est
1928 2290 2071 2347 indi-

472 2390 625 2439 ctum
652 2382 864 2440 violare
896 2381 1195 2456 jejunium.
1229 2384 1365 2440 Nam
1399 2392 1463 2439 ut
1515 2382 1622 2439 hoc
1651 2381 1919 2455 exemplis
1948 2382 2068 2438 bre-

472 2469 615 2527 viter
637 2473 1021 2546 approbemus,
1049 2473 1283 2546 legimus
1303 2472 1362 2529 in
1390 2472 1548 2529 libris
1576 2473 1909 2545 Regnorum,
1942 2489 2067 2528 cum

472 2561 603 2618 Saul
632 2578 731 2619 rex
776 2563 940 2620 Israel
987 2563 1197 2621 bellum
1246 2573 1439 2622 contra
1470 2563 1805 2638 Allophylos
1834 2568 2065 2636 gereret;

470 2650 730 2710 universo
758 2668 882 2709 eum
929 2653 1202 2711 exercitui
1246 2653 1513 2711 indixisse
1531 2653 1828 2726 jejunium,
1858 2661 1912 2708 et
1948 2652 2066 2708 abs-

471 2741 777 2800 tinentibus
796 2742 1034 2813 cunctis,
1074 2760 1199 2800 eum
1224 2752 1418 2802 contra
1454 2741 1795 2800 adversarios
1823 2758 2065 2815 pugnare

466 2834 695 2906 coepisse
740 2835 798 2905 (Ι
818 2837 943 2907 Reg.
981 2850 1103 2905 xxv,
1155 2834 1224 2891 24
1264 2853 1369 2909 seq.
1402 2840 1446 2908 ).
1480 2835 1667 2891 Bonus
1718 2834 1881 2907 plane
1941 2851 2061 2904 rex,

467 2922 563 2996 qui
608 2922 794 2979 hostes
841 2939 969 2981 suos
1022 2939 1136 2980 non
1175 2932 1287 2980 tam
1338 2922 1505 2980 armis
1551 2940 1715 2997 quam
1763 2922 2062 2980 devotione

466 3010 741 3068 vincebat.
773 3019 827 3069 et
856 3014 979 3086 plus
1021 3012 1324 3071 dimicabat
1364 3012 1650 3086 religione,
1699 3030 1862 3088 quam
1911 3014 2057 3073 telis.

467 3098 603 3158 Cum
621 3116 750 3173 ergo
780 3100 907 3160 Saul
937 3101 1330 3160 abstinentiam
1357 3102 1468 3159 diei
1490 3102 1604 3159 suis
1629 3103 1888 3160 omnibus
1917 3104 2058 3161 indi-

2251 1915 2437 1985 aliqua
2464 1914 2585 1968 duci
2609 1911 2794 1985 potest,
2815 1929 2932 1967 eum
2960 1912 3026 1967 ab
3056 1912 3278 1966 illorum
3298 1917 3540 1985 auctore
3559 1983 3567 1985 _
3587 1911 3776 1982 profe-

2253 1983 2390 2042 ctum
2428 2003 2552 2041 esse.
2584 1983 2967 2057 Ipsiustamen
2982 1983 3343 2057 stylusgpaulo
3371 1983 3635 2057 humilior
3673 1991 3775 2038 est:

2251 2060 2339 2114 sed
2358 2059 2587 2113 eumdem
2609 2055 2643 2112 ἐι
2658 2056 2883 2111 dictione
2902 2055 3171 2111 Ambrosii
3195 2056 3360 2127 multo
3383 2055 3593 2127 longius
3615 2072 3771 2111 remo-

2250 2138 2331 2186 vet
2360 2130 2457 2187 illa
2486 2129 2818 2201 simplicitas,
2846 2144 3007 2199 quam
3035 2146 3069 2183 a
3097 2126 3350 2186 Maximi.

2253 2240 2303 2295 1.
2351 2239 2473 2295 Non
2507 2254 2679 2310 usque
2716 2236 2853 2293 adeo
2882 2234 3203 2292 contristari
3241 2233 3529 2303 debemus,
3563 2234 3771 2302 fratres,

2179 2327 2325 2400 quod
2354 2326 2413 2383 in
2441 2326 2530 2383 his
2555 2325 2992 2399 Quadragesimae
3022 2323 3220 2381 diebus
3242 2322 3478 2379 tentatio
3494 2321 3659 2379 nobis
3685 2324 3771 2379 tri-

2177 2416 2478 2475 bulationis
2506 2414 2767 2483 advenit;
2800 2413 3063 2488 quoniam
3083 2422 3137 2469 et
3159 2413 3502 2470 Salvatorem
3526 2421 3769 2469 nostrum

2178 2514 2399 2581 propter
2435 2506 2609 2579 ipsam
2639 2504 3121 2578 Quadragesimam
3161 2501 3418 2559 videmus
3452 2517 3568 2558 esse
3599 2509 3769 2558 tenta-

2175 2605 2315 2656 tum.
2345 2596 2530 2654 Minus
2560 2613 2687 2670 ergo
2715 2595 2901 2653 dolere
2927 2594 3191 2651 debemus
3234 2592 3466 2662 servuli,
3500 2592 3632 2666 quia
3659 2593 3770 2649 Do—

2176 2691 2314 2749 mini
2345 2691 2610 2748 habemus
2639 2690 2974 2762 exemplum.
3004 2687 3109 2745 Ubi
3139 2686 3289 2743 enim
3320 2694 3402 2743 est
3421 2684 3624 2742 similis
3644 2702 3761 2742 cum

2173 2780 2393 2840 Christo
2421 2781 2667 2849 devotio,
2700 2779 2901 2836 similis
2921 2785 3003 2835 est
3028 2784 3081 2834 et
3096 2793 3221 2834 cum
3252 2775 3474 2834 Christo
3502 2774 3762 2843 tentatio;

2170 2871 2545 2929 conditionem
2573 2870 2723 2927 enim
2758 2868 2921 2926 nobis
2950 2865 3225 2925 tolerandi
3256 2865 3495 2938 imponit
3525 2863 3763 2922 conditio

2164 2960 2475 3034 jejunandi.
2508 2961 2801 3020 Credimus
2828 2967 3012 3016 autem
3041 2957 3191 3032 quod
3221 2958 3367 3015 sicut
3401 2956 3660 3012 Salvator
3678 2973 3762 3011 no-

2168 3058 2281 3109 ster
2318 3051 2604 3109 diabolum
2636 3068 2763 3109 cum
2792 3056 3118 3117 tentaretur,
3151 3046 3420 3115 obtinuit,
3479 3045 3559 3102 ita
3586 3053 3641 3100 et
3671 3061 3762 3101 nos

2168 3143 2352 3200 hostes
2400 3149 2637 3210 nostros,
2664 3157 2791 3198 cum
2840 3138 3197 3205 tribulamur,
3230 3150 3388 3209 posse
3437 3133 3759 3199 devincere;

464 3192 2059 3306 i‘f’i‘ff:$39331“?3193?“.E’T‘Fff’f’f‘ffff’iuf:fili?”
2088 3227 2131 3288 C
2158 3233 2374 3306 ieiunia
2401 3232 2550 3288 enim
2581 3191 2787 3289 ciristi
2824 3228 3026 3284 tentari
3071 3191 3323 3301 possint.
3373 3241 3490 3281 non
3538 3231 3758 3297 possunt

462 3283 672 3341 medias
701 3284 947 3342 hostium
976 3284 1122 3342 acies
1137 3284 1316 3344 victor
1345 3283 1603 3341 incedens
1632 3283 1819 3341 favum
1850 3285 2053 3355 mellis,

463 3374 711 3434 invincta
747 3375 947 3449 sceptri
980 3376 1317 3446 summitate,
1363 3383 1666 3449 gustasset;
1701 3384 1854 3434 tanta
1918 3380 2056 3438 419

462 3472 771 3547 indignatio
827 3482 1051 3545 repente
1095 3483 1373 3532 commota
1433 3483 1534 3545 est,
1569 3483 1633 3532 ut
1663 3485 1717 3532 et
1744 3475 2059 3533 differretur

462 3564 719 3631 victoria,
750 3572 804 3620 et
844 3563 1111 3620 divinitas
1157 3564 1464 3620 laederetur.
1497 3566 1748 3638 Denique
1778 3582 1884 3622 nec
1909 3565 2057 3620 bello

461 3651 596 3709 ﬁnis
640 3651 968 3724 imponitur,
1026 3668 1128 3708 nec
1156 3652 1271 3725 regi
1301 3669 1623 3725 responsum
1671 3655 2055 3728 propheticum

459 3740 639 3799 datur.
674 3741 828 3800 Unde
854 3742 1220 3818 intelligimus
1244 3745 1393 3819 quod
1420 3746 1547 3802 Saul
1580 3745 1764 3803 hostes
1799 3762 1912 3802 non
1946 3754 2057 3803 tam

459 3833 667 3892 virtute
676 3835 1109 3909 militum,quam
1129 3836 1370 3893 militum
1381 3836 1717 3893 abstinentia
1734 3836 2050 3909 superabat.

460 3926 708 4000 Denique
739 3928 906 3985 unius
934 3927 1097 4001 culpa
1141 3928 1360 3987 cunctis
1408 3928 1690 3985 confertur
1735 3928 1975 4002 ignavia,
2002 3935 2056 3983 et

477 4020 646 4076 unius
678 4019 882 4078 delicto
908 4020 1167 4078 omnibus
1196 4032 1485 4094 generatur
1513 4019 1841 4089 inﬁrmitas;
1869 4019 2057 4078 deﬁcit

458 4107 607 4165 enim
634 4109 811 4169 virtus
837 4111 895 4167 in
946 4111 1215 4181 exercitu,
1247 4110 1343 4168 ubi
1372 4110 1559 4170 deficit
1583 4111 1642 4168 in
1673 4109 2055 4168 observatione

453 4196 750 4269 jejunium.
784 4199 942 4267 Quod
960 4210 1022 4255 ut
1047 4210 1330 4273 peccatum
1351 4201 1479 4258 Saul
1508 4218 1579 4259 ex
1606 4201 1721 4275 iqsa
1740 4199 2054 4257 divinitatis

458 4285 760 4342 offensione
806 4290 1086 4359 cognovit,
1126 4290 1313 4345 statim
1346 4290 1594 4346 Jonathae
1626 4290 1773 4346 dixit
1800 4306 1912 4347 non
1938 4305 2053 4345 esse

458 4374 816 4449 parcendum,
846 4376 941 4433 sed
970 4386 1253 4449 peccatum
1293 4379 1594 4435 admissum
1638 4380 1906 4435 effusione
1934 4377 2051 4450 ejus

457 4463 740 4537 sanguinis
769 4465 1125 4539 expiandum.
1149 4467 1345 4525 Videte
1371 4475 1577 4541 quanta
1609 4467 1754 4541 apud
1793 4469 1921 4524 Saul
1953 4483 2052 4523 re-

2167 3323 2433 3398 superari.
2466 3320 2764 3395 Angustias
2792 3318 3017 3394 quidem
3038 3318 3097 3374 in
3126 3315 3511 3374 observatione
3542 3313 3756 3381 habent,

2165 3413 2261 3470 sed
2309 3412 2725 3487 prosperitatem
2767 3408 3022 3467 tribuunt
3069 3415 3124 3464 et
3168 3406 3425 3462 salutem.
3469 3403 3759 3461 Videamus

2167 3503 2337 3576 igitur
2366 3503 2511 3558 inter
2539 3509 2761 3558 caeteras
2798 3497 3155 3567 tentationes,
3187 3512 3295 3571 qua
3322 3494 3625 3552 Dominum
3652 3492 3756 3549 dia~

2166 3594 2328 3651 holus
2356 3601 2472 3649 arte
2501 3593 2749 3649 lacessat.

2238 3684 2290 3741 2.
2310 3683 2449 3743 Cum
2479 3682 2625 3739 enim
2646 3697 2809 3756 super
2829 3680 3057 3754 pinnam
3078 3683 3249 3735 staret
3276 3673 3475 3747 templi
3494 3672 3749 3739 Salvator,

2166 3773 2242 3832 ait
2279 3773 2534 3831 diabolus
2562 3791 2574 3829 :
2620 3771 2707 3828 ¢Si
2730 3770 2910 3827 Filius
2933 3768 3034 3826 Dei
3065 3784 3143 3836 es,
3175 3766 3338 3822 mitte
3369 3771 3422 3820 te
3449 3763 3737 3829 deorsum,»

2166 3875 2219 3922 et
2246 3863 2459 3937 reliqua
2488 3863 2700 3933 (Matth.
2734 3878 2811 3929 iv,
2843 3860 2923 3932 6).
2950 3859 3093 3915 Vere
3124 3854 3415 3913 diabolicae
3444 3852 3656 3911 fraudis
3678 3867 3747 3907 as-

2167 3954 2306 4014 tutia
2332 3950 2750 4011 consuetudinis
2783 3966 2895 4006 suae
2924 3948 3127 4005 nititur
3153 3952 3521 4017 argumento;
3554 3956 3749 4014 semper

2164 4044 2311 4103 enim
2341 4043 2624 4117 religiosos
2652 4041 2719 4097 de
2741 4037 3115 4112 superioribus
3141 4034 3379 4107 dejicere
3407 4033 3480 4090 ad
3504 4031 3747 4089 inferiora

2162 4144 2412 4203 conatur,
2445 4140 2499 4189 et
2530 4133 2598 4189 de
2652 4130 2857 4188 sanctis
2903 4145 2966 4186 ac
2995 4124 3321 4183 venerandis
3352 4123 3567 4180 actibus
3594 4119 3745 4177 dedu-

2148 4242 2281 4284 cere
2311 4226 2380 4282 ad
2420 4232 2637 4281 terrena
2665 4229 2720 4277 et
2747 4235 2968 4277 caenosa
3000 4216 3264 4283 festinat;
3297 4223 3363 4271 ut
3390 4213 3490 4286 qui
3519 4220 3624 4269 stat
3658 4226 3740 4283 pu-

2162 4316 2321 4372 ritate
2357 4314 2559 4371 mentis
2616 4311 2672 4367 in
2721 4309 3037 4367 summitate
3069 4303 3281 4377 templi,
3320 4302 3582 4376 projiciat
3615 4299 3741 4356 sein

2160 4404 2495 4479 profundum
2525 4401 2688 4458 inferi
2719 4399 3044 4472 contagione
3076 4394 3304 4470 peccati.
3337 4393 3479 4449 Nam
3499 4408 3624 4449 cum

2162 4474 2374 4552 ininum
2403 4493 2469 4549 de
2502 4491 2671 4563 pinna
2698 4488 2891 4562 templi
2924 4485 3160 4559 dejicere
3189 4482 3412 4550 nititur,
3472 4481 3658 4554 utique
3680 4474 3738 4531 de

457 4557 776 4659 89"”.
804 4557 1087 4659 τθῙίείοΡίδ
1117 4558 1448 4659 opsum“?!
1471 4560 1567 4659 {131}
1613 4560 1875 4659 οπίῗῖξδδω
1924 4562 2046 4616 Ῐ)⁰“
2079 4594 2128 4653 D
2161 4584 2405 4659 perfecto
2448 4557 2737 4652 religionis
2783 4557 2942 4635 cultu
2989 4557 3114 4633 eum
3156 4588 3443 4630 removere
3480 4576 3734 4630 conatur;

456 4648 596 4705 mini
652 4649 772 4723 (82)
827 4650 1042 4723 optavit
1091 4650 1259 4707 etiam
1292 4649 1588 4724 parricidio
1640 4650 1930 4724 mitigare:
1996 4659 2049 4709 et

454 4745 661 4812 quanta
687 4737 760 4796 sit
789 4740 1017 4797 resoluti
1047 4740 1208 4813 culpa
1225 4738 1448 4813 jejunii,
1476 4756 1597 4813 quas
1628 4755 1739 4796 non
1780 4739 1889 4796 nisi
1919 4757 2047 4797 san-

454 4826 637 4900 guinis
681 4828 951 4887 effusione
987 4829 1236 4903 punitur.
1278 4830 1351 4886 Et
1393 4829 1441 4887 si
1483 4829 1742 4903 ignorans
1786 4829 2048 4887 Jonathas

453 4921 727 4979 indictum
760 4940 790 4979 a
836 4933 989 4996 patre
1016 4921 1294 4995 jejunium
1336 4921 1486 4997 quod
1532 4923 1843 4993 resolverit,
1878 4922 2044 4979 morti

451 5013 764 5072 addicitur:
811 5014 909 5089 qui
955 5015 1135 5074 sciens
1182 5015 1459 5075 indictum
1507 5033 1540 5073 a
1566 5015 1786 5075 Christo
1813 5015 2046 5073 resolvit

445 5102 744 5177 jejunium,
775 5105 913 5180 quid
939 5114 1180 5163 meretur
1199 5107 1227 5164 ?
1862 5097 1866 5100 i

518 5212 574 5269 6.
604 5213 772 5285 Ergo,
829 5214 1044 5283 fratres,
1110 5222 1379 5272 statutum
1442 5214 1604 5272 nobis
1667 5212 2045 5272 custodiamus

449 5301 602 5357 omni
630 5302 1014 5359 observatione
1032 5302 1331 5377 jejunium,
1362 5313 1423 5361 ut
1467 5304 1650 5361 hostes
1691 5312 1907 5360 nostros
1936 5304 2042 5376 spi-

520 5463 873 5546 (80)'O_m_nes
913 5464 1072 5534 edit.,
1092 5544 1099 5546 _
1114 5465 1469 5546 perversitate
1516 5465 1774 5537 pervertit
1804 5483 1819 5533 ;
1848 5478 2042 5522 omnes

448 5549 603 5607 mss”
633 5536 870 5606 falsitate
891 5536 1165 5607 pervertit.

519 5604 640 5677 (81)
691 5607 817 5679 Vet.
846 5604 995 5679 edit.,
1046 5616 1102 5679 et
1130 5624 1236 5663 nis.
1259 5624 1423 5676 unus,
1445 5607 1592 5663 debes
1618 5608 1761 5679 quod
1790 5608 2041 5679 Christus

449 5673 659 5747 facere;
689 5678 875 5745 1100).,
896 5676 1019 5746 fecit
1046 5677 1253 5747 facere:
1289 5679 1383 5736 sed
1409 5673 1538 5735 cum
1552 5673 1810 5736 neutrum
1842 5678 2040 5745 horum

452 5744 747 5805 verborum
767 5744 943 5821 legere
963 5747 1035 5804 sit
1046 5744 1112 5806 in
1128 5748 1253 5807 aliis
1273 5766 1402 5810 mss.
1427 5749 1611 5818 lectio,
1624 5748 1832 5806 codicis
1852 5744 2039 5806 Germ.

2160 4678 2334 4751 pinna
2362 4672 2510 4732 enim
2546 4672 2655 4729 loci
2684 4670 2861 4728 sancti
2892 4665 3156 4742 perfectio
3184 4662 3433 4724 caelestis
3463 4670 3545 4720 est
3571 4672 3742 4718 sacra-

2160 4766 2351 4824 menti.

2225 4856 2278 4914 3.
2314 4858 2476 4915 Recte
2522 4861 2705 4921 autem
2753 4849 3031 4908 Dominus
3076 4862 3240 4919 super
3281 4844 3512 4917 pinnam
3560 4835 3735 4910 templi

2154 4957 2297 5005 stare
2320 4946 2525 5003 dicitur
2549 4963 2563 5012 ;
2601 4942 2733 5017 quia
2763 4942 2831 4998 de
2865 4940 2982 5013 ipso
3002 4939 3275 5011 scriptum
3304 4941 3390 4991 est
3417 4953 3429 4990 :
3472 4959 3491 4982 ο
3510 4930 3611 5001 Qui
3635 4943 3737 4984 ain-

2153 5038 2306 5094 bulat
2345 5051 2507 5108 super
2528 5049 2737 5106 pennas
2765 5037 3057 5087 ventorum
3082 5027 3256 5093 (Psat.
3283 5041 3403 5092 cui,
3433 5024 3514 5095 3).
3533 5046 3551 5069 -
3579 5019 3736 5089 Super

2153 5142 2359 5201 pennas
2391 5125 2540 5180 enim
2568 5129 2863 5179 ventorum
2896 5115 3306 5192 quodammodo
3348 5112 3596 5169 ambulat
3636 5108 3733 5163 Do-

2153 5216 2359 5283 minus,
2388 5229 2514 5270 cum
2543 5227 2708 5283 super
2739 5224 2953 5266 morum
2984 5212 3301 5262 nostrorum
3322 5201 3496 5259 alacri
3524 5209 3731 5287 conver:

2151 5306 2360 5363 satione
2389 5303 2578 5359 volatu
2596 5298 2839 5367 incedit;
2874 5311 3068 5371 pennae
3094 5292 3243 5349 enim
3269 5290 3436 5347 nobis
3459 5296 3586 5345 sunt
3612 5285 3727 5339 boni

2152 5482 2239 5522 ma
2278 5472 2324 5521 is
2352 5472 2557 5520 arrisit.

2164 5608 2171 5609 ί
2224 5483 2341 5609 (ξῖ)
2374 5539 2455 5593 Ita
2478 5551 2607 5592 mss.
2636 5551 2649 5600 ;
2681 5532 2815 5589 edit.
2839 5546 2988 5598 vero,
3022 5523 3356 5583 obseiw-ntia
3372 5522 3466 5595 qui
3493 5521 3727 5592 oﬁ‘mum

2149 5608 2621 5809 pegs’iijreiiiem
2660 5675 2840 5746 igitur,
2871 5681 2925 5754 et
2952 5668 3233 5744 sequentia
3262 5683 3412 5724 nunc
3446 5663 3670 5740 primum
3697 5674 3726 5713 e

2149 5766 2214 5808 co
2260 5794 2271 5807 .
2358 5759 2432 5808 at.
2461 5756 2516 5806 et
2543 5751 2727 5806 Germ.
2761 5752 3145 5804 restituuntur.

2148 5751 2271 5808 cod.
2304 5751 2432 5808 Vat.
2461 5756 2516 5806 et
2543 5751 2727 5806 Germ.
2761 5751 3145 5804 restituuntur.
