3864 6188
169 323 269 384 669

979 321 1352 382 SERMONES
1390 324 1446 380 S.
1487 320 1843 381 AMBROSIO
1885 321 2254 381 HACTENUS
2293 323 2629 380 ASCRIPTI.

3364 328 3469 386 670

167 466 358 516 mores,
383 449 479 524 qui
507 466 606 507 nos
634 450 876 508 elevatos
903 467 934 506 a
978 457 1134 507 terrae
1177 448 1486 506 humilibus
1547 448 1606 504 in
1636 448 1760 506 θεηιὶ
1791 451 1840 510 Α
1867 447 2057 514 tutela,
2084 446 2178 519 qui
2206 445 2435 503 habetur
2466 446 2522 503 in
2576 463 2827 518 numero,
2864 457 2926 508 ut
2983 466 3172 508 errans
3215 452 3455 527 propriis

169 540 360 597 altiora
414 539 734 608 sustollunt,
787 548 842 597 et
903 541 1090 595 volatu
1149 537 1387 613 quodam
1446 538 1645 594 mentis
1687 537 1754 594 de

168 638 370 687 tartaro
409 633 701 688 tenebroso
733 631 994 699 educunt,
1044 639 1097 688 et
1148 630 1216 686 ad
1258 629 1496 702 paradisi
1542 646 1757 686 amcena

168 722 492 794 perducunt.
543 722 786 790 Quorum
838 738 1052 778 morum
1105 737 1310 794 pennas
1367 720 1566 778 habere
1614 721 1757 777 Pro-

166 811 330 884 pheta
353 812 668 869 desiderans
696 812 806 869 ait:
846 836 864 859 α
891 811 1027 879 Quis
1053 810 1206 866 dabit
1225 811 1362 866 mihi
1395 826 1600 883 pennas
1616 811 1758 868 sicut

165 902 459 969 columba,
491 911 543 959 et
565 902 760 958 volabo
783 911 836 958 et
865 902 1203 975 requiescam
1237 903 1426 970 (Psal.
1468 920 1579 970 LIV,
1611 903 1702 970 7)?
1727 926 1745 950 ι

165 992 340 1062 Super
370 991 510 1048 hanc
539 1009 666 1065 ergo
686 992 909 1064 pinnam
932 991 1124 1062 templi
1176 991 1426 1047 Salvator
1480 999 1623 1047 stare
1661 991 1759 1047 di-

167 1081 330 1150 citur,
372 1081 478 1138 hoc
509 1090 608 1150 est,
642 1083 794 1155 quasi
818 1082 874 1137 in
900 1082 1141 1154 quodam
1164 1083 1372 1154 templo
1406 1081 1533 1137 fidei
1557 1090 1759 1138 nostra».

167 1171 494 1240 consistere;
527 1171 672 1227 unde
701 1172 779 1226 ait
809 1171 1105 1242 Apostolus
1143 1189 1156 1226 :
1188 1171 1304 1228 Vos
1333 1173 1464 1228 estis
1484 1172 1756 1246 templum

167 1262 262 1317 Dei
291 1261 428 1334 vivi,
467 1269 522 1317 et
550 1259 790 1333 Spiritus
818 1259 915 1317 Dei
945 1259 1158 1317 habitat
1176 1259 1235 1315 in
1265 1259 1425 1318 vobis
1446 1262 1502 1334 (Ι
1537 1264 1756 1333 Cor.m,

171 1352 278 1422 16).
303 1375 322 1400 ι

235 1443 288 1498 li.
319 1442 384 1497 In
413 1440 518 1497 hoc
549 1440 717 1512 igitur
745 1443 950 1514 templo
984 1449 1135 1498 stans
1161 1443 1437 1500 Dominus
1469 1460 1571 1500 nec
1600 1459 1760 1500 reco-

169 1533 298 1590 dens
326 1535 474 1594 420
505 1529 754 1603 increpat
788 1531 1093 1600 diabolum,
1137 1532 1362 1591 dicens:
1423 1556 1440 1580 ι
1483 1534 1759 1606 Scriptum

169 1638 278 1687 est:
301 1629 424 1686 Non
453 1629 694 1686 tentabis
713 1631 1012 1687 Dominum
1047 1631 1219 1688 Deum
1251 1642 1409 1690 tuum
1439 1633 1651 1704 (Matth.
1683 1650 1758 1702 1v,

172 1720 248 1792 7),
272 1743 291 1768 ι
333 1719 445 1778 hoc
489 1727 589 1789 est,
629 1736 740 1776 non
784 1719 1022 1777 tentabis
1059 1737 1210 1792 eum,
1242 1739 1404 1796 quem
1433 1731 1593 1794 putas
1629 1731 1764 1778 tan-

171 1825 327 1882 quam
355 1809 640 1866 hominem
679 1809 746 1866 ad
785 1809 1044 1866 inferiora
1073 1811 1414 1883 pellendum,
1451 1810 1546 1866 sed
1585 1810 1760 1884 magis
1793 1821 1840 1883 Β

171 1907 428 1973 tanquam
447 1901 622 1956 Deum
642 1905 697 1954 et
712 1900 1008 1955 Dominum
1031 1899 1212 1972 ipsum
1238 1900 1354 1972 (84)
1380 1900 1602 1957 noveris
1635 1899 1764 1957 ado-

173 1989 424 2045 randum.
456 1989 519 2045 In
549 1988 635 2044 his
655 2005 782 2061 ergo
807 1987 1149 2061 jejuniorum
1167 1989 1363 2046 diebus
1393 1999 1674 2047 tentamur
1698 1989 1767 2046 ad

173 2078 591 2134 similitudinem
613 2077 944 2145 Salvatoris;
974 2079 1232 2135 similiter
1267 2080 1414 2135 enim
1444 2089 1497 2137 et
1539 2096 1642 2136 nos
1673 2079 1768 2136 ho-

174 2176 276 2225 stes
294 2168 478 2224 nostri
504 2167 572 2222 de
586 2167 758 2238 pinna
786 2167 1000 2238 templi,
1022 2167 1128 2224 hoc
1155 2176 1257 2236 est,
1288 2169 1355 2224 de
1386 2168 1769 2226 observatione

174 2257 611 2330 Quadragesimze
641 2255 931 2312 deturbare
951 2265 1240 2314 conantur.
1281 2259 1426 2314 Dum
1481 2257 1630 2314 enim
1661 2267 1766 2314 ter-

179 2363 318 2404 rores
373 2347 652 2420 ingerunt,
703 2346 835 2403 dum
889 2346 1119 2404 insidias
1164 2355 1378 2420 parant,
1409 2347 1642 2419 cupiunt
1669 2364 1770 2405 nos

179 2437 239 2492 de
266 2452 390 2494 arce
417 2435 705 2510 religionis
732 2435 1020 2493 abducere.
1044 2436 1264 2494 Dicitur
1291 2444 1472 2494 autem
1497 2438 1575 2494 eis
1604 2455 1634 2493 a
1666 2440 1770 2494 Do-

185 2527 355 2583 mino:
389 2527 512 2583 Non
544 2526 830 2582 tentabitis
850 2534 1068 2584 sanctos
1097 2527 1248 2583 viros
1277 2535 1332 2584 et
1363 2527 1602 2584 famulos
1629 2528 1726 2584 Dei
1753 2547 1766 2596 ;

185 2634 308 2691 quos
331 2616 479 2673 enim
509 2624 773 2690 tanquam
802 2616 1041 2673 humiles
1079 2617 1487 2674 conculcandos
1542 2619 1768 2691 putatis,

189 2707 423 2764 sentietis
449 2716 712 2781 tanquam
743 2716 997 2765 strenuos
1025 2707 1402 2768 honorandos.

251 2808 304 2864 5.
335 2808 471 2866 Sunt
505 2808 679 2877 enim,
728 2807 874 2866 sicut
904 2808 1047 2878 dixi,
1093 2811 1343 2884 plerique
1374 2809 1592 2881 fratres,
1634 2827 1772 2885 quos

193 2894 365 2954 hostes
402 2897 579 2955 nostri
607 2896 675 2954 de
730 2897 1062 2971 perfectione
1103 2898 1391 2972 religionis
1442 2900 1768 2957 abducunt:

190 2987 275 3060 qui
324 2987 450 3045 dum
512 3005 754 3062 praesens
785 2989 990 3046 malum
1045 2997 1318 3058 metuunt,
1373 2997 1568 3063 putant
1596 2992 1770 3048 Deum

194 3086 372 3135 nostra:
428 3080 627 3138 salutis
673 3081 1074 3150 immemorem,
1108 3081 1411 3139 nescientes
1452 3081 1600 3156 quod
1628 3084 1772 3139 Deus

197 3169 386 3226 nullius
413 3180 492 3228 est
528 3169 824 3227 immemor
855 3189 869 3239 ;
897 3171 989 3228 sed
1030 3171 1408 3228 immemorem
1458 3172 1618 3228 illum
1657 3188 1770 3228 no-

196 3259 282 3316 stri
305 3269 429 3318 tunc
465 3261 728 3330 facimus,
755 3277 881 3318 cum
910 3278 1218 3335 peccamus.
1255 3261 1391 3320 Cum
1429 3263 1578 3320 enim
1625 3262 1769 3318 mala

199 3365 484 3422 operamur,
513 3352 725 3409 avertit
763 3353 998 3421 faciem;
1041 3369 1165 3410 cum
1204 3352 1440 3410 nefanda
1469 3351 1767 3426 loquimur,

197 3457 360 3500 aurem
389 3442 672 3511 obstruit;
733 3450 788 3499 et
830 3443 954 3500 ideo
999 3441 1302 3499 bonitatem
1341 3458 1495 3498 suam
1547 3458 1579 3497 a
1611 3439 1772 3496 nobis

197 3529 326 3587 Deus
363 3549 469 3589 non
513 3541 639 3589 tam
685 3533 800 3605 ipse
850 3531 1102 3598 retrahit,
1153 3548 1318 3605 quam
1367 3538 1554 3587 nostra
1611 3529 1771 3585 illum

197 3616 373 3677 delicta
421 3621 712 3695 rejiciunt.
777 3621 874 3677 Ait
924 3623 1071 3678 enim
1131 3621 1277 3679 idem
1336 3620 1608 3679 Dominus
1674 3634 1771 3692 per

198 3709 488 3782 pr0phetam
569 3709 636 3766 ad
702 3726 793 3767 eos
848 3711 944 3785 qui
1001 3720 1156 3768 erant
1207 3712 1266 3768 in
1319 3709 1773 3768 tribulationibus

197 3799 452 3856 constituti
483 3819 496 3858 :
562 3824 580 3847 -
607 3799 891 3874 Numquid
908 3816 1019 3857 non
1049 3802 1197 3858 valet
1213 3818 1408 3858 manus
1437 3818 1556 3858 mea
1585 3818 1774 3858 eruere

199 3901 284 3942 vos
321 3888 449 3960 (Isa.
482 3909 532 3962 1.,
576 3890 637 3962 2)
669 3890 698 3947 ’ἴ
734 3914 753 3938 ι
794 3897 847 3946 et
873 3891 1106 3964 reliqua.
1146 3890 1317 3949 Vides
1360 3908 1488 3964 ergo
1514 3891 1776 3964 quoniam

208 3974 332 4032 inter
375 3981 545 4037 Deum
590 3988 647 4037 et
700 3979 984 4037 hominem
1029 3993 1251 4055 peccata
1291 3993 1565 4056 separant.
1622 3983 1777 4039 Tolle

211 4064 358 4207 ifgitur
373 4078 587 4143 peccata
614 4071 686 4128 de
724 4069 928 4138 medio,
960 4079 1014 4128 et
1050 4073 1224 4129 Deum
1245 4073 1347 4131 tibi
1378 4073 1694 4148 proximum
1717 4079 1779 4130 tu

232 4156 386 4207 ecisti-

232 4156 386 4216 'ecisti.

272 4258 318 4312 6.
351 4257 630 4326 Quomodo
660 4259 809 4316 enim
840 4268 1040 4334 potest,
1069 4261 1284 4332 fratres,
1329 4262 1585 4319 oblivisci
1605 4262 1781 4318 nostri

216 4344 357 4416 Deus,
387 4351 662 4426 quietiam
691 4351 920 4424 capillos
952 4353 1147 4425 capitis
1184 4355 1360 4410 nostri
1392 4355 1449 4409 in
1480 4353 1781 4425 Evangelia

215 4435 338 4504 apud
362 4453 415 4494 se
433 4439 566 4498 dicit
593 4456 712 4496 esse
737 4451 1055 4498 numeratos
1087 4443 1239 4516 (Luc.
1274 4460 1377 4510 xu,
1413 4441 1466 4513 7)
1485 4442 1514 4498 ‘l
1535 4441 1592 4499 Si
1634 4442 1781 4497 enim

1866 545 2171 610 apportetu.
2205 536 2468 606 humeris,
2511 554 2576 595 ne
2607 539 2740 612 quid
2776 539 2844 596 de
2871 558 3100 600 numero
3149 541 3459 603 minuatur.

1866 630 2046 688 Nolite
2079 648 2205 702 ergo
2229 639 2438 703 putare,
2463 631 2672 698 fratres,
2697 634 2843 706 quod
2874 636 2960 690 vel
2991 635 3210 693 minimi
3275 637 3466 712 cujus-

1869 737 2033 795 quam
2083 720 2474 787 obliviscatur;
2528 722 2670 778 Deus
2695 725 2843 782 enim
2875 727 3119 784 omnium
3183 729 3462 800 meminit,

1869 819 2117 875 omnium
2149 819 2494 876 recordatur:
2519 827 2736 877 tantum
2767 829 2828 878 ut
2875 840 3006 892 non,
3038 826 3242 882 nostris
3298 827 3469 885 inter-

1869 911 2220 978 venientibus
2249 912 2505 985 peccatis,
2536 911 2587 968 ei
2619 913 2886 970 inferatur
2916 915 3145 975 oblivio.

2436 1043 2670 1100 SERMO
2713 1047 2918 1105 XXIII.

2225 1135 2303 1190 De
2332 1144 2519 1195 sancta
2545 1137 2969 1209 Quadragesima
2987 1139 3110 1197 VII.

1871 1244 1962 1298 Ea:
1996 1241 2206 1318 iisque:
2233 1242 2315 1318 hic
2343 1244 2592 1300 dicuntur
2619 1247 2679 1300 de
2697 1246 3139 1317 Quadragesima,
3162 1262 3468 1318 cognoscere

1942 1320 2016 1370 est
2043 1315 2191 1369 illius
2234 1315 2401 1390 ritum
2439 1318 2671 1390 nondum
2716 1315 3060 1372 communiter
3102 1318 3160 1372 id
3206 1315 3462 1390 temporis

1940 1393 2199 1461 receptum
2226 1385 2428 1461 fuisse
2459 1390 2520 1444 de
2555 1389 2709 1458 cujus
2745 1391 2955 1461 quidem.
2987 1385 3464 1446 diversitate-con-

1942 1458 2049 1512 suli
2064 1465 2233 1532 potest
2265 1459 2552 1515 Cassianus
2601 1458 2900 1527 Collfxxr,
2937 1461 3161 1532 cupii,
3201 1468 3250 1516 et
3295 1464 3468 1519 Soza-

1942 1546 2122 1606 menus
2151 1531 2246 1606 lib.
2271 1549 2371 1598 v11,
2416 1550 2531 1606 cap.
2568 1535 2652 1589 19.
2685 1535 2835 1601 Quod
2882 1531 3055 1588 autem
3110 1534 3191 1606 hic
3242 1535 3463 1606 Sexage-

1943 1601 2177 1677 simazac
2216 1601 2616 1677 septuagesima:
2642 1607 2794 1660 nulla
2830 1607 2892 1677 ﬁt
2917 1606 3128 1668 mentio.
3171 1605 3311 1677 illud
3339 1601 3468 1661 sane

1946 1673 2139 1728 indicio
2169 1681 2241 1728 est
2268 1673 2426 1742 hujus
2456 1677 2713 1730 sermonis
2743 1695 2804 1730 ac
2830 1673 3178 1747 superiorum
3217 1676 3281 1732 14
3320 1684 3369 1732 et
3400 1678 3466 1733 15

1944 1751 2183 1798 auctores
2227 1747 2461 1800 diversos
2494 1749 2769 1802 exstitisse.
2816 1749 3120 1804 Intenditur
3149 1765 3270 1801 vero
3310 1749 3468 1803 etiam

1945 1819 2159 1890 querela
2182 1817 2436 1872 adversus
2461 1836 2563 1884 eos,
2605 1820 2697 1889 qui
2727 1836 2839 1890 per
2867 1819 3336 1889 Quadragesimam
3369 1821 3467 1874 al-

1948 1888 2110 1942 ternis
2142 1894 2343 1943 tantum
2389 1888 2744 1945 hebdomadis
2763 1889 3031 1958 jejunium
3077 1888 3375 1957 servabant,
3408 1890 3466 1943 in

1945 1976 2075 2030 quos
2112 1960 2357 2016 similiter
2384 1979 2615 2016 sermone
2644 1961 2744 2017 146
2768 1963 3032 2017 invehitur
3079 1963 3268 2017 Petrus
3305 1963 3473 2031 Chry-

1944 2033 2172 2102 sologus.
2208 2033 2342 2088 Sunt
2369 2040 2632 2147 firwterea
2677 2035 2732 2087 in
2766 2035 2956 2104 quibus
3006 2033 3086 2088 hic
3133 2051 3303 2088 sermo
3357 2051 3474 2088 cum

1948 2122 2084 2147 sprm
2134 2104 2232 2147 Ηιέί
2262 2107 2434 2147 ρίΙιἿ
2477 2106 2688 2147 Annan
2747 2107 2940 2147 Ann)ch
2991 2105 3120 2147 satis:
3175 2105 3450 2147 rmnwnint

1948 2122 2103 2177 scrin.
2134 2104 2232 2160 145
2262 2112 2308 2159 et
2336 2104 2434 2160 147
2464 2106 2706 2177 Append.
2737 2107 2960 2177 August.
2989 2105 3120 2160 satis
3175 2105 3470 2170 conveniat,

1949 2182 2007 2248 ut
2035 2175 2172 2244 forte
2199 2177 2271 2231 ad
2306 2195 2487 2232 eorum
2512 2175 2800 2232 auctorem
2831 2175 3032 2247 referri
3078 2177 3248 2248 possit
3281 2195 3291 2231 :
3326 2184 3382 2231 at
3410 2193 3470 2231 ne

1949 2247 2085 2300 idem
2119 2247 2386 2302 tribuatur
2433 2250 2714 2304 Ambrosio
2771 2256 2970 2316 nostro,
3004 2247 3139 2303 nihil
3167 2267 3274 2304 non
3303 2250 3464 2304 recla-

1951 2325 2078 2374 mat.

1955 2445 2004 2499 1.
2036 2444 2302 2502 Nonnulli
2356 2446 2820 2515 Christianorum,
2869 2447 3086 2516 fratres,
3141 2446 3475 2505 aestimantes

1881 2552 1936 2592 se
1966 2535 2280 2592 divinitatis
2323 2545 2590 2610 praecepta
2645 2537 2954 2609 religiosius
2991 2537 3300 2607 observare,
3342 2555 3475 2611 prai-

1881 2625 2130 2681 termissa
2155 2626 2448 2683 devotione
2485 2627 2944 2699 Quadragesimae,
2988 2627 3146 2699 cujus
3190 2627 3356 2683 hodie
3384 2644 3474 2683 cu-

1881 2732 2066 2771 ramus
2097 2716 2410 2786 exordium,
2458 2717 2976 2791 Quinquagesimam
3008 2733 3063 2773 se
3119 2717 3296 2773 facere
3327 2733 3476 2773 inen-

1881 2807 2128 2876 tiuntur;
2181 2825 2308 2866 cum
2368 2809 2426 2866 id
2461 2825 2637 2882 neque
2704 2809 2911 2866 divinis
2941 2808 3142 2866 litteris
3188 2809 3472 2882 jubeatur,

1881 2913 2058 2970 neque
2088 2897 2351 2955 traditum
2377 2901 2449 2956 sit
2479 2899 2801 2956 auctoritate
2834 2899 3125 2972 majorum.
3158 2900 3286 2957 Sola
3307 2899 3477 2974 igitur

1883 2987 1988 3044 hoc
2017 2988 2227 3046 faciunt
2248 2989 2417 3045 animi
2448 2991 2906 3063 praesumptione;
2939 2998 2992 3047 et
3018 2989 3150 3046 dum
3180 2999 3378 3064 putant
3416 3008 3472 3047 se

1881 3078 2135 3135 devotius
2173 3096 2350 3152 agere,
2395 3081 2830 3154 superstitiosius
2869 3090 3287 3138 conversantur.
3330 3081 3479 3138 Dicit

1811 3193 1854 3253 Ο
1881 3184 1936 3224 se
1962 3168 2249 3225 observare
2269 3170 2814 3242 Quinquagesimam,
2847 3171 2942 3243 qui
2973 3171 3116 3227 forte
3167 3171 3474 3243 Quadrage-

1879 3258 2073 3314 simam
2102 3260 2332 3332 implere
2362 3260 2461 3315 vix
2499 3259 2692 3331 possit.
2725 3260 2940 3315 Bonum
2972 3267 3052 3316 est
3085 3259 3310 3334 quidem
3341 3276 3471 3317 cun-

1879 3349 1982 3406 ctis
2015 3349 2356 3423 temporibus
2395 3348 2664 3422 jejunare,
2697 3349 2792 3405 sed
2840 3348 3037 3406 melius
3109 3349 3470 3423 Quadragesi-

1881 3455 2025 3494 mam
2049 3438 2299 3512 jejunare
2329 3457 2457 3497 cum
2496 3438 2750 3506 Christo;
2797 3438 2940 3496 hanc
2977 3438 3126 3495 enim
3166 3439 3480 3514 quadrage-

1882 3530 2076 3586 simam
2129 3530 2289 3587 nobis
2361 3531 2631 3588 Dominus
2675 3549 2773 3587 suo
2831 3529 3047 3603 jejunio
3114 3529 3476 3588 consecravit.

1883 3623 2170 3691 Quoddixi
2191 3623 2428 3696 jejunio,
2453 3642 2564 3681 non
2592 3624 2864 3698 jejuniis;
2913 3641 3088 3682 unum
3135 3625 3282 3682 enim
3323 3623 3482 3697 jeju-

1884 3711 2039 3768 nium
2087 3713 2310 3769 Domini
2360 3715 2489 3784 fuit,
2562 3714 2690 3788 quia
2728 3714 3063 3772 continuatis
3122 3714 3482 3788 quadraginta

1884 3802 2077 3859 diebus
2129 3812 2182 3860 et
2224 3803 2499 3874 noctibus,
2544 3803 2731 3862 cibum
2797 3803 3026 3859 omnino
3077 3819 3190 3859 non
3249 3801 3483 3874 sumpsit

1888 3893 2098 3963 (Matth.
2139 3911 2219 3963 1v,
2248 3893 2327 3965 2).

1957 3984 2010 4040 2.
2039 3985 2302 4057 Quisquis
2330 4000 2459 4056 ergo
2516 3983 2865 4042 Christianus
2909 3991 3282 4040 consecratam
3339 3979 3482 4056 jeju-

1889 4071 2072 4128 nando
2103 4089 2213 4128 non
2245 4072 2564 4144 impleverit
2604 4073 3106 4146 Quadragesimam,
3162 4071 3483 4145 praevarica-

1890 4161 2059 4217 tionis
2103 4171 2157 4218 et
2195 4163 2558 4219 contumaciae
2607 4179 2732 4219 reus
2762 4161 3060 4232 tenebitur,
3105 4162 3253 4236 quod
3309 4165 3485 4235 legem

1890 4250 2164 4308 divinitus
2199 4269 2295 4325 pro
2353 4255 2526 4310 salute
2581 4271 2680 4312 sua
2725 4255 2908 4311 datam
2961 4257 3102 4316 421
3165 4253 3486 4328 prandendo

1893 4351 2006 4424 ipse
2033 4349 2315 4408 rescindit.
2339 4351 2626 4411 Rescindis
2648 4353 2796 4410 enim
2825 4354 3020 4428 legem,
3053 4353 3148 4426 qui
3169 4351 3485 4425 exemplum

1887 4441 2087 4515 jejunii
2135 4445 2413 4502 Dominici
2455 4462 2566 4502 non
2614 4445 2876 4503 custodis.
2931 4443 3120 4513 Qualis
3163 4460 3294 4499 vero
3329 4441 3486 4500 Chri~

218 4528 512 4598 capillorum
540 4540 860 4591 nostrorum
917 4536 1194 4605 meminit,
1240 4537 1416 4593 multo
1467 4536 1643 4610 magis
1673 4553 1784 4591 no—
1816 4564 1862 4622 D
1892 4534 2106 4592 stianus
2131 4553 2207 4605 es,
2231 4554 2379 4607 cum,
2411 4537 2648 4608 Domino
2672 4536 3046 4610 jejunante,tu
3065 4533 3298 4607 prandes
3333 4529 3486 4603 (85)?

220 4621 428 4675 stramm
465 4623 776 4679 animarum
819 4623 1096 4680 meminit.
1141 4625 1244 4682 Per
1284 4641 1578 4682 numerum
1636 4625 1783 4682 enim

221 4722 383 4767 curam
413 4714 554 4772 circa
605 4733 708 4772 nos
753 4717 1303 4794 sollicitudinemque
1353 4721 1782 4793 cognoscimus:

223 4809 360 4856 nemo
385 4804 527 4861 enim
550 4815 822 4876 numerat,
855 4808 964 4864 nisi
1004 4810 1150 4883 quod
1181 4811 1303 4866 vult
1332 4811 1654 4884 diligentius
1689 4827 1785 4866 cu-

223 4889 436 4962 stodire;
466 4911 628 4953 nemo
658 4907 932 4968 numerat,
966 4900 1074 4955 nisi
1105 4901 1199 4972 qui
1231 4908 1473 4969 veretur,
1521 4916 1590 4956 ne
1643 4900 1786 4955 frau-

224 4976 328 5038 dem
377 4985 576 5061 absque
630 5006 860 5048 numero
915 4991 1174 5065 patiatur.
1228 4993 1415 5050 Pastor
1470 5001 1531 5048 ut
1572 4993 1786 5048 salvum

226 5083 412 5144 gregem
437 5077 650 5149 habeat,
699 5098 825 5138 eum
854 5083 1176 5156 frequenter
1221 5091 1548 5138 annumerat
1575 5125 1590 5149 ,
1622 5079 1789 5136 deni-

227 5170 314 5227 que
346 5164 625 5237 Dominus,
657 5170 752 5243 qui
779 5181 861 5228 est
890 5171 1071 5229 bonus
1097 5181 1302 5246 pastor,
1345 5188 1471 5228 cum
1504 5186 1614 5226 una
1669 5169 1788 5224 ovi-

227 5249 332 5306 cula
382 5255 444 5312 de
499 5269 720 5318 centum
775 5264 974 5321 ovibus
1027 5265 1346 5332 aberrasset,
1391 5280 1678 5320 recurrens
1721 5263 1788 5318 ad

230 5349 518 5415 numerum,
550 5352 787 5422 propriis
827 5369 944 5409 eam
983 5353 1050 5409 ad
1085 5370 1300 5427 gregem
1336 5350 1582 5408 humeris
1611 5367 1791 5424 repor-

233 5429 348 5485 tavit
376 5435 522 5503 (Luc.
550 5456 648 5506 xv,
679 5440 730 5509 li,
763 5443 842 5512 5).
879 5443 1056 5516 Usque
1091 5445 1226 5502 adeo
1246 5460 1375 5518 ergo
1430 5443 1663 5500 habetur
1692 5441 1793 5497 sub

293 5609 398 5698 (.34)
425 5615 550 5694 Yet.
573 5618 708 5698 edit.
741 5639 867 5698 cuni
889 5640 991 5680 ms.
1016 5625 1290 5698 _Valliscl.,
1325 5631 1574 5698 tanquam
1629 5624 1794 5681 Deum

236 5682 272 5730 et
306 5680 549 5744 hominem
568 5689 760 5762 ipsum.
783 5694 904 5751 Non
935 5695 1066 5753 satis
1087 5680 1260 5755 recte.

1895 4633 2083 4700 Qualis
2112 4634 2461 4692 Christianus
2511 4653 2588 4704 es,
2638 4652 2784 4703 cum,
2845 4633 3066 4692 Christo
3095 4631 3394 4694 esuriente,
3429 4636 3487 4684 tu

1900 4722 2082 4779 reficis
2111 4724 2138 4779 Ὺ
2175 4725 2274 4780 Ille
2305 4741 2402 4797 pro
2428 4725 2603 4779 salute
2631 4730 2723 4777 tua
2761 4723 2962 4777 famem
2983 4719 3240 4786 sustinet,
3271 4725 3333 4773 tu
3388 4732 3486 4789 pro

1896 4812 2130 4883 peccatis
2157 4813 2266 4868 tuis
2290 4813 2541 4885 jejunare
2570 4809 2833 4866 formidas
2853 4809 2882 4864 ?
2938 4805 3116 4864 Dicite
3146 4805 3294 4863 enim
3325 4803 3491 4874 mihi,

1897 4900 2174 4974 interrogo
2201 4918 2299 4956 vos
2337 4901 2430 4974 qui
2463 4899 2520 4954 in
2541 4896 2968 4968 Quadragesima
2986 4894 3285 4968 prandetis,
3308 4894 3490 4950 sinon

1897 4994 1956 5050 in
1993 4993 2346 5053 conscientiis
2399 4991 2596 5046 vestris
2651 4990 2728 5045 rei
2786 4988 2937 5053 estis,
2985 4988 3133 5061 quod
3173 4986 3486 5044 abstinente

1898 5091 2097 5140 cuncto
2124 5084 2348 5156 populo,
2388 5097 2488 5136 vos
2535 5077 2638 5135 soli
2667 5085 2854 5136 contra
2889 5083 3223 5151 praeceptum
3264 5075 3489 5134 Domini

1899 5173 2173 5232 devoratis
2200 5174 2228 5230 ?
2267 5174 2312 5228 si
2368 5188 2480 5228 non
2523 5171 2682 5227 vobis
2717 5169 2885 5226 rubor
2919 5177 3022 5238 est,
3053 5185 3180 5226 cum
3210 5167 3376 5225 exitis
3426 5167 3485 5224 in

1900 5263 2206 5336 publicum,
2236 5277 2304 5318 ne
2359 5261 2484 5335 quis
2530 5260 2688 5317 vobis
2738 5259 2962 5332 jejunus
2990 5266 3277 5316 occurrat:
3311 5265 3406 5314 aut
3445 5257 3492 5313 si

1903 5369 2013 5410 non
2050 5351 2321 5424 cogitatis,
2349 5369 2477 5410 cum
2507 5351 2575 5408 ad
2606 5349 2906 5409 Ecclesiam
2939 5347 3264 5420 proceditis,
3299 5364 3489 5421 quem-

1901 5443 2198 5499 admodum
2251 5459 2435 5514 pacem
2489 5441 2745 5515 episcopo
2822 5438 3146 5512 porrigatis;
3225 5452 3293 5492 ne
3348 5436 3490 5493 ferte

1977 5623 2093 5692 (85)
2115 5620 2283 5695 Abest
2302 5640 2333 5677 a
2351 5622 2473 5680 cod.
2496 5621 2668 5695 Lugd.
2700 5628 2755 5676 et
2785 5616 3056 5685 Valliscl.,
3091 5615 3276 5688 Qualis
3301 5631 3488 5671 vero...

1909 5701 2031 5754 ...!u
2056 5694 2292 5770 prandes
2313 5696 2342 5751 ?
