3864 6188
324 273 425 331 671

1341 271 1437 325 AD
1475 268 1708 325 OPERA
1746 268 1802 324 S.
1839 268 2170 327 AMBROSII
2209 267 2590 326 APPENDIX.

3542 266 3644 326 672

324 398 444 473 ipso
473 396 673 471 spiritu
691 396 867 453 osculi
906 396 1075 451 vestri
1105 412 1202 450 vos
1231 394 1512 466 reprobetl
1545 392 1702 460 Quod
1731 393 1777 448 si
1799 392 1916 450 haec
1946 407 1995 466 Α
2024 401 2250 452 necatur
2304 395 2536 452 Saulus:
2582 394 2639 449 vi
2671 395 2926 451 vincatur
2966 396 3271 467 apostolus,
3304 393 3646 451 viviﬁcatnr

324 489 467 546 forte
513 505 625 545 non
671 486 943 560 cogitatis,
983 486 1215 543 forsitan
1276 484 1631 539 vehementer
1682 484 1913 551 erratis;

324 580 465 638 scire
502 579 650 636 enim
673 577 907 645 debetis,
946 593 1073 632 cum
1120 576 1179 631 in
1229 572 1672 645 Quadragesima;
1729 572 1923 629 diebus

318 668 515 742 jejuno
549 682 781 740 pransus
823 664 1083 732 occurrit,
1117 679 1229 718 non
1273 662 1411 719 bene
1467 661 1535 718 de
1566 661 1663 717 illo
1682 660 1919 733 judicat,

326 758 421 831 qui
454 756 691 828 jejunat.

397 867 450 922 3.
482 866 600 920 Hoc
656 862 805 919 enim
841 861 965 918 ideo
1001 859 1150 929 dico,
1199 860 1328 933 quia
1370 859 1535 916 audio
1589 857 1921 930 complures,

324 955 469 1030 quod
500 955 719 1029 gravius
747 962 851 1024 est,
880 952 1068 1009 ﬁdeles
1124 950 1351 1007 alternis
1379 950 1437 1005 in
1483 947 1914 1020 Quadragesima

326 1045 685 1105 hebdomadis
744 1044 1039 1110 abstinere,
1093 1050 1147 1098 et
1192 1048 1570 1097 consecratum
1615 1038 1777 1092 illum
1808 1036 1921 1092 die-

325 1155 446 1194 rum
501 1151 793 1192 numerum
851 1133 991 1205 gulae
1042 1129 1466 1201 intemperantia
1531 1128 1758 1194 violare,
1819 1125 1927 1180 hoc

326 1237 427 1297 est,
458 1228 726 1301 prandere
764 1234 969 1297 septem
1027 1222 1245 1279 dierum
1278 1218 1579 1287 curriculo,
1611 1226 1666 1275 et
1713 1224 1923 1290 septem

327 1317 540 1372 dierum
576 1314 753 1386 spatio
775 1312 1052 1385 jejunare.
1076 1310 1287 1379 Quibus
1316 1309 1423 1367 hoc
1449 1309 1597 1377 dico,
1628 1325 1727 1365 cur
1756 1307 1924 1363 etiam

327 1422 423 1478 per
456 1405 584 1461 illos
608 1412 816 1476 septem
845 1402 961 1459 dies
990 1401 1240 1458 fraudem
1270 1399 1375 1457 sibi
1414 1399 1620 1456 faciant
1652 1396 1925 1470 jejunan—

327 1495 421 1561 do,
450 1511 575 1551 cum
616 1493 730 1549 illis
776 1491 1053 1565 jejunium
1100 1491 1209 1546 tale
1254 1507 1363 1546 non
1390 1489 1621 1563 prosit?
1659 1486 1925 1555 Quamvis

328 1590 476 1647 enim
523 1588 795 1647 abstineat
839 1587 963 1662 quis
1001 1587 1166 1644 certis
1221 1583 1435 1651 diebus,
1469 1579 1723 1656 quamvis
1777 1579 1925 1636 cibo-

329 1702 450 1740 rum
480 1684 730 1741 dulciora
788 1682 1052 1737 alimenta
1082 1696 1195 1736 non
1227 1686 1426 1748 sumat,
1475 1694 1587 1734 non
1616 1685 1803 1732 tamen
1840 1673 1925 1728 illi

2027 483 2231 555 justus,
2277 483 2597 541 viviﬁcatur
2650 493 2704 541 et
2756 484 2979 541 Paulus.
3033 485 3215 557 Usque
3262 478 3409 541 adeo
3461 491 3640 541 autem

2033 573 2274 647 perdidit
2315 581 2555 630 veterem
2599 591 2725 631 cum
2772 575 2987 632 actibus
3036 575 3150 631 suis
3205 574 3536 643 hominem,
3585 583 3643 631 ut

2033 682 2158 721 cum
2210 666 2457 722 moribus
2500 673 2736 723 mutaret
2774 675 2827 723 et
2863 683 3086 723 nomen.
3119 665 3397 740 Quisquis
3430 682 3563 739 ergo
3586 665 3639 721 in

2033 754 2136 811 hac
2180 754 2473 811 devotione
2542 754 2982 828 Quadragesimae
3019 753 3321 811 Dominica
3386 754 3641 812 mandata

2033 843 2355 912 servaverit,
2385 844 2672 900 necabitur
2698 844 2757 900 in
2787 861 2851 901 eo
2881 844 3155 901 diabolica
3180 844 3474 917 impietas,
3506 861 3639 918 apo—

2033 933 2226 989 stolica
2280 942 2463 990 autem
2509 932 2879 990 reservabitur
2927 934 3129 1007 gratia;
3189 942 3246 990 et
3338 933 3639 991 succedens

2034 1024 2438 1098 quodammodo
2475 1024 2585 1082 sibi
2634 1025 2769 1098 ipse,
2817 1026 3054 1083 moritur
3088 1042 3158 1082 ex
3201 1042 3268 1082 ea
3325 1037 3493 1099 parte
3542 1043 3641 1100 qua

2035 1125 2288 1187 peccator
2331 1122 2431 1185 est,
2477 1115 2794 1173 viviﬁcatur
2843 1134 2913 1173 ex
2942 1116 3039 1173 illa
3090 1124 3252 1189 parte
3298 1133 3415 1189 qua
3447 1116 3632 1189 justus

2034 1215 2138 1261 est.
2686 1214 2693 1217 λ

2105 1296 2158 1351 5.
2194 1294 2493 1352 Videamus
2537 1298 2703 1352 etiam
2738 1296 2785 1352 si
2827 1296 2962 1354 alibi
3014 1297 3074 1353 in
3116 1296 3428 1371 Scripturis
3492 1296 3636 1355 hunc

2036 1387 2332 1460 mysticum
2364 1387 2789 1462 quadragesimae
2818 1406 3112 1446 numerum
3156 1389 3440 1462 possimus
3473 1390 3640 1446 inve-

2034 1480 2173 1537 nire.
2198 1480 2450 1552 Legimus
2487 1481 2635 1556 quod
2663 1490 2884 1539 sanctus
2915 1483 3133 1554 Moyses
3179 1482 3240 1538 in
3285 1498 3478 1540 eremo
3515 1500 3636 1557 qua-

2035 1568 2290 1642 draginta
2332 1586 2604 1625 annorum
2666 1571 2945 1628 curriculo
3006 1570 3152 1628 ﬁlios
3206 1572 3380 1628 Israel
3429 1573 3636 1629 calesti

2036 1676 2237 1715 manna
2265 1658 2526 1715 nutrierit
2566 1661 2770 1731 (Exod.
2812 1679 2932 1729 xvr,
2983 1661 3099 1731 35).
3136 1661 3327 1717 Bonus
3379 1679 3514 1735 ergo
3546 1680 3637 1719 nu-

329 1781 550 1845 accepto
596 1773 771 1830 fertur
812 1771 927 1844 (86)
975 1769 1418 1842 Quadragesima
1472 1766 1770 1839 jejunium,
1828 1762 1923 1835 qui
1959 1756 2004 1817 Β
2039 1766 2242 1818 meI‘llS,
2270 1749 2366 1824 qui
2396 1766 2611 1822 semper
2637 1751 3079 1845 cmlumaperit:
3131 1751 3335 1845 bonus,
3391 1752 3634 1845 inquam,

330 1880 441 1921 non
465 1864 661 1920 diebus
690 1862 1049 1937 quadraginta
1084 1861 1321 1934 jejunat.
1373 1860 1547 1916 Pudet
1575 1858 1778 1923 dicere,
1846 1870 1923 1910 se-

330 1970 427 2010 nes
455 1960 507 2009 et
535 1952 767 2009 aniculae
798 1952 1282 2024 Quadragesimam
1319 1949 1535 2004 faciunt
1562 1966 1572 2002 :
1608 1945 1844 2017 juvenes
1872 1952 1926 2000 et

325 2042 641 2115 juvencula’.
689 2058 800 2097 non
842 2040 1055 2098 faciunt
1094 2040 1234 2113 (87).
1260 2037 1425 2094 Omni
1457 2036 1627 2106 igitur
1646 2034 1918 2090 sollicitu-

330 2129 460 2186 dine
485 2139 702 2203 tempus
742 2128 1173 2186 sacratissimum
1219 2126 1580 2193 celebremus,
1613 2139 1727 2178 non
1776 2139 1927 2194 prae-

330 2226 501 2275 tereat
550 2235 651 2274 nos
697 2217 815 2274 dies
865 2218 1068 2291 absque
1112 2216 1346 2289 jejunio,
1394 2231 1508 2270 non
1539 2230 1640 2269 nos
1686 2219 1927 2268 transeat

330 2324 441 2364 una
477 2305 822 2363 hebdomada
867 2306 1073 2380 absque
1120 2304 1349 2378 vigiliis.
1409 2304 1508 2358 Ille
1573 2302 1723 2357 enim
1791 2300 1925 2357 facit

333 2397 838 2469 Quadragesimam,
866 2396 961 2470 qui
987 2395 1290 2469 jejunando
1324 2402 1377 2449 et
1409 2391 1694 2466 vigilando
1723 2407 1924 2447 ascen-

332 2488 415 2545 dit
443 2486 665 2561 pascha.
703 2487 839 2543 Nam
882 2486 1027 2543 sicut
1064 2485 1279 2560 reliquo
1310 2500 1455 2540 anno
1488 2480 1743 2554 jejunare
1786 2498 1919 2555 prm-

332 2578 507 2635 mium
540 2584 644 2646 est,
684 2575 762 2632 ita
803 2575 861 2631 in
900 2574 1330 2647 Quadragesima
1366 2588 1479 2627 non
1509 2570 1762 2643 jejunare
1790 2587 1927 2642 pec-

331 2678 513 2727 catum
545 2677 657 2736 est;
706 2668 801 2724 illa
852 2667 1001 2724 enim
1044 2664 1358 2723 voluntaria
1386 2670 1515 2720 sunt
1553 2660 1787 2734 jejunia,
1824 2659 1928 2714 ista

333 2759 634 2816 necessaria
660 2776 671 2813 :
706 2756 804 2813 illa
833 2756 901 2813 de
929 2756 1162 2812 arbitrio
1190 2754 1447 2817 veniunt,
1475 2752 1580 2807 ista
1600 2751 1667 2807 de
1697 2750 1837 2822 lege:
1859 2747 1927 2804 ad

284 2862 287 2865 '
332 2848 429 2903 illa
457 2847 784 2911 invitamur,
816 2842 885 2897 ad
912 2842 1017 2899 ista
1046 2841 1458 2915 compellimur.
1768 2868 1769 2871 η
1867 2855 1883 2869 ·

401 2952 455 3007 4.
488 2947 902 3006 Sedvideamus
933 2948 1033 3003 iste
1086 2946 1446 3021 quadraginta
1498 2946 1715 3003 dierum
1754 2960 1928 3002 sacra-

333 3040 582 3097 tissimus
612 3052 878 3095 numerus
905 3035 1052 3094 unde
1098 3036 1298 3093 habere
1338 3034 1566 3108 coeperit
1610 3034 1925 3092 exordium.

2035 1858 2317 1911 numerus,
2346 1859 2443 1915 per
2480 1858 2641 1914 quem
2666 1841 2893 1914 justitia
2936 1842 3050 1898 Noe
3099 1842 3375 1912 salvatur,
3400 1850 3459 1899 et
3477 1844 3632 1899 Israel

2035 1929 2139 1985 filii
2168 1932 2508 2003 saginantur.
2564 1930 2719 1987 Unde
2748 1940 2805 1987 et
2833 1947 2937 1986 nos
2967 1932 3325 1988 observemus
3361 1932 3519 1990 hunc
3545 1950 3633 1988 nn-

2035 2039 2271 2090 merum,
2292 2032 2353 2079 ut
2390 2023 2714 2094 aperiuntur
2745 2022 2906 2080 nobis
2944 2022 3092 2091 caeli,
3131 2031 3408 2095 quatenus
3435 2031 3494 2079 et
3521 2024 3631 2096 plu-

2034 2112 2126 2169 via
2159 2129 2259 2168 nos
2304 2112 2490 2185 gratiae
2528 2114 2773 2186 spirtalis
2812 2115 3031 2182 irroret,
3064 2120 3118 2168 et
3171 2112 3515 2186 spiritalium
3556 2131 3633 2170 sa-

2033 2211 2440 2259 cramentorum
2485 2219 2692 2259 manna
2737 2203 2983 2271 reﬁciat;
3015 2203 3191 2259 instar
3229 2203 3381 2259 enim
3420 2210 3633 2276 patrum

2034 2300 2351 2348 nostrorum
2380 2291 2486 2349 hac
2506 2292 2893 2349 observatione
2919 2291 3347 2365 quadragesimae
3390 2300 3444 2348 et
3476 2291 3633 2363 justi-

2035 2381 2265 2439 ﬁcamur
2309 2386 2456 2444 422
2501 2388 2555 2438 et
2594 2381 2914 2454 pascimur:
2954 2380 3328 2453 justiﬁcamur
3394 2382 3632 2451 lavacro,

2035 2480 2313 2551 pascimnr
2332 2480 2707 2537 sacramentis.

2106 2584 2159 2640 6.
2194 2583 2297 2640 Sed
2329 2585 2477 2641 dicet
2508 2584 2728 2657 aliquis,
2760 2584 2906 2642 ﬁlios
2920 2585 3087 2642 Israel
3119 2586 3179 2642 in
3199 2602 3386 2643 eremo
3413 2586 3636 2659 quando

2038 2689 2238 2729 manna
2266 2674 2496 2730 saturati
2534 2681 2684 2741 sunt,
2715 2674 2945 2733 minime
2967 2673 3266 2746 jejunasse.
3299 2676 3418 2749 Ego
3453 2684 3634 2732 autem

2037 2762 2162 2819 dico
2181 2763 2307 2820 illos
2326 2781 2438 2821 non
2459 2765 2567 2821 nisi
2580 2764 2928 2822 abstinentiae
2942 2772 3076 2821 tunc
3087 2774 3501 2839 vacasse,atque
3516 2766 3636 2823 ideo

2036 2853 2272 2911 caelestis
2302 2855 2582 2912 alimoniae
2611 2856 2839 2929 gratiam
2871 2855 3137 2912 meruisse
3170 2873 3184 2912 :
3217 2855 3638 2932 primum,quia

2038 2942 2316 3000 desertum
2349 2961 2510 3000 omne
2534 2944 2811 3017 jejunium
2842 2953 2960 3013 est;
2997 2945 3127 3019 quia
3148 2946 3405 3003 anxietas
3424 2946 3635 3003 solitu-

2040 3032 2215 3103 dinis(
2221 3034 2315 3105 88)
2348 3034 2851 3106 concupiscentiam
2884 3035 3105 3108 repellit
3119 3052 3404 3092 escarum:
3434 3036 3634 3094 deinde

332 3128 586 3202 Legimus
631 3127 874 3201 primum
917 3125 976 3183 in
1021 3125 1208 3185 Veteri
1256 3126 1604 3183 Testamento
1630 3124 1744 3181 Noe
1790 3132 1923 3181 tem-
1953 3113 2005 3179 C
2036 3124 2094 3181 in
2116 3143 2299 3193 eremo
2329 3127 2474 3184 unde
2505 3134 2774 3185 accurata)
2792 3127 2970 3199 epulaa
2990 3128 3019 3182 Τ
3043 3127 3193 3185 unde
3220 3128 3355 3184 vina
3419 3128 3633 3201 pretio-

330 3219 579 3292 poribus,
618 3235 745 3277 cum
774 3234 938 3274 omne
969 3233 1139 3292 genus
1174 3214 1467 3273 hominum
1501 3215 1764 3273 scelerata
1820 3214 1923 3271 ini-

329 3310 510 3385 quitas
550 3318 886 3384 occupasset,
934 3317 1017 3366 tot
1079 3308 1297 3366 dierum
1356 3323 1587 3365 numero
1635 3305 1923 3380 patefactis

330 3401 620 3459 cataractis
664 3401 794 3459 coeli
839 3415 1106 3472 aquarum
1161 3398 1378 3473 pluvias
1421 3398 1717 3455 deﬂuxisse
1762 3398 1917 3470 (Gen.

327 3508 430 3559 vn,
464 3490 578 3559 i2),
610 3496 664 3543 et
711 3488 977 3560 mysterio
1019 3488 1258 3561 quodam
1307 3487 1732 3561 quadragesimae
1763 3486 1922 3542 inun-

328 3578 549 3634 datione
588 3576 709 3632 orbi
741 3584 1013 3633 terrarum
1077 3577 1237 3645 facta,
1288 3594 1401 3633 non
1466 3584 1579 3632 tam
1646 3574 1923 3632 diluvium

328 3686 492 3743 quam
521 3668 855 3743 baptismum
898 3668 1214 3741 contigisse.
1251 3667 1566 3739 Baptismus
1604 3667 1765 3738 plane
1792 3665 1922 3736 fuit,

329 3774 424 3831 per
444 3756 592 3833 quod
621 3756 681 3814 in
711 3756 1092 3831 peccatoribus
1121 3756 1387 3830 iniquitas
1433 3755 1648 3810 sublata
1675 3763 1779 3821 est,
1806 3756 1923 3812 Noe

324 3848 541 3923 justitia
567 3858 910 3908 conservata.
945 3850 1180 3923 Ita‘ergo
1211 3856 1265 3905 et
1284 3847 1449 3904 modo
1465 3847 1624 3927 nobis
1653 3848 1925 3905 Dominus

330 3940 397 3996 ad
426 3940 599 3997 instar
643 3940 798 3997 illius
833 3939 1096 4013 temporis
1129 3937 1610 4011 Quadragesimam
1655 3936 1827 4006 dedit,
1863 3944 1925 3992 ut

328 4030 630 4087 constituto
662 4030 879 4087 dierum
907 4047 1160 4098 numero,
1214 4028 1498 4103 patefactis
1526 4028 1702 4094 ceelis,
1734 4026 1927 4100 pluvia

331 4133 429 4172 nos
472 4119 867 4175 misericordiae
907 4121 1147 4176 cmlestis
1191 4118 1411 4186 irroret,
1452 4125 1506 4174 et
1563 4116 1925 4173 inundatione

330 4206 475 4262 facta
502 4223 598 4278 per
625 4206 961 4279 baptismum
994 4207 1200 4264 lavacri
1230 4205 1487 4264 salutaris
1516 4223 1616 4262 nos
1646 4206 1823 4261 imber
1860 4205 1923 4261 il-

332 4296 589 4352 luminet:
625 4304 678 4352 et
703 4296 848 4352 sicut
883 4303 1018 4351 tunc
1064 4297 1275 4353 factum
1330 4304 1413 4352 est
1441 4313 1711 4369 aquarum
1744 4295 1928 4352 ﬂucti-

329 4387 454 4454 bus,
485 4387 872 4460 exstinguatur
898 4403 1049 4444 nunc
1077 4387 1136 4442 in
1169 4386 1331 4443 nobis
1359 4387 1692 4443 delictorum
1722 4387 1925 4461 iniqui-

2033 3216 2135 3272 sa?
2190 3216 2337 3273 unde
2376 3216 2739 3290 quadraginta
2784 3232 3056 3273 annorum
3104 3224 3351 3291 tempore
3417 3219 3633 3291 qualis-

2034 3322 2251 3379 cunque
2279 3306 2587 3363 substantia
2606 3307 2635 3363 ?
2663 3306 3032 3379 Intelligimus
3076 3323 3205 3379 ergo
3241 3306 3525 3381 jejunasse
3563 3307 3634 3364 ﬁ-

2036 3396 2139 3453 lios
2170 3398 2334 3454 Israel
2361 3416 2374 3466 ;
2407 3397 2538 3470 quia
2563 3397 2946 3470 cognoscimus
2974 3398 3088 3455 illis
3124 3415 3375 3456 escarum
3419 3400 3628 3473 copiam

2034 3485 2295 3554 defuisse,
2324 3495 2379 3544 et
2399 3495 2533 3544 tunc
2551 3488 2849 3560 sumpsisse
2877 3487 3087 3558 cibum,
3115 3478 3338 3562 quando
3364 3488 3624 3563 largienti

2032 3576 2271 3633 Domino
2318 3578 2631 3650 placuisset.
2676 3578 2821 3635 Satis
2877 3587 3061 3637 autem
3103 3578 3202 3636 diu
3242 3578 3477 3652 jejunat,
3535 3580 3624 3654 qui

2032 3682 2158 3723 cum
2188 3665 2395 3724 Christi
2434 3667 2719 3723 voluntate
2748 3684 2805 3725 se
2842 3668 3042 3726 reﬁcit.
3092 3670 3275 3742 Usque
3306 3668 3445 3726 adeo
3499 3686 3627 3727 vero

2033 3755 2367 3814 abstinentia
2390 3756 2638 3814 ﬁliorum
2668 3758 2831 3814 Israel
2862 3757 2921 3814 in
2959 3775 3144 3816 eremo
3190 3760 3404 3833 placuit
3450 3760 3625 3817 Salva-

2031 3845 2162 3914 tori,
2193 3856 2255 3903 ut
2289 3848 2651 3919 quorumdam
2674 3847 2839 3903 etiam
2856 3848 3002 3905 inter
3030 3848 3177 3922 ipsos
3212 3849 3627 3924 intemperantia

2034 3943 2348 4001 notaretur;
2386 3935 2465 3993 ita
2506 3944 2569 3992 ut
2618 3936 2869 4010 quisquis
2897 3936 3118 3993 avidior
3136 3938 3373 4011 duplum
3421 3954 3628 3996 manna:

2034 4025 2223 4082 cibum
2265 4026 2370 4083 sibi
2409 4028 2721 4100 collegerat,
2753 4026 2846 4083 hic
2871 4026 2976 4085 bac
3005 4025 3212 4099 injuria
3249 4029 3530 4098 feriretur,
3570 4036 3627 4084 ut

2034 4133 2146 4172 non
2174 4124 2290 4172 tam
2318 4117 2505 4173 cibum
2531 4117 2635 4174 sibi
2670 4118 3017 4174 inveniretur
3045 4134 3315 4187 servasse,
3339 4135 3502 4193 quam
3514 4134 3624 4174 ver-

2037 4226 2150 4267 mes
2175 4229 2186 4266 :
2218 4210 2430 4267 scilicet
2460 4218 2521 4268 ut
2552 4210 2682 4284 quia
2717 4227 2883 4283 supra
2906 4210 3246 4268 moderatam
3277 4211 3622 4270 refectionem

2035 4299 2408 4371 concupierat,
2438 4300 2592 4357 velut
2616 4300 2860 4356 stimulis
2905 4300 3241 4374 quibusdam
3283 4298 3625 4359 conscientia

2036 4386 2095 4443 in
2124 4405 2331 4444 morem
2364 4388 2639 4445 vermium
2660 4397 2965 4462 urgeretur.

330 4485 431 4548 tas,
474 4479 746 4534 virtutum
778 4476 999 4549 justitia
1043 4484 1423 4533 conservetur.
1453 4479 1575 4549 Ipsa
1611 4478 1759 4535 enim
1800 4495 1919 4552 quae
1953 4473 2004 4532 D
2107 4488 2157 4542 7.
2190 4486 2364 4558 Igitur
2388 4493 2443 4541 et
2487 4503 2607 4555 nos,
2639 4460 2855 4557 fratres,
2906 4488 3279 4546 observantes
3312 4460 3625 4558 Quadrage-

329 4576 432 4634 sub
470 4575 606 4644 Noe,
635 4583 689 4631 et
720 4572 886 4629 modo
930 4572 1167 4629 vertitur
1211 4570 1384 4641 ratio;
1413 4572 1724 4646 baptismus
1773 4575 1925 4631 enim

330 4664 603 4742 peccatori
635 4663 913 4720 diluvium
953 4670 1055 4731 est,
1119 4662 1457 4721 consecratio
1510 4671 1592 4719 est
1625 4662 1794 4719 ﬁdeli.
1828 4664 1929 4720 Per

330 4760 612 4816 lavacrum
648 4757 797 4813 enim
853 4754 1080 4812 Domini
1132 4755 1376 4812 salvetur
1417 4753 1657 4827 justitia,
1701 4762 1929 4813 necatur

330 4847 629 4920 injustitia:
663 4846 1043 4921 quodin‘uno
1063 4846 1366 4920 eodemque
1424 4844 1630 4902 factum
1676 4845 1929 4902 videmus

330 4938 577 5010 apostolo
605 4936 797 5005 Paulo,
843 4937 940 5010 qui
970 4936 1289 5010 priusquam
1340 4934 1627 5008 praeceptis
1667 4933 1927 5006 spiritali-

329 5025 432 5083 bus
495 5026 794 5094 lavaretur,
865 5034 983 5083 erat
1041 5024 1398 5099 blasphemus
1464 5031 1800 5097 persecutor,
1874 5031 1929 5078 et

329 5117 561 5185 Saulus;
603 5124 660 5173 at
704 5115 799 5171 ubi
848 5114 1039 5188 pluvia
1083 5133 1247 5189 super
1285 5131 1411 5172 eum
1445 5113 1651 5169 lavacri
1682 5111 1926 5167 cmlestis

331 5206 579 5277 inﬂuxit,
618 5212 847 5261 necatur
895 5204 1272 5277 blasphemus,
1312 5212 1542 5261 necatur
1589 5208 1925 5276 persecutor,

404 5427 521 5498 (86)
570 5424 759 5483 Codex
783 5422 1063 5493 Valliscl.,
1109 5441 1217 5480 non
1247 5429 1421 5479 tamen
1472 5423 1621 5478 illius
1666 5429 1930 5495 acceptum

330 5496 526 5565 fertur,
549 5504 656 5552 etc.

403 5567 521 5640 (87)
544 5568 625 5623 Ita
652 5565 1139 5640 edit.;co_d.gvero
1173 5566 1347 5640 Lugd.
1381 5574 1437 5624 et
1473 5567 1746 5633 Valliscl.,
1794 5565 1928 5620 divi-

334 5642 404 5692 tes
422 5637 743 5708 juvenesque
752 5653 859 5691 non
886 5637 1114 5706 faciunt.

2037 4577 2189 4633 simae
2216 4574 2537 4648 quotidiana
2572 4583 2625 4631 et
2669 4576 2950 4634 moderata
2989 4577 3229 4650 jejunia,
3276 4585 3333 4634 et
3375 4586 3624 4649 tanquam

2037 4666 2095 4722 in
2144 4680 2326 4721 eremo
2364 4663 2678 4731 constituti,
2722 4665 2864 4721 nihil
2908 4666 3241 4723 deliciarum
3286 4665 3624 4724 saaCularinm

2036 4754 2358 4827 cogitemus,
2378 4753 2533 4809 nulla
2561 4771 2662 4811 nos
2692 4755 3059 4828 cupiditatum
3109 4756 3481 4830 corporalium
3509 4752 3625 4810 dul-

2036 4844 2170 4902 cedo
2203 4841 2482 4901 sollicitet.
2540 4844 2724 4900 Simus
2760 4844 2953 4913 sobrii,
2989 4844 3166 4901 simus
3206 4844 3375 4913 casti;
3432 4841 3625 4899 haben.

2035 4943 2116 4992 tes
2136 4935 2357 5008 quidem
2389 4934 2867 4992 conversationem
2886 4935 2941 4990 in
2972 4935 3228 5004 urbibus,
3262 4934 3626 5009 possideamus

2040 5033 2222 5082 mente
2246 5024 2544 5080 desertum.
2603 5024 2659 5081 Si
2703 5025 2776 5081 ita
2834 5023 3177 5082 abstinentes
3207 5026 3491 5098 egerimus,
3520 5020 3628 5077 erit

2037 5123 2099 5171 ut
2123 5114 2360 5171 caelestis
2429 5130 2644 5170 manna;
2688 5113 3001 5170 reficiamur
3048 5114 3335 5184 alimonia,
3365 5122 3417 5170 et
3456 5110 3627 5167 nullis

2038 5203 2309 5260 vermium
2344 5202 2585 5260 stimulis
2605 5219 3060 5276 compungamur.

2111 5423 2230 5491 (88)
2272 5424 2395 5479 Vet.
2419 5422 2550 5479 edit.
2584 5438 2732 5476 cum.
2755 5417 3623 5492 ms.Valliscl.,quiau:rie_tassol-

2040 5494 2362 5622 ἓξῗὲἇιᾴὶςιὶω
2385 5494 2580 5551 melius
2610 5492 2743 5549 edit.
2769 5493 2927 5550 Rom.
2960 5508 3087 5549 cum
3126 5490 3255 5552 cod.
3299 5490 3507 5563 Lugd...
3542 5504 3624 5542 so-

2062 5584 2077 5619 ι
2178 5583 2299 5623 ιηιδ.
