3864 6188
158 283 267 340 673

718 426 951 485 SERMO
979 428 1185 487 XXIV.

489 525 569 580 De
594 532 783 581 sancta
811 525 892 593 Qu
904 525 1242 599 adragesima
1270 527 1422 584 VIII.

157 638 432 709 Quidquid
472 657 507 694 a
547 639 738 767 primis
782 640 944 710 hujus
986 642 1240 696 sermonis
1280 642 1451 697 verbis
1488 658 1652 713 usque
1686 642 1758 697 ad

224 727 510 765 numerum
612 711 991 767 interponitur.
1022 714 1080 767 in
1119 714 1360 767 Aunend.
1409 715 1638 767 Auaust.
1671 714 1758 767 ubi

224 727 510 765 numerum
551 711 596 784 2Δ
612 711 991 784 interponitur,
1022 714 1080 767 in
1119 714 1360 784 Append.
1409 711 1638 784 August.
1671 714 1760 768 ubi

225 798 521 856 sermonem
572 782 673 856 251
741 785 1030 851 constituit,
1098 782 1383 856 reperitur.
1439 782 1530 841 ne
1580 786 1757 839 eodem

224 854 694 927 etiammonnulla
720 857 1062 925 reperiuntur
1098 854 1169 909 iud
1181 857 1412 926 ejusdem
1440 857 1760 927 Appendicis

225 924 354 980 256.
397 925 539 980 Unde
578 924 930 995 cognoscimus
974 933 1022 981 et
1060 924 1371 995 Cwsa'rium,
1414 928 1462 981 si
1487 924 1672 982 tamen
1712 929 1758 982 is

223 1002 415 1049 auctor
462 997 653 1050 horum
709 1013 1004 1051 sermonum
1066 997 1194 1066 jure
1258 1000 1492 1067 dicatur,
1553 1001 1758 1054 easdem

224 1067 511 1121 sententias
551 1068 769 1122 subinde
812 1069 1044 1134 iterasse,
1107 1076 1153 1123 et
1188 1078 1426 1124 nostrum
1460 1071 1596 1124 hunc
1652 1088 1756 1126 ser-

222 1154 445 1211 manem,
468 1138 687 1211 plenum
716 1156 821 1194 esse
871 1146 1026 1210 atque
1067 1140 1380 1211 perfectum,
1424 1158 1543 1196 cum
1590 1143 1760 1197 dictus

225 1210 525 1283 sermoﬁiﬂ
553 1210 705 1283 illius
731 1216 934 1283 tantum
965 1210 1260 1267 laciniasit.
1292 1214 1452 1283 Apud
1480 1214 1760 1269 Rabanum

224 1281 449 1355 homilia
491 1281 800 1355 inscribitur
842 1282 1048 1339 Contra
1096 1281 1389 1355 paganicos
1417 1301 1647 1352 errores,
1702 1286 1758 1338 in

224 1368 335 1478 qua
373 1353 507 1407 sicut
534 1358 583 1407 et
609 1353 667 1407 in
691 1355 925 1424 sequenti
952 1353 1195 1425 quaedam
1227 1358 1388 1426 legere
1416 1362 1509 1423 est,
1551 1373 1669 1425 qua:
1695 1374 1760 1410 ea:

261 1441 321 1477 oc
360 1440 595 1478 sermone
622 1424 833 1478 videtur
853 1433 1126 1478 mutuatus
1151 1445 1167 1478 :
1195 1428 1300 1478 nisi
1328 1428 1583 1478 malueris
1621 1444 1758 1478 eum-

261 1441 321 1477 oc
360 1440 595 1478 sermone
622 1424 833 1479 videtur
853 1424 1126 1481 mutuatus
1148 1445 1167 1491 ;
1195 1424 1300 1482 nisi
1328 1424 1583 1482 malueris
1621 1444 1758 1481 eum-

225 1494 341 1571 dem
373 1512 662 1571 sermonem
684 1497 888 1571 partim
936 1515 1001 1571 ea;
1034 1498 1287 1566 Caesario,
1322 1499 1526 1571 partim
1553 1515 1618 1554 ea:
1654 1499 1758 1555 Ra-

226 1565 386 1635 bano,
414 1568 621 1639 partim
649 1565 715 1623 ei
739 1570 867 1624 aliis
899 1570 1169 1625 collectum
1194 1565 1318 1626 esse.

228 1699 278 1755 1.
312 1699 489 1767 Quam
537 1700 822 1758 timendus
870 1710 973 1772 est,
1017 1703 1215 1760 fratres
1255 1703 1591 1773 charissimi,
1638 1704 1759 1760 dies

968 286 1339 345 SERMONES
1377 289 1434 345 S.
1478 288 1832 346 AMBROSIO
1870 288 2242 347 HACTENUS
2282 291 2623 353 ASCRIPTI.

3363 298 3468 355 674

1776 417 1828 475 Α
1856 414 1956 483 tia,
1986 415 2083 471 ubi
2113 417 2300 473 nullus
2344 418 2414 474 ad
2446 420 2846 478 confessionem
2876 437 3156 491 recursus,
3188 422 3289 481 ubi
3330 425 3472 482 nul-

1870 506 1956 561 lus
1985 514 2066 562 est
2101 507 2169 563 ad
2189 507 2409 564 veniam
2430 526 2724 582 regressus.

1943 603 1995 659 3.
2026 604 2097 659 Et
2122 621 2247 673 nos,
2281 604 2476 662 fratres
2504 606 2834 678 charissimi,
2874 626 3099 683 agamus
3128 628 3313 669 veram
3339 628 3466 685 pae-

1871 695 2185 764 nitentiam,
2213 706 2276 753 ut
2328 714 2429 755 nos
2454 700 2724 756 Dominus
2752 702 2818 758 ab
2852 703 2946 758 illa
2972 720 3152 776 poena,
3176 720 3341 777 quam
3370 721 3475 761 su-

1877 784 2062 857 perius
2104 785 2371 855 diximus,
2410 788 2618 859 eripere
2655 788 2928 861 dignetur.
2961 793 3081 847 Non
3122 793 3281 849 nobis
3308 792 3474 849 suﬂi—

1870 874 1969 942 cit,
1998 874 2145 947 quod
2176 891 2379 930 nomen
2419 876 2797 933 Christianum
2828 878 3199 950 praeferamus,
3234 881 3278 937 si
3308 897 3473 952 opera

1872 962 2186 1018 Christiana
2245 980 2356 1019 non
2426 964 2697 1022 facimus:
2762 966 3002 1022 decimas
3060 976 3271 1024 nostras
3316 968 3476 1023 annis

1870 1055 2104 1127 singulis
2155 1055 2223 1111 de
2271 1057 2486 1112 cunctis
2514 1056 2787 1128 frugibus,
2845 1057 3155 1129 pecoribus,
3188 1065 3242 1113 et
3266 1059 3476 1114 caeteris

1872 1145 2121 1219 praecipit
2169 1147 2471 1217 erogandae
2516 1148 2808 1207 Dominus.
2843 1151 3122 1225 Scriptum
3154 1168 3368 1225 quoque
3396 1159 3478 1207 est

1876 1238 2055 1308 (Deut.
2105 1255 2211 1307 xu,
2241 1240 2275 1297 6
2319 1244 2488 1315 seq.):
2540 1245 2677 1301 Date
2706 1245 2948 1303 decimas
2992 1246 3060 1302 de
3107 1245 3260 1301 omni
3288 1244 3477 1301 labore

1870 1340 2075 1402 vestro,
2107 1343 2161 1389 et
2184 1332 2253 1389 de
2286 1334 2546 1391 omnibus
2575 1336 2865 1408 pecoribus
2896 1336 3113 1406 vestris,
3135 1344 3190 1392 et
3209 1353 3306 1408 ego
3334 1351 3474 1408 ape-

1871 1417 2009 1475 riam
2084 1418 2246 1476 vobis
2299 1430 2600 1480 cataractas
2655 1424 2800 1493 coeli,
2869 1434 2924 1482 et
2961 1424 3480 1497 multiplicabuntur

1871 1524 2093 1579 messes,
2125 1517 2177 1566 et
2229 1510 2524 1568 vindemiae
2573 1522 2767 1570 vestrae
2809 1522 2971 1571 erunt
3000 1514 3159 1571 vobis
3186 1514 3244 1570 in
3289 1514 3477 1571 abun-

1873 1601 2139 1670 dantiam,
2191 1602 2418 1673 insuper
2464 1610 2518 1658 et
2565 1604 2830 1660 sanitates
2879 1604 2937 1661 in
2967 1606 3224 1663 domibus
3258 1605 3476 1663 vestris.

1871 1693 1945 1746 At
1975 1691 2021 1747 si
2050 1708 2162 1747 non
2187 1691 2453 1749 dederitis
2480 1693 2744 1764 decimas,
2776 1697 2913 1753 dicit
2938 1698 3227 1767 Dominus,
3259 1698 3476 1754 mittam

161 1787 252 1844 ille
275 1788 501 1862 judicii,
535 1790 591 1847 in
632 1808 740 1865 quo
783 1768 1055 1850 Dominus
1084 1803 1271 1852 noster
1298 1795 1453 1851 Iesus
1484 1768 1759 1866 Christus,

1881 1782 2195 1854 grandinem
2226 1791 2280 1839 et
2326 1784 2581 1856 pruinam
2612 1794 2667 1841 et
2701 1795 3049 1859 tempestates
3082 1804 3246 1860 super
3274 1804 3394 1854 vos,
3424 1795 3480 1844 et

157 1893 218 1935 ac
244 1880 578 1953 Redemptor
603 1882 851 1939 omnium
872 1884 1157 1957 proposuit
1193 1885 1383 1941 venire
1398 1900 1525 1943 cum
1542 1884 1764 1940 ﬂamma

158 1968 316 2041 ignis,
378 1988 499 2045 quae
543 1981 937 2046 consumptura
996 1983 1077 2033 est
1123 1975 1464 2033 adversarios
1518 1992 1663 2044 suos,
1710 1984 1765 2032 et

157 2075 246 2115 eos
284 2060 383 2134 qui
428 2061 640 2118 faciunt
684 2062 1073 2137 iniquitatem!
1135 2065 1199 2121 In
1242 2065 1340 2121 illa
1369 2064 1459 2121 die
1504 2064 1766 2137 plangent

157 2164 349 2205 omnes
377 2149 559 2206 tribus
587 2157 767 2206 terrae.
816 2151 889 2206 Et
938 2151 1211 2208 videbunt
1257 2153 1463 2209 Filium
1512 2152 1763 2209 hominis

158 2237 474 2293 venientem
520 2239 579 2293 in
626 2238 868 2295 nubibus
897 2240 1024 2296 οωιὶ
1053 2257 1176 2297 cum
1208 2240 1414 2298 virtute
1461 2258 1678 2314 magna,
1709 2250 1765 2298 et

163 2324 449 2397 majestate
491 2328 738 2384 excelsa:
800 2336 855 2385 et
906 2329 1405 2386 commovebuntur
1455 2339 1582 2387 ante
1637 2346 1761 2386 eum

165 2432 351 2472 omnes
385 2415 525 2473 ﬁnes
568 2423 747 2486 terrae,
793 2425 847 2474 et
898 2428 1209 2490 peccatores
1244 2419 1505 2492 peribunt
1552 2421 1609 2476 in
1657 2436 1758 2477 ea:

166 2514 214 2562 et
242 2506 445 2563 coelum
483 2506 803 2578 plicabitur,
835 2516 890 2564 et
930 2524 1078 2564 mare
1121 2508 1438 2578 siccabitur,
1468 2517 1522 2565 et
1550 2517 1765 2565 montes

170 2593 307 2651 sicut
333 2610 458 2653 cera
507 2594 780 2651 ardebunt
811 2613 985 2670 usque
1014 2598 1082 2654 ad
1112 2598 1319 2654 inferos
1352 2616 1364 2654 :
1416 2607 1469 2655 et
1510 2598 1592 2654 sol
1635 2614 1762 2654 con-

171 2691 406 2740 vertetur
424 2684 480 2742 in
512 2683 785 2754 tenebras,
816 2693 870 2742 et
894 2685 1028 2742 luna
1054 2703 1167 2742 non
1185 2686 1339 2744 dabit
1367 2688 1554 2743 lumen
1576 2704 1759 2756 suum,

173 2781 223 2830 et
269 2776 438 2831 stellae
502 2774 699 2831 cadent
753 2774 821 2830 de
875 2775 1034 2845 caelo,
1091 2784 1145 2832 et
1199 2778 1433 2833 virtutes
1496 2778 1761 2833 caelorum

174 2863 698 2919 commovebuntur:
748 2871 802 2920 et
846 2871 981 2920 tunc
1031 2864 1312 2937 apparebit
1353 2867 1571 2938 signum
1631 2865 1759 2922 Filii

174 2950 403 3009 hominis
450 2953 514 3009 in
561 2954 723 3019 coelo,
768 2954 918 3027 quod
966 2956 1071 3010 erit
1117 2971 1255 3012 crux
1299 2955 1504 3014 Christi
1534 2956 1761 3013 Domini

179 3042 363 3109 nostri,
394 3042 452 3097 in
493 3040 651 3114 cujus
687 3041 898 3098 lumine
940 3044 1319 3101 tenebrescent
1346 3046 1521 3101 totius
1563 3045 1761 3101 mundi

1873 1872 2068 1927 tollam
2088 1888 2310 1929 omnem
2348 1872 2590 1930 laborem
2627 1884 2893 1932 vestrum.
2916 1876 3126 1934 Novem
3159 1887 3340 1951 partes
3368 1895 3480 1934 vo—

1873 1961 1960 2019 bis
1986 1963 2208 2019 tributas
2237 1971 2387 2033 sunt,
2409 1965 2502 2021 sed
2532 1964 2629 2039 qui
2656 1965 2897 2022 decimas
2933 1964 3066 2023 dare
3102 1965 3380 2035 noluistis,
3408 1966 3479 2024 ad

1876 2054 2047 2109 solam
2076 2052 2347 2111 decimam
2388 2055 2714 2113 revertetis:
2765 2055 2993 2128 insuper
3035 2062 3090 2113 et
3118 2056 3481 2113 mortalitates

1873 2143 2098 2201 venient
2144 2145 2204 2201 in
2241 2143 2436 2201 domos
2485 2153 2707 2202 vestras.
2756 2145 3063 2216 Frumenti,
3114 2147 3244 2204 vini
3287 2156 3341 2204 et
3368 2146 3478 2203 olei

1874 2242 2025 2308 parte
2070 2235 2260 2292 oﬁ'erte
2308 2235 2547 2308 primum
2603 2238 2663 2294 in
2689 2238 3013 2308 Ecclesiam,
3084 2238 3355 2311 reliquam
3384 2254 3481 2311 per

1874 2338 2063 2392 caecos,
2113 2323 2358 2393 claudos,
2405 2324 2635 2396 debiles,
2677 2327 2936 2400 leprosos,
2983 2334 3038 2384 et
3088 2327 3386 2400 orphanos,
3420 2335 3475 2384 et

1874 2427 1971 2482 per
1999 2411 2218 2481 viduas,
2257 2414 2575 2486 peregrinos
2602 2424 2656 2472 et
2689 2415 2928 2474 advenas
2969 2416 3219 2475 dividere
3244 2418 3473 2475 debetis.

1874 2499 2144 2557 Similiter
2188 2501 2351 2558 facite
2389 2502 2457 2558 de
2499 2503 2654 2560 omni
2711 2506 2927 2576 peculio
2974 2515 3181 2576 vestro,
3228 2507 3296 2564 de
3322 2508 3477 2563 omni

1872 2589 2059 2647 fructu
2090 2599 2293 2647 vestro.
2322 2590 2548 2659 Quoties
2578 2610 2784 2650 novum
2807 2595 2945 2652 facis
2983 2612 3178 2668 panem
3207 2595 3276 2652 de
3304 2610 3478 2651 messe

1870 2688 1988 2747 tua,
2029 2677 2270 2751 primum
2316 2679 2450 2735 affer
2478 2679 2545 2736 ad
2577 2681 2881 2739 Ecclesiam
2912 2699 3010 2755 pro
3056 2683 3468 2742 benedictione:

1870 2768 2145 2842 reliquum
2178 2784 2311 2826 vero
2341 2776 2523 2826 tecum
2562 2770 2799 2828 retinere
2839 2773 3047 2845 poteris
3082 2788 3181 2845 pro
3211 2781 3266 2830 te
3294 2780 3350 2830 et
3376 2780 3473 2829 tua

1870 2857 2082 2913 familia
2108 2876 2119 2913 :
2143 2857 2224 2915 sic
2242 2858 2328 2917 fac
2349 2858 2416 2915 de
2428 2876 2556 2929 uva,
2578 2869 2631 2917 et
2646 2859 2713 2916 de
2733 2861 2884 2917 omni
2907 2860 3091 2919 labore
3111 2869 3228 2918 tuo.

1939 2954 1994 3011 4.
2032 2956 2095 3011 In
2138 2957 2369 3013 ecclesia
2408 2966 2613 3014 stantes
2662 2958 2835 3015 nolite
2883 2958 3215 3032 obstrepere,
3261 2958 3355 3015 sed
3383 2960 3473 3015 le—

1868 3044 2080 3101 ctiones
2108 3043 2327 3101 divinas
2354 3044 2650 3118 diligenter
2677 3046 2882 3105 audite.
2915 3047 3022 3115 Qui
3048 3046 3242 3105 otiosis
3263 3047 3469 3115 verbis,

174 3131 389 3187 lumina.
423 3131 588 3188 Tunc
619 3132 795 3189 sancti
849 3132 1131 3205 rapientur
1176 3133 1394 3191 obviam
1442 3134 1662 3191 Christo
1700 3134 1759 3189 in
1790 3126 1835 3189 Ο
1869 3132 2154 3190 cachinnis
2180 3133 2518 3202 clamorosis,
2568 3134 3110 3192 deambulationibus
3138 3136 3473 3208 importunis

178 3238 310 3292 aera,
341 3231 394 3280 et
417 3223 511 3280 sic
540 3240 754 3296 semper
781 3239 906 3280 cum
945 3223 1182 3279 Domino
1211 3231 1379 3280 erunt
1406 3242 1417 3279 :
1448 3232 1760 3296 peccatores

175 3317 338 3366 autem
369 3311 791 3369 confundentur
819 3319 873 3367 et
902 3313 1181 3385 peribunt.
1213 3314 1299 3375 Et,
1325 3322 1461 3370 tunc
1489 3314 1760 3371 Dominus

178 3408 345 3457 noster
392 3402 549 3457 Jesus
607 3400 863 3458 Christus
935 3426 953 3449 ι
992 3402 1174 3459 mittet
1223 3404 1446 3474 angelos
1502 3420 1630 3460 suos
1690 3403 1759 3460 ad

180 3497 395 3559 quatuor
446 3491 683 3563 angulos
740 3498 919 3561 terrae,
979 3499 1033 3548 et
1088 3492 1497 3565 congregabunt
1558 3494 1759 3550 electos

181 3574 286 3648 ejus
326 3595 357 3634 a
384 3596 604 3636 summo
638 3581 906 3637 oculorum
948 3589 1126 3653 usque
1173 3581 1242 3637 ad
1273 3581 1539 3637 terminos
1568 3597 1756 3637 eorum

184 3667 374 3737 (Matth.
397 3687 561 3739 XXIV,
593 3672 734 3742 31);›
760 3679 813 3726 et
828 3679 962 3728 tunc
981 3673 1253 3744 separabit
1273 3681 1490 3729 sanctos
1505 3689 1633 3729 suos
1653 3674 1758 3728 Do-

185 3756 350 3813 minus
380 3758 445 3814 de
472 3758 661 3815 medio
690 3767 1059 3837 peccatorum,
1097 3770 1151 3817 et
1184 3762 1368 3818 mittet
1404 3778 1495 3818 eos
1521 3762 1579 3817 in
1609 3778 1758 3817 man-

184 3843 346 3902 siones
373 3849 625 3906 coelestes
650 3866 661 3906 ε
696 3857 1008 3922 peccatores
1036 3858 1219 3908 autem
1254 3852 1544 3909 mittentur
1573 3850 1631 3907 in
1659 3867 1760 3908 ca-

187 3932 381 3992 minum
411 3936 580 4009 ignis,
612 3940 706 4012 qui
736 3948 957 4012 paratus
977 3950 1057 3998 est
1078 3940 1302 3998 diabolo
1327 3950 1381 3997 et
1407 3941 1617 4013 angelis
1643 3939 1761 4011 ejus

188 4020 378 4091 (Matth.
409 4043 546 4097 xxv,
602 4027 717 4099 41).
779 4052 797 4075 ι
828 4029 909 4085 lbi
952 4031 1055 4085 erit
1084 4030 1244 4086 ﬂetus
1290 4038 1343 4086 et
1382 4030 1587 4087 stridor
1618 4029 1763 4086 den-

186 4109 311 4166 tium
350 4114 563 4185 (Matth.
610 4132 732 4185 vm,
785 4117 897 4188 i2).
930 4142 949 4165 ι
994 4119 1090 4175 Vae
1131 4118 1248 4174 illis
1292 4118 1634 4187 hominibus,
1667 4117 1762 4191 qui

191 4212 303 4256 cum
350 4200 571 4261 diabolo
618 4202 901 4262 habebunt
929 4207 1279 4263 mansiones!
1335 4207 1465 4280 quia
1508 4207 1765 4263 ascendet

191 4286 360 4348 fumus
392 4300 795 4351 tormentorum
834 4313 1025 4353 eorum
1076 4298 1135 4353 in
1164 4299 1363 4354 saecula
1392 4299 1718 4355 saeculorum
1748 4315 1760 4353 :

191 4391 405 4448 quorum
450 4385 655 4439 vermis
684 4400 796 4441 non
834 4387 1127 4454 morietur,
1172 4393 1227 4442 et
1259 4386 1403 4459 ignis
1433 4403 1623 4443 eorum
1654 4401 1762 4442 non

1868 3222 1926 3278 in
1956 3222 2186 3280 ecclesia
2221 3224 2533 3296 perstrepit,
2575 3232 2630 3280 et
2666 3240 2765 3296 pro
2803 3239 2860 3281 se
2898 3231 2953 3279 et
2990 3240 3090 3296 pro
3109 3223 3235 3279 aliis
3278 3224 3474 3281 reddi-

1869 3320 2026 3368 turus
2047 3319 2128 3368 est
2151 3311 2418 3367 rationem
2449 3311 2509 3368 in
2557 3313 2647 3368 die
2670 3311 2869 3384 judicii
2894 3331 2907 3380 ;
2939 3311 3069 3385 quia
3100 3313 3343 3370 Verbum
3374 3313 3471 3369 Dei

1869 3419 1971 3460 nec
2015 3403 2128 3475 ipse
2156 3402 2333 3470 audit,
2385 3419 2487 3458 nec
2535 3402 2672 3459 alios
2709 3402 2899 3459 audire
2933 3402 3221 3474 permittit.
3264 3402 3352 3459 Ad
3389 3419 3473 3460 ec-

1867 3493 2092 3551 clesiam
2121 3508 2247 3549 cum
2292 3492 2516 3562 venitis,
2555 3493 2726 3549 nolite
2772 3492 3028 3564 litigare;
3084 3508 3275 3549 causas
3303 3508 3475 3550 vanas

1870 3583 2044 3639 nolite
2071 3583 2273 3652 dicere,
2314 3582 2505 3639 audire
2544 3584 2631 3638 vel
2678 3581 2963 3654 judicare;
3016 3589 3113 3639 aut
3136 3581 3331 3650 rixari,
3378 3588 3476 3638 aut

1864 3671 2059 3745 jocari,
2107 3673 2194 3728 vel
2238 3672 2444 3729 alienas
2508 3672 2724 3727 fabulas
2770 3671 3018 3741 referre;
3070 3670 3334 3744 quoniam
3376 3671 3473 3744 qui

1870 3762 2004 3818 talia
2029 3769 2218 3835 agunt,
2240 3760 2358 3818 sine
2378 3762 2563 3818 fructu
2592 3760 2867 3817 orationes
2892 3776 3085 3817 eorum
3114 3768 3470 3817 evanescunt:

1870 3850 1984 3908 imo
2026 3868 2153 3908 cum
2200 3867 2373 3923 parvo
2410 3857 2635 3923 peccato
2685 3849 2754 3906 ad
2796 3849 3081 3907 ecclesiam
3120 3847 3374 3916 veniunt,
3420 3854 3476 3903 et

1870 3956 1996 3996 cum
2044 3941 2281 4013 peccatis
2324 3940 2516 3995 multis
2560 3939 2628 3995 de
2677 3938 2908 3996 ecclesia
2953 3938 3235 4006 recedunt,
3274 3935 3476 4010 quibus

1871 4030 2032 4086 valde
2061 4029 2335 4102 congruit,
2360 4028 2509 4101 quod
2527 4026 2802 4100 Propheta
2820 4026 2958 4083 dicit
2983 4034 3038 4083 et
3065 4025 3470 4084 comminatur:

1885 4143 1904 4167 ι
1934 4119 2112 4175 Homo
2157 4115 2392 4173 vanitati
2431 4115 2632 4172 similis
2668 4115 2847 4174 factus
2876 4122 2976 4184 est,
3015 4114 3135 4172 dies
3188 4113 3307 4188 ejus
3331 4113 3476 4172 sicut

1873 4209 2069 4266 umbra
2100 4217 2384 4265 transeunt
2416 4208 2592 4281 (Psal.
2623 4224 2814 4276 cxmu,
2848 4206 2927 4269 4).
2958 4232 2976 4257 ι

1944 4306 1996 4363 5.
2030 4305 2250 4363 Iudices
2295 4322 2424 4362 vero
2462 4305 2556 4378 qui
2604 4322 2794 4363 causas
2839 4305 3093 4375 audiunt,
3131 4303 3277 4377 justo
3311 4303 3478 4377 judi-

1874 4403 2020 4462 cent,
2051 4403 2105 4452 et
2144 4413 2373 4453 munera
2420 4412 2584 4469 super
2625 4396 2945 4453 innocentes
2993 4411 3104 4452 non
3146 4395 3421 4468 accipiant
3454 4412 3470 4463 ;

191 4468 565 4561 ειεξῖίιιειιθιιιφ.
620 4474 684 4529 In
731 4473 933 4547 finibus
979 4476 1133 4531 1111113
1185 4492 1296 4531 VOX
1356 4475 1464 4533 niSi
1510 4476 1763 4548 gemitus,
1800 4492 1850 4551 D
1882 4502 1951 4541 ne
1978 4485 2119 4541 forte
2147 4485 2280 4542 dum
2309 4468 2603 4561 acquirunt
2639 4484 2950 4558 pecuniam,
2973 4484 3204 4557 perdant
3232 4483 3474 4540 animam

196 4555 337 4611 nulla
373 4560 586 4633 requies
636 4563 746 4619 nisi
794 4562 959 4635 ignis,
1009 4565 1227 4620 nullum
1268 4565 1612 4637 refrigerium
1660 4565 1765 4621 nisi

195 4638 418 4717 ﬂamma,
468 4651 623 4706 nulla
672 4652 771 4707 lux
814 4667 1058 4725 unquam
1094 4654 1201 4710 nisi
1234 4654 1506 4721 tenebrm;
1540 4662 1594 4711 et
1636 4654 1768 4710 tales

196 4745 293 4786 non
329 4736 546 4794 venient
589 4757 833 4813 unquam
893 4743 953 4797 in
997 4743 1323 4800 memoriam
1379 4745 1525 4817 apud
1566 4747 1764 4812 Deum,

196 4833 408 4889 quorum
429 4826 584 4884 cibus
613 4831 892 4887 cruciatus
931 4839 1031 4899 est,
1074 4842 1127 4888 et
1158 4834 1370 4890 mansio
1401 4850 1591 4890 eorum
1640 4851 1764 4891 cum

196 4903 394 4967 diabolo
418 4916 539 4985 erit,
573 4917 668 4974 ubi
699 4920 854 4975 nulla
882 4920 1125 4976 suavitas
1153 4921 1261 4976 nisi
1290 4921 1451 4978 fetor.

264 5004 400 5063 423
451 5004 504 5060 2.
572 5006 617 5063 Ο
660 5008 850 5078 homo,
902 5008 997 5082 qui
1047 5024 1274 5081 regnum
1336 5012 1436 5066 Dei
1492 5010 1766 5083 possidere

197 5088 464 5178 desideras,
489 5103 635 5174 quod
665 5106 845 5163 fecisti
874 5108 1102 5175 malum,
1135 5106 1266 5162 dum
1297 5115 1469 5178 potes,
1516 5106 1761 5163 emenda.

198 5177 313 5238 dum
342 5193 552 5262 tempus
582 5191 768 5264 habes,
798 5199 975 5253 clama
1003 5196 1070 5252 ad
1099 5177 1532 5267 omnipotentem
1554 5198 1762 5252 Deum:

198 5268 314 5328 dum
344 5284 551 5353 tempus
579 5282 747 5343 babes
791 5287 1037 5359 lugendi,
1068 5285 1199 5342 dum
1232 5284 1413 5342 adhuc
1449 5285 1634 5340 anima
1675 5291 1770 5340 tua

198 5370 428 5447 versatur
471 5368 529 5425 in
565 5387 793 5447 corpore
843 5385 963 5444 tuo,
1007 5375 1137 5430 dum
1176 5373 1357 5429 adhuc
1385 5373 1552 5441 vivis,
1583 5389 1769 5428 reme-

201 5443 338 5538 dium
377 5454 477 5512 tibi
507 5443 758 5519 futurum
788 5465 1033 5538 acquire,
1061 5463 1381 5536 priusquam
1435 5464 1494 5517 in
1542 5461 1768 5534 profun-

200 5531 318 5593 dum
345 5548 397 5598 te
435 5549 627 5605 mortis
664 5531 947 5609 absorbent
991 5531 1216 5626 laqueus
1232 5531 1561 5623 poenarum,
1593 5550 1767 5623 prius-

202 5635 348 5694 quam
391 5638 445 5687 te
484 5635 732 5696 infernus
757 5642 976 5714 capiat:
1029 5640 1125 5699 ubi
1165 5640 1319 5698 nulla
1356 5647 1438 5698 est
1483 5639 1768 5712 indulgen-

1877 4591 2050 4630 suam.
2082 4574 2254 4632 Nemo
2273 4576 2418 4632 enim
2447 4575 2613 4632 habet
2639 4574 2909 4647 injustam
2942 4575 3158 4630 lucrum
3181 4571 3298 4627 sine
3323 4569 3477 4641 justo

1875 4661 2112 4720 damno:
2173 4664 2271 4720 ubi
2301 4665 2537 4733 lucrum,
2588 4662 2665 4718 ibi
2718 4669 2773 4717 et
2818 4661 3118 4716 damnum:
3171 4656 3478 4714 lucrumin

1875 4768 2020 4821 arca,
2053 4752 2317 4808 damnum
2353 4768 2483 4807 vero
2526 4751 2583 4804 in
2612 4750 2816 4804 anima.
2849 4749 2972 4815 Dic,
3002 4746 3121 4805 ubi.
3147 4754 3277 4802 sunt
3301 4760 3475 4817 reges,

1874 4841 1969 4896 ubi
2000 4849 2129 4897 sunt
2158 4839 2452 4912 principes,
2484 4838 2578 4893 ubi
2603 4846 2733 4892 sunt
2759 4835 2963 4890 divites
2983 4834 3011 4890 ‘l
3054 4832 3151 4889 ubi
3170 4840 3252 4890 est
3278 4849 3475 4890 aurum

1875 4938 1929 4986 et
1957 4934 2339 4986 ornamentum
2376 4942 2565 4981 eorum
2594 4924 2622 4979 ?
2648 4922 2859 4979 Cuncta
2888 4921 3040 4977 velut
3062 4921 3255 4978 umbra
3286 4930 3476 4980 trans-

1876 5018 2078 5073 ierunt.
2128 5016 2341 5070 Aurum
2395 5021 2450 5070 et
2492 5019 2778 5085 argentum
2823 5020 2877 5067 et
2928 5020 3251 5067 ornamenta
3286 5028 3476 5068 eorum

1876 5111 2256 5163 remanserunt
2296 5102 2356 5158 in
2390 5101 2621 5170 mundo,
2651 5108 2711 5172 et.
2744 5099 2829 5156 illi
2870 5099 2989 5156 sine
3019 5099 3128 5157 ﬁne
3155 5100 3478 5157 cruciantur

1876 5196 1934 5250 in
1967 5195 2204 5260 inferno,
2250 5192 2345 5248 ubi
2384 5208 2596 5247 vermes
2638 5206 2829 5247 eorum
2887 5206 3000 5246 non
3058 5190 3387 5259 morientur,
3424 5198 3479 5246 et

1874 5282 2017 5356 ignis
2046 5297 2237 5337 eorum
2266 5295 2374 5336 non
2425 5279 2828 5353 exstinguetur,
2876 5278 3008 5353 quia
3045 5280 3313 5352 scriptum
3348 5285 3429 5335 est
3460 5295 3472 5334 :

1889 5397 1906 5421 ι
1938 5374 2193 5428 Potentes
2244 5376 2495 5442 potenter
2544 5377 2818 5425 tormenta
2876 5368 3161 5441 patientur
3210 5369 3364 5442 (Sap.
3396 5385 3478 5437 v1,

1880 5466 1957 5535 7).
1978 5489 1996 5511 ι
2025 5462 2108 5518 Ibi
2134 5461 2304 5518 vitam
2335 5460 2680 5520 tenebrosam
2720 5469 2776 5516 et
2817 5460 3163 5518 mansionem
3190 5459 3480 5517 obscuram

1878 5559 2141 5626 perpetuo
2188 5549 2506 5609 habebunt:
2554 5550 2632 5606 ibi
2674 5549 2864 5606 miseri
2904 5565 3030 5606 cum
3086 5549 3321 5616 miseris,
3375 5563 3482 5602 su-

1880 5639 2036 5714 perbi
2082 5655 2212 5699 cum
2274 5638 2544 5714 superbis,
2600 5636 2894 5696 homicidae
2965 5652 3094 5696 cum
3162 5631 3479 5697 homicidis,
