3864 6188
371 164 477 222 675

1377 175 1472 228 AD
1512 173 1745 231 OPERA
1783 176 1838 232 S.
1888 176 2221 236 AMBROSII
2258 180 2640 239 APPENDIX.

3587 196 3690 254 676

371 293 608 352 adulteri
668 310 792 352 cum
837 295 1121 368 adulteris,
1173 300 1352 374 iniqui
1401 319 1524 358 cum
1570 304 1798 378 iniquis,
1838 307 1962 365 falsi
1993 311 2044 370 A
2071 312 2377 368 auxiliante
2416 317 2689 386 Domino,
2718 318 3022 377 castitatem
3067 331 3282 380 servate
3325 333 3393 382 ut
3437 344 3546 385 nos
3592 346 3687 388 so-

369 401 495 441 cum
548 385 718 454 falsis,
751 387 998 460 sacrilegi
1046 405 1170 446 cum
1219 392 1515 464 sacrilegis,
1565 411 1755 453 omnes
1801 397 1968 454 simul

368 477 689 533 cruciantur
710 478 767 533 in
795 478 1010 534 inferno
1032 480 1149 536 sine
1179 481 1305 538 fine.

441 567 493 623 6.
535 568 796 624 Firmiter
821 569 958 624 mihi
999 571 1224 639 credite,
1263 573 1477 641 fratres,
1511 576 1639 648 quia
1668 579 1855 635 nullus
1878 597 1967 652 pe-

364 653 537 725 jorem
570 659 787 730 culpam
816 659 998 727 habet,
1043 676 1205 732 quam
1240 662 1331 734 qui
1360 665 1533 720 Deum
1578 665 1966 739 blasphemans

365 752 419 799 et
465 745 870 820 derelinquens,
918 747 1064 801 idola
1111 749 1284 805 colit:
1337 770 1436 809 nec
1483 755 1635 827 pejor
1678 757 1967 815 dissolutio

367 848 479 887 esse
511 840 688 904 potest
736 833 792 888 in
838 837 1060 906 populo,
1093 854 1252 909 quam
1301 840 1445 913 quod
1481 842 1825 902 daemonibus
1867 847 1967 903 im-

367 921 620 989 moletur,
668 929 720 978 et
774 923 1034 981 Ecclesiae
1085 929 1367 986 catholicae
1431 933 1886 1008 derelinquantur
1947 957 1958 995 :

365 1020 417 1069 et
446 1012 537 1085 qui
578 1012 643 1068 de
674 1013 1049 1072 misericordia
1083 1019 1304 1076 Domini
1337 1021 1606 1094 desperat,
1633 1035 1686 1082 et
1714 1045 1824 1083 non
1854 1046 1964 1086 cre-

360 1101 443 1158 dit
476 1101 531 1156 in
563 1105 1013 1162 resurrectionem
1049 1125 1059 1162 :
1100 1116 1151 1162 et
1194 1110 1286 1183 qui
1335 1113 1522 1168 colunt
1598 1131 1848 1187 augures,
1877 1121 1963 1176 vel

360 1191 670 1264 sortilegos,
701 1195 786 1249 vel
833 1196 1128 1267 aruspices,
1165 1198 1387 1257 divinos
1413 1210 1464 1257 et
1497 1213 1881 1276 praecantores,
1912 1216 1964 1264 et

361 1281 454 1353 qui
479 1283 766 1339 confidunt
797 1283 853 1340 in
904 1286 1260 1358 phylacteriis
1303 1298 1356 1346 et
1404 1291 1832 1365 characteribus,
1870 1304 1964 1352 aut

365 1372 883 1442 sternutationibus,
943 1375 1140 1433 avibus
1183 1380 1550 1452 cantantibus,
1602 1383 1958 1441 divinationi-

358 1459 479 1530 bus,
533 1470 627 1518 aut
701 1463 1123 1536 mathematicis,
1191 1477 1285 1524 aut
1359 1471 1482 1527 aliis
1539 1473 1959 1550 quibuscumque

359 1550 518 1609 malis
547 1553 777 1622 artibus,
812 1554 1241 1614 damnabuntur.

2077 401 2387 458 lemnitates
2424 413 2624 462 nostra:
2654 416 2830 464 castos
2856 418 2906 465 et
2937 409 3115 481 justos
3147 413 3467 475 inveniant.

2150 492 2234 546 11.
2269 493 2539 565 Rogamus
2569 497 2888 569 Dominum,
2930 509 2991 557 ut
3028 501 3210 558 mittat
3237 504 3403 562 vobis
3434 508 3686 565 medica-

2077 591 2325 638 mentum
2373 585 2612 651 cosleste,
2655 586 2760 645 hoc
2807 597 2909 658 est,
2963 593 3291 664 castitatem,
3328 595 3683 668 charitatem,

2077 673 2358 743 gaudium,
2395 675 2740 747 patientiam,
2775 679 3275 753 longanimitatem,
3307 685 3506 752 fidem,
3543 689 3683 745 leni—

2078 768 2264 831 tatem,
2319 765 2746 839 continentiam,
2802 778 2854 826 et
2907 770 3366 832 misericordiam.
3433 778 3510 833 Et
3567 795 3678 846 nos,

2078 851 2272 910 fratres
2318 855 2649 925 charissimi,
2686 875 2799 915 non
2828 876 3100 920 cessemus
3144 864 3495 935 benefacere,
3533 866 3680 939 jeju-

2076 958 2226 1012 nare,
2261 945 2640 1016 pcenitentiam
2687 965 2863 1021 agere,
2895 954 3272 1027 eleemosynas
3303 956 3462 1026 dare,
3509 959 3680 1014 nudos

2076 1034 2297 1102 vestire,
2330 1034 2580 1094 infirmos
2617 1038 2863 1110 visitare,
2895 1041 3138 1116 hospites
3166 1046 3456 1118 colligere,
3480 1055 3539 1104 et
3560 1066 3678 1122 pau-

2075 1137 2226 1192 peres
2293 1139 2529 1195 pascere,
2595 1127 2861 1187 Ecclesiis
2925 1132 3021 1188 Dei
3079 1134 3308 1204 servire,
3365 1135 3679 1210 Scriptura:

2072 1218 2284 1268 sanctas
2341 1215 2637 1286 custodire,
2695 1219 2792 1275 Dei
2846 1237 3031 1279 servos
3077 1223 3331 1296 diligere,
3379 1243 3539 1298 spem
3590 1246 3675 1284 no-

2072 1308 2239 1356 stram
2271 1303 2421 1358 omni
2455 1303 2588 1361 hora
2621 1306 2677 1362 in
2709 1309 2882 1365 Deum
2920 1327 3142 1384 ponere,
3183 1313 3322 1370 iram
3356 1331 3474 1371 non
3511 1317 3675 1390 perfi-

2071 1408 2212 1462 cere,
2245 1393 2543 1454 iracundia:
2576 1407 2793 1474 tempus
2822 1420 2931 1460 non
2972 1407 3226 1477 retinere,
3257 1425 3455 1481 pacem
3486 1411 3670 1470 falsam

2071 1498 2180 1537 non
2223 1483 2372 1554 dare,
2403 1486 2725 1547 charitatem
2771 1509 2881 1550 non
2912 1494 3315 1571 derelinquere,
3348 1518 3468 1558 non
3492 1501 3671 1574 jurare

2067 1573 2315 1644 omnino,
2384 1593 2452 1632 ne
2510 1579 2649 1636 forte
2708 1582 3032 1655 pejeremus.
3080 1588 3279 1645 Omnia
3329 1608 3670 1668 quaecunque

2302 1642 2308 1644 ν
2709 1642 2727 1654 ,
2771 1642 2790 1655 ,
3093 1642 3108 1644 -
3334 1642 3670 1668 1__-_..,--

430 1642 481 1698 7.
526 1643 619 1698 Isti
659 1660 848 1699 omnes
887 1645 1134 1702 infelices
1163 1657 1216 1705 et
1255 1650 1462 1720 miseri,
1507 1653 1599 1724 qui
1640 1655 1958 1712 saltationes
1992 1676 2038 1736 Β
2070 1663 2241 1719 vultis
2283 1673 2343 1721 ut
2389 1666 2593 1726 faciant
2624 1672 2780 1728 vobis
2822 1673 3091 1745 homines,
3133 1686 3186 1734 et
3219 1696 3320 1736 vos
3349 1681 3523 1740 facite
3568 1685 3670 1742 illis

356 1736 480 1784 ante
510 1731 655 1802 ipsas
680 1732 845 1788 etiam
895 1744 1208 1791 sanctorum
1237 1739 1513 1808 basilicas,
1539 1751 1592 1798 et
1616 1743 1673 1798 in
1712 1744 1956 1817 ipsorum

358 1826 671 1875 sanctorum
744 1820 1137 1880 festivitatibus
1193 1825 1389 1884 choros
1457 1831 1690 1899 ducunt,
1746 1835 1958 1892 cantica

357 1907 640 1963 luxuriosa
678 1910 766 1966 vel
803 1911 987 1982 turpia
1046 1914 1231 1986 lingua
1279 1933 1375 1972 sua
1431 1920 1735 1990 proferunt.
1777 1923 1954 1990 Quare

354 1993 500 2049 unde
529 1994 831 2053 debuerant
875 2001 1047 2056 Deum
1085 2003 1304 2060 laudare
1335 2014 1388 2062 et
1431 2009 1648 2077 mereri,
1688 2010 1814 2066 inde
1843 2011 1952 2068 sibi

353 2084 762 2143 damnationem
810 2089 1147 2162 acquirunt:
1195 2101 1249 2150 et
1291 2094 1434 2152 sicut
1464 2096 1762 2154 Christiani
1807 2106 1955 2164 424

351 2185 418 2241 ad
447 2185 750 2243 Ecclesiam
782 2189 1032 2260 veniunt,
1061 2201 1120 2248 ut
1165 2195 1357 2266 pagani
1389 2203 1570 2252 tamen
1596 2197 1662 2255 de
1693 2199 1951 2258 Ecclesia

353 2281 722 2333 revertuntur.

421 2368 474 2424 8.
515 2369 678 2424 Nulla
715 2369 915 2426 mulier
944 2371 1164 2444 potione
1203 2376 1514 2435 abortivum
1546 2391 1824 2453 procuret,
1853 2392 1947 2440 aut

351 2464 644 2529 conceptos
700 2458 843 2515 fetus
912 2462 1141 2520 occidat.
1183 2465 1380 2523 Mulier
1431 2485 1551 2543 quae
1592 2473 1941 2547 iniquitatem

350 2542 492 2602 hanc
553 2549 871 2619 patraverit,
939 2560 1171 2624 quantos
1232 2571 1418 2637 parere
1449 2542 1743 2632 potuisset
1779 2563 1941 2634 filios,

350 2641 628 2690 tantorum
665 2637 1088 2695 homicidiorum
1118 2658 1230 2711 rea,
1261 2646 1528 2702 rationem
1560 2649 1839 2706 redditura
1863 2659 1944 2709 est

356 2722 412 2776 in
443 2724 532 2780 die
556 2724 778 2795 judicii.
812 2727 1135 2802 Quicunque
1167 2733 1434 2790 malorum
1467 2736 1788 2809 hujusmodi
1821 2757 1943 2797 reus

349 2811 612 2868 inventus
663 2813 850 2881 fuerit,
886 2817 1124 2886 perdidit
1161 2819 1419 2892 baptismi
1462 2828 1718 2884 meritum
1757 2846 1938 2887 coram

345 2898 458 2952 Deo
487 2907 541 2952 et
568 2900 775 2969 angelis
803 2900 937 2971 ejus.

420 2987 472 3041 9.
517 2986 906 3044 Contestamur
930 2991 1088 3048 vobis
1117 3011 1299 3054 coram
1333 2998 1554 3057 Christo
1581 3004 1818 3061 Domino
1847 3024 1940 3063 no-

351 3081 482 3143 stro,
516 3075 660 3148 quod
700 3078 793 3151 qui
826 3081 1031 3137 malum
1072 3082 1284 3156 fecerit,
1317 3089 1635 3148 nisi'veram
1678 3095 1942 3166 poeniten-

348 3163 480 3220 tiam
531 3167 721 3237 egerit,
781 3169 1157 3245 eleemosynas
1197 3174 1373 3246 justas
1413 3179 1624 3251 fecerit,
1655 3191 1709 3239 et
1746 3184 1852 3240 nisi
1883 3186 1941 3242 in

347 3251 507 3311 bonis
527 3257 785 3328 operibus
812 3277 958 3318 mors
984 3262 1140 3318 illum
1176 3264 1632 3343 invenerit,quod
1660 3289 1937 3346 nunquam

343 3346 646 3415 possidebit
676 3348 845 3403 vitam
879 3358 1157 3421 aeternam,
1187 3356 1281 3412 sed
1313 3375 1439 3414 cum
1471 3361 1694 3418 diabolo
1722 3364 1941 3421 descen-

343 3432 434 3488 det
474 3433 530 3488 in
562 3433 837 3489 infernum
883 3456 896 3502 ;
939 3441 1066 3509 quia
1119 3466 1135 3487 ε
1175 3453 1326 3500 arcta
1354 3455 1407 3502 et
1445 3460 1673 3520 angusta
1703 3460 1785 3508 est
1825 3454 1935 3520 via,

343 3536 462 3591 qua:
494 3519 648 3575 ducit
680 3522 748 3575 ad
784 3523 954 3578 vitam
991 3527 1209 3595 (Matth.
1244 3549 1344 3600 vir,
1380 3534 1490 3604 14).
1514 3519 1539 3584 »ί
1574 3539 1646 3593 Et
1673 3539 1797 3594 ideo
1828 3519 1936 3596 non

345 3615 556 3664 tantum
611 3618 832 3682 propter
861 3613 1113 3671 timorem
1151 3616 1373 3690 judicii,
1417 3625 1511 3680 sed
1541 3635 1764 3698 propter
1790 3645 1936 3685 amo-

342 3713 455 3753 rem
496 3699 618 3768 Dei,
663 3707 716 3756 et
763 3701 960 3773 gaudia
997 3706 1125 3762 vitm
1150 3717 1384 3779 aeternae,
1433 3712 1500 3768 ab
1529 3716 1679 3771 omni
1710 3717 1848 3774 vitio
1885 3728 1939 3776 et

345 3790 486 3845 malo
525 3807 582 3847 se
647 3791 919 3850 abstinere
982 3797 1104 3870 quis
1165 3798 1344 3871 debet,
1391 3801 1554 3860 etiam
1593 3820 1743 3878 spem
1781 3824 1934 3865 suam

345 3880 497 3935 omni
527 3879 664 3938 hora
696 3883 754 3938 in
785 3885 957 3941 Deum
986 3903 1206 3959 ponere.

417 3977 501 4032 10.
545 3978 775 4052 Serpens
835 4001 960 4040 cum
1002 3988 1215 4044 venerit
1247 3991 1317 4047 ad
1353 3991 1659 4053 bibendum
1714 4014 1931 4073 aquam,

342 4064 662 4136 priusquam
691 4069 864 4139 bibat,
915 4083 1070 4131 extra
1125 4078 1332 4136 fontem
1391 4087 1599 4142 evomit
1659 4105 1932 4146 venenum

341 4168 525 4220 suum,
575 4162 629 4208 et
662 4167 847 4226 postea
871 4160 1012 4218 bibit
1041 4182 1052 4230 ;
1087 4166 1164 4220 ita
1209 4178 1262 4224 et
1291 4187 1390 4227 nos
1418 4175 1637 4246 quando
1665 4177 1734 4234 ad
1764 4179 1932 4236 altare

336 4241 561 4297 Domini
591 4249 1046 4318 communicaturi
1077 4259 1408 4330 accedimus,
1435 4263 1798 4337 desponamus
1827 4287 1931 4326 ve-

335 4345 539 4387 nenum
589 4335 927 4405 pessimum:
989 4341 1094 4400 hoc
1152 4355 1253 4415 est,
1301 4335 1663 4425 iracundiam,
1710 4359 1922 4430 odium,

337 4421 628 4494 invidiam,
662 4426 979 4501 falsitatem,
1013 4433 1384 4511 iniquitatem,
1419 4447 1726 4518 avaritiam,
1772 4453 1924 4524 cupi-

336 4511 588 4582 ditatem,
614 4517 944 4590 superbiam,
966 4526 1331 4600 sacrilegium,
1362 4531 1595 4605 furtum,
1627 4538 1927 4612 luxuriam,

334 4606 534 4664 falsum
577 4613 979 4686 testimonium,
1026 4617 1379 4694 discordiam,
1419 4627 1720 4700 perjurium
1756 4649 1768 4688 :
1813 4633 1930 4692 haec

333 4706 463 4754 sunt
490 4701 797 4759 animarum
832 4721 1059 4764 venena.
1087 4711 1195 4767 Ista
1224 4714 1376 4786 prius
1414 4720 1742 4790 repellamus
1774 4740 1805 4779 a
1833 4740 1927 4782 no-

332 4785 438 4856 bis,
493 4797 546 4845 et
589 4791 670 4848 sic
723 4793 791 4849 ad
842 4796 1009 4853 altare
1065 4785 1288 4858 Domini
1319 4822 1543 4879 corpore
1585 4819 1638 4867 et
1666 4814 1928 4886 sanguine

338 4875 457 4948 ejus
501 4880 785 4939 satiemur.
833 4884 1162 4946 Mundemus
1190 4894 1355 4949 corda
1384 4903 1437 4951 et
1487 4915 1714 4973 corpora
1743 4912 1929 4960 nostra

331 4965 401 5021 ab
431 4969 580 5025 omni
636 4971 776 5028 vitio
823 4978 1003 5046 malo;
1037 4990 1098 5038 ut
1148 4993 1296 5041 casto
1323 5005 1569 5062 corpore,
1625 5003 1678 5050 et
1722 4997 1928 5054 mundo

331 5056 515 5128 corde,
568 5068 622 5116 et
649 5079 774 5118 cum
806 5081 995 5124 secura
1023 5074 1359 5133 conscientia
1386 5080 1478 5141 .ad
1507 5082 1676 5138 altare
1703 5086 1926 5141 Domini

329 5147 604 5216 possimus
650 5152 926 5212 accedere.
983 5158 1164 5217 Etiam
1224 5181 1320 5236 per
1351 5183 1542 5225 omnes
1579 5171 1922 5247 festivitates,

639 5389 774 5471 cod:
797 5391 1065 5474 Biblioth.
1097 5399 1293 5477 vallic.
1320 5411 1374 5458 et
1401 5407 1545 5477 apud
1584 5407 1830 5468 Gratian.
1860 5429 1923 5471 ea

1118 5449 1293 5459 ,____v.
1322 5449 1373 5458 ν-
1401 5449 1430 5459 ..
1475 5449 1545 5463 ....
1586 5449 1830 5468 υωυιαι..
1860 5449 1888 5469 ις

328 5449 511 5541 hujus
531 5462 806 5541 permonis
841 5465 1016 5541 prima
1062 5471 1229 5527 verba
1255 5483 1384 5530 sunt
1413 5449 1515 5532 :rin
1563 5479 1696 5537 edit.
1739 5449 1922 5541 auten:

327 5521 486 5580 Rom.
531 5525 637 5586 hoc
683 5521 907 5592 initiu‘m
959 5521 1083 5596 sine
1106 5521 1384 5603 'ié'sie'ahi
1419 5521 1915 5626 adéjﬁé‘s‘é'remﬁir‘;

2336 1802 2346 1813 .
2421 1783 2438 1807 α
2497 1759 2602 1828 Qui
2657 1772 2835 1820 autem
2896 1771 3327 1839 perseveraverit
3385 1788 3568 1848 usque
3615 1775 3666 1831 in

2069 1842 2257 1914 ﬁnem,
2289 1845 2380 1904 hic
2405 1851 2589 1907 salvus
2620 1853 2724 1908 erit
2753 1853 2964 1926 (Matth.
2997 1875 3053 1928 κ,
3091 1857 3208 1931 22).
3234 1888 3252 1910 ι

2141 1934 2225 1990 12.
2280 1935 2390 1994 Vos
2437 1949 2639 2011 autem,
2696 1943 2893 2003 fratres
2935 1947 3267 2022 charissimi,
3322 1964 3386 2012 ut
3414 1959 3663 2031 cogitetis

2066 2021 2373 2092 periculum
2422 2036 2687 2101 vestrum,
2717 2042 2944 2105 paterna
2973 2037 3242 2098 charitate
3278 2044 3659 2106 admonemus.

2065 2110 2122 2166 Si
2171 2129 2273 2169 nos
2317 2115 2550 2175 libenter
2593 2121 2819 2194 auditis,
2868 2135 2922 2182 et
2965 2129 3122 2188 vobis
3174 2133 3350 2191 vitam
3379 2145 3659 2210 aeternam,

2063 2206 2118 2255 et
2166 2203 2326 2260 nobis
2370 2223 2608 2279 perenne
2639 2216 3026 2287 comparabitis
3079 2222 3343 2294 gaudium
3395 2228 3456 2282 in
3496 2246 3662 2303 regno

2061 2291 2347 2365 caelorum,
2401 2297 2470 2354 ad
2523 2301 2668 2372 quod
2716 2303 2951 2362 feliciter
2991 2291 3276 2381 pervenire
3327 2291 3658 2388 mereamur,

2060 2391 2355 2452 praestante
2407 2387 2647 2446 Domino
2692 2403 2881 2452 nostro
2927 2399 3054 2456 Jesu
3097 2402 3340 2476 Christo,
3391 2409 3487 2481 qui
3534 2426 3660 2466 cum

2058 2469 2217 2528 Patre
2251 2482 2304 2529 et
2332 2473 2543 2549 Spiritu
2567 2492 2756 2540 sancto
2785 2485 2929 2542 vivit
2958 2496 3011 2545 et
3039 2501 3228 2565 regnat
3253 2469 3540 2557 in'smcula
3568 2517 3661 2557 sae-

2058 2562 2332 2634 culorum,
2365 2582 2548 2624 amen.

2625 2679 2861 2741 SEBMO
2901 2686 3080 2747 XXV.

2411 2774 2491 2831 De
2521 2787 2708 2837 sancta
2746 2781 3168 2861 Quadragesima
3194 2793 3296 2851 IX.

2053 2869 2176 2948 Jant
2199 2867 2409 2938 pridem
2434 2872 2537 2950 _h-ic
2578 2892 2745 2933 sermo
2792 2893 3099 2941 numeratus
3144 2889 3385 2946 estinter
3431 2892 3659 2950 Ambro-

2123 2943 2322 3022 sianus,
2351 2943 2542 3022 quippe
2573 2950 2666 3018 qui
2693 2969 2727 3006 a
2757 2953 3019 3012 Gratiano
3042 2965 3088 3013 et
3115 2960 3181 3015 P.

2125 3011 2289 3095 bras-ii
2328 3011 2542 3095 rtem—tite
2580 3011 2775 3077 citatus
2834 3011 3016 3095 fuerit.
3328 3039 3652 3093 auctoritate

2122 3083 2256 3137 sicut
2288 3091 2361 3165 “et
2427 3089 2661 3165 codicum
2733 3083 2893 3154 Vatic.
2961 3083 3015 3155 et
3060 3083 3272 3161 iiédibi'.
3330 3083 3652 3165 Thiasi";

2121 3156 2543 3216 emendatoribus
2567 3166 2816 3238 eumdem
2858 3179 3037 3228 sancto
3062 3156 3283 3231 iiber—28
3323 3156 3650 3238 ἇιινῖὸξιῖιῖιὶἱ

2120 3243 2224 3324 esse
2249 3245 2481 3310 pronum
2522 3235 2749 3324 vitietur.
2783 3241 3017 3324 Ανενίιιπι-
3040 3262 3469 3324 ηοημροδειιηιίιδ
3512 3256 3649 3324 quia

2121 3300 2452 3398 admiramur
2479 3308 2745 3398 eruditiss.
2775 3312 2938 3398 card.
2972 3300 3644 3398 Bona

2119 3387 2233 3454 cap.
2267 3372 2354 3454 11,
2392 3393 2536 3454 nam.
2570 3380 2620 3447 5,
2658 3400 2760 3452 pro
2790 3372 3643 3454 Ambrosiano

2119 3410 2233 3442 [Iullo
2272 3410 2296 3427 ι
2317 3410 2354 3443 ι,
2394 3410 2536 3432 ,ια’,ιο
3171 3410 3187 3446 1

2117 3443 2325 3549 Etenim
2372 3449 2594 3549 vdeikhoc
2639 3457 2808 3510 solum
2848 3461 3128 3549 quodper
3168 3410 3646 3549 éitadragesimam

2122 3530 2267 3549 ονηηυ
2295 3536 2341 3549 ιο
2421 3537 2466 3549 ΔΛ
2503 3538 2562 3549 Α.-
2605 3534 2806 3549 -..ΔΑ-Αμ

2117 3514 2341 3613 singt’tlis
2384 3520 2562 3613 diebus
2599 3534 2809 3604 excepta
2842 3514 3137 3613 ¹Ἠοηξὶἦὶεα
3167 3514 3467 3613 ᾗςσρεδατῗὶο
3499 3541 3649 3613 jeju-

2117 3587 2379 3671 nandunt,
2403 3594 2580 3671 tradit
2597 3587 2805 3671 justum
2837 3603 2934 3658 hac
2962 3605 3023 3658 de
3060 3587 3646 3671 rei

2117 3661 2340 3746 pgwbuit
2363 3661 2673 3746 'Rossevi'no
2727 3671 2785 3746 in
2842 3661 3428 3746 ApparatuXSinl—tuic'

2115 3729 2577 3830 illumuatidideris
2617 3745 2760 3830 quod
2789 3729 3080 3815 pra‘n‘dium
3106 3752 3425 3830 Aho_ra_noria
3458 3775 3645 3830 capere

2110 3805 2390 3899 permittit,
2423 3810 2600 3865 eadem
2623 3805 2734 3869 hac
2764 3805 2884 3898 eum
2913 3836 3077 3899 se-rm._
3102 3805 3145 3878 87
3176 3824 3234 3879 in
3265 3825 3410 3899 Psal.
3443 3805 3641 3899 cxvm,

2116 3888 2261 3961 n‘unt.
2316 3878 2406 3961 11.8,
2447 3888 2820 3961 composueris,
2865 3907 3020 3961 quam
3056 3893 3113 3948 in
3141 3913 3198 3950 eo
3236 3898 3375 3955 nihil
3420 3878 3647 3960 exsistat

2113 3943 2574 4035 Ambrosianum;
2599 3959 2778 4035 statim
2795 3943 3129 4035 :cdmperies.
3166 3969 3346 4025 Porro
3390 3976 3643 4031 mutatio.

2114 4032 2212 4118 nesL
2227 4042 2272 4104 Oa
2320 4026 2574 4108 Romanis
2611 4026 3060 4118 editioribus-qui
3089 4039 3266 4118 primi
3304 4026 3423 4118 eum
3465 4049 3641 4118 prmio

2120 4093 2398 4176 subjecere,
2425 4098 2480 4152 in
2508 4117 2581 4176 eo_
2608 4101 2778 4176 factas
2825 4093 3106 4165 ex'co‘dice'
3137 4093 3640 4176 bibliotheca’l’al:

2115 4164 2369 4224 licellanw
2402 4164 2807 4232 emendavimus.

2113 4275 2162 4330 1.
2197 4277 2340 4334 Ecce
2370 4287 2777 4372 nuncitempus
2807 4285 2959 4345 adest
2991 4289 3131 4364 (89),
3181 4292 3238 4350 in
3279 4310 3390 4370 quo
3433 4305 3488 4354 et
3517 4316 3639 4372 pec-

2037 4371 2157 4420 cata
2194 4377 2374 4424 vestra
2415 4371 2666 4428 confiteri
2705 4375 2817 4432 Deo
2860 4384 2914 4432 et
2960 4381 3247 4452 sacerdoti,
3295 4396 3351 4443 et
3377 4403 3473 4460 per
3493 4371 3636 4462 jejuo

2036 4452 2151 4523 nia,
2192 4463 2245 4510 et
2283 4457 2579 4529 orationes,
2611 4470 2666 4518 et
2715 4464 3006 4538 lacrymas,
3047 4477 3210 4546 atque
3256 4452 3637 4552 eleemosynas

2039 4542 2221 4600 delere
2284 4546 2502 4640 debetis.
2549 4551 2650 4622 (De
2701 4555 2914 4622 Ptenit.,
2974 4542 3215 4632 disc—1,
3272 4581 3393 4638 cap.
3453 4542 3632 4640 Εὶεε).

2039 4632 2216 4701 Quare
2259 4635 2532 4696 erubescit
2575 4653 2826 4714 peccator
2862 4649 3213 4709 manifestare
3250 4665 3474 4727 peccata
3513 4675 3633 4727 sua,

2038 4740 2158 4796 quae
2207 4733 2259 4781 et
2290 4728 2403 4782 Deo
2446 4737 2500 4785 et
2545 4737 2691 4796 425
2738 4737 2943 4809 angelis
2972 4741 3251 4813 omnibus,
3293 4755 3456 4819 atque
3485 4765 3637 4806 cun-

2037 4819 2140 4876 ctis
2187 4822 2377 4880 electis
2440 4828 2730 4889 animabus
2801 4843 2930 4892 sunt
2984 4846 3117 4895 nota
3177 4847 3234 4896 et
3299 4843 3638 4904 manifesta?

2037 4910 2321 4971 Confessio
2349 4932 2380 4971 a
2421 4927 2597 4976 morte
2627 4922 2866 4981 animam
2911 4927 3126 4998 liberat,
3167 4933 3442 4991 confessio
3471 4954 3632 5009 para-

2037 4999 2217 5058 disum
2249 5007 2443 5077 aperit,
2485 5011 2757 5071 confessio
2783 5033 2933 5088 spem
2963 5019 3214 5076 salvandi
3259 4999 3633 5083 tribuildliu-

2035 5088 2103 5146 de
2132 5091 2407 5167 Scriptura
2439 5100 2576 5158 dicit
2600 5121 2612 5159 :
2659 5129 2676 5153 ι
2701 5104 2802 5162 Dic
2833 5114 2892 5162 tu
2911 5107 3232 5181 iniquitates
3249 5119 3372 5170 tuas
3395 5115 3627 5187 primus,

2035 5188 2097 5236 ut
2113 5179 2434 5253 justiﬁceris
2465 5191 2598 5261 (Isa.
2630 5209 2787 5267 mn,
2824 5196 2937 5270 26).
2960 5222 2979 5246 ι
3011 5179 3117 5258 ilic
3138 5198 3211 5258 iis
3234 5179 3420 5261 verbis
3445 5179 3629 5264 oeten;

2033 5414 2264 5509 missum
2272 5422 2437 5509 “fuit:
2467 5425 2602 5509 Ecce
2636 5443 2775 5509 nunc
2823 5434 3021 5505 tempus
3048 5433 3378 5509 acreptabile,
3421 5441 3482 5495 ut
3528 5453 3626 5496 su-

2024 5492 2233 5562 periori
2260 5496 2540 5554 Dominica
2569 5501 2804 5572 legimus.
