  <div class='ocr_page' id='page_1' title='image "/cluster/home/n/w/nwhite01/storage/ocr_20150623/17/uva.x000826553/346.png"; bbox 0 0 3864 6188; ppageno 0'>
   <div class='ocr_carea' id='block_1_1' title="bbox 135 233 247 289">
    <p class='ocr_par' dir='ltr' id='par_1_1' title="bbox 135 233 247 289">
     <span class='ocr_line' id='line_1_1' title="bbox 135 233 247 289; baseline 0.009 -1"><span class='ocrx_word' id='word_1_1' title='bbox 135 233 247 289; x_wconf 87' lang='grc'>677</span> 
     </span>
    </p>
   </div>
   <div class='ocr_carea' id='block_1_2' title="bbox 952 233 2609 294">
    <p class='ocr_par' dir='ltr' id='par_1_2' title="bbox 952 233 2609 294">
     <span class='ocr_line' id='line_1_2' title="bbox 952 233 2609 294; baseline 0.002 -3"><span class='ocrx_word' id='word_1_2' title='bbox 952 234 1322 292; x_wconf 76' lang='lat' dir='ltr'>SERMONES</span> <span class='ocrx_word' id='word_1_3' title='bbox 1359 235 1414 290; x_wconf 89' lang='lat' dir='ltr'>S.</span> <span class='ocrx_word' id='word_1_4' title='bbox 1458 234 1815 292; x_wconf 81' lang='lat' dir='ltr'>AMBROSIO</span> <span class='ocrx_word' id='word_1_5' title='bbox 1856 233 2233 292; x_wconf 82' lang='lat' dir='ltr'>HACTENUS</span> <span class='ocrx_word' id='word_1_6' title='bbox 2273 236 2609 294; x_wconf 80' lang='lat' dir='ltr'>ASCRIPTI.</span> 
     </span>
    </p>
   </div>
   <div class='ocr_carea' id='block_1_3' title="bbox 3337 244 3444 301">
    <p class='ocr_par' dir='ltr' id='par_1_3' title="bbox 3337 244 3444 301">
     <span class='ocr_line' id='line_1_3' title="bbox 3337 244 3444 301; baseline 0 0"><span class='ocrx_word' id='word_1_7' title='bbox 3337 244 3444 301; x_wconf 86' lang='lat'>678</span> 
     </span>
    </p>
   </div>
   <div class='ocr_carea' id='block_1_4' title="bbox 133 357 3442 437">
    <p class='ocr_par' dir='ltr' id='par_1_4' title="bbox 133 357 3442 437">
     <span class='ocr_line' id='line_1_4' title="bbox 133 357 3442 437; baseline 0.004 -24"><span class='ocrx_word' id='word_1_8' title='bbox 133 357 298 415; x_wconf 89' lang='lat' dir='ltr'>ditur</span> <span class='ocrx_word' id='word_1_9' title='bbox 325 361 454 432; x_wconf 84' lang='lat' dir='ltr'>quia</span> <span class='ocrx_word' id='word_1_10' title='bbox 479 376 592 418; x_wconf 89' lang='lat' dir='ltr'>non</span> <span class='ocrx_word' id='word_1_11' title='bbox 623 367 866 416; x_wconf 87' lang='lat' dir='ltr'>meretur</span> <span class='ocrx_word' id='word_1_12' title='bbox 889 359 1205 432; x_wconf 88' lang='lat' dir='ltr'>justiﬁcari,</span> <span class='ocrx_word' id='word_1_13' title='bbox 1239 361 1369 434; x_wconf 86' lang='lat' dir='ltr'>quia</span> <span class='ocrx_word' id='word_1_14' title='bbox 1407 362 1464 417; x_wconf 91' lang='lat' dir='ltr'>in</span> <span class='ocrx_word' id='word_1_15' title='bbox 1503 361 1618 416; x_wconf 87' lang='lat' dir='ltr'>vita</span> <span class='ocrx_word' id='word_1_16' title='bbox 1647 377 1744 416; x_wconf 90' lang='lat' dir='ltr'>sua</span> <span class='ocrx_word' id='word_1_17' title='bbox 1772 364 1822 422; x_wconf 85' lang='grc' dir='ltr'><strong>Α</strong></span> <span class='ocrx_word' id='word_1_18' title='bbox 1854 360 1969 416; x_wconf 91' lang='lat' dir='ltr'>nite</span> <span class='ocrx_word' id='word_1_19' title='bbox 2021 376 2170 432; x_wconf 89' lang='lat' dir='ltr'>ergo,</span> <span class='ocrx_word' id='word_1_20' title='bbox 2225 359 2498 417; x_wconf 90' lang='lat' dir='ltr'>benedicti</span> <span class='ocrx_word' id='word_1_21' title='bbox 2539 362 2713 418; x_wconf 84' lang='lat' dir='ltr'>Patris</span> <span class='ocrx_word' id='word_1_22' title='bbox 2766 362 2872 418; x_wconf 89' lang='lat' dir='ltr'>mei</span> <span class='ocrx_word' id='word_1_23' title='bbox 2905 363 3118 435; x_wconf 80' lang='lat' dir='ltr'>(Matth.</span> <span class='ocrx_word' id='word_1_24' title='bbox 3150 381 3289 434; x_wconf 84' lang='lat' dir='ltr'>xxv,</span> <span class='ocrx_word' id='word_1_25' title='bbox 3347 367 3442 437; x_wconf 80' lang='lat'>35,</span> 
     </span>
    </p>
   </div>
   <div class='ocr_carea' id='block_1_5' title="bbox 131 449 1735 518">
    <p class='ocr_par' dir='ltr' id='par_1_5' title="bbox 131 449 1735 518">
     <span class='ocr_line' id='line_1_5' title="bbox 131 449 1735 518; baseline 0.002 -15"><span class='ocrx_word' id='word_1_26' title='bbox 131 455 361 518; x_wconf 90' lang='lat' dir='ltr'>peccata</span> <span class='ocrx_word' id='word_1_27' title='bbox 389 465 500 506; x_wconf 93' lang='lat' dir='ltr'>non</span> <span class='ocrx_word' id='word_1_28' title='bbox 531 451 654 507; x_wconf 90' lang='lat' dir='ltr'>vult</span> <span class='ocrx_word' id='word_1_29' title='bbox 693 449 965 506; x_wconf 90' lang='lat' dir='ltr'>conﬁteri.</span> <span class='ocrx_word' id='word_1_30' title='bbox 1020 451 1121 506; x_wconf 90' lang='lat' dir='ltr'>Illa</span> <span class='ocrx_word' id='word_1_31' title='bbox 1150 467 1280 507; x_wconf 89' lang='lat' dir='ltr'>vero</span> <span class='ocrx_word' id='word_1_32' title='bbox 1311 451 1580 507; x_wconf 86' lang='lat' dir='ltr'>confessio</span> <span class='ocrx_word' id='word_1_33' title='bbox 1626 467 1735 506; x_wconf 91' lang='lat' dir='ltr'>non</span> 
     </span>
    </p>
   </div>
   <div class='ocr_carea' id='block_1_6' title="bbox 131 537 1741 614">
    <p class='ocr_par' dir='ltr' id='par_1_6' title="bbox 131 537 1741 614">
     <span class='ocr_line' id='line_1_6' title="bbox 131 537 1741 614; baseline 0.002 -24"><span class='ocrx_word' id='word_1_34' title='bbox 131 537 359 608; x_wconf 83' lang='lat' dir='ltr'>liberat,</span> <span class='ocrx_word' id='word_1_35' title='bbox 421 557 542 612; x_wconf 76' lang='lat' dir='ltr'>quae</span> <span class='ocrx_word' id='word_1_36' title='bbox 587 557 699 596; x_wconf 88' lang='lat' dir='ltr'>non</span> <span class='ocrx_word' id='word_1_37' title='bbox 744 539 806 597; x_wconf 89' lang='lat' dir='ltr'>ﬁt</span> <span class='ocrx_word' id='word_1_38' title='bbox 853 557 978 597; x_wconf 89' lang='lat' dir='ltr'>cum</span> <span class='ocrx_word' id='word_1_39' title='bbox 1029 540 1373 614; x_wconf 62' lang='lat' dir='ltr'>poenitentia.</span> <span class='ocrx_word' id='word_1_40' title='bbox 1407 539 1741 596; x_wconf 80' lang='lat' dir='ltr'>Pcenitentia</span> 
     </span>
    </p>
   </div>
   <div class='ocr_carea' id='block_1_7' title="bbox 127 629 1737 702">
    <p class='ocr_par' dir='ltr' id='par_1_7' title="bbox 127 629 1737 702">
     <span class='ocr_line' id='line_1_7' title="bbox 127 629 1737 702; baseline 0.002 -22"><span class='ocrx_word' id='word_1_41' title='bbox 127 642 267 682; x_wconf 86' lang='lat' dir='ltr'>vera</span> <span class='ocrx_word' id='word_1_42' title='bbox 297 637 377 684; x_wconf 91' lang='lat' dir='ltr'>est</span> <span class='ocrx_word' id='word_1_43' title='bbox 407 629 567 686; x_wconf 89' lang='lat' dir='ltr'>dolor</span> <span class='ocrx_word' id='word_1_44' title='bbox 603 631 805 700; x_wconf 85' lang='lat' dir='ltr'>cordis,</span> <span class='ocrx_word' id='word_1_45' title='bbox 837 638 888 686; x_wconf 91' lang='lat' dir='ltr'>et</span> <span class='ocrx_word' id='word_1_46' title='bbox 916 629 1225 686; x_wconf 76' lang='lat' dir='ltr'>amaritudo</span> <span class='ocrx_word' id='word_1_47' title='bbox 1265 630 1461 686; x_wconf 84' lang='lat' dir='ltr'>animae</span> <span class='ocrx_word' id='word_1_48' title='bbox 1493 646 1592 702; x_wconf 86' lang='lat' dir='ltr'>pro</span> <span class='ocrx_word' id='word_1_49' title='bbox 1624 645 1737 684; x_wconf 90' lang='lat' dir='ltr'>ma-</span> 
     </span>
    </p>
   </div>
   <div class='ocr_carea' id='block_1_8' title="bbox 128 714 1734 793">
    <p class='ocr_par' dir='ltr' id='par_1_8' title="bbox 128 714 1734 793">
     <span class='ocr_line' id='line_1_8' title="bbox 128 714 1734 793; baseline 0.002 -23"><span class='ocrx_word' id='word_1_50' title='bbox 128 714 204 771; x_wconf 87' lang='lat' dir='ltr'>lis</span> <span class='ocrx_word' id='word_1_51' title='bbox 241 733 365 791; x_wconf 70' lang='lat' dir='ltr'>quae</span> <span class='ocrx_word' id='word_1_52' title='bbox 422 720 652 793; x_wconf 91' lang='lat' dir='ltr'>quisque</span> <span class='ocrx_word' id='word_1_53' title='bbox 694 719 972 776; x_wconf 90' lang='lat' dir='ltr'>commisit</span> <span class='ocrx_word' id='word_1_54' title='bbox 1022 720 1122 790; x_wconf 85' lang='lat' dir='ltr'>(De</span> <span class='ocrx_word' id='word_1_55' title='bbox 1167 719 1384 786; x_wconf 69' lang='lat' dir='ltr'>Pwnit.,</span> <span class='ocrx_word' id='word_1_56' title='bbox 1434 718 1562 774; x_wconf 89' lang='lat' dir='ltr'>dist.</span> <span class='ocrx_word' id='word_1_57' title='bbox 1603 718 1654 786; x_wconf 86' lang='lat'>3,</span> <span class='ocrx_word' id='word_1_58' title='bbox 1686 735 1734 774; x_wconf 90' lang='lat' dir='ltr'>c.</span> 
     </span>
    </p>
   </div>
   <div class='ocr_carea' id='block_1_9' title="bbox 121 807 1739 881">
    <p class='ocr_par' dir='ltr' id='par_1_9' title="bbox 121 807 1739 881">
     <span class='ocr_line' id='line_1_9' title="bbox 121 807 1739 881; baseline 0.001 -21"><span class='ocrx_word' id='word_1_59' title='bbox 121 807 500 879; x_wconf 78' lang='lat' dir='ltr'>Pcenitentia).</span> <span class='ocrx_word' id='word_1_60' title='bbox 528 809 857 865; x_wconf 68' lang='lat' dir='ltr'>Paenitentia</span> <span class='ocrx_word' id='word_1_61' title='bbox 887 817 967 864; x_wconf 87' lang='lat' dir='ltr'>est</span> <span class='ocrx_word' id='word_1_62' title='bbox 1003 817 1055 864; x_wconf 87' lang='lat' dir='ltr'>et</span> <span class='ocrx_word' id='word_1_63' title='bbox 1087 809 1228 863; x_wconf 87' lang='lat' dir='ltr'>mala</span> <span class='ocrx_word' id='word_1_64' title='bbox 1270 807 1544 881; x_wconf 65' lang='lat' dir='ltr'>praeterita</span> <span class='ocrx_word' id='word_1_65' title='bbox 1573 809 1739 879; x_wconf 90' lang='lat' dir='ltr'>plan-</span> 
     </span>
    </p>
   </div>
   <div class='ocr_carea' id='block_1_10' title="bbox 120 899 1482 973">
    <p class='ocr_par' dir='ltr' id='par_1_10' title="bbox 120 899 1482 973">
     <span class='ocr_line' id='line_1_10' title="bbox 120 899 1482 973; baseline -0.001 -20"><span class='ocrx_word' id='word_1_66' title='bbox 120 914 282 969; x_wconf 82' lang='lat' dir='ltr'>gere,</span> <span class='ocrx_word' id='word_1_67' title='bbox 321 908 376 955; x_wconf 92' lang='lat' dir='ltr'>et</span> <span class='ocrx_word' id='word_1_68' title='bbox 405 901 710 973; x_wconf 86' lang='lat' dir='ltr'>plangenda</span> <span class='ocrx_word' id='word_1_69' title='bbox 741 901 936 956; x_wconf 81' lang='lat' dir='ltr'>iterum</span> <span class='ocrx_word' id='word_1_70' title='bbox 971 917 1081 954; x_wconf 93' lang='lat' dir='ltr'>non</span> <span class='ocrx_word' id='word_1_71' title='bbox 1119 899 1482 956; x_wconf 80' lang='lat' dir='ltr'>committere.</span> 
     </span>
    </p>
   </div>
   <div class='ocr_carea' id='block_1_11' title="bbox 202 985 1738 1062">
    <p class='ocr_par' dir='ltr' id='par_1_11' title="bbox 202 985 1738 1062">
     <span class='ocr_line' id='line_1_11' title="bbox 202 985 1738 1062; baseline -0.003 -19"><span class='ocrx_word' id='word_1_72' title='bbox 202 987 260 1043; x_wconf 80' lang='grc'><strong>2.</strong></span> <span class='ocrx_word' id='word_1_73' title='bbox 298 989 369 1044; x_wconf 88' lang='lat' dir='ltr'>Et</span> <span class='ocrx_word' id='word_1_74' title='bbox 399 991 654 1062; x_wconf 84' lang='lat' dir='ltr'>quamvis</span> <span class='ocrx_word' id='word_1_75' title='bbox 683 1006 872 1045; x_wconf 87' lang='lat' dir='ltr'>omnes</span> <span class='ocrx_word' id='word_1_76' title='bbox 911 989 1047 1056; x_wconf 90' lang='lat' dir='ltr'>dies,</span> <span class='ocrx_word' id='word_1_77' title='bbox 1099 989 1301 1062; x_wconf 87' lang='lat' dir='ltr'>quibus</span> <span class='ocrx_word' id='word_1_78' title='bbox 1347 987 1598 1043; x_wconf 88' lang='lat' dir='ltr'>homines</span> <span class='ocrx_word' id='word_1_79' title='bbox 1641 985 1738 1039; x_wconf 85' lang='lat' dir='ltr'>vi—</span> 
     </span>
    </p>
   </div>
   <div class='ocr_carea' id='block_1_12' title="bbox 116 1075 1738 1151">
    <p class='ocr_par' dir='ltr' id='par_1_12' title="bbox 116 1075 1738 1151">
     <span class='ocr_line' id='line_1_12' title="bbox 116 1075 1738 1151; baseline -0.001 -19"><span class='ocrx_word' id='word_1_80' title='bbox 116 1085 295 1146; x_wconf 84' lang='lat' dir='ltr'>vunt,</span> <span class='ocrx_word' id='word_1_81' title='bbox 351 1079 462 1150; x_wconf 83' lang='lat' dir='ltr'>apti</span> <span class='ocrx_word' id='word_1_82' title='bbox 514 1080 625 1133; x_wconf 91' lang='lat' dir='ltr'>sint</span> <span class='ocrx_word' id='word_1_83' title='bbox 677 1079 1035 1151; x_wconf 68' lang='lat' dir='ltr'>poenitentiae,</span> <span class='ocrx_word' id='word_1_84' title='bbox 1080 1086 1263 1133; x_wconf 90' lang='lat' dir='ltr'>tamen</span> <span class='ocrx_word' id='word_1_85' title='bbox 1317 1077 1407 1131; x_wconf 89' lang='lat' dir='ltr'>isti</span> <span class='ocrx_word' id='word_1_86' title='bbox 1463 1075 1581 1132; x_wconf 89' lang='lat' dir='ltr'>dies</span> <span class='ocrx_word' id='word_1_87' title='bbox 1611 1083 1738 1130; x_wconf 92' lang='lat' dir='ltr'>sunt</span> 
     </span>
    </p>
   </div>
   <div class='ocr_carea' id='block_1_13' title="bbox 117 1163 1738 1240">
    <p class='ocr_par' dir='ltr' id='par_1_13' title="bbox 117 1163 1738 1240">
     <span class='ocr_line' id='line_1_13' title="bbox 117 1163 1738 1240; baseline -0.002 -18"><span class='ocrx_word' id='word_1_88' title='bbox 117 1166 258 1239; x_wconf 87' lang='lat' dir='ltr'>plus</span> <span class='ocrx_word' id='word_1_89' title='bbox 290 1167 402 1240; x_wconf 88' lang='lat' dir='ltr'>apti</span> <span class='ocrx_word' id='word_1_90' title='bbox 429 1174 482 1222; x_wconf 90' lang='lat' dir='ltr'>et</span> <span class='ocrx_word' id='word_1_91' title='bbox 510 1167 737 1240; x_wconf 82' lang='lat' dir='ltr'>congrui</span> <span class='ocrx_word' id='word_1_92' title='bbox 765 1167 833 1223; x_wconf 89' lang='lat' dir='ltr'>ad</span> <span class='ocrx_word' id='word_1_93' title='bbox 870 1167 1268 1235; x_wconf 91' lang='lat' dir='ltr'>conﬁtendum,</span> <span class='ocrx_word' id='word_1_94' title='bbox 1300 1173 1354 1221; x_wconf 91' lang='lat' dir='ltr'>et</span> <span class='ocrx_word' id='word_1_95' title='bbox 1378 1165 1443 1221; x_wconf 90' lang='lat' dir='ltr'>ad</span> <span class='ocrx_word' id='word_1_96' title='bbox 1470 1163 1738 1236; x_wconf 85' lang='lat' dir='ltr'>jejunan-</span> 
     </span>
    </p>
   </div>
   <div class='ocr_carea' id='block_1_14' title="bbox 114 1256 1738 1331">
    <p class='ocr_par' dir='ltr' id='par_1_14' title="bbox 114 1256 1738 1331">
     <span class='ocr_line' id='line_1_14' title="bbox 114 1256 1738 1331; baseline -0.001 -19"><span class='ocrx_word' id='word_1_97' title='bbox 114 1257 289 1326; x_wconf 89' lang='lat' dir='ltr'>dum,</span> <span class='ocrx_word' id='word_1_98' title='bbox 317 1265 478 1331; x_wconf 90' lang='lat' dir='ltr'>atque</span> <span class='ocrx_word' id='word_1_99' title='bbox 522 1258 902 1330; x_wconf 80' lang='lat' dir='ltr'>eleemosynas</span> <span class='ocrx_word' id='word_1_100' title='bbox 931 1257 1208 1314; x_wconf 85' lang='lat' dir='ltr'>faciendas</span> <span class='ocrx_word' id='word_1_101' title='bbox 1242 1275 1252 1313; x_wconf 92' lang='lat'>:</span> <span class='ocrx_word' id='word_1_102' title='bbox 1302 1256 1561 1331; x_wconf 90' lang='lat' dir='ltr'>quoniam</span> <span class='ocrx_word' id='word_1_103' title='bbox 1602 1271 1738 1328; x_wconf 91' lang='lat' dir='ltr'>pec-</span> 
     </span>
    </p>
   </div>
   <div class='ocr_carea' id='block_1_15' title="bbox 111 1345 1737 1421">
    <p class='ocr_par' dir='ltr' id='par_1_15' title="bbox 111 1345 1737 1421">
     <span class='ocr_line' id='line_1_15' title="bbox 111 1345 1737 1421; baseline -0.002 -19"><span class='ocrx_word' id='word_1_104' title='bbox 111 1355 250 1402; x_wconf 87' lang='lat' dir='ltr'>cata</span> <span class='ocrx_word' id='word_1_105' title='bbox 281 1345 452 1403; x_wconf 92' lang='lat' dir='ltr'>totius</span> <span class='ocrx_word' id='word_1_106' title='bbox 481 1346 610 1402; x_wconf 90' lang='lat' dir='ltr'>anni</span> <span class='ocrx_word' id='word_1_107' title='bbox 653 1347 777 1403; x_wconf 87' lang='lat' dir='ltr'>istis</span> <span class='ocrx_word' id='word_1_108' title='bbox 808 1347 1002 1404; x_wconf 89' lang='lat' dir='ltr'>diebus</span> <span class='ocrx_word' id='word_1_109' title='bbox 1032 1348 1260 1421; x_wconf 87' lang='lat' dir='ltr'>potestis</span> <span class='ocrx_word' id='word_1_110' title='bbox 1292 1347 1524 1402; x_wconf 88' lang='lat' dir='ltr'>diluere.</span> <span class='ocrx_word' id='word_1_111' title='bbox 1572 1345 1737 1400; x_wconf 85' lang='lat' dir='ltr'>Ideo-</span> 
     </span>
    </p>
   </div>
   <div class='ocr_carea' id='block_1_16' title="bbox 112 1432 1734 1511">
    <p class='ocr_par' dir='ltr' id='par_1_16' title="bbox 112 1432 1734 1511">
     <span class='ocr_line' id='line_1_16' title="bbox 112 1432 1734 1511; baseline -0.004 -18"><span class='ocrx_word' id='word_1_112' title='bbox 112 1453 234 1511; x_wconf 88' lang='lat' dir='ltr'>que</span> <span class='ocrx_word' id='word_1_113' title='bbox 266 1453 464 1494; x_wconf 89' lang='lat' dir='ltr'>moneo</span> <span class='ocrx_word' id='word_1_114' title='bbox 493 1454 703 1506; x_wconf 90' lang='lat' dir='ltr'>omnes,</span> <span class='ocrx_word' id='word_1_115' title='bbox 739 1447 791 1494; x_wconf 90' lang='lat' dir='ltr'>et</span> <span class='ocrx_word' id='word_1_116' title='bbox 834 1437 1028 1494; x_wconf 85' lang='lat' dir='ltr'>hortor</span> <span class='ocrx_word' id='word_1_117' title='bbox 1067 1437 1336 1511; x_wconf 89' lang='lat' dir='ltr'>singulos,</span> <span class='ocrx_word' id='word_1_118' title='bbox 1362 1443 1425 1491; x_wconf 91' lang='lat' dir='ltr'>ut</span> <span class='ocrx_word' id='word_1_119' title='bbox 1465 1432 1734 1508; x_wconf 87' lang='lat' dir='ltr'>quidquid</span> 
     </span>
    </p>
   </div>
   <div class='ocr_carea' id='block_1_17' title="bbox 112 1521 1733 1600">
    <p class='ocr_par' dir='ltr' id='par_1_17' title="bbox 112 1521 1733 1600">
     <span class='ocr_line' id='line_1_17' title="bbox 112 1521 1733 1600; baseline -0.002 -20"><span class='ocrx_word' id='word_1_120' title='bbox 112 1525 176 1581; x_wconf 91' lang='lat' dir='ltr'>in</span> <span class='ocrx_word' id='word_1_121' title='bbox 227 1525 390 1583; x_wconf 88' lang='lat' dir='ltr'>vobis</span> <span class='ocrx_word' id='word_1_122' title='bbox 415 1526 849 1599; x_wconf 86' lang='lat' dir='ltr'>reprehensibile</span> <span class='ocrx_word' id='word_1_123' title='bbox 871 1527 1224 1600; x_wconf 83' lang='lat' dir='ltr'>cognoscitis,</span> <span class='ocrx_word' id='word_1_124' title='bbox 1251 1524 1572 1582; x_wconf 90' lang='lat' dir='ltr'>emendetis.</span> <span class='ocrx_word' id='word_1_125' title='bbox 1605 1521 1733 1589; x_wconf 84' lang='lat' dir='ltr'>Qui-</span> 
     </span>
    </p>
   </div>
   <div class='ocr_carea' id='block_1_18' title="bbox 109 1612 1730 1690">
    <p class='ocr_par' dir='ltr' id='par_1_18' title="bbox 109 1612 1730 1690">
     <span class='ocr_line' id='line_1_18' title="bbox 109 1612 1730 1690; baseline -0.004 -18"><span class='ocrx_word' id='word_1_126' title='bbox 109 1633 346 1690; x_wconf 91' lang='lat' dir='ltr'>cunque</span> <span class='ocrx_word' id='word_1_127' title='bbox 377 1618 717 1689; x_wconf 81' lang='lat' dir='ltr'>recognoscit</span> <span class='ocrx_word' id='word_1_128' title='bbox 749 1617 806 1673; x_wconf 94' lang='lat' dir='ltr'>in</span> <span class='ocrx_word' id='word_1_129' title='bbox 853 1634 910 1674; x_wconf 91' lang='lat' dir='ltr'>se</span> <span class='ocrx_word' id='word_1_130' title='bbox 951 1617 1098 1690; x_wconf 90' lang='lat' dir='ltr'>quod</span> <span class='ocrx_word' id='word_1_131' title='bbox 1140 1616 1359 1672; x_wconf 90' lang='lat' dir='ltr'>ﬁdelem</span> <span class='ocrx_word' id='word_1_132' title='bbox 1408 1631 1520 1670; x_wconf 90' lang='lat' dir='ltr'>non</span> <span class='ocrx_word' id='word_1_133' title='bbox 1555 1612 1730 1681; x_wconf 88' lang='lat' dir='ltr'>decet,</span> 
     </span>
    </p>
   </div>
   <div class='ocr_carea' id='block_1_19' title="bbox 1852 449 3440 525">
    <p class='ocr_par' dir='ltr' id='par_1_19' title="bbox 1852 449 3440 525">
     <span class='ocr_line' id='line_1_19' title="bbox 1852 449 3440 525; baseline 0.004 -19"><span class='ocrx_word' id='word_1_134' title='bbox 1852 449 1966 522; x_wconf 87' lang='lat'>36).</span> <span class='ocrx_word' id='word_1_135' title='bbox 1991 475 2008 498; x_wconf 83' lang='grc'><strong><em>›</em></strong></span> <span class='ocrx_word' id='word_1_136' title='bbox 2055 449 2112 506; x_wconf 90' lang='lat' dir='ltr'>Si</span> <span class='ocrx_word' id='word_1_137' title='bbox 2144 449 2248 506; x_wconf 91' lang='lat' dir='ltr'>ista</span> <span class='ocrx_word' id='word_1_138' title='bbox 2281 466 2379 506; x_wconf 86' lang='lat' dir='ltr'>vos</span> <span class='ocrx_word' id='word_1_139' title='bbox 2409 467 2573 523; x_wconf 87' lang='lat' dir='ltr'>opera</span> <span class='ocrx_word' id='word_1_140' title='bbox 2609 451 2999 508; x_wconf 77' lang='lat' dir='ltr'>misericordiae</span> <span class='ocrx_word' id='word_1_141' title='bbox 3031 469 3145 510; x_wconf 92' lang='lat' dir='ltr'>non</span> <span class='ocrx_word' id='word_1_142' title='bbox 3178 453 3440 525; x_wconf 86' lang='lat' dir='ltr'>feceritis,</span> 
     </span>
    </p>
   </div>
   <div class='ocr_carea' id='block_1_20' title="bbox 1852 538 3438 617">
    <p class='ocr_par' dir='ltr' id='par_1_20' title="bbox 1852 538 3438 617">
     <span class='ocr_line' id='line_1_20' title="bbox 1852 538 3438 617; baseline 0.006 -24"><span class='ocrx_word' id='word_1_143' title='bbox 1852 555 1974 611; x_wconf 62' lang='lat' dir='ltr'>qua</span> <span class='ocrx_word' id='word_1_144' title='bbox 2004 538 2167 594; x_wconf 90' lang='lat' dir='ltr'>modo</span> <span class='ocrx_word' id='word_1_145' title='bbox 2221 541 2672 610; x_wconf 88' lang='lat' dir='ltr'>commemoravi,</span> <span class='ocrx_word' id='word_1_146' title='bbox 2732 541 2966 598; x_wconf 88' lang='lat' dir='ltr'>audietis</span> <span class='ocrx_word' id='word_1_147' title='bbox 2995 543 3052 599; x_wconf 92' lang='lat' dir='ltr'>in</span> <span class='ocrx_word' id='word_1_148' title='bbox 3081 543 3172 601; x_wconf 91' lang='lat' dir='ltr'>die</span> <span class='ocrx_word' id='word_1_149' title='bbox 3196 544 3400 617; x_wconf 88' lang='lat' dir='ltr'>judicii</span> <span class='ocrx_word' id='word_1_150' title='bbox 3426 563 3438 602; x_wconf 94' lang='lat'><strong>:</strong></span> 
     </span>
    </p>
   </div>
   <div class='ocr_carea' id='block_1_21' title="bbox 1867 628 3120 703">
    <p class='ocr_par' dir='ltr' id='par_1_21' title="bbox 1867 628 3120 703">
     <span class='ocr_line' id='line_1_21' title="bbox 1867 628 3120 703; baseline -0.002 -19"><span class='ocrx_word' id='word_1_151' title='bbox 1867 651 1885 674; x_wconf 74' lang='grc' dir='ltr'><strong>ε</strong></span> <span class='ocrx_word' id='word_1_152' title='bbox 1913 629 1990 684; x_wconf 92' lang='lat' dir='ltr'>Ite</span> <span class='ocrx_word' id='word_1_153' title='bbox 2017 628 2073 682; x_wconf 92' lang='lat' dir='ltr'>in</span> <span class='ocrx_word' id='word_1_154' title='bbox 2117 628 2298 699; x_wconf 84' lang='lat' dir='ltr'>ignem</span> <span class='ocrx_word' id='word_1_155' title='bbox 2321 637 2586 684; x_wconf 76' lang='lat' dir='ltr'>aeternum</span> <span class='ocrx_word' id='word_1_156' title='bbox 2621 630 2738 702; x_wconf 90' lang='lat'>(93)</span> <span class='ocrx_word' id='word_1_157' title='bbox 2773 631 2934 700; x_wconf 83' lang='lat' dir='ltr'>(Ibid.</span> <span class='ocrx_word' id='word_1_158' title='bbox 2966 632 3120 703; x_wconf 74' lang='grc'><strong>41).»</strong></span> 
     </span>
    </p>
   </div>
   <div class='ocr_carea' id='block_1_22' title="bbox 1923 717 3437 795">
    <p class='ocr_par' dir='ltr' id='par_1_22' title="bbox 1923 717 3437 795">
     <span class='ocr_line' id='line_1_22' title="bbox 1923 717 3437 795; baseline 0.005 -23"><span class='ocrx_word' id='word_1_159' title='bbox 1923 717 1974 774; x_wconf 78' lang='grc'><strong>4.</strong></span> <span class='ocrx_word' id='word_1_160' title='bbox 1999 718 2117 774; x_wconf 85' lang='lat' dir='ltr'>Jam</span> <span class='ocrx_word' id='word_1_161' title='bbox 2177 718 2305 792; x_wconf 86' lang='lat' dir='ltr'>quia</span> <span class='ocrx_word' id='word_1_162' title='bbox 2339 721 2484 795; x_wconf 24' lang='lat' dir='ltr'>tales.</span> <span class='ocrx_word' id='word_1_163' title='bbox 2519 720 2635 776; x_wconf 89' lang='lat' dir='ltr'>dies</span> <span class='ocrx_word' id='word_1_164' title='bbox 2661 729 2815 788; x_wconf 88' lang='lat' dir='ltr'>sunt,</span> <span class='ocrx_word' id='word_1_165' title='bbox 2865 737 2974 776; x_wconf 93' lang='lat' dir='ltr'>non</span> <span class='ocrx_word' id='word_1_166' title='bbox 3009 721 3202 791; x_wconf 82' lang='lat' dir='ltr'>audeo,</span> <span class='ocrx_word' id='word_1_167' title='bbox 3237 732 3299 780; x_wconf 89' lang='lat' dir='ltr'>ut</span> <span class='ocrx_word' id='word_1_168' title='bbox 3328 740 3437 780; x_wconf 90' lang='lat' dir='ltr'>non</span> 
     </span>
    </p>
   </div>
   <div class='ocr_carea' id='block_1_23' title="bbox 1851 806 3440 887">
    <p class='ocr_par' dir='ltr' id='par_1_23' title="bbox 1851 806 3440 887">
     <span class='ocr_line' id='line_1_23' title="bbox 1851 806 3440 887; baseline 0.004 -25"><span class='ocrx_word' id='word_1_169' title='bbox 1851 806 2029 862; x_wconf 89' lang='lat' dir='ltr'>dicam</span> <span class='ocrx_word' id='word_1_170' title='bbox 2057 809 2363 878; x_wconf 87' lang='lat' dir='ltr'>periculum</span> <span class='ocrx_word' id='word_1_171' title='bbox 2395 818 2447 864; x_wconf 90' lang='lat' dir='ltr'>et</span> <span class='ocrx_word' id='word_1_172' title='bbox 2478 809 2678 880; x_wconf 80' lang='lat' dir='ltr'>grande</span> <span class='ocrx_word' id='word_1_173' title='bbox 2705 809 2932 878; x_wconf 89' lang='lat' dir='ltr'>malum,</span> <span class='ocrx_word' id='word_1_174' title='bbox 2965 811 3110 883; x_wconf 91' lang='lat' dir='ltr'>quod</span> <span class='ocrx_word' id='word_1_175' title='bbox 3141 820 3221 868; x_wconf 91' lang='lat' dir='ltr'>est</span> <span class='ocrx_word' id='word_1_176' title='bbox 3258 813 3316 869; x_wconf 91' lang='lat' dir='ltr'>in</span> <span class='ocrx_word' id='word_1_177' title='bbox 3348 831 3440 887; x_wconf 85' lang='lat' dir='ltr'>po-</span> 
     </span>
    </p>
   </div>
   <div class='ocr_carea' id='block_1_24' title="bbox 1851 897 3436 973">
    <p class='ocr_par' dir='ltr' id='par_1_24' title="bbox 1851 897 3436 973">
     <span class='ocr_line' id='line_1_24' title="bbox 1851 897 3436 973; baseline 0.006 -22"><span class='ocrx_word' id='word_1_178' title='bbox 1851 899 1982 969; x_wconf 90' lang='lat' dir='ltr'>pulo</span> <span class='ocrx_word' id='word_1_179' title='bbox 2013 897 2150 954; x_wconf 90' lang='lat' dir='ltr'>isto:</span> <span class='ocrx_word' id='word_1_180' title='bbox 2173 899 2320 969; x_wconf 78' lang='lat' dir='ltr'>quod</span> <span class='ocrx_word' id='word_1_181' title='bbox 2350 899 2394 954; x_wconf 89' lang='lat' dir='ltr'>si</span> <span class='ocrx_word' id='word_1_182' title='bbox 2417 916 2479 955; x_wconf 89' lang='lat' dir='ltr'>ea</span> <span class='ocrx_word' id='word_1_183' title='bbox 2509 900 2931 964; x_wconf 88' lang='lat' dir='ltr'>feceritis,dicet</span> <span class='ocrx_word' id='word_1_184' title='bbox 2951 900 3140 958; x_wconf 90' lang='lat' dir='ltr'>vobis:</span> <span class='ocrx_word' id='word_1_185' title='bbox 3179 927 3196 950; x_wconf 77' lang='grc' dir='ltr'>ι</span> <span class='ocrx_word' id='word_1_186' title='bbox 3218 903 3436 973; x_wconf 88' lang='lat' dir='ltr'>Venite,</span> 
     </span>
    </p>
   </div>
   <div class='ocr_carea' id='block_1_25' title="bbox 1851 986 3438 1064">
    <p class='ocr_par' dir='ltr' id='par_1_25' title="bbox 1851 986 3438 1064">
     <span class='ocr_line' id='line_1_25' title="bbox 1851 986 3438 1064; baseline 0.004 -23"><span class='ocrx_word' id='word_1_187' title='bbox 1851 986 2127 1043; x_wconf 87' lang='lat' dir='ltr'>benedicti</span> <span class='ocrx_word' id='word_1_188' title='bbox 2147 988 2320 1043; x_wconf 84' lang='lat' dir='ltr'>Patris</span> <span class='ocrx_word' id='word_1_189' title='bbox 2353 989 2505 1044; x_wconf 56' lang='lat' dir='ltr'>mei»</span> <span class='ocrx_word' id='word_1_190' title='bbox 2550 989 2740 1056; x_wconf 87' lang='lat' dir='ltr'>Qualis</span> <span class='ocrx_word' id='word_1_191' title='bbox 2761 989 3106 1046; x_wconf 88' lang='lat' dir='ltr'>Christianus</span> <span class='ocrx_word' id='word_1_192' title='bbox 3127 993 3325 1064; x_wconf 88' lang='lat' dir='ltr'>est,qui</span> <span class='ocrx_word' id='word_1_193' title='bbox 3341 993 3438 1048; x_wconf 86' lang='lat' dir='ltr'>tali</span> 
     </span>
    </p>
   </div>
   <div class='ocr_carea' id='block_1_26' title="bbox 1851 1077 3440 1154">
    <p class='ocr_par' dir='ltr' id='par_1_26' title="bbox 1851 1077 3440 1154">
     <span class='ocr_line' id='line_1_26' title="bbox 1851 1077 3440 1154; baseline 0.004 -21"><span class='ocrx_word' id='word_1_194' title='bbox 1851 1086 2098 1151; x_wconf 90' lang='lat' dir='ltr'>tempore</span> <span class='ocrx_word' id='word_1_195' title='bbox 2139 1097 2248 1134; x_wconf 93' lang='lat' dir='ltr'>non</span> <span class='ocrx_word' id='word_1_196' title='bbox 2291 1077 2524 1150; x_wconf 90' lang='lat' dir='ltr'>jejunet,</span> <span class='ocrx_word' id='word_1_197' title='bbox 2561 1081 2646 1136; x_wconf 89' lang='lat' dir='ltr'>vel</span> <span class='ocrx_word' id='word_1_198' title='bbox 2688 1097 2858 1154; x_wconf 91' lang='lat' dir='ltr'>usque</span> <span class='ocrx_word' id='word_1_199' title='bbox 2910 1080 2978 1136; x_wconf 90' lang='lat' dir='ltr'>ad</span> <span class='ocrx_word' id='word_1_200' title='bbox 3006 1097 3205 1136; x_wconf 91' lang='lat' dir='ltr'>nonam</span> <span class='ocrx_word' id='word_1_201' title='bbox 3234 1081 3261 1137; x_wconf 83' lang='lat'><strong>?</strong></span> <span class='ocrx_word' id='word_1_202' title='bbox 3301 1083 3440 1139; x_wconf 90' lang='lat' dir='ltr'>Ecce</span> 
     </span>
    </p>
   </div>
   <div class='ocr_carea' id='block_1_27' title="bbox 1850 1169 3438 1243">
    <p class='ocr_par' dir='ltr' id='par_1_27' title="bbox 1850 1169 3438 1243">
     <span class='ocr_line' id='line_1_27' title="bbox 1850 1169 3438 1243; baseline 0.001 -18"><span class='ocrx_word' id='word_1_203' title='bbox 1850 1169 2110 1226; x_wconf 79' lang='lat' dir='ltr'>Ninivitse</span> <span class='ocrx_word' id='word_1_204' title='bbox 2158 1170 2419 1243; x_wconf 90' lang='lat' dir='ltr'>parvulos</span> <span class='ocrx_word' id='word_1_205' title='bbox 2470 1170 2634 1226; x_wconf 89' lang='lat' dir='ltr'>etiam</span> <span class='ocrx_word' id='word_1_206' title='bbox 2668 1171 2952 1238; x_wconf 90' lang='lat' dir='ltr'>lactantes,</span> <span class='ocrx_word' id='word_1_207' title='bbox 2979 1178 3033 1226; x_wconf 89' lang='lat' dir='ltr'>et</span> <span class='ocrx_word' id='word_1_208' title='bbox 3056 1185 3250 1242; x_wconf 90' lang='lat' dir='ltr'>pecora</span> <span class='ocrx_word' id='word_1_209' title='bbox 3275 1177 3438 1243; x_wconf 90' lang='lat' dir='ltr'>atque</span> 
     </span>
    </p>
   </div>
   <div class='ocr_carea' id='block_1_28' title="bbox 1845 1256 3442 1331">
    <p class='ocr_par' dir='ltr' id='par_1_28' title="bbox 1845 1256 3442 1331">
     <span class='ocr_line' id='line_1_28' title="bbox 1845 1256 3442 1331; baseline 0.001 -18"><span class='ocrx_word' id='word_1_210' title='bbox 1845 1256 2114 1329; x_wconf 91' lang='lat' dir='ltr'>jumenta,</span> <span class='ocrx_word' id='word_1_211' title='bbox 2146 1266 2206 1313; x_wconf 88' lang='lat' dir='ltr'>ut</span> <span class='ocrx_word' id='word_1_212' title='bbox 2243 1258 2550 1330; x_wconf 90' lang='lat' dir='ltr'>periculum</span> <span class='ocrx_word' id='word_1_213' title='bbox 2601 1259 2795 1315; x_wconf 88' lang='lat' dir='ltr'>mortis</span> <span class='ocrx_word' id='word_1_214' title='bbox 2827 1259 3056 1316; x_wconf 85' lang='lat' dir='ltr'>evadere</span> <span class='ocrx_word' id='word_1_215' title='bbox 3082 1267 3321 1331; x_wconf 88' lang='lat' dir='ltr'>possent,</span> <span class='ocrx_word' id='word_1_216' title='bbox 3346 1257 3442 1330; x_wconf 91' lang='lat' dir='ltr'>je-</span> 
     </span>
    </p>
   </div>
   <div class='ocr_carea' id='block_1_29' title="bbox 1844 1346 3437 1420">
    <p class='ocr_par' dir='ltr' id='par_1_29' title="bbox 1844 1346 3437 1420">
     <span class='ocr_line' id='line_1_29' title="bbox 1844 1346 3437 1420; baseline -0.001 -17"><span class='ocrx_word' id='word_1_217' title='bbox 1844 1346 2040 1418; x_wconf 90' lang='lat' dir='ltr'>junare</span> <span class='ocrx_word' id='word_1_218' title='bbox 2061 1348 2328 1404; x_wconf 89' lang='lat' dir='ltr'>fecerunt.</span> <span class='ocrx_word' id='word_1_219' title='bbox 2362 1347 2559 1414; x_wconf 88' lang='lat' dir='ltr'>Quales</span> <span class='ocrx_word' id='word_1_220' title='bbox 2575 1364 2700 1420; x_wconf 89' lang='lat' dir='ltr'>ergo</span> <span class='ocrx_word' id='word_1_221' title='bbox 2731 1347 3028 1404; x_wconf 86' lang='lat' dir='ltr'>Christiani</span> <span class='ocrx_word' id='word_1_222' title='bbox 3047 1363 3160 1403; x_wconf 91' lang='lat' dir='ltr'>esse</span> <span class='ocrx_word' id='word_1_223' title='bbox 3189 1355 3437 1419; x_wconf 89' lang='lat' dir='ltr'>possunt,</span> 
     </span>
    </p>
   </div>
   <div class='ocr_carea' id='block_1_30' title="bbox 1850 1436 3441 1510">
    <p class='ocr_par' dir='ltr' id='par_1_30' title="bbox 1850 1436 3441 1510">
     <span class='ocr_line' id='line_1_30' title="bbox 1850 1436 3441 1510; baseline 0 -17"><span class='ocrx_word' id='word_1_224' title='bbox 1850 1439 1942 1510; x_wconf 87' lang='lat' dir='ltr'>qui</span> <span class='ocrx_word' id='word_1_225' title='bbox 1973 1446 2027 1493; x_wconf 88' lang='lat' dir='ltr'>et</span> <span class='ocrx_word' id='word_1_226' title='bbox 2053 1437 2170 1494; x_wconf 87' lang='lat' dir='ltr'>sani</span> <span class='ocrx_word' id='word_1_227' title='bbox 2204 1445 2352 1507; x_wconf 90' lang='lat' dir='ltr'>sunt,</span> <span class='ocrx_word' id='word_1_228' title='bbox 2391 1445 2444 1493; x_wconf 92' lang='lat' dir='ltr'>et</span> <span class='ocrx_word' id='word_1_229' title='bbox 2460 1436 2710 1509; x_wconf 90' lang='lat' dir='ltr'>jejunere</span> <span class='ocrx_word' id='word_1_230' title='bbox 2736 1454 2861 1494; x_wconf 93' lang='lat' dir='ltr'>cum</span> <span class='ocrx_word' id='word_1_231' title='bbox 2893 1439 3099 1510; x_wconf 86' lang='lat' dir='ltr'>Moyse,</span> <span class='ocrx_word' id='word_1_232' title='bbox 3131 1443 3186 1493; x_wconf 90' lang='lat' dir='ltr'>et</span> <span class='ocrx_word' id='word_1_233' title='bbox 3213 1437 3358 1505; x_wconf 87' lang='lat' dir='ltr'>Elia,</span> <span class='ocrx_word' id='word_1_234' title='bbox 3387 1444 3441 1493; x_wconf 91' lang='lat' dir='ltr'>et</span> 
     </span>
    </p>
   </div>
   <div class='ocr_carea' id='block_1_31' title="bbox 1847 1526 3440 1585">
    <p class='ocr_par' dir='ltr' id='par_1_31' title="bbox 1847 1526 3440 1585">
     <span class='ocr_line' id='line_1_31' title="bbox 1847 1526 3440 1585; baseline -0.001 -2"><span class='ocrx_word' id='word_1_235' title='bbox 1847 1527 2126 1585; x_wconf 85' lang='lat' dir='ltr'>Salvatore</span> <span class='ocrx_word' id='word_1_236' title='bbox 2156 1537 2345 1585; x_wconf 93' lang='lat' dir='ltr'>nostro</span> <span class='ocrx_word' id='word_1_237' title='bbox 2394 1529 2592 1584; x_wconf 90' lang='lat' dir='ltr'>nolunt</span> <span class='ocrx_word' id='word_1_238' title='bbox 2621 1529 2649 1584; x_wconf 79' lang='lat'>?</span> <span class='ocrx_word' id='word_1_239' title='bbox 2677 1528 2863 1584; x_wconf 92' lang='lat' dir='ltr'>Solent</span> <span class='ocrx_word' id='word_1_240' title='bbox 2893 1529 3038 1583; x_wconf 91' lang='lat' dir='ltr'>enim</span> <span class='ocrx_word' id='word_1_241' title='bbox 3077 1526 3294 1585; x_wconf 91' lang='lat' dir='ltr'>dicere:</span> <span class='ocrx_word' id='word_1_242' title='bbox 3327 1542 3440 1582; x_wconf 91' lang='lat' dir='ltr'>non</span> 
     </span>
    </p>
   </div>
   <div class='ocr_carea' id='block_1_32' title="bbox 1847 1616 3439 1690">
    <p class='ocr_par' dir='ltr' id='par_1_32' title="bbox 1847 1616 3439 1690">
     <span class='ocr_line' id='line_1_32' title="bbox 1847 1616 3439 1690; baseline 0.001 -17"><span class='ocrx_word' id='word_1_243' title='bbox 1847 1635 2138 1690; x_wconf 90' lang='lat' dir='ltr'>possumus</span> <span class='ocrx_word' id='word_1_244' title='bbox 2191 1618 2456 1686; x_wconf 88' lang='lat' dir='ltr'>laborare,</span> <span class='ocrx_word' id='word_1_245' title='bbox 2489 1625 2543 1672; x_wconf 92' lang='lat' dir='ltr'>et</span> <span class='ocrx_word' id='word_1_246' title='bbox 2569 1616 2841 1688; x_wconf 90' lang='lat' dir='ltr'>jejunare.</span> <span class='ocrx_word' id='word_1_247' title='bbox 2875 1617 2979 1673; x_wconf 91' lang='lat' dir='ltr'>Sed</span> <span class='ocrx_word' id='word_1_248' title='bbox 3012 1617 3134 1673; x_wconf 92' lang='lat' dir='ltr'>ideo</span> <span class='ocrx_word' id='word_1_249' title='bbox 3161 1634 3271 1673; x_wconf 90' lang='lat' dir='ltr'>non</span> <span class='ocrx_word' id='word_1_250' title='bbox 3303 1633 3439 1689; x_wconf 87' lang='lat' dir='ltr'>pos-</span> 
     </span>
    </p>
   </div>
   <div class='ocr_carea' id='block_1_33' title="bbox 108 1705 3442 1790">
    <p class='ocr_par' dir='ltr' id='par_1_33' title="bbox 108 1705 3442 1790">
     <span class='ocr_line' id='line_1_33' title="bbox 108 1705 3442 1790; baseline -0.001 -24"><span class='ocrx_word' id='word_1_251' title='bbox 108 1709 382 1767; x_wconf 89' lang='lat' dir='ltr'>emendet</span> <span class='ocrx_word' id='word_1_252' title='bbox 415 1728 426 1766; x_wconf 91' lang='lat'><strong><em>:</em></strong></span> <span class='ocrx_word' id='word_1_253' title='bbox 463 1711 611 1784; x_wconf 91' lang='lat' dir='ltr'>quod</span> <span class='ocrx_word' id='word_1_254' title='bbox 669 1711 854 1766; x_wconf 91' lang='lat' dir='ltr'>minus</span> <span class='ocrx_word' id='word_1_255' title='bbox 908 1709 1058 1778; x_wconf 88' lang='lat' dir='ltr'>fecit,</span> <span class='ocrx_word' id='word_1_256' title='bbox 1119 1708 1162 1763; x_wconf 90' lang='lat' dir='ltr'>si</span> <span class='ocrx_word' id='word_1_257' title='bbox 1221 1708 1460 1763; x_wconf 89' lang='lat' dir='ltr'>ﬁdeliter</span> <span class='ocrx_word' id='word_1_258' title='bbox 1492 1705 1732 1762; x_wconf 85' lang='lat' dir='ltr'>decimas</span> <span class='ocrx_word' id='word_1_259' title='bbox 1763 1729 1810 1790; x_wconf 80' lang='grc' dir='ltr'>Β</span> <span class='ocrx_word' id='word_1_260' title='bbox 1844 1714 1994 1775; x_wconf 90' lang='lat' dir='ltr'>sunt,</span> <span class='ocrx_word' id='word_1_261' title='bbox 2027 1707 2156 1779; x_wconf 89' lang='lat' dir='ltr'>quia</span> <span class='ocrx_word' id='word_1_262' title='bbox 2209 1708 2429 1763; x_wconf 88' lang='lat' dir='ltr'>nolunt.</span> <span class='ocrx_word' id='word_1_263' title='bbox 2461 1705 2665 1762; x_wconf 86' lang='lat' dir='ltr'>Saltem</span> <span class='ocrx_word' id='word_1_264' title='bbox 2690 1707 2937 1762; x_wconf 90' lang='lat' dir='ltr'>laborent</span> <span class='ocrx_word' id='word_1_265' title='bbox 2967 1706 3169 1776; x_wconf 89' lang='lat' dir='ltr'>minus,</span> <span class='ocrx_word' id='word_1_266' title='bbox 3201 1715 3264 1763; x_wconf 92' lang='lat' dir='ltr'>ut</span> <span class='ocrx_word' id='word_1_267' title='bbox 3285 1706 3442 1778; x_wconf 86' lang='lat' dir='ltr'>jeju-</span> 
     </span>
    </p>
   </div>
   <div class='ocr_carea' id='block_1_34' title="bbox 109 1794 1727 1871">
    <p class='ocr_par' dir='ltr' id='par_1_34' title="bbox 109 1794 1727 1871">
     <span class='ocr_line' id='line_1_34' title="bbox 109 1794 1727 1871; baseline -0.004 -16"><span class='ocrx_word' id='word_1_268' title='bbox 109 1816 240 1856; x_wconf 91' lang='lat' dir='ltr'>non</span> <span class='ocrx_word' id='word_1_269' title='bbox 271 1798 484 1856; x_wconf 89' lang='lat' dir='ltr'>dederit</span> <span class='ocrx_word' id='word_1_270' title='bbox 515 1801 658 1871; x_wconf 91' lang='lat'>(90).</span> <span class='ocrx_word' id='word_1_271' title='bbox 691 1799 835 1868; x_wconf 88' lang='lat' dir='ltr'>Quid</span> <span class='ocrx_word' id='word_1_272' title='bbox 879 1808 962 1856; x_wconf 92' lang='lat' dir='ltr'>est</span> <span class='ocrx_word' id='word_1_273' title='bbox 1010 1797 1248 1854; x_wconf 90' lang='lat' dir='ltr'>ﬁdeliter</span> <span class='ocrx_word' id='word_1_274' title='bbox 1294 1796 1535 1853; x_wconf 88' lang='lat' dir='ltr'>decimas</span> <span class='ocrx_word' id='word_1_275' title='bbox 1578 1794 1727 1862; x_wconf 86' lang='lat' dir='ltr'>dare,</span> 
     </span>
    </p>
   </div>
   <div class='ocr_carea' id='block_1_35' title="bbox 107 1882 1734 1962">
    <p class='ocr_par' dir='ltr' id='par_1_35' title="bbox 107 1882 1734 1962">
     <span class='ocr_line' id='line_1_35' title="bbox 107 1882 1734 1962; baseline -0.004 -18"><span class='ocrx_word' id='word_1_276' title='bbox 107 1887 234 1944; x_wconf 87' lang='lat' dir='ltr'>nisi</span> <span class='ocrx_word' id='word_1_277' title='bbox 266 1898 330 1945; x_wconf 91' lang='lat' dir='ltr'>ut</span> <span class='ocrx_word' id='word_1_278' title='bbox 358 1905 458 1945; x_wconf 90' lang='lat' dir='ltr'>nec</span> <span class='ocrx_word' id='word_1_279' title='bbox 485 1887 660 1962; x_wconf 88' lang='lat' dir='ltr'>pejus,</span> <span class='ocrx_word' id='word_1_280' title='bbox 691 1904 792 1945; x_wconf 92' lang='lat' dir='ltr'>nec</span> <span class='ocrx_word' id='word_1_281' title='bbox 823 1887 1008 1943; x_wconf 90' lang='lat' dir='ltr'>minus</span> <span class='ocrx_word' id='word_1_282' title='bbox 1055 1886 1352 1959; x_wconf 88' lang='lat' dir='ltr'>aliquando</span> <span class='ocrx_word' id='word_1_283' title='bbox 1400 1887 1514 1941; x_wconf 92' lang='lat' dir='ltr'>Deo</span> <span class='ocrx_word' id='word_1_284' title='bbox 1542 1882 1734 1938; x_wconf 78' lang='lat' dir='ltr'>oﬁ‘erat</span> 
     </span>
    </p>
   </div>
   <div class='ocr_carea' id='block_1_36' title="bbox 106 1971 1733 2051">
    <p class='ocr_par' dir='ltr' id='par_1_36' title="bbox 106 1971 1733 2051">
     <span class='ocr_line' id='line_1_36' title="bbox 106 1971 1733 2051; baseline -0.005 -18"><span class='ocrx_word' id='word_1_285' title='bbox 106 1987 218 2034; x_wconf 89' lang='lat' dir='ltr'>aut</span> <span class='ocrx_word' id='word_1_286' title='bbox 251 1977 322 2034; x_wconf 90' lang='lat' dir='ltr'>de</span> <span class='ocrx_word' id='word_1_287' title='bbox 352 1995 521 2051; x_wconf 85' lang='lat' dir='ltr'>grano</span> <span class='ocrx_word' id='word_1_288' title='bbox 563 1994 682 2047; x_wconf 91' lang='lat' dir='ltr'>suo,</span> <span class='ocrx_word' id='word_1_289' title='bbox 733 1987 829 2034; x_wconf 91' lang='lat' dir='ltr'>aut</span> <span class='ocrx_word' id='word_1_290' title='bbox 858 1976 924 2033; x_wconf 90' lang='lat' dir='ltr'>de</span> <span class='ocrx_word' id='word_1_291' title='bbox 969 1977 1103 2032; x_wconf 89' lang='lat' dir='ltr'>vino</span> <span class='ocrx_word' id='word_1_292' title='bbox 1152 1992 1272 2044; x_wconf 91' lang='lat' dir='ltr'>suo,</span> <span class='ocrx_word' id='word_1_293' title='bbox 1305 1983 1400 2031; x_wconf 91' lang='lat' dir='ltr'>aut</span> <span class='ocrx_word' id='word_1_294' title='bbox 1432 1974 1499 2030; x_wconf 92' lang='lat' dir='ltr'>de</span> <span class='ocrx_word' id='word_1_295' title='bbox 1527 1971 1733 2028; x_wconf 91' lang='lat' dir='ltr'>fructi-</span> 
     </span>
    </p>
   </div>
   <div class='ocr_carea' id='block_1_37' title="bbox 106 2063 1732 2139">
    <p class='ocr_par' dir='ltr' id='par_1_37' title="bbox 106 2063 1732 2139">
     <span class='ocr_line' id='line_1_37' title="bbox 106 2063 1732 2139; baseline -0.006 -15"><span class='ocrx_word' id='word_1_296' title='bbox 106 2067 228 2124; x_wconf 88' lang='lat' dir='ltr'>bus</span> <span class='ocrx_word' id='word_1_297' title='bbox 258 2067 542 2136; x_wconf 88' lang='lat' dir='ltr'>arborum,</span> <span class='ocrx_word' id='word_1_298' title='bbox 574 2076 668 2123; x_wconf 86' lang='lat' dir='ltr'>aut</span> <span class='ocrx_word' id='word_1_299' title='bbox 714 2066 780 2123; x_wconf 91' lang='lat' dir='ltr'>de</span> <span class='ocrx_word' id='word_1_300' title='bbox 809 2065 1117 2139; x_wconf 89' lang='lat' dir='ltr'>pecoribus,</span> <span class='ocrx_word' id='word_1_301' title='bbox 1166 2072 1260 2120; x_wconf 92' lang='lat' dir='ltr'>aut</span> <span class='ocrx_word' id='word_1_302' title='bbox 1307 2064 1374 2120; x_wconf 90' lang='lat' dir='ltr'>de</span> <span class='ocrx_word' id='word_1_303' title='bbox 1416 2063 1596 2129; x_wconf 90' lang='lat' dir='ltr'>horto,</span> <span class='ocrx_word' id='word_1_304' title='bbox 1637 2067 1732 2116; x_wconf 89' lang='lat' dir='ltr'>aut</span> 
     </span>
    </p>
   </div>
   <div class='ocr_carea' id='block_1_38' title="bbox 101 2153 1732 2231">
    <p class='ocr_par' dir='ltr' id='par_1_38' title="bbox 101 2153 1732 2231">
     <span class='ocr_line' id='line_1_38' title="bbox 101 2153 1732 2231; baseline -0.003 -16"><span class='ocrx_word' id='word_1_305' title='bbox 101 2158 180 2216; x_wconf 87' lang='lat' dir='ltr'>de</span> <span class='ocrx_word' id='word_1_306' title='bbox 215 2158 480 2231; x_wconf 84' lang='lat' dir='ltr'>negotiis,</span> <span class='ocrx_word' id='word_1_307' title='bbox 534 2165 629 2213; x_wconf 87' lang='lat' dir='ltr'>aut</span> <span class='ocrx_word' id='word_1_308' title='bbox 683 2159 750 2214; x_wconf 92' lang='lat' dir='ltr'>de</span> <span class='ocrx_word' id='word_1_309' title='bbox 793 2157 909 2229; x_wconf 90' lang='lat' dir='ltr'>ipsa</span> <span class='ocrx_word' id='word_1_310' title='bbox 957 2157 1249 2212; x_wconf 88' lang='lat' dir='ltr'>venatione</span> <span class='ocrx_word' id='word_1_311' title='bbox 1297 2155 1437 2211; x_wconf 82' lang='lat' dir='ltr'>sua?</span> <span class='ocrx_word' id='word_1_312' title='bbox 1489 2153 1630 2221; x_wconf 87' lang='lat' dir='ltr'>Quia</span> <span class='ocrx_word' id='word_1_313' title='bbox 1665 2153 1732 2210; x_wconf 87' lang='lat' dir='ltr'>de</span> 
     </span>
    </p>
   </div>
   <div class='ocr_carea' id='block_1_39' title="bbox 101 2243 1734 2321">
    <p class='ocr_par' dir='ltr' id='par_1_39' title="bbox 101 2243 1734 2321">
     <span class='ocr_line' id='line_1_39' title="bbox 101 2243 1734 2321; baseline -0.004 -17"><span class='ocrx_word' id='word_1_314' title='bbox 101 2248 281 2305; x_wconf 87' lang='lat' dir='ltr'>omni</span> <span class='ocrx_word' id='word_1_315' title='bbox 315 2247 646 2314; x_wconf 89' lang='lat' dir='ltr'>substantia,</span> <span class='ocrx_word' id='word_1_316' title='bbox 676 2263 838 2321; x_wconf 90' lang='lat' dir='ltr'>quam</span> <span class='ocrx_word' id='word_1_317' title='bbox 882 2249 1024 2303; x_wconf 90' lang='lat' dir='ltr'>Deus</span> <span class='ocrx_word' id='word_1_318' title='bbox 1072 2245 1289 2301; x_wconf 88' lang='lat' dir='ltr'>homini</span> <span class='ocrx_word' id='word_1_319' title='bbox 1332 2244 1522 2312; x_wconf 90' lang='lat' dir='ltr'>donat,</span> <span class='ocrx_word' id='word_1_320' title='bbox 1573 2243 1734 2299; x_wconf 85' lang='lat' dir='ltr'>deci—</span> 
     </span>
    </p>
   </div>
   <div class='ocr_carea' id='block_1_40' title="bbox 105 2331 1730 2408">
    <p class='ocr_par' dir='ltr' id='par_1_40' title="bbox 105 2331 1730 2408">
     <span class='ocr_line' id='line_1_40' title="bbox 105 2331 1730 2408; baseline -0.006 -14"><span class='ocrx_word' id='word_1_321' title='bbox 105 2354 272 2394; x_wconf 86' lang='lat' dir='ltr'>mam</span> <span class='ocrx_word' id='word_1_322' title='bbox 310 2344 520 2408; x_wconf 88' lang='lat' dir='ltr'>partem</span> <span class='ocrx_word' id='word_1_323' title='bbox 551 2336 657 2392; x_wconf 91' lang='lat' dir='ltr'>sibi</span> <span class='ocrx_word' id='word_1_324' title='bbox 689 2336 962 2403; x_wconf 88' lang='lat' dir='ltr'>servavit;</span> <span class='ocrx_word' id='word_1_325' title='bbox 987 2343 1040 2390; x_wconf 90' lang='lat' dir='ltr'>et</span> <span class='ocrx_word' id='word_1_326' title='bbox 1069 2333 1192 2390; x_wconf 90' lang='lat' dir='ltr'>ideo</span> <span class='ocrx_word' id='word_1_327' title='bbox 1215 2351 1326 2388; x_wconf 92' lang='lat' dir='ltr'>non</span> <span class='ocrx_word' id='word_1_328' title='bbox 1358 2332 1485 2389; x_wconf 91' lang='lat' dir='ltr'>licet</span> <span class='ocrx_word' id='word_1_329' title='bbox 1516 2331 1730 2387; x_wconf 86' lang='lat' dir='ltr'>homini</span> 
     </span>
    </p>
   </div>
   <div class='ocr_carea' id='block_1_41' title="bbox 107 2419 1731 2498">
    <p class='ocr_par' dir='ltr' id='par_1_41' title="bbox 107 2419 1731 2498">
     <span class='ocr_line' id='line_1_41' title="bbox 107 2419 1731 2498; baseline -0.005 -16"><span class='ocrx_word' id='word_1_330' title='bbox 107 2427 366 2483; x_wconf 88' lang='lat' dir='ltr'>retinere</span> <span class='ocrx_word' id='word_1_331' title='bbox 398 2424 559 2493; x_wconf 88' lang='lat' dir='ltr'>illud,</span> <span class='ocrx_word' id='word_1_332' title='bbox 595 2425 741 2498; x_wconf 91' lang='lat' dir='ltr'>quod</span> <span class='ocrx_word' id='word_1_333' title='bbox 772 2427 916 2480; x_wconf 89' lang='lat' dir='ltr'>Deus</span> <span class='ocrx_word' id='word_1_334' title='bbox 955 2423 1060 2479; x_wconf 89' lang='lat' dir='ltr'>sibi</span> <span class='ocrx_word' id='word_1_335' title='bbox 1111 2420 1434 2478; x_wconf 85' lang='lat' dir='ltr'>reservavit.</span> <span class='ocrx_word' id='word_1_336' title='bbox 1469 2420 1590 2476; x_wconf 73' lang='lat' dir='ltr'>Tibi</span> <span class='ocrx_word' id='word_1_337' title='bbox 1625 2419 1731 2475; x_wconf 86' lang='lat' dir='ltr'>de-</span> 
     </span>
    </p>
   </div>
   <div class='ocr_carea' id='block_1_42' title="bbox 110 2510 1724 2588">
    <p class='ocr_par' dir='ltr' id='par_1_42' title="bbox 110 2510 1724 2588">
     <span class='ocr_line' id='line_1_42' title="bbox 110 2510 1724 2588; baseline -0.006 -15"><span class='ocrx_word' id='word_1_338' title='bbox 110 2517 205 2573; x_wconf 87' lang='lat' dir='ltr'>dit</span> <span class='ocrx_word' id='word_1_339' title='bbox 240 2532 442 2571; x_wconf 80' lang='lat' dir='ltr'>novem</span> <span class='ocrx_word' id='word_1_340' title='bbox 501 2523 702 2588; x_wconf 90' lang='lat' dir='ltr'>partes,</span> <span class='ocrx_word' id='word_1_341' title='bbox 761 2515 867 2570; x_wconf 91' lang='lat' dir='ltr'>sibi</span> <span class='ocrx_word' id='word_1_342' title='bbox 916 2531 1046 2569; x_wconf 91' lang='lat' dir='ltr'>vero</span> <span class='ocrx_word' id='word_1_343' title='bbox 1099 2511 1400 2569; x_wconf 88' lang='lat' dir='ltr'>reservavit</span> <span class='ocrx_word' id='word_1_344' title='bbox 1457 2510 1724 2566; x_wconf 89' lang='lat' dir='ltr'>decimam</span> 
     </span>
    </p>
   </div>
   <div class='ocr_carea' id='block_1_43' title="bbox 111 2603 1729 2681">
    <p class='ocr_par' dir='ltr' id='par_1_43' title="bbox 111 2603 1729 2681">
     <span class='ocr_line' id='line_1_43' title="bbox 111 2603 1729 2681; baseline -0.005 -19"><span class='ocrx_word' id='word_1_345' title='bbox 111 2615 340 2681; x_wconf 85' lang='lat' dir='ltr'>partem</span> <span class='ocrx_word' id='word_1_346' title='bbox 374 2621 386 2659; x_wconf 92' lang='lat'>:</span> <span class='ocrx_word' id='word_1_347' title='bbox 420 2613 474 2662; x_wconf 91' lang='lat' dir='ltr'>et</span> <span class='ocrx_word' id='word_1_348' title='bbox 503 2605 547 2661; x_wconf 94' lang='lat' dir='ltr'>si</span> <span class='ocrx_word' id='word_1_349' title='bbox 573 2613 635 2661; x_wconf 92' lang='lat' dir='ltr'>tu</span> <span class='ocrx_word' id='word_1_350' title='bbox 666 2621 774 2660; x_wconf 93' lang='lat' dir='ltr'>non</span> <span class='ocrx_word' id='word_1_351' title='bbox 807 2603 1024 2660; x_wconf 89' lang='lat' dir='ltr'>dederis</span> <span class='ocrx_word' id='word_1_352' title='bbox 1051 2605 1166 2659; x_wconf 94' lang='lat' dir='ltr'>Deo</span> <span class='ocrx_word' id='word_1_353' title='bbox 1198 2603 1468 2660; x_wconf 89' lang='lat' dir='ltr'>decimam</span> <span class='ocrx_word' id='word_1_354' title='bbox 1492 2608 1729 2674; x_wconf 90' lang='lat' dir='ltr'>partem,</span> 
     </span>
    </p>
   </div>
   <div class='ocr_carea' id='block_1_44' title="bbox 108 2690 1730 2765">
    <p class='ocr_par' dir='ltr' id='par_1_44' title="bbox 108 2690 1730 2765">
     <span class='ocr_line' id='line_1_44' title="bbox 108 2690 1730 2765; baseline -0.006 -11"><span class='ocrx_word' id='word_1_355' title='bbox 108 2699 269 2754; x_wconf 90' lang='lat' dir='ltr'>Deus</span> <span class='ocrx_word' id='word_1_356' title='bbox 295 2696 450 2751; x_wconf 90' lang='lat' dir='ltr'>tollet</span> <span class='ocrx_word' id='word_1_357' title='bbox 480 2711 512 2749; x_wconf 89' lang='lat' dir='ltr'>a</span> <span class='ocrx_word' id='word_1_358' title='bbox 553 2701 607 2749; x_wconf 93' lang='lat' dir='ltr'>te</span> <span class='ocrx_word' id='word_1_359' title='bbox 638 2711 834 2750; x_wconf 89' lang='lat' dir='ltr'>novem</span> <span class='ocrx_word' id='word_1_360' title='bbox 890 2702 1088 2765; x_wconf 89' lang='lat' dir='ltr'>partes.</span> <span class='ocrx_word' id='word_1_361' title='bbox 1147 2693 1284 2748; x_wconf 87' lang='lat' dir='ltr'>Item</span> <span class='ocrx_word' id='word_1_362' title='bbox 1339 2691 1386 2747; x_wconf 92' lang='lat' dir='ltr'>si</span> <span class='ocrx_word' id='word_1_363' title='bbox 1428 2690 1551 2764; x_wconf 91' lang='lat' dir='ltr'>quis</span> <span class='ocrx_word' id='word_1_364' title='bbox 1582 2705 1730 2745; x_wconf 85' lang='lat' dir='ltr'>reco-</span> 
     </span>
    </p>
   </div>
   <div class='ocr_carea' id='block_1_45' title="bbox 111 2780 1724 2861">
    <p class='ocr_par' dir='ltr' id='par_1_45' title="bbox 111 2780 1724 2861">
     <span class='ocr_line' id='line_1_45' title="bbox 111 2780 1724 2861; baseline -0.006 -18"><span class='ocrx_word' id='word_1_365' title='bbox 111 2786 342 2861; x_wconf 87' lang='lat' dir='ltr'>gnoscit</span> <span class='ocrx_word' id='word_1_366' title='bbox 371 2785 427 2840; x_wconf 92' lang='lat' dir='ltr'>in</span> <span class='ocrx_word' id='word_1_367' title='bbox 468 2802 523 2840; x_wconf 92' lang='lat' dir='ltr'>se</span> <span class='ocrx_word' id='word_1_368' title='bbox 555 2785 701 2858; x_wconf 90' lang='lat' dir='ltr'>quod</span> <span class='ocrx_word' id='word_1_369' title='bbox 731 2784 798 2839; x_wconf 91' lang='lat' dir='ltr'>ab</span> <span class='ocrx_word' id='word_1_370' title='bbox 826 2784 1012 2856; x_wconf 88' lang='lat' dir='ltr'>aliquo</span> <span class='ocrx_word' id='word_1_371' title='bbox 1060 2782 1191 2838; x_wconf 88' lang='lat' dir='ltr'>tulit</span> <span class='ocrx_word' id='word_1_372' title='bbox 1240 2780 1450 2854; x_wconf 90' lang='lat' dir='ltr'>aliquid</span> <span class='ocrx_word' id='word_1_373' title='bbox 1499 2780 1724 2851; x_wconf 90' lang='lat' dir='ltr'>injuste,</span> 
     </span>
    </p>
   </div>
   <div class='ocr_carea' id='block_1_46' title="bbox 110 2873 1727 2949">
    <p class='ocr_par' dir='ltr' id='par_1_46' title="bbox 110 2873 1727 2949">
     <span class='ocr_line' id='line_1_46' title="bbox 110 2873 1727 2949; baseline -0.006 -13"><span class='ocrx_word' id='word_1_374' title='bbox 110 2877 381 2936; x_wconf 88' lang='lat' dir='ltr'>emendet</span> <span class='ocrx_word' id='word_1_375' title='bbox 411 2877 688 2934; x_wconf 87' lang='lat' dir='ltr'>reddendo</span> <span class='ocrx_word' id='word_1_376' title='bbox 726 2875 871 2949; x_wconf 89' lang='lat' dir='ltr'>quod</span> <span class='ocrx_word' id='word_1_377' title='bbox 903 2874 1105 2947; x_wconf 88' lang='lat' dir='ltr'>injuste</span> <span class='ocrx_word' id='word_1_378' title='bbox 1135 2875 1284 2932; x_wconf 87' lang='lat' dir='ltr'>tulit.</span> <span class='ocrx_word' id='word_1_379' title='bbox 1324 2875 1458 2930; x_wconf 90' lang='lat' dir='ltr'>Nam</span> <span class='ocrx_word' id='word_1_380' title='bbox 1487 2873 1579 2946; x_wconf 86' lang='lat' dir='ltr'>qui</span> <span class='ocrx_word' id='word_1_381' title='bbox 1615 2889 1727 2928; x_wconf 92' lang='lat' dir='ltr'>non</span> 
     </span>
    </p>
   </div>
   <div class='ocr_carea' id='block_1_47' title="bbox 111 2961 1726 3038">
    <p class='ocr_par' dir='ltr' id='par_1_47' title="bbox 111 2961 1726 3038">
     <span class='ocr_line' id='line_1_47' title="bbox 111 2961 1726 3038; baseline -0.006 -13"><span class='ocrx_word' id='word_1_382' title='bbox 111 2968 250 3025; x_wconf 89' lang='lat' dir='ltr'>vult</span> <span class='ocrx_word' id='word_1_383' title='bbox 278 2968 392 3022; x_wconf 88' lang='lat' dir='ltr'>Deo</span> <span class='ocrx_word' id='word_1_384' title='bbox 425 2966 648 3023; x_wconf 88' lang='lat' dir='ltr'>reddere</span> <span class='ocrx_word' id='word_1_385' title='bbox 677 2965 918 3022; x_wconf 85' lang='lat' dir='ltr'>decimas</span> <span class='ocrx_word' id='word_1_386' title='bbox 952 2981 1086 3038; x_wconf 89' lang='lat' dir='ltr'>quas</span> <span class='ocrx_word' id='word_1_387' title='bbox 1125 2963 1375 3032; x_wconf 89' lang='lat' dir='ltr'>retinuit,</span> <span class='ocrx_word' id='word_1_388' title='bbox 1406 2970 1459 3018; x_wconf 91' lang='lat' dir='ltr'>et</span> <span class='ocrx_word' id='word_1_389' title='bbox 1509 2961 1726 3017; x_wconf 92' lang='lat' dir='ltr'>homini</span> 
     </span>
    </p>
   </div>
   <div class='ocr_carea' id='block_1_48' title="bbox 115 3051 1722 3127">
    <p class='ocr_par' dir='ltr' id='par_1_48' title="bbox 115 3051 1722 3127">
     <span class='ocr_line' id='line_1_48' title="bbox 115 3051 1722 3127; baseline -0.006 -13"><span class='ocrx_word' id='word_1_390' title='bbox 115 3074 237 3114; x_wconf 93' lang='lat' dir='ltr'>non</span> <span class='ocrx_word' id='word_1_391' title='bbox 271 3056 457 3112; x_wconf 86' lang='lat' dir='ltr'>studet</span> <span class='ocrx_word' id='word_1_392' title='bbox 511 3055 756 3123; x_wconf 88' lang='lat' dir='ltr'>reddere,</span> <span class='ocrx_word' id='word_1_393' title='bbox 815 3053 960 3127; x_wconf 90' lang='lat' dir='ltr'>quod</span> <span class='ocrx_word' id='word_1_394' title='bbox 1010 3053 1213 3125; x_wconf 90' lang='lat' dir='ltr'>injuste</span> <span class='ocrx_word' id='word_1_395' title='bbox 1265 3053 1332 3108; x_wconf 89' lang='lat' dir='ltr'>ab</span> <span class='ocrx_word' id='word_1_396' title='bbox 1359 3069 1422 3108; x_wconf 91' lang='lat' dir='ltr'>eo</span> <span class='ocrx_word' id='word_1_397' title='bbox 1446 3051 1675 3107; x_wconf 86' lang='lat' dir='ltr'>abstulit</span> <span class='ocrx_word' id='word_1_398' title='bbox 1708 3068 1722 3118; x_wconf 91' lang='lat'>;</span> 
     </span>
    </p>
   </div>
   <div class='ocr_carea' id='block_1_49' title="bbox 114 3141 1729 3216">
    <p class='ocr_par' dir='ltr' id='par_1_49' title="bbox 114 3141 1729 3216">
     <span class='ocr_line' id='line_1_49' title="bbox 114 3141 1729 3216; baseline -0.006 -12"><span class='ocrx_word' id='word_1_399' title='bbox 114 3164 238 3204; x_wconf 90' lang='lat' dir='ltr'>non</span> <span class='ocrx_word' id='word_1_400' title='bbox 271 3145 432 3201; x_wconf 88' lang='lat' dir='ltr'>timet</span> <span class='ocrx_word' id='word_1_401' title='bbox 479 3145 657 3202; x_wconf 91' lang='lat' dir='ltr'>adhuc</span> <span class='ocrx_word' id='word_1_402' title='bbox 708 3147 905 3212; x_wconf 91' lang='lat' dir='ltr'>Deum,</span> <span class='ocrx_word' id='word_1_403' title='bbox 965 3153 1018 3200; x_wconf 92' lang='lat' dir='ltr'>et</span> <span class='ocrx_word' id='word_1_404' title='bbox 1050 3143 1265 3216; x_wconf 83' lang='lat' dir='ltr'>ignorat</span> <span class='ocrx_word' id='word_1_405' title='bbox 1320 3141 1453 3215; x_wconf 90' lang='lat' dir='ltr'>quid</span> <span class='ocrx_word' id='word_1_406' title='bbox 1495 3141 1565 3197; x_wconf 91' lang='lat' dir='ltr'>sit</span> <span class='ocrx_word' id='word_1_407' title='bbox 1600 3156 1729 3195; x_wconf 87' lang='lat' dir='ltr'>vera</span> 
     </span>
    </p>
   </div>
   <div class='ocr_carea' id='block_1_50' title="bbox 116 3231 1729 3311">
    <p class='ocr_par' dir='ltr' id='par_1_50' title="bbox 116 3231 1729 3311">
     <span class='ocr_line' id='line_1_50' title="bbox 116 3231 1729 3311; baseline -0.006 -17"><span class='ocrx_word' id='word_1_408' title='bbox 116 3235 477 3311; x_wconf 88' lang='lat' dir='ltr'>poenitentia,</span> <span class='ocrx_word' id='word_1_409' title='bbox 520 3253 754 3309; x_wconf 87' lang='lat' dir='ltr'>veraque</span> <span class='ocrx_word' id='word_1_410' title='bbox 791 3235 1062 3293; x_wconf 86' lang='lat' dir='ltr'>confessio</span> <span class='ocrx_word' id='word_1_411' title='bbox 1123 3234 1238 3305; x_wconf 85' lang='grc'>(16,</span> <span class='ocrx_word' id='word_1_412' title='bbox 1295 3249 1348 3306; x_wconf 93' lang='lat' dir='ltr'>q.</span> <span class='ocrx_word' id='word_1_413' title='bbox 1383 3232 1438 3302; x_wconf 80' lang='grc'>2,</span> <span class='ocrx_word' id='word_1_414' title='bbox 1490 3249 1538 3289; x_wconf 92' lang='lat' dir='ltr'>c.</span> <span class='ocrx_word' id='word_1_415' title='bbox 1592 3231 1729 3286; x_wconf 86' lang='lat' dir='ltr'>Nam</span> 
     </span>
    </p>
   </div>
   <div class='ocr_carea' id='block_1_51' title="bbox 115 3329 400 3401">
    <p class='ocr_par' dir='ltr' id='par_1_51' title="bbox 115 3329 400 3401">
     <span class='ocr_line' id='line_1_51' title="bbox 115 3329 400 3401; baseline -0.004 -17"><span class='ocrx_word' id='word_1_416' title='bbox 115 3329 216 3401; x_wconf 90' lang='lat' dir='ltr'>qui</span> <span class='ocrx_word' id='word_1_417' title='bbox 241 3329 400 3400; x_wconf 87' lang='lat' dir='ltr'>Deo).</span> 
     </span>
    </p>
   </div>
   <div class='ocr_carea' id='block_1_52' title="bbox 197 3417 1730 3490">
    <p class='ocr_par' dir='ltr' id='par_1_52' title="bbox 197 3417 1730 3490">
     <span class='ocr_line' id='line_1_52' title="bbox 197 3417 1730 3490; baseline -0.003 -13"><span class='ocrx_word' id='word_1_418' title='bbox 197 3421 253 3477; x_wconf 93' lang='lat'>3.</span> <span class='ocrx_word' id='word_1_419' title='bbox 315 3420 423 3474; x_wconf 89' lang='lat' dir='ltr'>Iste</span> <span class='ocrx_word' id='word_1_420' title='bbox 473 3418 596 3476; x_wconf 88' lang='lat' dir='ltr'>talis</span> <span class='ocrx_word' id='word_1_421' title='bbox 625 3417 792 3475; x_wconf 92' lang='lat' dir='ltr'>homo</span> <span class='ocrx_word' id='word_1_422' title='bbox 840 3436 950 3474; x_wconf 92' lang='lat' dir='ltr'>non</span> <span class='ocrx_word' id='word_1_423' title='bbox 993 3425 1168 3490; x_wconf 90' lang='lat' dir='ltr'>potest</span> <span class='ocrx_word' id='word_1_424' title='bbox 1206 3417 1405 3473; x_wconf 87' lang='lat' dir='ltr'>bonam</span> <span class='ocrx_word' id='word_1_425' title='bbox 1435 3417 1730 3489; x_wconf 83' lang='lat' dir='ltr'>eleemosy-</span> 
     </span>
    </p>
   </div>
   <div class='ocr_carea' id='block_1_53' title="bbox 119 3508 1732 3582">
    <p class='ocr_par' dir='ltr' id='par_1_53' title="bbox 119 3508 1732 3582">
     <span class='ocr_line' id='line_1_53' title="bbox 119 3508 1732 3582; baseline -0.002 -15"><span class='ocrx_word' id='word_1_426' title='bbox 119 3528 255 3567; x_wconf 89' lang='lat' dir='ltr'>nam</span> <span class='ocrx_word' id='word_1_427' title='bbox 307 3509 505 3567; x_wconf 84' lang='lat' dir='ltr'>facere.</span> <span class='ocrx_word' id='word_1_428' title='bbox 555 3510 772 3565; x_wconf 90' lang='lat' dir='ltr'>Bonum</span> <span class='ocrx_word' id='word_1_429' title='bbox 807 3518 888 3565; x_wconf 91' lang='lat' dir='ltr'>est</span> <span class='ocrx_word' id='word_1_430' title='bbox 935 3517 1242 3582; x_wconf 89' lang='lat' dir='ltr'>propterea,</span> <span class='ocrx_word' id='word_1_431' title='bbox 1266 3508 1481 3576; x_wconf 89' lang='lat' dir='ltr'>fratres,</span> <span class='ocrx_word' id='word_1_432' title='bbox 1512 3515 1572 3563; x_wconf 88' lang='lat' dir='ltr'>ut</span> <span class='ocrx_word' id='word_1_433' title='bbox 1620 3510 1732 3564; x_wconf 90' lang='lat' dir='ltr'>Deo</span> 
     </span>
    </p>
   </div>
   <div class='ocr_carea' id='block_1_54' title="bbox 119 3600 1734 3674">
    <p class='ocr_par' dir='ltr' id='par_1_54' title="bbox 119 3600 1734 3674">
     <span class='ocr_line' id='line_1_54' title="bbox 119 3600 1734 3674; baseline -0.003 -15"><span class='ocrx_word' id='word_1_434' title='bbox 119 3600 377 3659; x_wconf 87' lang='lat' dir='ltr'>reddatis</span> <span class='ocrx_word' id='word_1_435' title='bbox 418 3618 537 3674; x_wconf 65' lang='lat' dir='ltr'>quae</span> <span class='ocrx_word' id='word_1_436' title='bbox 586 3619 683 3657; x_wconf 88' lang='lat' dir='ltr'>sua</span> <span class='ocrx_word' id='word_1_437' title='bbox 714 3611 861 3670; x_wconf 90' lang='lat' dir='ltr'>sunt,</span> <span class='ocrx_word' id='word_1_438' title='bbox 907 3609 961 3656; x_wconf 94' lang='lat' dir='ltr'>et</span> <span class='ocrx_word' id='word_1_439' title='bbox 991 3601 1243 3673; x_wconf 85' lang='lat' dir='ltr'>proximo</span> <span class='ocrx_word' id='word_1_440' title='bbox 1274 3618 1392 3674; x_wconf 63' lang='lat' dir='ltr'>qua;</span> <span class='ocrx_word' id='word_1_441' title='bbox 1423 3601 1573 3656; x_wconf 90' lang='lat' dir='ltr'>illius</span> <span class='ocrx_word' id='word_1_442' title='bbox 1603 3601 1734 3655; x_wconf 88' lang='lat' dir='ltr'>fue-</span> 
     </span>
    </p>
   </div>
   <div class='ocr_carea' id='block_1_55' title="bbox 121 3690 1733 3762">
    <p class='ocr_par' dir='ltr' id='par_1_55' title="bbox 121 3690 1733 3762">
     <span class='ocr_line' id='line_1_55' title="bbox 121 3690 1733 3762; baseline -0.002 -14"><span class='ocrx_word' id='word_1_443' title='bbox 121 3699 304 3757; x_wconf 89' lang='lat' dir='ltr'>runt;</span> <span class='ocrx_word' id='word_1_444' title='bbox 360 3699 421 3746; x_wconf 89' lang='lat' dir='ltr'>ut</span> <span class='ocrx_word' id='word_1_445' title='bbox 466 3691 533 3746; x_wconf 89' lang='lat' dir='ltr'>de</span> <span class='ocrx_word' id='word_1_446' title='bbox 577 3691 775 3747; x_wconf 90' lang='lat' dir='ltr'>vestris</span> <span class='ocrx_word' id='word_1_447' title='bbox 815 3690 982 3762; x_wconf 88' lang='lat' dir='ltr'>justis</span> <span class='ocrx_word' id='word_1_448' title='bbox 1033 3691 1315 3746; x_wconf 89' lang='lat' dir='ltr'>laboribus</span> <span class='ocrx_word' id='word_1_449' title='bbox 1358 3690 1733 3762; x_wconf 87' lang='lat' dir='ltr'>eleemosynas</span> 
     </span>
    </p>
   </div>
   <div class='ocr_carea' id='block_1_56' title="bbox 123 3778 1731 3853">
    <p class='ocr_par' dir='ltr' id='par_1_56' title="bbox 123 3778 1731 3853">
     <span class='ocr_line' id='line_1_56' title="bbox 123 3778 1731 3853; baseline -0.002 -17"><span class='ocrx_word' id='word_1_450' title='bbox 123 3779 408 3848; x_wconf 88' lang='lat' dir='ltr'>faciendo,</span> <span class='ocrx_word' id='word_1_451' title='bbox 443 3787 661 3851; x_wconf 89' lang='lat' dir='ltr'>peccata</span> <span class='ocrx_word' id='word_1_452' title='bbox 683 3787 861 3837; x_wconf 89' lang='lat' dir='ltr'>vestra</span> <span class='ocrx_word' id='word_1_453' title='bbox 882 3779 1104 3853; x_wconf 91' lang='lat' dir='ltr'>possitis</span> <span class='ocrx_word' id='word_1_454' title='bbox 1125 3779 1413 3848; x_wconf 89' lang='lat' dir='ltr'>redimere,</span> <span class='ocrx_word' id='word_1_455' title='bbox 1431 3778 1731 3836; x_wconf 90' lang='lat' dir='ltr'>secundum</span> 
     </span>
    </p>
   </div>
   <div class='ocr_carea' id='block_1_57' title="bbox 125 3868 1731 3942">
    <p class='ocr_par' dir='ltr' id='par_1_57' title="bbox 125 3868 1731 3942">
     <span class='ocr_line' id='line_1_57' title="bbox 125 3868 1731 3942; baseline -0.001 -18"><span class='ocrx_word' id='word_1_456' title='bbox 125 3868 281 3942; x_wconf 88' lang='lat' dir='ltr'>quod</span> <span class='ocrx_word' id='word_1_457' title='bbox 314 3869 578 3940; x_wconf 90' lang='lat' dir='ltr'>scriptum</span> <span class='ocrx_word' id='word_1_458' title='bbox 613 3877 697 3925; x_wconf 91' lang='lat' dir='ltr'>est</span> <span class='ocrx_word' id='word_1_459' title='bbox 734 3888 744 3925; x_wconf 91' lang='lat'><em>:</em></span> <span class='ocrx_word' id='word_1_460' title='bbox 791 3892 808 3916; x_wconf 78' lang='grc' dir='ltr'>ι</span> <span class='ocrx_word' id='word_1_461' title='bbox 844 3869 998 3925; x_wconf 90' lang='lat' dir='ltr'>Sicut</span> <span class='ocrx_word' id='word_1_462' title='bbox 1027 3885 1167 3942; x_wconf 91' lang='lat' dir='ltr'>aqua</span> <span class='ocrx_word' id='word_1_463' title='bbox 1196 3869 1500 3941; x_wconf 77' lang='lat' dir='ltr'>exstinguit</span> <span class='ocrx_word' id='word_1_464' title='bbox 1528 3868 1731 3942; x_wconf 82' lang='lat' dir='ltr'>ignem,</span> 
     </span>
    </p>
   </div>
   <div class='ocr_carea' id='block_1_58' title="bbox 126 3958 1722 4031">
    <p class='ocr_par' dir='ltr' id='par_1_58' title="bbox 126 3958 1722 4031">
     <span class='ocr_line' id='line_1_58' title="bbox 126 3958 1722 4031; baseline -0.001 -17"><span class='ocrx_word' id='word_1_465' title='bbox 126 3959 209 4014; x_wconf 88' lang='lat' dir='ltr'>ita</span> <span class='ocrx_word' id='word_1_466' title='bbox 240 3959 592 4030; x_wconf 89' lang='lat' dir='ltr'>eleemosyna</span> <span class='ocrx_word' id='word_1_467' title='bbox 612 3958 916 4031; x_wconf 85' lang='lat' dir='ltr'>exstinguit</span> <span class='ocrx_word' id='word_1_468' title='bbox 947 3967 1229 4031; x_wconf 88' lang='lat' dir='ltr'>peccatum</span> <span class='ocrx_word' id='word_1_469' title='bbox 1257 3959 1446 4031; x_wconf 86' lang='lat' dir='ltr'>(Eccli.</span> <span class='ocrx_word' id='word_1_470' title='bbox 1476 3976 1558 4027; x_wconf 86' lang='lat' dir='ltr'>III,</span> <span class='ocrx_word' id='word_1_471' title='bbox 1581 3958 1722 4030; x_wconf 77' lang='lat'>35).-</span> 
     </span>
    </p>
   </div>
   <div class='ocr_carea' id='block_1_59' title="bbox 127 4046 1736 4121">
    <p class='ocr_par' dir='ltr' id='par_1_59' title="bbox 127 4046 1736 4121">
     <span class='ocr_line' id='line_1_59' title="bbox 127 4046 1736 4121; baseline -0.001 -17"><span class='ocrx_word' id='word_1_472' title='bbox 127 4049 202 4104; x_wconf 89' lang='lat' dir='ltr'>Et</span> <span class='ocrx_word' id='word_1_473' title='bbox 237 4046 344 4102; x_wconf 92' lang='lat' dir='ltr'>hoc</span> <span class='ocrx_word' id='word_1_474' title='bbox 389 4046 564 4103; x_wconf 86' lang='lat' dir='ltr'>facere</span> <span class='ocrx_word' id='word_1_475' title='bbox 612 4047 822 4104; x_wconf 89' lang='lat' dir='ltr'>debetis</span> <span class='ocrx_word' id='word_1_476' title='bbox 871 4048 1011 4119; x_wconf 82' lang='lat'>(91),</span> <span class='ocrx_word' id='word_1_477' title='bbox 1067 4048 1198 4121; x_wconf 88' lang='lat' dir='ltr'>quia</span> <span class='ocrx_word' id='word_1_478' title='bbox 1217 4047 1595 4120; x_wconf 90' lang='lat' dir='ltr'>unusquisque</span> <span class='ocrx_word' id='word_1_479' title='bbox 1641 4063 1736 4102; x_wconf 82' lang='lat' dir='ltr'>se-</span> 
     </span>
    </p>
   </div>
   <div class='ocr_carea' id='block_1_60' title="bbox 129 4135 1732 4209">
    <p class='ocr_par' dir='ltr' id='par_1_60' title="bbox 129 4135 1732 4209">
     <span class='ocr_line' id='line_1_60' title="bbox 129 4135 1732 4209; baseline -0.002 -17"><span class='ocrx_word' id='word_1_480' title='bbox 129 4135 383 4192; x_wconf 87' lang='lat' dir='ltr'>cundum</span> <span class='ocrx_word' id='word_1_481' title='bbox 417 4135 566 4209; x_wconf 92' lang='lat' dir='ltr'>quod</span> <span class='ocrx_word' id='word_1_482' title='bbox 589 4135 774 4204; x_wconf 90' lang='lat' dir='ltr'>habet,</span> <span class='ocrx_word' id='word_1_483' title='bbox 814 4135 976 4192; x_wconf 90' lang='lat' dir='ltr'>debet</span> <span class='ocrx_word' id='word_1_484' title='bbox 1021 4136 1267 4192; x_wconf 88' lang='lat' dir='ltr'>tribuere</span> <span class='ocrx_word' id='word_1_485' title='bbox 1313 4136 1689 4207; x_wconf 89' lang='lat' dir='ltr'>indigentibus</span> <span class='ocrx_word' id='word_1_486' title='bbox 1719 4151 1732 4189; x_wconf 91' lang='lat'><strong>:</strong></span> 
     </span>
    </p>
   </div>
   <div class='ocr_carea' id='block_1_61' title="bbox 130 4225 1738 4298">
    <p class='ocr_par' dir='ltr' id='par_1_61' title="bbox 130 4225 1738 4298">
     <span class='ocr_line' id='line_1_61' title="bbox 130 4225 1738 4298; baseline 0.001 -18"><span class='ocrx_word' id='word_1_487' title='bbox 130 4225 189 4282; x_wconf 91' lang='lat' dir='ltr'>id</span> <span class='ocrx_word' id='word_1_488' title='bbox 225 4233 329 4294; x_wconf 91' lang='lat' dir='ltr'>est,</span> <span class='ocrx_word' id='word_1_489' title='bbox 363 4226 457 4298; x_wconf 90' lang='lat' dir='ltr'>qui</span> <span class='ocrx_word' id='word_1_490' title='bbox 486 4227 649 4283; x_wconf 89' lang='lat' dir='ltr'>habet</span> <span class='ocrx_word' id='word_1_491' title='bbox 676 4228 934 4295; x_wconf 91' lang='lat' dir='ltr'>multum,</span> <span class='ocrx_word' id='word_1_492' title='bbox 968 4227 1128 4282; x_wconf 90' lang='lat' dir='ltr'>debet</span> <span class='ocrx_word' id='word_1_493' title='bbox 1160 4227 1406 4282; x_wconf 91' lang='lat' dir='ltr'>tribuere</span> <span class='ocrx_word' id='word_1_494' title='bbox 1440 4228 1648 4282; x_wconf 91' lang='lat' dir='ltr'>multa:</span> <span class='ocrx_word' id='word_1_495' title='bbox 1684 4233 1738 4282; x_wconf 89' lang='lat' dir='ltr'>et</span> 
     </span>
    </p>
   </div>
   <div class='ocr_carea' id='block_1_62' title="bbox 131 4316 1735 4391">
    <p class='ocr_par' dir='ltr' id='par_1_62' title="bbox 131 4316 1735 4391">
     <span class='ocr_line' id='line_1_62' title="bbox 131 4316 1735 4391; baseline -0.001 -20"><span class='ocrx_word' id='word_1_496' title='bbox 131 4316 234 4390; x_wconf 90' lang='lat' dir='ltr'>qui</span> <span class='ocrx_word' id='word_1_497' title='bbox 284 4333 478 4387; x_wconf 89' lang='lat' dir='ltr'>parum</span> <span class='ocrx_word' id='word_1_498' title='bbox 530 4317 716 4386; x_wconf 90' lang='lat' dir='ltr'>habet,</span> <span class='ocrx_word' id='word_1_499' title='bbox 761 4318 922 4375; x_wconf 91' lang='lat' dir='ltr'>debet</span> <span class='ocrx_word' id='word_1_500' title='bbox 975 4334 1167 4391; x_wconf 89' lang='lat' dir='ltr'>parum</span> <span class='ocrx_word' id='word_1_501' title='bbox 1226 4318 1376 4386; x_wconf 89' lang='lat' dir='ltr'>dare,</span> <span class='ocrx_word' id='word_1_502' title='bbox 1436 4317 1735 4373; x_wconf 89' lang='lat' dir='ltr'>secundum</span> 
     </span>
    </p>
   </div>
   <div class='ocr_carea' id='block_1_63' title="bbox 133 4405 1732 4480">
    <p class='ocr_par' dir='ltr' id='par_1_63' title="bbox 133 4405 1732 4480">
     <span class='ocr_line' id='line_1_63' title="bbox 133 4405 1732 4480; baseline 0.001 -20"><span class='ocrx_word' id='word_1_503' title='bbox 133 4405 288 4479; x_wconf 88' lang='lat' dir='ltr'>quod</span> <span class='ocrx_word' id='word_1_504' title='bbox 326 4407 442 4478; x_wconf 78' lang='lat'>(92)</span> <span class='ocrx_word' id='word_1_505' title='bbox 476 4417 697 4464; x_wconf 91' lang='lat' dir='ltr'>sanctus</span> <span class='ocrx_word' id='word_1_506' title='bbox 727 4408 924 4464; x_wconf 91' lang='lat' dir='ltr'>Tobias</span> <span class='ocrx_word' id='word_1_507' title='bbox 960 4424 1114 4480; x_wconf 87' lang='lat' dir='ltr'>agere</span> <span class='ocrx_word' id='word_1_508' title='bbox 1145 4407 1334 4463; x_wconf 89' lang='lat' dir='ltr'>docuit</span> <span class='ocrx_word' id='word_1_509' title='bbox 1364 4406 1540 4462; x_wconf 89' lang='lat' dir='ltr'>ﬁlium</span> <span class='ocrx_word' id='word_1_510' title='bbox 1572 4423 1732 4463; x_wconf 90' lang='lat' dir='ltr'>suum</span> 
     </span>
    </p>
   </div>
   <div class='ocr_carea' id='block_1_64' title="bbox 136 4496 1731 4571">
    <p class='ocr_par' dir='ltr' id='par_1_64' title="bbox 136 4496 1731 4571">
     <span class='ocr_line' id='line_1_64' title="bbox 136 4496 1731 4571; baseline 0 -18"><span class='ocrx_word' id='word_1_511' title='bbox 136 4496 302 4569; x_wconf 89' lang='lat' dir='ltr'>(Tob.</span> <span class='ocrx_word' id='word_1_512' title='bbox 346 4514 422 4564; x_wconf 81' lang='lat' dir='ltr'>IV,</span> <span class='ocrx_word' id='word_1_513' title='bbox 479 4498 560 4568; x_wconf 89' lang='lat'>9).</span> <span class='ocrx_word' id='word_1_514' title='bbox 619 4499 756 4556; x_wconf 87' lang='lat' dir='ltr'>Cum</span> <span class='ocrx_word' id='word_1_515' title='bbox 809 4499 999 4570; x_wconf 85' lang='lat' dir='ltr'>grandi</span> <span class='ocrx_word' id='word_1_516' title='bbox 1049 4515 1265 4571; x_wconf 85' lang='lat' dir='ltr'>quoque</span> <span class='ocrx_word' id='word_1_517' title='bbox 1295 4498 1479 4554; x_wconf 90' lang='lat' dir='ltr'>studio</span> <span class='ocrx_word' id='word_1_518' title='bbox 1527 4506 1580 4554; x_wconf 89' lang='lat' dir='ltr'>et</span> <span class='ocrx_word' id='word_1_519' title='bbox 1606 4515 1731 4555; x_wconf 91' lang='lat' dir='ltr'>cum</span> 
     </span>
    </p>
   </div>
   <div class='ocr_carea' id='block_1_65' title="bbox 134 4586 1735 4662">
    <p class='ocr_par' dir='ltr' id='par_1_65' title="bbox 134 4586 1735 4662">
     <span class='ocr_line' id='line_1_65' title="bbox 134 4586 1735 4662; baseline 0.002 -19"><span class='ocrx_word' id='word_1_520' title='bbox 134 4587 355 4659; x_wconf 88' lang='lat' dir='ltr'>ingenti</span> <span class='ocrx_word' id='word_1_521' title='bbox 386 4586 649 4645; x_wconf 84' lang='lat' dir='ltr'>aviditate</span> <span class='ocrx_word' id='word_1_522' title='bbox 676 4589 876 4645; x_wconf 91' lang='lat' dir='ltr'>debent</span> <span class='ocrx_word' id='word_1_523' title='bbox 904 4589 1202 4647; x_wconf 87' lang='lat' dir='ltr'>Christiani</span> <span class='ocrx_word' id='word_1_524' title='bbox 1247 4591 1620 4662; x_wconf 80' lang='lat' dir='ltr'>eleemosynas</span> <span class='ocrx_word' id='word_1_525' title='bbox 1651 4590 1735 4646; x_wconf 83' lang='lat' dir='ltr'>fa-</span> 
     </span>
    </p>
   </div>
   <div class='ocr_carea' id='block_1_66' title="bbox 135 4679 1732 4751">
    <p class='ocr_par' dir='ltr' id='par_1_66' title="bbox 135 4679 1732 4751">
     <span class='ocr_line' id='line_1_66' title="bbox 135 4679 1732 4751; baseline 0.001 -16"><span class='ocrx_word' id='word_1_526' title='bbox 135 4695 291 4745; x_wconf 88' lang='lat' dir='ltr'>cere;</span> <span class='ocrx_word' id='word_1_527' title='bbox 328 4685 390 4733; x_wconf 90' lang='lat' dir='ltr'>ut</span> <span class='ocrx_word' id='word_1_528' title='bbox 422 4687 735 4736; x_wconf 90' lang='lat' dir='ltr'>mereantur</span> <span class='ocrx_word' id='word_1_529' title='bbox 765 4679 821 4734; x_wconf 92' lang='lat' dir='ltr'>in</span> <span class='ocrx_word' id='word_1_530' title='bbox 854 4679 942 4735; x_wconf 91' lang='lat' dir='ltr'>die</span> <span class='ocrx_word' id='word_1_531' title='bbox 966 4679 1374 4751; x_wconf 90' lang='lat' dir='ltr'>judiciiaudire</span> <span class='ocrx_word' id='word_1_532' title='bbox 1400 4698 1430 4735; x_wconf 91' lang='lat' dir='ltr'>a</span> <span class='ocrx_word' id='word_1_533' title='bbox 1460 4681 1695 4736; x_wconf 91' lang='lat' dir='ltr'>Domino</span> <span class='ocrx_word' id='word_1_534' title='bbox 1721 4698 1732 4736; x_wconf 94' lang='lat'><strong>:</strong></span> 
     </span>
    </p>
   </div>
   <div class='ocr_carea' id='block_1_67' title="bbox 151 4767 1739 4836">
    <p class='ocr_par' dir='ltr' id='par_1_67' title="bbox 151 4767 1739 4836">
     <span class='ocr_line' id='line_1_67' title="bbox 151 4767 1739 4836; baseline 0.003 -15"><span class='ocrx_word' id='word_1_535' title='bbox 151 4793 171 4816; x_wconf 77' lang='grc' dir='ltr'>ι</span> <span class='ocrx_word' id='word_1_536' title='bbox 212 4767 465 4836; x_wconf 89' lang='lat' dir='ltr'>Esurivi,</span> <span class='ocrx_word' id='word_1_537' title='bbox 498 4777 551 4824; x_wconf 91' lang='lat' dir='ltr'>et</span> <span class='ocrx_word' id='word_1_538' title='bbox 591 4769 822 4825; x_wconf 89' lang='lat' dir='ltr'>dedistis</span> <span class='ocrx_word' id='word_1_539' title='bbox 861 4770 1001 4825; x_wconf 90' lang='lat' dir='ltr'>mihi</span> <span class='ocrx_word' id='word_1_540' title='bbox 1049 4769 1422 4826; x_wconf 88' lang='lat' dir='ltr'>manducare:</span> <span class='ocrx_word' id='word_1_541' title='bbox 1479 4770 1655 4836; x_wconf 89' lang='lat' dir='ltr'>sitivi,</span> <span class='ocrx_word' id='word_1_542' title='bbox 1685 4778 1739 4825; x_wconf 91' lang='lat' dir='ltr'>et</span> 
     </span>
    </p>
   </div>
   <div class='ocr_carea' id='block_1_68' title="bbox 138 4857 1742 4931">
    <p class='ocr_par' dir='ltr' id='par_1_68' title="bbox 138 4857 1742 4931">
     <span class='ocr_line' id='line_1_68' title="bbox 138 4857 1742 4931; baseline -0.002 -16"><span class='ocrx_word' id='word_1_543' title='bbox 138 4857 378 4915; x_wconf 88' lang='lat' dir='ltr'>dedistis</span> <span class='ocrx_word' id='word_1_544' title='bbox 431 4859 569 4914; x_wconf 91' lang='lat' dir='ltr'>mihi</span> <span class='ocrx_word' id='word_1_545' title='bbox 605 4859 790 4916; x_wconf 88' lang='lat' dir='ltr'>bibere</span> <span class='ocrx_word' id='word_1_546' title='bbox 825 4879 835 4916; x_wconf 94' lang='lat'>:</span> <span class='ocrx_word' id='word_1_547' title='bbox 898 4859 1094 4930; x_wconf 90' lang='lat' dir='ltr'>hospes</span> <span class='ocrx_word' id='word_1_548' title='bbox 1148 4875 1320 4924; x_wconf 90' lang='lat' dir='ltr'>eram,</span> <span class='ocrx_word' id='word_1_549' title='bbox 1363 4867 1415 4915; x_wconf 92' lang='lat' dir='ltr'>et</span> <span class='ocrx_word' id='word_1_550' title='bbox 1445 4857 1742 4931; x_wconf 86' lang='lat' dir='ltr'>collegistis</span> 
     </span>
    </p>
   </div>
   <div class='ocr_carea' id='block_1_69' title="bbox 140 4947 1741 5018">
    <p class='ocr_par' dir='ltr' id='par_1_69' title="bbox 140 4947 1741 5018">
     <span class='ocr_line' id='line_1_69' title="bbox 140 4947 1741 5018; baseline -0.001 -15"><span class='ocrx_word' id='word_1_551' title='bbox 140 4964 232 5003; x_wconf 89' lang='lat' dir='ltr'>me</span> <span class='ocrx_word' id='word_1_552' title='bbox 276 4967 287 5004; x_wconf 94' lang='lat'><strong>:</strong></span> <span class='ocrx_word' id='word_1_553' title='bbox 326 4949 508 5004; x_wconf 90' lang='lat' dir='ltr'>nudus</span> <span class='ocrx_word' id='word_1_554' title='bbox 537 4965 704 5018; x_wconf 92' lang='lat' dir='ltr'>eram,</span> <span class='ocrx_word' id='word_1_555' title='bbox 733 4958 786 5006; x_wconf 92' lang='lat' dir='ltr'>et</span> <span class='ocrx_word' id='word_1_556' title='bbox 815 4949 1058 5006; x_wconf 89' lang='lat' dir='ltr'>vestistis</span> <span class='ocrx_word' id='word_1_557' title='bbox 1085 4967 1170 5004; x_wconf 91' lang='lat' dir='ltr'>me</span> <span class='ocrx_word' id='word_1_558' title='bbox 1205 4967 1216 5004; x_wconf 89' lang='lat'><em>:</em></span> <span class='ocrx_word' id='word_1_559' title='bbox 1253 4949 1524 5016; x_wconf 90' lang='lat' dir='ltr'>inﬁrmus,</span> <span class='ocrx_word' id='word_1_560' title='bbox 1561 4957 1614 5003; x_wconf 91' lang='lat' dir='ltr'>et</span> <span class='ocrx_word' id='word_1_561' title='bbox 1663 4947 1741 5002; x_wconf 84' lang='lat' dir='ltr'>vi-</span> 
     </span>
    </p>
   </div>
   <div class='ocr_carea' id='block_1_70' title="bbox 141 5036 1744 5106">
    <p class='ocr_par' dir='ltr' id='par_1_70' title="bbox 141 5036 1744 5106">
     <span class='ocr_line' id='line_1_70' title="bbox 141 5036 1744 5106; baseline -0.003 -12"><span class='ocrx_word' id='word_1_562' title='bbox 141 5037 328 5094; x_wconf 88' lang='lat' dir='ltr'>sitatis</span> <span class='ocrx_word' id='word_1_563' title='bbox 359 5054 446 5093; x_wconf 90' lang='lat' dir='ltr'>me</span> <span class='ocrx_word' id='word_1_564' title='bbox 484 5056 495 5093; x_wconf 90' lang='lat'>:</span> <span class='ocrx_word' id='word_1_565' title='bbox 530 5037 587 5093; x_wconf 92' lang='lat' dir='ltr'>in</span> <span class='ocrx_word' id='word_1_566' title='bbox 618 5056 833 5095; x_wconf 84' lang='lat' dir='ltr'>carcere</span> <span class='ocrx_word' id='word_1_567' title='bbox 863 5055 1032 5106; x_wconf 88' lang='lat' dir='ltr'>eram,</span> <span class='ocrx_word' id='word_1_568' title='bbox 1065 5047 1118 5094; x_wconf 93' lang='lat' dir='ltr'>et</span> <span class='ocrx_word' id='word_1_569' title='bbox 1147 5037 1379 5092; x_wconf 88' lang='lat' dir='ltr'>venistis</span> <span class='ocrx_word' id='word_1_570' title='bbox 1409 5037 1475 5091; x_wconf 89' lang='lat' dir='ltr'>ad</span> <span class='ocrx_word' id='word_1_571' title='bbox 1504 5054 1607 5092; x_wconf 91' lang='lat' dir='ltr'>me.</span> <span class='ocrx_word' id='word_1_572' title='bbox 1641 5036 1744 5091; x_wconf 87' lang='lat' dir='ltr'>Ve-</span> 
     </span>
    </p>
   </div>
   <div class='ocr_carea' id='block_1_71' title="bbox 223 5199 1749 5274">
    <p class='ocr_par' dir='ltr' id='par_1_71' title="bbox 223 5199 1749 5274">
     <span class='ocr_line' id='line_1_71' title="bbox 223 5199 1749 5274; baseline -0.004 -16"><span class='ocrx_word' id='word_1_573' title='bbox 223 5200 343 5272; x_wconf 89' lang='lat'>(90)</span> <span class='ocrx_word' id='word_1_574' title='bbox 370 5201 527 5257; x_wconf 87' lang='lat' dir='ltr'>Rom.</span> <span class='ocrx_word' id='word_1_575' title='bbox 561 5202 717 5268; x_wconf 90' lang='lat' dir='ltr'>edit.,</span> <span class='ocrx_word' id='word_1_576' title='bbox 741 5203 883 5274; x_wconf 85' lang='lat' dir='ltr'>quod</span> <span class='ocrx_word' id='word_1_577' title='bbox 911 5202 1141 5274; x_wconf 83' lang='lat' dir='ltr'>ﬁdeliter</span> <span class='ocrx_word' id='word_1_578' title='bbox 1169 5217 1273 5255; x_wconf 80' lang='lat' dir='ltr'>non</span> <span class='ocrx_word' id='word_1_579' title='bbox 1285 5199 1509 5274; x_wconf 64' lang='lat' dir='ltr'>dederit</span> <span class='ocrx_word' id='word_1_580' title='bbox 1523 5199 1749 5274; x_wconf 73' lang='lat' dir='ltr'>decimas</span> 
     </span>
    </p>
   </div>
   <div class='ocr_carea' id='block_1_72' title="bbox 146 5269 1746 5345">
    <p class='ocr_par' dir='ltr' id='par_1_72' title="bbox 146 5269 1746 5345">
     <span class='ocr_line' id='line_1_72' title="bbox 146 5269 1746 5345; baseline -0.002 -17"><span class='ocrx_word' id='word_1_581' title='bbox 146 5269 299 5342; x_wconf 68' lang='lat' dir='ltr'>suae,</span> <span class='ocrx_word' id='word_1_582' title='bbox 327 5269 486 5328; x_wconf 76' lang='lat' dir='ltr'>modo</span> <span class='ocrx_word' id='word_1_583' title='bbox 535 5269 780 5344; x_wconf 76' lang='lat' dir='ltr'>emendet,</span> <span class='ocrx_word' id='word_1_584' title='bbox 840 5269 981 5345; x_wconf 82' lang='lat' dir='ltr'>quod</span> <span class='ocrx_word' id='word_1_585' title='bbox 1037 5273 1212 5328; x_wconf 81' lang='lat' dir='ltr'>minus</span> <span class='ocrx_word' id='word_1_586' title='bbox 1268 5271 1408 5342; x_wconf 82' lang='lat' dir='ltr'>fecit.</span> <span class='ocrx_word' id='word_1_587' title='bbox 1477 5269 1616 5338; x_wconf 83' lang='lat' dir='ltr'>Quid</span> <span class='ocrx_word' id='word_1_588' title='bbox 1652 5274 1746 5325; x_wconf 84' lang='lat' dir='ltr'>est.</span> 
     </span>
    </p>
   </div>
   <div class='ocr_carea' id='block_1_73' title="bbox 229 5414 1751 5500">
    <p class='ocr_par' dir='ltr' id='par_1_73' title="bbox 229 5414 1751 5500">
     <span class='ocr_line' id='line_1_73' title="bbox 229 5414 1751 5500; baseline -0.004 -26"><span class='ocrx_word' id='word_1_589' title='bbox 229 5417 363 5500; x_wconf 42' lang='grc'>(91).</span> <span class='ocrx_word' id='word_1_590' title='bbox 386 5418 590 5500; x_wconf 70' lang='lat' dir='ltr'>Eadem</span> <span class='ocrx_word' id='word_1_591' title='bbox 623 5417 779 5500; x_wconf 63' lang='lat' dir='ltr'>edit.,</span> <span class='ocrx_word' id='word_1_592' title='bbox 822 5419 1082 5500; x_wconf 63' lang='lat' dir='ltr'>scriptum</span> <span class='ocrx_word' id='word_1_593' title='bbox 1111 5424 1228 5500; x_wconf 56' lang='lat' dir='ltr'>est:</span> <span class='ocrx_word' id='word_1_594' title='bbox 1255 5420 1471 5500; x_wconf 63' lang='lat' dir='ltr'>peccata</span> <span class='ocrx_word' id='word_1_595' title='bbox 1503 5420 1593 5468; x_wconf 88' lang='lat' dir='ltr'>tua</span> <span class='ocrx_word' id='word_1_596' title='bbox 1629 5414 1751 5468; x_wconf 83' lang='lat' dir='ltr'>elee-</span> 
     </span>
    </p>
   </div>
   <div class='ocr_carea' id='block_1_74' title="bbox 150 5488 1332 5562">
    <p class='ocr_par' dir='ltr' id='par_1_74' title="bbox 150 5488 1332 5562">
     <span class='ocr_line' id='line_1_74' title="bbox 150 5488 1332 5562; baseline -0.001 -18"><span class='ocrx_word' id='word_1_597' title='bbox 150 5488 390 5562; x_wconf 74' lang='lat' dir='ltr'>mosynis</span> <span class='ocrx_word' id='word_1_598' title='bbox 421 5491 744 5562; x_wconf 24' lang='lat' dir='ltr'>redimenEt</span> <span class='ocrx_word' id='word_1_599' title='bbox 766 5488 944 5546; x_wconf 72' lang='lat' dir='ltr'>adhuc</span> <span class='ocrx_word' id='word_1_600' title='bbox 967 5491 1098 5545; x_wconf 82' lang='lat' dir='ltr'>seire</span> <span class='ocrx_word' id='word_1_601' title='bbox 1124 5488 1332 5544; x_wconf 78' lang='lat' dir='ltr'>debetis.</span> 
     </span>
    </p>
   </div>
   <div class='ocr_carea' id='block_1_75' title="bbox 229 5555 1748 5634">
    <p class='ocr_par' dir='ltr' id='par_1_75' title="bbox 229 5555 1748 5634">
     <span class='ocr_line' id='line_1_75' title="bbox 229 5555 1748 5634; baseline -0.006 -16"><span class='ocrx_word' id='word_1_602' title='bbox 229 5555 352 5632; x_wconf 78' lang='lat'>(92)</span> <span class='ocrx_word' id='word_1_603' title='bbox 384 5562 543 5634; x_wconf 83' lang='lat' dir='ltr'>Rom.</span> <span class='ocrx_word' id='word_1_604' title='bbox 597 5561 754 5629; x_wconf 91' lang='lat' dir='ltr'>edit.,</span> <span class='ocrx_word' id='word_1_605' title='bbox 813 5562 977 5631; x_wconf 65' lang='lat' dir='ltr'>juxta</span> <span class='ocrx_word' id='word_1_606' title='bbox 1012 5579 1243 5634; x_wconf 81' lang='lat' dir='ltr'>paucam</span> <span class='ocrx_word' id='word_1_607' title='bbox 1280 5576 1386 5615; x_wconf 81' lang='lat' dir='ltr'>non</span> <span class='ocrx_word' id='word_1_608' title='bbox 1417 5557 1596 5614; x_wconf 84' lang='lat' dir='ltr'>timeat</span> <span class='ocrx_word' id='word_1_609' title='bbox 1626 5555 1748 5610; x_wconf 81' lang='lat' dir='ltr'>elee-</span> 
     </span>
    </p>
   </div>
   <div class='ocr_carea' id='block_1_76' title="bbox 154 5633 1320 5706">
    <p class='ocr_par' dir='ltr' id='par_1_76' title="bbox 154 5633 1320 5706">
     <span class='ocr_line' id='line_1_76' title="bbox 154 5633 1320 5706; baseline 0 -16"><span class='ocrx_word' id='word_1_610' title='bbox 154 5650 436 5706; x_wconf 72' lang='lat' dir='ltr'>mosynam</span> <span class='ocrx_word' id='word_1_611' title='bbox 475 5633 668 5706; x_wconf 78' lang='lat' dir='ltr'>facere,</span> <span class='ocrx_word' id='word_1_612' title='bbox 709 5634 990 5690; x_wconf 79' lang='lat' dir='ltr'>secundum</span> <span class='ocrx_word' id='word_1_613' title='bbox 1014 5633 1185 5704; x_wconf 18' lang='lat' dir='ltr'>iquod,</span> <span class='ocrx_word' id='word_1_614' title='bbox 1216 5641 1320 5692; x_wconf 86' lang='lat' dir='ltr'>etc.</span> 
     </span>
    </p>
   </div>
   <div class='ocr_carea' id='block_1_77' title="bbox 1843 1797 3439 1869">
    <p class='ocr_par' dir='ltr' id='par_1_77' title="bbox 1843 1797 3439 1869">
     <span class='ocr_line' id='line_1_77' title="bbox 1843 1797 3439 1869; baseline 0 -17"><span class='ocrx_word' id='word_1_615' title='bbox 1843 1812 1973 1852; x_wconf 90' lang='lat' dir='ltr'>nare</span> <span class='ocrx_word' id='word_1_616' title='bbox 2004 1797 2234 1868; x_wconf 89' lang='lat' dir='ltr'>possint.</span> <span class='ocrx_word' id='word_1_617' title='bbox 2288 1797 2486 1852; x_wconf 86' lang='lat' dir='ltr'>Moneo</span> <span class='ocrx_word' id='word_1_618' title='bbox 2542 1805 2890 1869; x_wconf 89' lang='lat' dir='ltr'>quapropter,</span> <span class='ocrx_word' id='word_1_619' title='bbox 2931 1803 2984 1851; x_wconf 93' lang='lat' dir='ltr'>et</span> <span class='ocrx_word' id='word_1_620' title='bbox 3013 1804 3288 1852; x_wconf 89' lang='lat' dir='ltr'>contestor</span> <span class='ocrx_word' id='word_1_621' title='bbox 3340 1811 3439 1852; x_wconf 86' lang='lat' dir='ltr'>vos</span> 
     </span>
    </p>
   </div>
   <div class='ocr_carea' id='block_1_78' title="bbox 1843 1883 3435 1954">
    <p class='ocr_par' dir='ltr' id='par_1_78' title="bbox 1843 1883 3435 1954">
     <span class='ocr_line' id='line_1_78' title="bbox 1843 1883 3435 1954; baseline -0.001 -13"><span class='ocrx_word' id='word_1_622' title='bbox 1843 1886 1900 1941; x_wconf 93' lang='lat' dir='ltr'>in</span> <span class='ocrx_word' id='word_1_623' title='bbox 1930 1885 2190 1954; x_wconf 91' lang='lat' dir='ltr'>Domino,</span> <span class='ocrx_word' id='word_1_624' title='bbox 2231 1893 2293 1940; x_wconf 91' lang='lat' dir='ltr'>ut</span> <span class='ocrx_word' id='word_1_625' title='bbox 2339 1886 2529 1940; x_wconf 91' lang='lat' dir='ltr'>nullus</span> <span class='ocrx_word' id='word_1_626' title='bbox 2559 1893 2825 1952; x_wconf 88' lang='lat' dir='ltr'>vestrum,</span> <span class='ocrx_word' id='word_1_627' title='bbox 2857 1883 2965 1940; x_wconf 89' lang='lat' dir='ltr'>nisi</span> <span class='ocrx_word' id='word_1_628' title='bbox 2996 1883 3136 1942; x_wconf 88' lang='lat' dir='ltr'>forte</span> <span class='ocrx_word' id='word_1_629' title='bbox 3165 1885 3238 1942; x_wconf 86' lang='lat' dir='ltr'>sit</span> <span class='ocrx_word' id='word_1_630' title='bbox 3265 1885 3435 1941; x_wconf 89' lang='lat' dir='ltr'>inﬁr-</span> 
     </span>
    </p>
   </div>
   <div class='ocr_carea' id='block_1_79' title="bbox 1843 1975 3437 2050">
    <p class='ocr_par' dir='ltr' id='par_1_79' title="bbox 1843 1975 3437 2050">
     <span class='ocr_line' id='line_1_79' title="bbox 1843 1975 3437 2050; baseline -0.001 -16"><span class='ocrx_word' id='word_1_631' title='bbox 1843 1994 1984 2047; x_wconf 92' lang='lat' dir='ltr'>mus,</span> <span class='ocrx_word' id='word_1_632' title='bbox 2018 1985 2112 2034; x_wconf 88' lang='lat' dir='ltr'>aut</span> <span class='ocrx_word' id='word_1_633' title='bbox 2142 1977 2347 2046; x_wconf 85' lang='lat' dir='ltr'>infans,</span> <span class='ocrx_word' id='word_1_634' title='bbox 2376 1993 2550 2050; x_wconf 91' lang='lat' dir='ltr'>usque</span> <span class='ocrx_word' id='word_1_635' title='bbox 2580 1975 2647 2032; x_wconf 87' lang='lat' dir='ltr'>ad</span> <span class='ocrx_word' id='word_1_636' title='bbox 2670 1975 2895 2044; x_wconf 88' lang='lat' dir='ltr'>Pascha,</span> <span class='ocrx_word' id='word_1_637' title='bbox 2925 1984 2980 2032; x_wconf 90' lang='lat' dir='ltr'>et</span> <span class='ocrx_word' id='word_1_638' title='bbox 3008 1977 3116 2033; x_wconf 92' lang='lat' dir='ltr'>nisi</span> <span class='ocrx_word' id='word_1_639' title='bbox 3146 1977 3204 2032; x_wconf 91' lang='lat' dir='ltr'>in</span> <span class='ocrx_word' id='word_1_640' title='bbox 3233 1976 3437 2034; x_wconf 89' lang='lat' dir='ltr'>Domi-</span> 
     </span>
    </p>
   </div>
   <div class='ocr_carea' id='block_1_80' title="bbox 1842 2066 3254 2138">
    <p class='ocr_par' dir='ltr' id='par_1_80' title="bbox 1842 2066 3254 2138">
     <span class='ocr_line' id='line_1_80' title="bbox 1842 2066 3254 2138; baseline -0.001 -13"><span class='ocrx_word' id='word_1_641' title='bbox 1842 2069 1983 2126; x_wconf 91' lang='lat' dir='ltr'>nicis</span> <span class='ocrx_word' id='word_1_642' title='bbox 2011 2069 2226 2138; x_wconf 88' lang='lat' dir='ltr'>diebus,</span> <span class='ocrx_word' id='word_1_643' title='bbox 2257 2075 2382 2124; x_wconf 91' lang='lat' dir='ltr'>ante</span> <span class='ocrx_word' id='word_1_644' title='bbox 2407 2083 2610 2124; x_wconf 91' lang='lat' dir='ltr'>nonam</span> <span class='ocrx_word' id='word_1_645' title='bbox 2643 2066 2937 2123; x_wconf 87' lang='lat' dir='ltr'>manducet</span> <span class='ocrx_word' id='word_1_646' title='bbox 2956 2076 3052 2124; x_wconf 88' lang='lat' dir='ltr'>aut</span> <span class='ocrx_word' id='word_1_647' title='bbox 3080 2067 3254 2124; x_wconf 88' lang='lat' dir='ltr'>bibat.</span> 
     </span>
    </p>
   </div>
   <div class='ocr_carea' id='block_1_81' title="bbox 1911 2157 3432 2232">
    <p class='ocr_par' dir='ltr' id='par_1_81' title="bbox 1911 2157 3432 2232">
     <span class='ocr_line' id='line_1_81' title="bbox 1911 2157 3432 2232; baseline 0 -16"><span class='ocrx_word' id='word_1_648' title='bbox 1911 2161 1964 2216; x_wconf 83' lang='lat'>5.</span> <span class='ocrx_word' id='word_1_649' title='bbox 1995 2161 2190 2216; x_wconf 91' lang='lat' dir='ltr'>Moneo</span> <span class='ocrx_word' id='word_1_650' title='bbox 2242 2160 2407 2215; x_wconf 88' lang='lat' dir='ltr'>etiam</span> <span class='ocrx_word' id='word_1_651' title='bbox 2436 2167 2498 2216; x_wconf 93' lang='lat' dir='ltr'>ut</span> <span class='ocrx_word' id='word_1_652' title='bbox 2543 2158 2640 2232; x_wconf 90' lang='lat' dir='ltr'>qui</span> <span class='ocrx_word' id='word_1_653' title='bbox 2681 2157 2843 2229; x_wconf 85' lang='lat' dir='ltr'>juxta</span> <span class='ocrx_word' id='word_1_654' title='bbox 2884 2158 3186 2215; x_wconf 86' lang='lat' dir='ltr'>Ecclesiam</span> <span class='ocrx_word' id='word_1_655' title='bbox 3243 2165 3346 2227; x_wconf 89' lang='lat' dir='ltr'>est,</span> <span class='ocrx_word' id='word_1_656' title='bbox 3377 2167 3432 2216; x_wconf 90' lang='lat' dir='ltr'>et</span> 
     </span>
    </p>
   </div>
   <div class='ocr_carea' id='block_1_82' title="bbox 1841 2246 3434 2320">
    <p class='ocr_par' dir='ltr' id='par_1_82' title="bbox 1841 2246 3434 2320">
     <span class='ocr_line' id='line_1_82' title="bbox 1841 2246 3434 2320; baseline -0.002 -14"><span class='ocrx_word' id='word_1_657' title='bbox 1841 2266 2126 2306; x_wconf 90' lang='lat' dir='ltr'>occurrere</span> <span class='ocrx_word' id='word_1_658' title='bbox 2147 2256 2328 2320; x_wconf 90' lang='lat' dir='ltr'>potest</span> <span class='ocrx_word' id='word_1_659' title='bbox 2345 2249 2484 2320; x_wconf 82' lang='grc'>(94),</span> <span class='ocrx_word' id='word_1_660' title='bbox 2518 2248 2763 2320; x_wconf 91' lang='lat' dir='ltr'>quotidie</span> <span class='ocrx_word' id='word_1_661' title='bbox 2783 2248 2968 2304; x_wconf 90' lang='lat' dir='ltr'>audiat</span> <span class='ocrx_word' id='word_1_662' title='bbox 2986 2247 3207 2304; x_wconf 90' lang='lat' dir='ltr'>missam</span> <span class='ocrx_word' id='word_1_663' title='bbox 3232 2265 3246 2315; x_wconf 86' lang='lat'><strong>;</strong></span> <span class='ocrx_word' id='word_1_664' title='bbox 3270 2254 3322 2303; x_wconf 89' lang='lat' dir='ltr'>et</span> <span class='ocrx_word' id='word_1_665' title='bbox 3337 2246 3434 2320; x_wconf 92' lang='lat' dir='ltr'>qui</span> 
     </span>
    </p>
   </div>
   <div class='ocr_carea' id='block_1_83' title="bbox 1841 2337 3432 2410">
    <p class='ocr_par' dir='ltr' id='par_1_83' title="bbox 1841 2337 3432 2410">
     <span class='ocr_line' id='line_1_83' title="bbox 1841 2337 3432 2410; baseline -0.001 -16"><span class='ocrx_word' id='word_1_666' title='bbox 1841 2346 2036 2410; x_wconf 90' lang='lat' dir='ltr'>potest,</span> <span class='ocrx_word' id='word_1_667' title='bbox 2069 2338 2223 2393; x_wconf 91' lang='lat' dir='ltr'>omni</span> <span class='ocrx_word' id='word_1_668' title='bbox 2276 2344 2436 2394; x_wconf 90' lang='lat' dir='ltr'>nocte</span> <span class='ocrx_word' id='word_1_669' title='bbox 2472 2337 2540 2392; x_wconf 89' lang='lat' dir='ltr'>ad</span> <span class='ocrx_word' id='word_1_670' title='bbox 2572 2337 2905 2393; x_wconf 88' lang='lat' dir='ltr'>matutinum</span> <span class='ocrx_word' id='word_1_671' title='bbox 2939 2337 3184 2394; x_wconf 80' lang='lat' dir='ltr'>ofﬁcium</span> <span class='ocrx_word' id='word_1_672' title='bbox 3225 2337 3432 2393; x_wconf 87' lang='lat' dir='ltr'>veniat.</span> 
     </span>
    </p>
   </div>
   <div class='ocr_carea' id='block_1_84' title="bbox 1841 2425 3434 2498">
    <p class='ocr_par' dir='ltr' id='par_1_84' title="bbox 1841 2425 3434 2498">
     <span class='ocr_line' id='line_1_84' title="bbox 1841 2425 3434 2498; baseline 0 -15"><span class='ocrx_word' id='word_1_673' title='bbox 1841 2429 1945 2495; x_wconf 92' lang='lat' dir='ltr'>Qui</span> <span class='ocrx_word' id='word_1_674' title='bbox 1977 2445 2106 2483; x_wconf 87' lang='lat' dir='ltr'>vero</span> <span class='ocrx_word' id='word_1_675' title='bbox 2129 2429 2289 2498; x_wconf 89' lang='lat' dir='ltr'>longe</span> <span class='ocrx_word' id='word_1_676' title='bbox 2317 2426 2386 2482; x_wconf 89' lang='lat' dir='ltr'>ab</span> <span class='ocrx_word' id='word_1_677' title='bbox 2420 2426 2668 2482; x_wconf 85' lang='lat' dir='ltr'>Ecclesia</span> <span class='ocrx_word' id='word_1_678' title='bbox 2695 2433 2938 2494; x_wconf 90' lang='lat' dir='ltr'>manent,</span> <span class='ocrx_word' id='word_1_679' title='bbox 2967 2426 3121 2482; x_wconf 91' lang='lat' dir='ltr'>omni</span> <span class='ocrx_word' id='word_1_680' title='bbox 3142 2425 3434 2484; x_wconf 88' lang='lat' dir='ltr'>Dominica</span> 
     </span>
    </p>
   </div>
   <div class='ocr_carea' id='block_1_85' title="bbox 1840 2514 3436 2584">
    <p class='ocr_par' dir='ltr' id='par_1_85' title="bbox 1840 2514 3436 2584">
     <span class='ocr_line' id='line_1_85' title="bbox 1840 2514 3436 2584; baseline -0.001 -11"><span class='ocrx_word' id='word_1_681' title='bbox 1840 2517 2098 2573; x_wconf 88' lang='lat' dir='ltr'>studeant</span> <span class='ocrx_word' id='word_1_682' title='bbox 2127 2515 2195 2572; x_wconf 90' lang='lat' dir='ltr'>ad</span> <span class='ocrx_word' id='word_1_683' title='bbox 2228 2514 2559 2570; x_wconf 87' lang='lat' dir='ltr'>Matutinum</span> <span class='ocrx_word' id='word_1_684' title='bbox 2603 2515 2826 2572; x_wconf 90' lang='lat' dir='ltr'>venire:</span> <span class='ocrx_word' id='word_1_685' title='bbox 2861 2514 2919 2570; x_wconf 93' lang='lat' dir='ltr'>id</span> <span class='ocrx_word' id='word_1_686' title='bbox 2953 2523 3054 2583; x_wconf 90' lang='lat' dir='ltr'>est,</span> <span class='ocrx_word' id='word_1_687' title='bbox 3086 2515 3214 2584; x_wconf 89' lang='lat' dir='ltr'>viri,</span> <span class='ocrx_word' id='word_1_688' title='bbox 3263 2525 3318 2572; x_wconf 89' lang='lat' dir='ltr'>et</span> <span class='ocrx_word' id='word_1_689' title='bbox 3346 2517 3436 2572; x_wconf 77' lang='lat' dir='ltr'>fe-</span> 
     </span>
    </p>
   </div>
   <div class='ocr_carea' id='block_1_86' title="bbox 1841 2603 3435 2676">
    <p class='ocr_par' dir='ltr' id='par_1_86' title="bbox 1841 2603 3435 2676">
     <span class='ocr_line' id='line_1_86' title="bbox 1841 2603 3435 2676; baseline -0.001 -15"><span class='ocrx_word' id='word_1_690' title='bbox 1841 2607 2029 2676; x_wconf 59' lang='lat' dir='ltr'>mina},</span> <span class='ocrx_word' id='word_1_691' title='bbox 2061 2614 2115 2662; x_wconf 91' lang='lat' dir='ltr'>et</span> <span class='ocrx_word' id='word_1_692' title='bbox 2147 2605 2402 2676; x_wconf 89' lang='lat' dir='ltr'>juvenes,</span> <span class='ocrx_word' id='word_1_693' title='bbox 2451 2612 2506 2660; x_wconf 92' lang='lat' dir='ltr'>et</span> <span class='ocrx_word' id='word_1_694' title='bbox 2545 2619 2700 2660; x_wconf 90' lang='lat' dir='ltr'>senes</span> <span class='ocrx_word' id='word_1_695' title='bbox 2753 2612 2948 2676; x_wconf 64' lang='lat' dir='ltr'>praeter</span> <span class='ocrx_word' id='word_1_696' title='bbox 2975 2603 3256 2672; x_wconf 87' lang='lat' dir='ltr'>inﬁrmos;</span> <span class='ocrx_word' id='word_1_697' title='bbox 3292 2620 3435 2660; x_wconf 90' lang='lat' dir='ltr'>unus</span> 
     </span>
    </p>
   </div>
   <div class='ocr_carea' id='block_1_87' title="bbox 1845 2691 3426 2764">
    <p class='ocr_par' dir='ltr' id='par_1_87' title="bbox 1845 2691 3426 2764">
     <span class='ocr_line' id='line_1_87' title="bbox 1845 2691 3426 2764; baseline -0.002 -12"><span class='ocrx_word' id='word_1_698' title='bbox 1845 2705 2027 2752; x_wconf 90' lang='lat' dir='ltr'>tamen</span> <span class='ocrx_word' id='word_1_699' title='bbox 2085 2702 2178 2751; x_wconf 88' lang='lat' dir='ltr'>aut</span> <span class='ocrx_word' id='word_1_700' title='bbox 2233 2693 2345 2750; x_wconf 90' lang='lat' dir='ltr'>duo</span> <span class='ocrx_word' id='word_1_701' title='bbox 2405 2699 2742 2760; x_wconf 89' lang='lat' dir='ltr'>remaneant,</span> <span class='ocrx_word' id='word_1_702' title='bbox 2800 2691 2896 2764; x_wconf 90' lang='lat' dir='ltr'>qui</span> <span class='ocrx_word' id='word_1_703' title='bbox 2949 2691 3174 2748; x_wconf 88' lang='lat' dir='ltr'>domum</span> <span class='ocrx_word' id='word_1_704' title='bbox 3230 2699 3426 2750; x_wconf 88' lang='lat' dir='ltr'>custo-</span> 
     </span>
    </p>
   </div>
   <div class='ocr_carea' id='block_1_88' title="bbox 1841 2767 3130 2842">
    <p class='ocr_par' dir='ltr' id='par_1_88' title="bbox 1841 2767 3130 2842">
     <span class='ocr_line' id='line_1_88' title="bbox 1841 2767 3130 2842; baseline -0.002 -1"><span class='ocrx_word' id='word_1_705' title='bbox 1841 2784 2014 2842; x_wconf 90' lang='lat' dir='ltr'>diant.</span> <span class='ocrx_word' id='word_1_706' title='bbox 3109 2767 3130 2791; x_wconf 59' lang='grc'><strong><em>⁵</em></strong></span> 
     </span>
    </p>
   </div>
   <div class='ocr_carea' id='block_1_89' title="bbox 1913 2869 3430 2943">
    <p class='ocr_par' dir='ltr' id='par_1_89' title="bbox 1913 2869 3430 2943">
     <span class='ocr_line' id='line_1_89' title="bbox 1913 2869 3430 2943; baseline -0.003 -12"><span class='ocrx_word' id='word_1_707' title='bbox 1913 2875 1964 2931; x_wconf 92' lang='grc'><strong>6.</strong></span> <span class='ocrx_word' id='word_1_708' title='bbox 1995 2874 2192 2931; x_wconf 77' lang='lat' dir='ltr'>Nullus</span> <span class='ocrx_word' id='word_1_709' title='bbox 2221 2871 2448 2927; x_wconf 89' lang='lat' dir='ltr'>omnino</span> <span class='ocrx_word' id='word_1_710' title='bbox 2477 2869 2640 2926; x_wconf 85' lang='lat' dir='ltr'>uxori</span> <span class='ocrx_word' id='word_1_711' title='bbox 2671 2885 2780 2926; x_wconf 62' lang='lat' dir='ltr'>sum</span> <span class='ocrx_word' id='word_1_712' title='bbox 2823 2869 3086 2943; x_wconf 87' lang='lat' dir='ltr'>jungatur</span> <span class='ocrx_word' id='word_1_713' title='bbox 3112 2877 3239 2927; x_wconf 89' lang='lat' dir='ltr'>ante</span> <span class='ocrx_word' id='word_1_714' title='bbox 3267 2880 3430 2928; x_wconf 87' lang='lat' dir='ltr'>octa-</span> 
     </span>
    </p>
   </div>
   <div class='ocr_carea' id='block_1_90' title="bbox 1842 2960 3430 3034">
    <p class='ocr_par' dir='ltr' id='par_1_90' title="bbox 1842 2960 3430 3034">
     <span class='ocr_line' id='line_1_90' title="bbox 1842 2960 3430 3034; baseline -0.002 -13"><span class='ocrx_word' id='word_1_715' title='bbox 1842 2982 1965 3021; x_wconf 90' lang='lat' dir='ltr'>vam</span> <span class='ocrx_word' id='word_1_716' title='bbox 1997 2963 2235 3022; x_wconf 85' lang='lat' dir='ltr'>Paschae.</span> <span class='ocrx_word' id='word_1_717' title='bbox 2290 2962 2614 3034; x_wconf 89' lang='lat' dir='ltr'>Quicunque</span> <span class='ocrx_word' id='word_1_718' title='bbox 2679 2961 2838 3029; x_wconf 89' lang='lat' dir='ltr'>iram,</span> <span class='ocrx_word' id='word_1_719' title='bbox 2871 2967 2966 3016; x_wconf 88' lang='lat' dir='ltr'>aut</span> <span class='ocrx_word' id='word_1_720' title='bbox 3004 2960 3193 3016; x_wconf 92' lang='lat' dir='ltr'>odium</span> <span class='ocrx_word' id='word_1_721' title='bbox 3233 2969 3430 3018; x_wconf 89' lang='lat' dir='ltr'>contra</span> 
     </span>
    </p>
   </div>
   <div class='ocr_carea' id='block_1_91' title="bbox 1841 3048 3430 3121">
    <p class='ocr_par' dir='ltr' id='par_1_91' title="bbox 1841 3048 3430 3121">
     <span class='ocr_line' id='line_1_91' title="bbox 1841 3048 3430 3121; baseline -0.003 -10"><span class='ocrx_word' id='word_1_722' title='bbox 1841 3056 2075 3112; x_wconf 89' lang='lat' dir='ltr'>alterum</span> <span class='ocrx_word' id='word_1_723' title='bbox 2132 3061 2300 3121; x_wconf 90' lang='lat' dir='ltr'>tenet,</span> <span class='ocrx_word' id='word_1_724' title='bbox 2330 3057 2479 3114; x_wconf 83' lang='lat'>426</span> <span class='ocrx_word' id='word_1_725' title='bbox 2534 3048 2779 3106; x_wconf 88' lang='lat' dir='ltr'>dimittat</span> <span class='ocrx_word' id='word_1_726' title='bbox 2807 3049 2892 3105; x_wconf 92' lang='lat' dir='ltr'>illi</span> <span class='ocrx_word' id='word_1_727' title='bbox 2931 3065 3000 3105; x_wconf 79' lang='lat' dir='ltr'>ex</span> <span class='ocrx_word' id='word_1_728' title='bbox 3026 3057 3142 3106; x_wconf 87' lang='lat' dir='ltr'>toto</span> <span class='ocrx_word' id='word_1_729' title='bbox 3171 3051 3353 3120; x_wconf 92' lang='lat' dir='ltr'>corde,</span> <span class='ocrx_word' id='word_1_730' title='bbox 3383 3051 3430 3107; x_wconf 91' lang='lat' dir='ltr'>si</span> 
     </span>
    </p>
   </div>
   <div class='ocr_carea' id='block_1_92' title="bbox 1839 3149 3431 3223">
    <p class='ocr_par' dir='ltr' id='par_1_92' title="bbox 1839 3149 3431 3223">
     <span class='ocr_line' id='line_1_92' title="bbox 1839 3149 3431 3223; baseline -0.001 -14"><span class='ocrx_word' id='word_1_731' title='bbox 1839 3153 2039 3210; x_wconf 88' lang='lat' dir='ltr'>salvari</span> <span class='ocrx_word' id='word_1_732' title='bbox 2072 3151 2345 3208; x_wconf 90' lang='lat' dir='ltr'>desiderat</span> <span class='ocrx_word' id='word_1_733' title='bbox 2375 3169 2387 3207; x_wconf 93' lang='lat'>:</span> <span class='ocrx_word' id='word_1_734' title='bbox 2440 3159 2494 3207; x_wconf 91' lang='lat' dir='ltr'>et</span> <span class='ocrx_word' id='word_1_735' title='bbox 2521 3151 2766 3222; x_wconf 86' lang='lat' dir='ltr'>exceptis</span> <span class='ocrx_word' id='word_1_736' title='bbox 2791 3149 2923 3218; x_wconf 90' lang='lat' dir='ltr'>illis,</span> <span class='ocrx_word' id='word_1_737' title='bbox 2950 3150 3152 3223; x_wconf 89' lang='lat' dir='ltr'>quibus</span> <span class='ocrx_word' id='word_1_738' title='bbox 3179 3150 3431 3208; x_wconf 85' lang='lat' dir='ltr'>sacerdos</span> 
     </span>
    </p>
   </div>
   <div class='ocr_carea' id='block_1_93' title="bbox 1840 3239 3430 3308">
    <p class='ocr_par' dir='ltr' id='par_1_93' title="bbox 1840 3239 3430 3308">
     <span class='ocr_line' id='line_1_93' title="bbox 1840 3239 3430 3308; baseline -0.003 -8"><span class='ocrx_word' id='word_1_739' title='bbox 1840 3243 2132 3300; x_wconf 92' lang='lat' dir='ltr'>consilium</span> <span class='ocrx_word' id='word_1_740' title='bbox 2168 3242 2282 3308; x_wconf 86' lang='lat' dir='ltr'>dat,</span> <span class='ocrx_word' id='word_1_741' title='bbox 2313 3247 2375 3295; x_wconf 92' lang='lat' dir='ltr'>ut</span> <span class='ocrx_word' id='word_1_742' title='bbox 2422 3255 2532 3294; x_wconf 92' lang='lat' dir='ltr'>non</span> <span class='ocrx_word' id='word_1_743' title='bbox 2563 3240 2991 3304; x_wconf 90' lang='lat' dir='ltr'>communicent,</span> <span class='ocrx_word' id='word_1_744' title='bbox 3043 3256 3232 3295; x_wconf 91' lang='lat' dir='ltr'>omnes</span> <span class='ocrx_word' id='word_1_745' title='bbox 3259 3239 3430 3298; x_wconf 89' lang='lat' dir='ltr'>Chri-</span> 
     </span>
    </p>
   </div>
   <div class='ocr_carea' id='block_1_94' title="bbox 1842 3330 3428 3390">
    <p class='ocr_par' dir='ltr' id='par_1_94' title="bbox 1842 3330 3428 3390">
     <span class='ocr_line' id='line_1_94' title="bbox 1842 3330 3428 3390; baseline -0.002 -1"><span class='ocrx_word' id='word_1_746' title='bbox 1842 3334 2007 3390; x_wconf 90' lang='lat' dir='ltr'>stiani</span> <span class='ocrx_word' id='word_1_747' title='bbox 2033 3332 2185 3388; x_wconf 92' lang='lat' dir='ltr'>omni</span> <span class='ocrx_word' id='word_1_748' title='bbox 2215 3331 2504 3386; x_wconf 87' lang='lat' dir='ltr'>Dominica</span> <span class='ocrx_word' id='word_1_749' title='bbox 2525 3330 2929 3387; x_wconf 77' lang='lat' dir='ltr'>debentoﬂ&#39;erre</span> <span class='ocrx_word' id='word_1_750' title='bbox 2958 3331 3428 3386; x_wconf 89' lang='lat' dir='ltr'>etcommunicare</span> 
     </span>
    </p>
   </div>
   <div class='ocr_carea' id='block_1_95' title="bbox 1842 3419 3434 3494">
    <p class='ocr_par' dir='ltr' id='par_1_95' title="bbox 1842 3419 3434 3494">
     <span class='ocr_line' id='line_1_95' title="bbox 1842 3419 3434 3494; baseline -0.003 -14"><span class='ocrx_word' id='word_1_751' title='bbox 1842 3425 1904 3480; x_wconf 91' lang='lat' dir='ltr'>In</span> <span class='ocrx_word' id='word_1_752' title='bbox 1935 3420 2358 3494; x_wconf 87' lang='lat' dir='ltr'>Quadragesima</span> <span class='ocrx_word' id='word_1_753' title='bbox 2384 3436 2514 3476; x_wconf 90' lang='lat' dir='ltr'>vero</span> <span class='ocrx_word' id='word_1_754' title='bbox 2545 3437 2740 3476; x_wconf 91' lang='lat' dir='ltr'>moneo</span> <span class='ocrx_word' id='word_1_755' title='bbox 2770 3428 2831 3475; x_wconf 92' lang='lat' dir='ltr'>ut</span> <span class='ocrx_word' id='word_1_756' title='bbox 2857 3419 2947 3475; x_wconf 92' lang='lat' dir='ltr'>die</span> <span class='ocrx_word' id='word_1_757' title='bbox 2985 3419 3160 3486; x_wconf 91' lang='lat' dir='ltr'>omni,</span> <span class='ocrx_word' id='word_1_758' title='bbox 3193 3427 3287 3476; x_wconf 90' lang='lat' dir='ltr'>aut</span> <span class='ocrx_word' id='word_1_759' title='bbox 3314 3420 3434 3476; x_wconf 88' lang='lat' dir='ltr'>sal-</span> 
     </span>
    </p>
   </div>
   <div class='ocr_carea' id='block_1_96' title="bbox 1844 3511 3434 3583">
    <p class='ocr_par' dir='ltr' id='par_1_96' title="bbox 1844 3511 3434 3583">
     <span class='ocr_line' id='line_1_96' title="bbox 1844 3511 3434 3583; baseline -0.004 -11"><span class='ocrx_word' id='word_1_760' title='bbox 1844 3524 1974 3583; x_wconf 91' lang='lat' dir='ltr'>tem,</span> <span class='ocrx_word' id='word_1_761' title='bbox 2009 3523 2070 3570; x_wconf 92' lang='lat' dir='ltr'>ut</span> <span class='ocrx_word' id='word_1_762' title='bbox 2099 3513 2240 3582; x_wconf 84' lang='lat' dir='ltr'>dixi,</span> <span class='ocrx_word' id='word_1_763' title='bbox 2269 3512 2419 3569; x_wconf 92' lang='lat' dir='ltr'>omni</span> <span class='ocrx_word' id='word_1_764' title='bbox 2449 3511 2737 3568; x_wconf 91' lang='lat' dir='ltr'>Dominica</span> <span class='ocrx_word' id='word_1_765' title='bbox 2764 3511 3005 3568; x_wconf 75' lang='lat' dir='ltr'>offeratis</span> <span class='ocrx_word' id='word_1_766' title='bbox 3031 3519 3084 3566; x_wconf 91' lang='lat' dir='ltr'>et</span> <span class='ocrx_word' id='word_1_767' title='bbox 3113 3511 3434 3568; x_wconf 88' lang='lat' dir='ltr'>communi-</span> 
     </span>
    </p>
   </div>
   <div class='ocr_carea' id='block_1_97' title="bbox 1844 3601 3432 3674">
    <p class='ocr_par' dir='ltr' id='par_1_97' title="bbox 1844 3601 3432 3674">
     <span class='ocr_line' id='line_1_97' title="bbox 1844 3601 3432 3674; baseline -0.003 -12"><span class='ocrx_word' id='word_1_768' title='bbox 1844 3605 1998 3662; x_wconf 91' lang='lat' dir='ltr'>cetis.</span> <span class='ocrx_word' id='word_1_769' title='bbox 2065 3605 2134 3659; x_wconf 90' lang='lat' dir='ltr'>Et</span> <span class='ocrx_word' id='word_1_770' title='bbox 2167 3602 2372 3660; x_wconf 91' lang='lat' dir='ltr'>idcirco</span> <span class='ocrx_word' id='word_1_771' title='bbox 2405 3619 2594 3674; x_wconf 90' lang='lat' dir='ltr'>puram</span> <span class='ocrx_word' id='word_1_772' title='bbox 2634 3610 2688 3657; x_wconf 91' lang='lat' dir='ltr'>et</span> <span class='ocrx_word' id='word_1_773' title='bbox 2734 3601 2995 3658; x_wconf 90' lang='lat' dir='ltr'>mundam</span> <span class='ocrx_word' id='word_1_774' title='bbox 3026 3601 3196 3657; x_wconf 88' lang='lat' dir='ltr'>vitam</span> <span class='ocrx_word' id='word_1_775' title='bbox 3226 3601 3432 3671; x_wconf 86' lang='lat' dir='ltr'>ducite,</span> 
     </span>
    </p>
   </div>
   <div class='ocr_carea' id='block_1_98' title="bbox 1844 3690 3431 3766">
    <p class='ocr_par' dir='ltr' id='par_1_98' title="bbox 1844 3690 3431 3766">
     <span class='ocr_line' id='line_1_98' title="bbox 1844 3690 3431 3766; baseline -0.003 -16"><span class='ocrx_word' id='word_1_776' title='bbox 1844 3703 1906 3751; x_wconf 90' lang='lat' dir='ltr'>ut</span> <span class='ocrx_word' id='word_1_777' title='bbox 1931 3693 2083 3766; x_wconf 90' lang='lat' dir='ltr'>digni</span> <span class='ocrx_word' id='word_1_778' title='bbox 2134 3693 2255 3748; x_wconf 87' lang='lat' dir='ltr'>sitis</span> <span class='ocrx_word' id='word_1_779' title='bbox 2283 3691 2538 3748; x_wconf 89' lang='lat' dir='ltr'>accedere</span> <span class='ocrx_word' id='word_1_780' title='bbox 2563 3690 2629 3747; x_wconf 88' lang='lat' dir='ltr'>ad</span> <span class='ocrx_word' id='word_1_781' title='bbox 2662 3698 2902 3747; x_wconf 87' lang='lat' dir='ltr'>sanctam</span> <span class='ocrx_word' id='word_1_782' title='bbox 2959 3691 3431 3747; x_wconf 90' lang='lat' dir='ltr'>communionem.</span> 
     </span>
    </p>
   </div>
   <div class='ocr_carea' id='block_1_99' title="bbox 1844 3779 3435 3854">
    <p class='ocr_par' dir='ltr' id='par_1_99' title="bbox 1844 3779 3435 3854">
     <span class='ocr_line' id='line_1_99' title="bbox 1844 3779 3435 3854; baseline -0.004 -15"><span class='ocrx_word' id='word_1_783' title='bbox 1844 3783 1918 3839; x_wconf 88' lang='lat' dir='ltr'>Et</span> <span class='ocrx_word' id='word_1_784' title='bbox 1946 3783 2064 3839; x_wconf 78' lang='lat' dir='ltr'>haec</span> <span class='ocrx_word' id='word_1_785' title='bbox 2093 3782 2232 3838; x_wconf 91' lang='lat' dir='ltr'>scire</span> <span class='ocrx_word' id='word_1_786' title='bbox 2257 3781 2490 3850; x_wconf 90' lang='lat' dir='ltr'>debetis,</span> <span class='ocrx_word' id='word_1_787' title='bbox 2518 3780 2646 3852; x_wconf 90' lang='lat' dir='ltr'>quia</span> <span class='ocrx_word' id='word_1_788' title='bbox 2663 3779 2935 3854; x_wconf 91' lang='lat' dir='ltr'>quidquid</span> <span class='ocrx_word' id='word_1_789' title='bbox 2965 3779 3289 3835; x_wconf 89' lang='lat' dir='ltr'>subtrahitis</span> <span class='ocrx_word' id='word_1_790' title='bbox 3317 3794 3435 3834; x_wconf 84' lang='lat' dir='ltr'>cor-</span> 
     </span>
    </p>
   </div>
   <div class='ocr_carea' id='block_1_100' title="bbox 1845 3867 3437 3948">
    <p class='ocr_par' dir='ltr' id='par_1_100' title="bbox 1845 3867 3437 3948">
     <span class='ocr_line' id='line_1_100' title="bbox 1845 3867 3437 3948; baseline -0.004 -19"><span class='ocrx_word' id='word_1_791' title='bbox 1845 3873 1965 3948; x_wconf 89' lang='lat' dir='ltr'>pori</span> <span class='ocrx_word' id='word_1_792' title='bbox 1996 3873 2053 3928; x_wconf 92' lang='lat' dir='ltr'>in</span> <span class='ocrx_word' id='word_1_793' title='bbox 2083 3870 2405 3943; x_wconf 88' lang='lat' dir='ltr'>jejunando,</span> <span class='ocrx_word' id='word_1_794' title='bbox 2438 3877 2613 3925; x_wconf 90' lang='lat' dir='ltr'>totum</span> <span class='ocrx_word' id='word_1_795' title='bbox 2660 3868 2870 3925; x_wconf 89' lang='lat' dir='ltr'>debetis</span> <span class='ocrx_word' id='word_1_796' title='bbox 2897 3867 3227 3940; x_wconf 90' lang='lat' dir='ltr'>pauperibus</span> <span class='ocrx_word' id='word_1_797' title='bbox 3254 3867 3437 3923; x_wconf 91' lang='lat' dir='ltr'>dona-</span> 
     </span>
    </p>
   </div>
   <div class='ocr_carea' id='block_1_101' title="bbox 1846 3959 2737 4032">
    <p class='ocr_par' dir='ltr' id='par_1_101' title="bbox 1846 3959 2737 4032">
     <span class='ocr_line' id='line_1_101' title="bbox 1846 3959 2737 4032; baseline -0.008 -14"><span class='ocrx_word' id='word_1_798' title='bbox 1846 3979 1924 4032; x_wconf 90' lang='lat' dir='ltr'>re,</span> <span class='ocrx_word' id='word_1_799' title='bbox 1957 3978 2066 4018; x_wconf 92' lang='lat' dir='ltr'>non</span> <span class='ocrx_word' id='word_1_800' title='bbox 2098 3960 2256 4015; x_wconf 88' lang='lat' dir='ltr'>vobis</span> <span class='ocrx_word' id='word_1_801' title='bbox 2285 3959 2419 4030; x_wconf 90' lang='lat' dir='ltr'>ipsis</span> <span class='ocrx_word' id='word_1_802' title='bbox 2442 3973 2737 4014; x_wconf 89' lang='lat' dir='ltr'>reservare.</span> 
     </span>
    </p>
   </div>
   <div class='ocr_carea' id='block_1_102' title="bbox 1920 4043 3438 4120">
    <p class='ocr_par' dir='ltr' id='par_1_102' title="bbox 1920 4043 3438 4120">
     <span class='ocr_line' id='line_1_102' title="bbox 1920 4043 3438 4120; baseline -0.003 -14"><span class='ocrx_word' id='word_1_803' title='bbox 1920 4052 1971 4106; x_wconf 92' lang='lat'>7.</span> <span class='ocrx_word' id='word_1_804' title='bbox 2004 4049 2367 4120; x_wconf 88' lang='lat' dir='ltr'>Omnipotens</span> <span class='ocrx_word' id='word_1_805' title='bbox 2415 4049 2560 4102; x_wconf 93' lang='lat' dir='ltr'>Deus</span> <span class='ocrx_word' id='word_1_806' title='bbox 2617 4045 2783 4100; x_wconf 88' lang='lat' dir='ltr'>donet</span> <span class='ocrx_word' id='word_1_807' title='bbox 2810 4052 2874 4100; x_wconf 89' lang='lat' dir='ltr'>ut</span> <span class='ocrx_word' id='word_1_808' title='bbox 2929 4044 3054 4114; x_wconf 89' lang='lat' dir='ltr'>ista,</span> <span class='ocrx_word' id='word_1_809' title='bbox 3112 4059 3233 4118; x_wconf 69' lang='lat' dir='ltr'>quae</span> <span class='ocrx_word' id='word_1_810' title='bbox 3289 4043 3438 4101; x_wconf 73' lang='lat' dir='ltr'>dicta</span> 
     </span>
    </p>
   </div>
   <div class='ocr_carea' id='block_1_103' title="bbox 1848 4134 3437 4208">
    <p class='ocr_par' dir='ltr' id='par_1_103' title="bbox 1848 4134 3437 4208">
     <span class='ocr_line' id='line_1_103' title="bbox 1848 4134 3437 4208; baseline -0.004 -13"><span class='ocrx_word' id='word_1_811' title='bbox 1848 4147 1998 4208; x_wconf 91' lang='lat' dir='ltr'>sunt,</span> <span class='ocrx_word' id='word_1_812' title='bbox 2053 4137 2354 4204; x_wconf 88' lang='lat' dir='ltr'>retineatis,</span> <span class='ocrx_word' id='word_1_813' title='bbox 2411 4143 2466 4191; x_wconf 91' lang='lat' dir='ltr'>et</span> <span class='ocrx_word' id='word_1_814' title='bbox 2508 4150 2670 4207; x_wconf 92' lang='lat' dir='ltr'>opere</span> <span class='ocrx_word' id='word_1_815' title='bbox 2724 4134 3084 4206; x_wconf 90' lang='lat' dir='ltr'>compleatis;</span> <span class='ocrx_word' id='word_1_816' title='bbox 3161 4140 3437 4208; x_wconf 86' lang='lat' dir='ltr'>quatenus</span> 
     </span>
    </p>
   </div>
   <div class='ocr_carea' id='block_1_104' title="bbox 1847 4223 3440 4304">
    <p class='ocr_par' dir='ltr' id='par_1_104' title="bbox 1847 4223 3440 4304">
     <span class='ocr_line' id='line_1_104' title="bbox 1847 4223 3440 4304; baseline -0.004 -17"><span class='ocrx_word' id='word_1_817' title='bbox 1847 4238 1970 4304; x_wconf 91' lang='lat' dir='ltr'>post</span> <span class='ocrx_word' id='word_1_818' title='bbox 1997 4229 2162 4285; x_wconf 88' lang='lat' dir='ltr'>ﬁnem</span> <span class='ocrx_word' id='word_1_819' title='bbox 2195 4227 2360 4300; x_wconf 92' lang='lat' dir='ltr'>hujus</span> <span class='ocrx_word' id='word_1_820' title='bbox 2388 4227 2535 4294; x_wconf 82' lang='lat' dir='ltr'>vitae,</span> <span class='ocrx_word' id='word_1_821' title='bbox 2567 4235 2620 4282; x_wconf 91' lang='lat' dir='ltr'>et</span> <span class='ocrx_word' id='word_1_822' title='bbox 2660 4233 2782 4297; x_wconf 90' lang='lat' dir='ltr'>post</span> <span class='ocrx_word' id='word_1_823' title='bbox 2809 4225 3108 4282; x_wconf 90' lang='lat' dir='ltr'>terminum</span> <span class='ocrx_word' id='word_1_824' title='bbox 3139 4225 3341 4280; x_wconf 90' lang='lat' dir='ltr'>laboris</span> <span class='ocrx_word' id='word_1_825' title='bbox 3359 4223 3440 4304; x_wconf 81' lang='lat' dir='ltr'>ad</span> 
     </span>
    </p>
   </div>
   <div class='ocr_carea' id='block_1_105' title="bbox 1847 4313 3440 4394">
    <p class='ocr_par' dir='ltr' id='par_1_105' title="bbox 1847 4313 3440 4394">
     <span class='ocr_line' id='line_1_105' title="bbox 1847 4313 3440 4394; baseline -0.003 -18"><span class='ocrx_word' id='word_1_826' title='bbox 1847 4321 2118 4394; x_wconf 78' lang='lat' dir='ltr'>requiem,</span> <span class='ocrx_word' id='word_1_827' title='bbox 2164 4317 2552 4390; x_wconf 89' lang='lat' dir='ltr'>sempiternam</span> <span class='ocrx_word' id='word_1_828' title='bbox 2620 4317 2908 4388; x_wconf 89' lang='lat' dir='ltr'>pervenire</span> <span class='ocrx_word' id='word_1_829' title='bbox 2983 4315 3241 4388; x_wconf 89' lang='lat' dir='ltr'>possitis:</span> <span class='ocrx_word' id='word_1_830' title='bbox 3318 4313 3440 4387; x_wconf 89' lang='lat' dir='ltr'>ipso</span> 
     </span>
    </p>
   </div>
   <div class='ocr_carea' id='block_1_106' title="bbox 1848 4403 3438 4482">
    <p class='ocr_par' dir='ltr' id='par_1_106' title="bbox 1848 4403 3438 4482">
     <span class='ocr_line' id='line_1_106' title="bbox 1848 4403 3438 4482; baseline -0.004 -16"><span class='ocrx_word' id='word_1_831' title='bbox 1848 4409 2108 4478; x_wconf 91' lang='lat' dir='ltr'>donante,</span> <span class='ocrx_word' id='word_1_832' title='bbox 2148 4408 2242 4482; x_wconf 94' lang='lat' dir='ltr'>qui</span> <span class='ocrx_word' id='word_1_833' title='bbox 2271 4424 2369 4464; x_wconf 90' lang='lat' dir='ltr'>vos</span> <span class='ocrx_word' id='word_1_834' title='bbox 2397 4415 2450 4463; x_wconf 92' lang='lat' dir='ltr'>et</span> <span class='ocrx_word' id='word_1_835' title='bbox 2479 4406 2707 4472; x_wconf 86' lang='lat' dir='ltr'>creavit,</span> <span class='ocrx_word' id='word_1_836' title='bbox 2752 4415 2807 4462; x_wconf 93' lang='lat' dir='ltr'>et</span> <span class='ocrx_word' id='word_1_837' title='bbox 2835 4405 3009 4478; x_wconf 92' lang='lat' dir='ltr'>pretio</span> <span class='ocrx_word' id='word_1_838' title='bbox 3037 4406 3122 4461; x_wconf 89' lang='lat' dir='ltr'>sui</span> <span class='ocrx_word' id='word_1_839' title='bbox 3153 4403 3438 4476; x_wconf 87' lang='lat' dir='ltr'>sanguinis</span> 
     </span>
    </p>
   </div>
   <div class='ocr_carea' id='block_1_107' title="bbox 1845 4493 3438 4572">
    <p class='ocr_par' dir='ltr' id='par_1_107' title="bbox 1845 4493 3438 4572">
     <span class='ocr_line' id='line_1_107' title="bbox 1845 4493 3438 4572; baseline -0.006 -14"><span class='ocrx_word' id='word_1_840' title='bbox 1845 4502 2112 4558; x_wconf 91' lang='lat' dir='ltr'>redimere</span> <span class='ocrx_word' id='word_1_841' title='bbox 2150 4499 2362 4556; x_wconf 90' lang='lat' dir='ltr'>voluit:</span> <span class='ocrx_word' id='word_1_842' title='bbox 2410 4499 2505 4572; x_wconf 90' lang='lat' dir='ltr'>qui</span> <span class='ocrx_word' id='word_1_843' title='bbox 2552 4497 2695 4554; x_wconf 89' lang='lat' dir='ltr'>vivit</span> <span class='ocrx_word' id='word_1_844' title='bbox 2723 4505 2779 4554; x_wconf 88' lang='lat' dir='ltr'>et</span> <span class='ocrx_word' id='word_1_845' title='bbox 2829 4503 3018 4570; x_wconf 85' lang='lat' dir='ltr'>regnat</span> <span class='ocrx_word' id='word_1_846' title='bbox 3067 4511 3164 4568; x_wconf 91' lang='lat' dir='ltr'>per</span> <span class='ocrx_word' id='word_1_847' title='bbox 3217 4493 3438 4549; x_wconf 88' lang='lat' dir='ltr'>inﬁnita</span> 
     </span>
    </p>
   </div>
   <div class='ocr_carea' id='block_1_108' title="bbox 1845 4589 2657 4651">
    <p class='ocr_par' dir='ltr' id='par_1_108' title="bbox 1845 4589 2657 4651">
     <span class='ocr_line' id='line_1_108' title="bbox 1845 4589 2657 4651; baseline -0.005 -3"><span class='ocrx_word' id='word_1_848' title='bbox 1845 4594 2170 4651; x_wconf 87' lang='lat' dir='ltr'>saeculorum</span> <span class='ocrx_word' id='word_1_849' title='bbox 2210 4590 2427 4648; x_wconf 86' lang='lat' dir='ltr'>saecula.</span> <span class='ocrx_word' id='word_1_850' title='bbox 2457 4589 2657 4644; x_wconf 82' lang='lat' dir='ltr'>Amen.</span> 
     </span>
    </p>
   </div>
   <div class='ocr_carea' id='block_1_109' title="bbox 2406 4727 2877 4788">
    <p class='ocr_par' dir='ltr' id='par_1_109' title="bbox 2406 4727 2877 4788">
     <span class='ocr_line' id='line_1_109' title="bbox 2406 4727 2877 4788; baseline -0.006 -1"><span class='ocrx_word' id='word_1_851' title='bbox 2406 4730 2640 4788; x_wconf 81' lang='lat' dir='ltr'><strong>SERMO</strong></span> <span class='ocrx_word' id='word_1_852' title='bbox 2669 4727 2877 4784; x_wconf 74' lang='lat' dir='ltr'>XXVI.</span> 
     </span>
    </p>
   </div>
   <div class='ocr_carea' id='block_1_110' title="bbox 2114 4831 3084 4909">
    <p class='ocr_par' dir='ltr' id='par_1_110' title="bbox 2114 4831 3084 4909">
     <span class='ocr_line' id='line_1_110' title="bbox 2114 4831 3084 4909; baseline -0.008 -11"><span class='ocrx_word' id='word_1_853' title='bbox 2114 4899 2126 4909; x_wconf 72' lang='grc'>,</span> <span class='ocrx_word' id='word_1_854' title='bbox 2206 4843 2285 4897; x_wconf 93' lang='lat' dir='ltr'>De</span> <span class='ocrx_word' id='word_1_855' title='bbox 2330 4846 2517 4895; x_wconf 88' lang='lat' dir='ltr'>sancta</span> <span class='ocrx_word' id='word_1_856' title='bbox 2557 4833 2982 4904; x_wconf 83' lang='lat' dir='ltr'>Quadragesima</span> <span class='ocrx_word' id='word_1_857' title='bbox 3009 4831 3084 4890; x_wconf 80' lang='grc' dir='ltr'><strong>Χ.</strong></span> 
     </span>
    </p>
   </div>
   <div class='ocr_carea' id='block_1_111' title="bbox 1854 4947 3440 5021">
    <p class='ocr_par' dir='ltr' id='par_1_111' title="bbox 1854 4947 3440 5021">
     <span class='ocr_line' id='line_1_111' title="bbox 1854 4947 3440 5021; baseline -0.011 -2"><span class='ocrx_word' id='word_1_858' title='bbox 1854 4963 1950 5021; x_wconf 86' lang='lat' dir='ltr'>Hic</span> <span class='ocrx_word' id='word_1_859' title='bbox 1979 4978 2146 5016; x_wconf 84' lang='lat' dir='ltr'>sermo</span> <span class='ocrx_word' id='word_1_860' title='bbox 2189 4976 2252 5013; x_wconf 67' lang='lat' dir='ltr'>ea:</span> <span class='ocrx_word' id='word_1_861' title='bbox 2307 4972 2487 5009; x_wconf 81' lang='lat' dir='ltr'>eorum</span> <span class='ocrx_word' id='word_1_862' title='bbox 2518 4959 2592 5007; x_wconf 84' lang='lat' dir='ltr'>est</span> <span class='ocrx_word' id='word_1_863' title='bbox 2638 4967 2877 5013; x_wconf 80' lang='lat' dir='ltr'>numero,</span> <span class='ocrx_word' id='word_1_864' title='bbox 2916 4966 3047 5018; x_wconf 88' lang='lat' dir='ltr'>quos</span> <span class='ocrx_word' id='word_1_865' title='bbox 3078 4950 3233 5021; x_wconf 73' lang='lat' dir='ltr'>Rom.</span> <span class='ocrx_word' id='word_1_866' title='bbox 3283 4947 3440 5002; x_wconf 83' lang='lat' dir='ltr'>editio</span> 
     </span>
    </p>
   </div>
   <div class='ocr_carea' id='block_1_112' title="bbox 1921 5019 3425 5106">
    <p class='ocr_par' dir='ltr' id='par_1_112' title="bbox 1921 5019 3425 5106">
     <span class='ocr_line' id='line_1_112' title="bbox 1921 5019 3425 5106; baseline -0.01 -18"><span class='ocrx_word' id='word_1_867' title='bbox 1921 5034 2158 5106; x_wconf 80' lang='lat' dir='ltr'>primum</span> <span class='ocrx_word' id='word_1_868' title='bbox 2215 5027 2494 5097; x_wconf 84' lang='lat' dir='ltr'>evulgavit.</span> <span class='ocrx_word' id='word_1_869' title='bbox 2526 5023 2714 5079; x_wconf 78' lang='lat' dir='ltr'>Eidem</span> <span class='ocrx_word' id='word_1_870' title='bbox 2737 5022 2978 5093; x_wconf 74' lang='lat' dir='ltr'>prwﬁzit</span> <span class='ocrx_word' id='word_1_871' title='bbox 3001 5021 3156 5076; x_wconf 75' lang='lat' dir='ltr'>illum</span> <span class='ocrx_word' id='word_1_872' title='bbox 3195 5019 3425 5076; x_wconf 72' lang='lat' dir='ltr'>titulum&#39;</span> 
     </span>
    </p>
   </div>
   <div class='ocr_carea' id='block_1_113' title="bbox 1931 5184 3444 5269">
    <p class='ocr_par' dir='ltr' id='par_1_113' title="bbox 1931 5184 3444 5269">
     <span class='ocr_line' id='line_1_113' title="bbox 1931 5184 3444 5269; baseline -0.009 -17"><span class='ocrx_word' id='word_1_873' title='bbox 1931 5194 2048 5269; x_wconf 84' lang='lat'>(93)</span> <span class='ocrx_word' id='word_1_874' title='bbox 2067 5195 2226 5250; x_wconf 80' lang='lat' dir='ltr'>Rom.</span> <span class='ocrx_word' id='word_1_875' title='bbox 2255 5189 2412 5256; x_wconf 91' lang='lat' dir='ltr'>edit.,</span> <span class='ocrx_word' id='word_1_876' title='bbox 2432 5189 2600 5269; x_wconf 35' lang='lat' dir='ltr'>Siner</span> <span class='ocrx_word' id='word_1_877' title='bbox 2625 5189 2758 5269; x_wconf 73' lang='lat' dir='ltr'>hanc</span> <span class='ocrx_word' id='word_1_878' title='bbox 2776 5203 2950 5269; x_wconf 58' lang='lat' dir='ltr'>vocent</span> <span class='ocrx_word' id='word_1_879' title='bbox 2961 5202 3122 5269; x_wconf 66' lang='lat' dir='ltr'>opera</span> <span class='ocrx_word' id='word_1_880' title='bbox 3150 5184 3444 5269; x_wconf 53' lang='lat' dir='ltr'>misericor-</span> 
     </span>
    </p>
   </div>
   <div class='ocr_carea' id='block_1_114' title="bbox 1857 5257 3446 5331">
    <p class='ocr_par' dir='ltr' id='par_1_114' title="bbox 1857 5257 3446 5331">
     <span class='ocr_line' id='line_1_114' title="bbox 1857 5257 3446 5331; baseline -0.009 -7"><span class='ocrx_word' id='word_1_881' title='bbox 1857 5257 2050 5324; x_wconf 39' lang='lat' dir='ltr'>diae”;</span> <span class='ocrx_word' id='word_1_882' title='bbox 2111 5271 2384 5328; x_wconf 72' lang='lat' dir='ltr'>(etei-num,</span> <span class='ocrx_word' id='word_1_883' title='bbox 2412 5257 2519 5330; x_wconf 73' lang='lat' dir='ltr'>qui</span> <span class='ocrx_word' id='word_1_884' title='bbox 2555 5267 2782 5331; x_wconf 83' lang='lat' dir='ltr'>paratus</span> <span class='ocrx_word' id='word_1_885' title='bbox 2816 5264 2889 5312; x_wconf 87' lang='lat' dir='ltr'>est</span> <span class='ocrx_word' id='word_1_886' title='bbox 2917 5257 3126 5313; x_wconf 78' lang='lat' dir='ltr'>diabolo</span> <span class='ocrx_word' id='word_1_887' title='bbox 3159 5264 3204 5311; x_wconf 91' lang='lat' dir='ltr'>et</span> <span class='ocrx_word' id='word_1_888' title='bbox 3249 5257 3446 5331; x_wconf 79' lang='lat' dir='ltr'>angelis</span> 
     </span>
    </p>
   </div>
   <div class='ocr_carea' id='block_1_115' title="bbox 1858 5329 3448 5408">
    <p class='ocr_par' dir='ltr' id='par_1_115' title="bbox 1858 5329 3448 5408">
     <span class='ocr_line' id='line_1_115' title="bbox 1858 5329 3448 5408; baseline -0.008 -14"><span class='ocrx_word' id='word_1_889' title='bbox 1858 5339 1992 5408; x_wconf 84' lang='lat' dir='ltr'>ejus.</span> <span class='ocrx_word' id='word_1_890' title='bbox 2025 5338 2147 5391; x_wconf 85' lang='lat' dir='ltr'>Jam</span> <span class='ocrx_word' id='word_1_891' title='bbox 2199 5333 2392 5406; x_wconf 83' lang='lat' dir='ltr'>quia...</span> <span class='ocrx_word' id='word_1_892' title='bbox 2421 5329 2527 5386; x_wconf 68' lang='lat' dir='ltr'>non</span> <span class='ocrx_word' id='word_1_893' title='bbox 2556 5329 2747 5408; x_wconf 60' lang='lat' dir='ltr'>audeo</span> <span class='ocrx_word' id='word_1_894' title='bbox 2780 5336 2965 5408; x_wconf 77' lang='lat' dir='ltr'>tacere,</span> <span class='ocrx_word' id='word_1_895' title='bbox 2998 5335 3055 5408; x_wconf 77' lang='lat' dir='ltr'>ut</span> <span class='ocrx_word' id='word_1_896' title='bbox 3091 5346 3197 5408; x_wconf 66' lang='lat' dir='ltr'>non</span> <span class='ocrx_word' id='word_1_897' title='bbox 3227 5329 3448 5408; x_wconf 64' lang='lat' dir='ltr'>revejeni</span> 
     </span>
    </p>
   </div>
   <div class='ocr_carea' id='block_1_116' title="bbox 1855 5399 3449 5482">
    <p class='ocr_par' dir='ltr' id='par_1_116' title="bbox 1855 5399 3449 5482">
     <span class='ocr_line' id='line_1_116' title="bbox 1855 5399 3449 5482; baseline -0.006 -18"><span class='ocrx_word' id='word_1_898' title='bbox 1855 5399 2150 5482; x_wconf 68' lang='lat' dir='ltr'>periculum</span> <span class='ocrx_word' id='word_1_899' title='bbox 2204 5399 2510 5482; x_wconf 59' lang='lat' dir='ltr'>bestrum.._._</span> <span class='ocrx_word' id='word_1_900' title='bbox 2570 5403 2709 5474; x_wconf 89' lang='lat' dir='ltr'>quod</span> <span class='ocrx_word' id='word_1_901' title='bbox 2765 5402 2928 5469; x_wconf 81' lang='lat' dir='ltr'>vobis,</span> <span class='ocrx_word' id='word_1_902' title='bbox 2996 5400 3102 5455; x_wconf 78' lang='lat' dir='ltr'>nisi</span> <span class='ocrx_word' id='word_1_903' title='bbox 3171 5399 3449 5456; x_wconf 72' lang='lat' dir='ltr'>emendatis</span> 
     </span>
    </p>
   </div>
   <div class='ocr_carea' id='block_1_117' title="bbox 1858 5475 2693 5547">
    <p class='ocr_par' dir='ltr' id='par_1_117' title="bbox 1858 5475 2693 5547">
     <span class='ocr_line' id='line_1_117' title="bbox 1858 5475 2693 5547; baseline -0.007 -11"><span class='ocrx_word' id='word_1_904' title='bbox 1858 5475 2042 5547; x_wconf 59' lang='lat' dir='ltr'>uitam,</span> <span class='ocrx_word' id='word_1_905' title='bbox 2074 5477 2330 5544; x_wconf 85' lang='lat' dir='ltr'>imminet,</span> <span class='ocrx_word' id='word_1_906' title='bbox 2361 5475 2557 5547; x_wconf 80' lang='lat' dir='ltr'>qualis,</span> <span class='ocrx_word' id='word_1_907' title='bbox 2589 5484 2693 5530; x_wconf 89' lang='lat' dir='ltr'>etc.</span> 
     </span>
    </p>
   </div>
   <div class='ocr_carea' id='block_1_118' title="bbox 1935 5543 3450 5624">
    <p class='ocr_par' dir='ltr' id='par_1_118' title="bbox 1935 5543 3450 5624">
     <span class='ocr_line' id='line_1_118' title="bbox 1935 5543 3450 5624; baseline -0.009 -15"><span class='ocrx_word' id='word_1_908' title='bbox 1935 5543 2052 5624; x_wconf 72' lang='grc'>(94)</span> <span class='ocrx_word' id='word_1_909' title='bbox 2115 5543 2321 5609; x_wconf 82' lang='lat' dir='ltr'>Eadem</span> <span class='ocrx_word' id='word_1_910' title='bbox 2369 5543 2535 5614; x_wconf 74' lang='lat' dir='ltr'>edit.,</span> <span class='ocrx_word' id='word_1_911' title='bbox 2603 5552 2652 5602; x_wconf 84' lang='lat' dir='ltr'>et</span> <span class='ocrx_word' id='word_1_912' title='bbox 2705 5544 2815 5600; x_wconf 80' lang='lat' dir='ltr'>sine</span> <span class='ocrx_word' id='word_1_913' title='bbox 2869 5543 3027 5614; x_wconf 82' lang='lat' dir='ltr'>gravi</span> <span class='ocrx_word' id='word_1_914' title='bbox 3080 5543 3450 5616; x_wconf 78' lang='lat' dir='ltr'>impedimento</span> 
     </span>
    </p>
   </div>
   <div class='ocr_carea' id='block_1_119' title="bbox 1854 5629 2042 5697">
    <p class='ocr_par' dir='ltr' id='par_1_119' title="bbox 1854 5629 2042 5697">
     <span class='ocr_line' id='line_1_119' title="bbox 1854 5629 2042 5697; baseline 0.011 -17"><span class='ocrx_word' id='word_1_915' title='bbox 1854 5629 2042 5697; x_wconf 78' lang='lat' dir='ltr'>potest.</span> 
     </span>
    </p>
   </div>
  </div>
