3864 6188
439 261 543 321 679

1593 256 1688 313 DE
1726 253 2104 313 TRINlTATE
2140 250 2572 312 TRACTATUS.

3659 248 3760 305 eeo

512 386 592 464 De
631 384 796 464 modo
855 398 985 440 vere
1032 380 1227 464 agendi
1267 380 1667 464 paenitentiam.
1734 380 1832 464 Sed
1876 396 2037 450 quam
2068 382 2119 442 Α
2151 378 2409 436 stantiam
2440 391 2593 432 suam
2641 389 2768 431 cum
2815 372 3196 431 meretricibus
3223 371 3536 447 dissipavit
3568 380 3761 441 ;427

512 457 775 512 immerito
826 473 1011 511 nomen
1072 452 1340 510 Ambrosii
1373 454 1475 524 ipsi
1503 452 1827 524 ascripserit,
1884 468 2033 505 nemo

513 530 593 585 vel
621 545 706 604 ea:_
730 528 914 604 prima
947 526 1157 604 lectione
1190 544 1293 580 non
1328 523 1697 604 deprehendat.
1728 523 2036 604 Suspectum

512 618 636 655 vero
688 595 752 654 id
795 599 951 653 etiam
982 598 1129 651 nobis
1159 604 1254 660 est,
1310 596 1449 665 quod
1484 596 1537 648 in
1580 596 1694 665 ipso
1724 595 1902 649 limine
1934 612 2034 649 me-

511 678 757 727 moratur
785 672 847 725 de
894 669 1183 724 Ninivitis:
1215 668 1407 737 quippe
1455 683 1572 720 cum
1610 667 1665 719 in
1696 672 1798 720 toto
1830 668 2035 737 reliquo

509 760 746 797 sermone
773 757 935 811 neque
963 740 1025 793 de
1052 739 1182 803 illis,
1212 754 1375 811 neque
1393 738 1455 791 de
1483 738 1703 811 illorum
1726 738 2036 811 pmnitentia

509 815 799 883 quidquam
827 812 1058 883 dicatur.
1085 810 1234 877 Quod
1260 810 1738 883 autemgasseritur,
1764 810 1855 879 qui
1874 827 2036 883 unum

511 881 719 938 tantum
754 882 955 951 jejunii
992 882 1128 935 diem
1179 881 1598 953 praetermiserit,
1634 881 1893 950 integram
1928 882 2035 953 oio-

511 956 647 1009 lasse
704 952 1199 1023 Quadragesimam,
1228 953 1448 1008 habetur
1484 954 1641 1007 etiam
1670 969 1902 1006 sermone
1944 952 2034 1021 22,

509 1030 647 1079 sicut
692 1032 738 1078 et
768 1025 907 1094 quod
959 1025 1228 1078 occasione
1275 1023 1456 1078 hiemis
1510 1026 1565 1077 in
1597 1025 1865 1078 meliorem
1917 1030 2036 1078 tem-

503 1104 756 1167 pestatem
811 1112 863 1149 se
908 1097 1253 1149 convertentis
1268 1096 1350 1149 hic
1378 1094 1679 1159 disseritur,
1710 1112 1826 1149 cum
1863 1096 2038 1149 eodem

509 1166 749 1222 sermone
776 1168 1079 1235 affinitatem
1108 1168 1393 1235 quamdam
1424 1167 1609 1221 habere
1639 1166 1874 1232 videtur;
1903 1167 2039 1221 unde

512 1184 749 1222 sermone
776 1185 810 1220 a
852 1170 1079 1221 'nitatem
1108 1170 1393 1235 quamdam
1424 1170 1609 1221 habere
1639 1170 1874 1232 videtur;
1903 1170 2035 1221 unde

512 1238 772 1308 conjicere
793 1170 983 1307 [Idmon
1005 1238 1157 1293 liceat
1178 1256 1341 1293 unum
1368 1255 1429 1292 ac
1454 1238 1686 1292 eumdem
1712 1238 1903 1293 horum
1930 1256 2035 1293 ser-

512 1326 727 1365 monum
758 1315 1021 1364 auctorem
1060 1326 1182 1366 esse.

509 1408 562 1464 1.
600 1408 826 1464 Lectum
870 1416 954 1464 est
987 1424 1136 1463 nunc
1178 1406 1235 1462 in
1264 1406 1603 1479 Evangelio:
1662 1431 1682 1455 ι
1709 1406 1832 1464 Viri
1871 1406 2039 1464 Nini-

434 1497 564 1554 vitaz
601 1504 829 1569 surgent
872 1496 931 1552 in
973 1495 1187 1567 judicio
1233 1513 1358 1554 cum
1413 1495 1763 1569 generatione
1811 1496 1935 1564 ista,
1986 1503 2040 1552 et

434 1585 886 1645 condemnabunt
932 1602 1076 1652 eam,
1121 1586 1253 1660 quia
1300 1585 1685 1659 pmnitentiam
1715 1594 1942 1658 egerunt
1980 1584 2040 1639 in

435 1676 825 1750 praedicatione
851 1678 1003 1734 Jonas
1022 1677 1234 1749 (Matth.
1259 1694 1360 1746 xu,
1394 1677 1510 1749 41).
1537 1704 1555 1726 ι
1590 1676 2038 1750 Ρὶιιιιυὶεωίρωιιί-

435 1767 665 1823 tentiam
714 1764 1069 1835 simulabant,
1100 1765 1223 1822 ideo
1253 1783 1286 1822 a
1315 1766 1537 1823 Christo
1575 1766 1814 1822 Domino
1838 1765 2035 1839 appel-

436 1858 621 1914 lantur
660 1882 678 1907 ι
716 1858 995 1930 generatio
1031 1858 1177 1914 mala
1202 1866 1257 1915 et
1285 1857 1536 1913 adultera
1568 1857 1732 1928 (Ibid.
1762 1857 1855 1928 39)
1884 1875 1938 1925 ;-
1981 1864 2036 1913 et

436 1951 592 2022 alibi,
636 1976 654 2000 ι
687 1954 974 2027 progenies
1008 1953 1321 2027 viperarum
1357 1953 1571 2024 (Matth.
1604 1969 1688 2021 ιιι,
1722 1952 1812 2024 7);
1847 1978 1866 2000 ι
1922 1968 2031 2008 non

434 2052 617 2101 autem
657 2060 785 2102 vere
819 2044 1179 2118 pmnitebant,
1196 2043 1319 2099 ideo
1336 2041 1533 2099 merito
1561 2040 2028 2099 condemnantur.

507 2135 561 2191 2.
593 2135 684 2193 Sic
711 2146 765 2193 et
794 2145 877 2208 tu,
908 2154 942 2193 o
988 2136 1323 2204 Christiane,
1355 2151 1517 2208 quem
1554 2133 1671 2192 scio
1699 2150 1816 2190 esse
1844 2149 2031 2206 super-

435 2225 592 2292 bum,
626 2226 891 2299 plenitere
933 2234 986 2283 te
1013 2225 1231 2294 asseris,
1262 2233 1318 2281 et
1342 2223 1550 2280 diaboli
1580 2239 1744 2296 opera
1771 2222 2031 2295 requiris,

434 2324 489 2373 et
514 2317 736 2374 Domini
760 2324 1029 2390 praecepta
1048 2314 1443 2389 praetermittis.
1475 2312 1627 2371 Scire
1646 2329 1679 2369 a
1706 2320 1758 2369 te
1780 2311 2032 2370 desidero

435 2406 570 2480 quid
630 2406 913 2479 pmniteas,
973 2406 1161 2463 nescio
1218 2404 1352 2478 quid
1399 2403 1472 2461 sit
1524 2401 1849 2475 paenitentia
1915 2409 2027 2458 tua.

438 2495 712 2553 Poenitere
760 2505 813 2553 te
841 2495 1057 2563 asseris,
1089 2494 1184 2568 qui
1229 2511 1354 2553 cum
1392 2492 1687 2565 injustitia,
1726 2507 1835 2564 qua
1880 2507 2031 2563 prse-

434 2586 652 2645 cinctus
682 2602 759 2656 es,
792 2586 1230 2660 superinduxisti
1279 2583 1588 2658 superbiam
1616 2583 1645 2639 ‘l
1684 2582 1947 2639 Pamitere
1977 2588 2031 2637 te

434 2676 651 2743 asseris,
681 2676 778 2748 qui
797 2692 1021 2732 carnem
1043 2675 1278 2732 alienam
1299 2673 1543 2747 sequeris
1565 2672 1592 2727 ?
1620 2670 1709 2726 Sic
1740 2669 1985 2743 fatigaris
2011 2686 2024 2725 :

437 2782 689 2822 reversus
726 2783 784 2821 es
839 2766 982 2823 sicut
1009 2768 1164 2824 canis
1210 2765 1277 2821 ad
1309 2764 1603 2829 vomitum,
1635 2770 1729 2818 aut
1753 2763 1909 2819 velut
1937 2778 2031 2819 sus

433 2855 615 2910 calore
644 2853 859 2921 aﬂ'ecta,
905 2854 965 2909 in
1017 2853 1152 2909 limo
1190 2860 1347 2907 terra;
1394 2850 1705 2923 provoluta.
1767 2849 1911 2917 Quid
1956 2850 2030 2907 sit

434 2947 530 2996 tua
567 2939 915 3012 poenitentia,
947 2957 1059 2995 non
1090 2940 1349 2996 invenio:
1383 2938 1617 2997 circuivi
1648 2947 1701 2995 et
1741 2940 2027 3012 perambu-

435 3028 547 3085 lavi
576 3028 760 3085 locum
790 3028 1149 3100 paenitentiae,
1180 3035 1233 3084 et
1286 3045 1397 3084 non
1430 3028 1621 3086 inveni
1650 3029 2027 3102 paenitentiam

2145 487 2332 552 postea
2358 476 2590 534 humilis
2620 476 2817 543 factus,
2851 483 2905 531 et
2951 474 3019 529 ad
3064 491 3160 531 cor
3206 490 3491 543 reversus,
3525 474 3757 531 dicens:

2158 592 2177 615 ι
2216 566 2419 634 Quanti
2462 564 2788 622 mercenarii
2841 564 2900 619 in
2930 563 3095 619 domo
3123 561 3295 635 patris
3326 562 3444 618 mei
3469 562 3761 619 abundant

2146 656 2401 730 panibus,
2434 671 2534 727 ego
2562 662 2743 709 autem
2775 652 2869 709 hic
2910 652 3055 708 fame
3082 667 3243 724 pereo
3262 650 3293 707 ?
3334 650 3583 724 Surgam
3610 668 3754 724 ergo,

2146 754 2200 802 et
2254 744 2451 800 vadam
2503 743 2570 798 ad
2625 750 2833 816 patrem
2891 757 3096 809 meum,
3153 746 3209 797 et
3259 739 3449 797 dicam
3486 758 3500 796 :
3537 741 3651 796 Fac
3677 757 3754 795 me

2145 834 2288 890 sicut
2318 850 2490 889 unum
2519 849 2589 889 ex
2610 831 2966 889 mercenariis
2994 831 3106 887 tuis
3138 828 3292 901 (Luc.
3334 846 3440 897 xv,
3482 831 3698 900 17-19).
3726 858 3742 879 -

2146 924 2231 980 Ad
2260 932 2469 996 patrem
2502 922 2787 991 accedens,
2843 929 2898 977 et
2942 936 3127 977 coram
3171 936 3236 975 eo
3283 935 3342 975 se
3372 928 3748 993 prosternens,

2147 1013 2254 1068 fuit
2286 1012 2353 1069 ab
2384 1028 2449 1069 eo
2483 1013 2732 1070 laatanter
2779 1018 3069 1085 acceptus;
3130 1010 3243 1066 imo
3298 1009 3517 1066 occidit
3571 1027 3673 1082 pro
3697 1027 3753 1066 eo

2148 1110 2388 1166 vitulum
2422 1109 2749 1181 saginatum.

2220 1196 2273 1253 4.
2315 1197 2615 1252 Memorare
2647 1196 2830 1268 itaque
2858 1194 2988 1269 quia
3013 1201 3068 1250 et
3110 1211 3210 1267 pro
3238 1201 3293 1249 te
3323 1192 3597 1251 Christus
3623 1196 3756 1251 occi-

2148 1304 2242 1343 sus
2274 1296 2377 1351 est,
2416 1286 2511 1358 qui
2540 1291 2666 1341 ante
2696 1283 2805 1340 fuit
2859 1282 3072 1339 vitulus
3117 1281 3425 1355 saginatus.
3455 1282 3609 1350 Quia
3635 1300 3756 1339 vero

2148 1377 2287 1433 alter
2312 1375 2462 1431 ﬁlius
2510 1373 2629 1446 ejus
2670 1372 3027 1431 contristatus
3068 1380 3170 1441 est,
3220 1372 3492 1444 quoniam
3551 1374 3756 1430 occisus

2151 1474 2233 1522 est
2264 1465 2540 1535 Christus,
2570 1465 2665 1539 qui
2702 1472 2829 1520 ante
2856 1461 2965 1520 fuit
2992 1461 3204 1518 vitulus
3247 1461 3569 1535 saginatus,
3619 1471 3758 1536 pater

2154 1556 2459 1631 respondit,
2490 1557 2679 1614 dicens
2711 1575 2722 1613 :
2769 1578 2788 1602 ι
2837 1553 2964 1624 Fili,
3004 1560 3068 1608 tu
3098 1569 3313 1609 mecum
3345 1567 3582 1625 semper
3609 1570 3685 1622 es,
3711 1561 3758 1609 et

2149 1648 2337 1704 omnia
2365 1664 2487 1703 mea
2539 1655 2634 1704 tua
2680 1653 2810 1703 sunt
2844 1665 2855 1703 :
2909 1644 3142 1717 gaudere
3176 1651 3363 1699 autem
3425 1651 3487 1700 te
3551 1651 3756 1716 oportet

2068 1747 2115 1809 Β
2148 1735 2276 1809 quia
2305 1735 2398 1793 hic
2450 1736 2600 1794 ﬁlius
2650 1753 2805 1793 meus
2863 1743 3116 1791 mortuus
3163 1733 3365 1801 fuerat,
3412 1740 3476 1789 et
3506 1733 3753 1789 revixit:

2144 1825 2398 1898 perierat,
2442 1835 2497 1882 et
2535 1826 2797 1881 inventus
2843 1832 2924 1881 est
2958 1824 3121 1896 (Ibid.
3170 1822 3259 1892 3i,
3301 1822 3425 1893 32).
3453 1847 3474 1871 ι
3522 1823 3575 1879 Ο
3607 1838 3753 1895 quam

2143 1914 2361 1971 beatum
2392 1916 2680 1988 populum,
2703 1930 2803 1987 pro
2832 1929 2943 1987 quo
2965 1912 3217 1971 Christus
3245 1911 3539 1969 occiditur
3564 1915 3577 1969 l
3612 1911 3751 1986 quale

2142 2006 2403 2079 gaudium
2445 2013 2629 2079 portat
2654 2005 2836 2074 Pater,
2873 2004 3093 2079 quando
3127 2002 3274 2077 quod
3302 2010 3611 2059 mortuum
3639 2003 3753 2058 fue-

2142 2103 2244 2164 rat,
2303 2095 2634 2152 reviviscit:
2678 2100 2733 2151 et
2769 2094 2919 2167 quod
2975 2094 3231 2167 perierat,
3285 2092 3627 2149 invenitur!
3674 2088 3749 2147 cui

2142 2198 2276 2246 tunc
2305 2187 2532 2258 dicitur,
2564 2196 2626 2244 ut
2654 2185 2923 2262 scriptum
2954 2195 3037 2244 est
3068 2205 3080 2244 :
3128 2210 3147 2235 ι
3182 2187 3329 2242 Ecce
3378 2201 3562 2242 sanus
3589 2185 3752 2243 factus

2141 2294 2218 2346 es,
2243 2276 2358 2350 jam
2393 2279 2508 2335 noli
2534 2294 2777 2350 peccare,
2812 2293 2883 2335 ne
2929 2276 3035 2333 tibi
3084 2274 3326 2333 deterius
3365 2274 3599 2349 aliquid
3622 2291 3751 2333 con-

2140 2365 2321 2441 tingat
2345 2367 2528 2440 (Joan.
2563 2385 2620 2437 v,
2657 2366 2770 2439 14).
2809 2392 2828 2416 ι

2212 2465 2266 2521 ὅ.
2300 2465 2539 2523 Attende
2588 2482 2714 2540 ergo
2742 2465 2889 2523 unde
2930 2465 3236 2536 excideras,
3281 2472 3340 2522 et
3370 2465 3605 2539 plunge,
3638 2480 3748 2538 pos-

2140 2554 2436 2612 nitentiam
2466 2571 2561 2628 age
2596 2574 2608 2613 :
2640 2555 2687 2612 si
2721 2554 3040 2630 quominus,
3094 2554 3280 2612 veniet
3309 2554 3422 2610 tibi
3477 2555 3742 2612 Dominus

2139 2643 2274 2714 cito,
2314 2653 2370 2701 et
2417 2644 2664 2701 movebit
2700 2644 3091 2702 candelabrum
3133 2653 3290 2702 tuum
3339 2643 3410 2701 de
3462 2644 3593 2703 loco
3636 2662 3747 2702 suo.

2140 2735 2463 2804 Memorare,
2510 2733 2615 2805 fili,
2672 2733 2953 2792 Christum
3010 2734 3297 2809 reliquisse
3343 2736 3661 2808 nonaginta
3703 2741 3748 2790 et

2139 2840 2337 2879 novem
2361 2821 2564 2896 justos,
2624 2824 2952 2898 perquisisse
2981 2823 3264 2880 hominem
3295 2832 3675 2898 peccatorem,
3704 2833 3748 2882 et

2140 2916 2428 2970 inventum
2456 2930 2581 2970 eum
2599 2913 2658 2969 in
2679 2913 2836 2970 invio
2860 2913 3107 2971 humeris
3126 2914 3245 2971 suis
3265 2922 3594 2988 reportasse
3606 2915 3744 2987 (Luc.

2138 3018 2236 3071 xv,
2285 3001 2383 3074 4);
2441 3004 2529 3059 vel
2588 3003 2741 3059 illam
2805 3004 3095 3061 mulierem
3151 3004 3314 3077 (Ibid.
3374 3004 3462 3075 8),
3521 3005 3630 3062 hoc
3677 3014 3748 3062 est

437 3125 577 3175 tum.
608 3117 716 3186 Qui
765 3118 1031 3175 saeculum
1058 3118 1432 3187 destruxeras,
1479 3118 1684 3175 ibidem
1715 3117 2021 3175 inveniris:

2143 3092 2463 3163 Ecclesiam,
2495 3110 2615 3168 quae
2644 3094 2958 3167 perdiderat
2986 3094 3326 3163 drachmam,
3358 3093 3474 3152 hoc
3524 3104 3610 3153 est
3650 3096 3747 3151 ho-

436 3209 531 3282 qui
584 3208 765 3267 carnis
829 3209 1139 3282 superbiam
1185 3208 1532 3283 deposueras,
1564 3207 1859 3264 humerum
1889 3207 2029 3265 sub-

435 3299 612 3356 mittis
640 3299 865 3369 iterum,
898 3308 958 3356 ut
974 3301 1193 3373 gravius
1222 3308 1404 3372 portes
1438 3315 1617 3355 onus:
1652 3299 1747 3373 qui
1778 3297 2027 3355 avaritiae

437 3395 663 3453 dederas
689 3397 938 3464 dorsum,
987 3396 1169 3452 denuo
1222 3396 1306 3452 illi
1331 3396 1553 3453 obviam
1593 3394 1884 3452 occurris:
1932 3393 2030 3467 qui

435 3485 667 3540 vanitati
727 3483 1019 3554 repudium
1061 3484 1306 3551 dederas,
1362 3485 1561 3541 iterum
1619 3482 1911 3540 reverteris
1961 3481 2031 3538 ad

434 3570 553 3642 ejus
579 3571 806 3641 gratiam
836 3588 848 3625 :
904 3570 1000 3642 qui
1031 3586 1256 3641 pompas
1305 3572 1494 3628 saeculi
1550 3570 1793 3643 fugeres,
1826 3572 2025 3627 iterum

432 3655 491 3711 in
523 3672 720 3713 manus
746 3657 902 3714 illius
948 3657 1214 3714 incidisti.
1263 3660 1530 3715 Ambulas
1557 3661 1898 3731 superelatus
1912 3660 2031 3716 sine

431 3747 666 3805 cervice.
698 3747 885 3805 Nescis
914 3748 1356 3820 scriptum‘esse:
1394 3768 1423 3802 (ι
1452 3747 1597 3815 Quid
1626 3747 1789 3804 nobis
1817 3748 2030 3821 profuit

435 3837 709 3911 superbia,
742 3845 796 3895 et
823 3837 957 3912 quid
989 3838 1202 3895 divitia;
1229 3855 1355 3897 cum
1378 3838 1646 3911 jactantia
1673 3839 2029 3896 contulerunt

436 3926 597 3983 nobis
626 3927 779 4000 (Sap.
804 3945 860 3998 v,
886 3928 944 4002 8)
978 3928 1006 3985 ‘l
1026 3954 1044 3977 ι
1086 3928 1158 3984 Et
1176 3928 1456 4002 sequitur:
1506 3926 1902 3985 «Transierunt
1930 3928 2029 3985 illa

434 4018 624 4074 omnia
670 4027 929 4091 tanquam
986 4018 1182 4075 umbra
1239 4019 1400 4092 (Ibid.
1454 4018 1540 4091 9).
1565 4044 1583 4067 ι
1654 4017 1900 4076 Fidelem
1973 4025 2028 4076 et

436 4108 707 4163 mundum
740 4118 793 4165 te
819 4109 1102 4178 invenisti,
1121 4110 1217 4183 qui
1236 4127 1538 4185 peraquam
1558 4108 1818 4183 baptismi
1847 4110 2028 4167 fueras

431 4205 749 4265 renovatus,
781 4200 926 4257 sicut
963 4200 1231 4273 scriptum
1273 4210 1392 4259 est:
1443 4228 1461 4251 ι
1492 4202 1801 4271 Lavamini,
1832 4200 2027 4258 mundi

430 4292 621 4353 estote,
675 4287 885 4343 auferte
942 4290 1215 4361 nequitias
1244 4291 1313 4347 ab
1340 4292 1629 4349 animabus
1658 4292 1858 4349 vestris
1889 4293 2024 4365 (Isa.

428 4390 474 4442 ι,
503 4372 616 4445 16).
650 4399 668 4422 ι
737 4375 868 4431 Illos
896 4375 1162 4448 propheta
1195 4378 1265 4433 ad
1293 4378 1590 4435 lavandum
1635 4379 1927 4448 hortatur;
1964 4387 2026 4436 tu

2142 3187 2347 3244 minem
2391 3196 2752 3261 peccatorem,
2804 3188 3115 3247 accendisse
3148 3190 3455 3260 lucernam,
3511 3188 3622 3246 hoc
3646 3197 3739 3257 est,

2140 3275 2427 3335 Christum
2460 3277 2558 3351 qui
2589 3287 2670 3335 est
2690 3278 2877 3335 lumen
2899 3277 3133 3351 justitise
3162 3297 3175 3335 :
3208 3287 3263 3336 et
3308 3278 3553 3335 inventa
3587 3296 3650 3335 ea
3689 3279 3740 3334 in

2140 3366 2388 3437 pulvere,
2429 3382 2651 3422 vocasse
2707 3366 2911 3424 amicas
2967 3374 3022 3424 et
3076 3367 3290 3424 vicinas
3344 3367 3654 3435 Ecclesia;
3686 3374 3741 3423 ut

2138 3457 2655 3530 congratularentur
2705 3472 2868 3529 super
2893 3458 3183 3515 inventum
3227 3456 3523 3514 hominem
3553 3474 3739 3532 pecca-

2141 3552 2356 3616 torem;
2390 3555 2443 3604 et
2472 3564 2505 3603 a
2550 3556 2787 3605 stercore
2829 3556 3072 3606 erectum
3112 3564 3234 3605 eum
3281 3548 3592 3606 collocasse
3622 3565 3737 3606 cum

2139 3636 2485 3710 principibus
2536 3638 2725 3712 populi
2769 3638 2875 3707 sui,
2928 3637 3035 3696 hoc
3072 3647 3176 3709 est,
3213 3654 3339 3696 cum
3400 3638 3668 3711 apostolis
3689 3644 3735 3692 et

2138 3726 2440 3799 prophetis.
2474 3728 2616 3785 Ecce
2664 3728 2798 3803 quid
2828 3728 2960 3787 facit
2987 3729 3313 3801 poenitentia
3372 3728 3598 3785 homini
3626 3743 3731 3801 pec-

2135 3817 2330 3887 catori,
2365 3818 2460 3892 qui
2498 3819 2630 3877 dum
2668 3820 2726 3877 in
2754 3828 2991 3879 stercore
3014 3821 3181 3895 jacet,
3213 3837 3342 3879 cum
3395 3820 3729 3895 principibus

2135 3905 2467 3966 sublimatur
2497 3909 2678 3982 (Psal.
2708 3927 2841 3981 cxn,
2877 3913 2955 3983 7).

2205 4008 2260 4066 6.
2306 4007 2671 4066 Pcenitentem
2714 4008 2998 4067 hominem
3030 4009 3176 4079 dico,
3207 4008 3303 4083 qui
3338 4010 3565 4082 plangit
3596 4006 3726 4083 quod

2136 4108 2475 4171 peccaverat,
2506 4106 2560 4155 et
2592 4104 2744 4171 rogat
2772 4096 3071 4155 Dominum
3102 4107 3166 4154 ut
3194 4114 3305 4155 non
3337 4098 3550 4155 iterum
3579 4097 3725 4153 faciat

2135 4187 2281 4261 quod
2328 4187 2642 4244 admiserat.
2702 4187 3064 4246 Pmnitentem
3118 4186 3406 4244 hominem
3458 4186 3590 4245 dico
3639 4184 3723 4259 qui

2135 4275 2332 4333 diebus
2374 4293 2438 4334 ac
2482 4275 2739 4334 noctibus
2794 4274 3126 4350 ingemiscit,
3180 4285 3234 4333 et
3279 4293 3409 4334 cum
3460 4276 3723 4350 Propheta

2135 4364 2272 4421 dicit
2302 4383 2315 4421 :
2366 4389 2385 4413 ε
2416 4365 2633 4423 Lavabo
2667 4382 2762 4438 per
2790 4365 3035 4439 singulas
3078 4373 3265 4422 noctes
3294 4366 3505 4423 lectum
3554 4380 3721 4422 meum

427 4469 610 4520 autem
656 4481 782 4521 cum
810 4479 953 4521 esses
981 4464 1242 4534 mundus,
1279 4465 1534 4523 sordidus
1561 4466 1738 4524 factus
1790 4484 1868 4536 es,
1903 4483 2015 4523 non
2048 4476 2096 4536 D
2134 4456 2396 4530 lacrymis
2427 4457 2563 4515 meis
2588 4457 2761 4529 (Psal.
2790 4474 2870 4526 γι,
2903 4456 3008 4531 7).»
3049 4455 3419 4513 Pcenitentem
3448 4456 3719 4514 hominem

424 4565 577 4629 potes
608 4557 790 4615 denuo
819 4559 1011 4616 lavari.
1758 4557 1781 4586 ‘

496 4647 549 4704 3.
586 4647 643 4706 Si
670 4648 757 4707 vis
802 4657 984 4706 autem
1028 4657 1090 4708 ut
1116 4647 1401 4706 munderis
1429 4648 1651 4717 iterum,
1693 4648 1763 4706 da
1789 4650 2021 4709 eleemo-

426 4753 644 4811 synam,
681 4747 735 4796 et
791 4738 977 4796 omnia
1004 4748 1101 4796 tua
1155 4736 1361 4794 munda
1397 4746 1527 4794 sunt
1581 4739 1733 4806 (Luc.
1764 4754 1843 4808 x1,
1894 4739 2012 4814 41).

494 4828 828 4886 Mundandis
857 4828 1000 4885 bona
1028 4834 1112 4885 est
1138 4827 1506 4901 eleemosyna,
1538 4844 1659 4901 quas
1688 4838 1882 4901 purgat
1901 4847 2018 4887 om-

421 4927 517 4970 nes
541 4916 748 4975 sordes.
779 4918 1026 4975 Humilia
1052 4927 1235 4976 autem
1270 4926 1324 4975 te
1353 4919 1412 4974 in
1442 4918 1720 4987 omnibus,
1752 4928 1807 4976 et
1833 4936 2015 4977 coram

418 5002 533 5059 Deo
563 5004 815 5064 invenies
843 5010 1072 5081 gratiam
1099 5028 1111 5066 :
1158 5034 1177 5059 ι
1196 5008 1462 5066 Subditus
1488 5017 1603 5065 esto
1622 5010 1755 5078 Deo,
1782 5016 1837 5066 et
1865 5008 2017 5067 obse-

421 5109 515 5150 cra
544 5096 843 5154 Dominum
874 5100 1067 5171 (Eccle.
1098 5116 1183 5169 ιιι,
1208 5099 1338 5172 20);
1369 5125 1387 5149 ι
1422 5108 1476 5156 et
1510 5118 1521 5156 :
1568 5125 1587 5148 ι
1616 5100 1694 5155 Ne
1718 5099 2015 5168 aemuleris,

417 5189 479 5239 ut
540 5188 793 5259 nequiter
833 5203 993 5260 agas;
1052 5190 1312 5261 quoniam
1361 5189 1455 5262 qui
1515 5189 1769 5261 nequiter
1823 5195 2011 5259 agunt,

418 5275 942 5332 exterminabuntur
973 5277 1146 5347 (Psal.
1195 5294 1395 5349 xxxvr,
1424 5278 1476 5345 7,
1507 5278 1587 5348 9).
1607 5300 1624 5324 ι
1678 5276 1786 5333 Ora
1814 5277 2016 5333 Domi-

422 5376 554 5417 num
588 5364 833 5436 quotidie
881 5381 1007 5420 cum
1060 5366 1343 5438 lacrymis,
1374 5365 1422 5422 si
1454 5365 1593 5421 forte
1648 5373 1868 5437 peccata
1921 5374 2017 5424 tua

422 5450 745 5522 solvantur;
798 5471 925 5511 cum
956 5456 1103 5510 Deus
1139 5454 1390 5527 superbis
1418 5455 1655 5523 resistat,
1708 5456 2014 5513 humilibus

420 5544 605 5592 autem
630 5540 722 5596 det
761 5542 991 5613 gratiam
1025 5544 1082 5614 (Ι
1125 5544 1271 5600 Petr.
1303 5561 1359 5612 v,
1389 5542 1471 5616 5).
1503 5544 1804 5600 Memorare
1833 5544 2009 5600 lilium

425 5625 484 5683 in
527 5626 835 5703 longinquo
876 5631 1140 5704 positum,
1163 5634 1258 5707 qui
1296 5633 1580 5692 luxuriose
1602 5633 1843 5691 vivendo
1887 5634 2013 5691 sub-

2130 4547 2255 4604 dico
2283 4548 2379 4620 qui
2436 4548 2654 4620 repellit
2696 4547 2845 4621 quod
2892 4549 3035 4604 male
3076 4544 3305 4616 fecerat,
3353 4552 3412 4603 et
3443 4554 3597 4620 rogat
3627 4545 3718 4601 Do-

2130 4638 2363 4707 minum,
2417 4644 2479 4693 ut
2534 4637 2755 4694 veniam
2804 4644 3187 4711 consequatur.
3220 4635 3591 4693 Paenitentem
3621 4634 3718 4691 ho-

2128 4729 2334 4785 minem
2363 4727 2510 4798 dico,
2556 4727 2651 4802 qui
2700 4735 2823 4801 post
2869 4726 3371 4800 concupiscentiam
3419 4744 3575 4784 suam
3617 4739 3713 4781 non

2128 4818 2306 4885 vadit,
2352 4827 2406 4876 et
2455 4818 2834 4892 voluptatibus
2868 4819 2986 4876 suis
3032 4836 3090 4876 se
3128 4817 3330 4891 privat.
3362 4817 3713 4875 Pmnitentem

2127 4907 2410 4965 hominem
2442 4907 2569 4965 dico
2624 4908 2720 4983 qui
2771 4906 2957 4982 diligit
3010 4907 3158 4981 quod
3195 4913 3323 4963 ante
3370 4905 3637 4979 neglexit,
3669 4908 3713 4957 et

2125 4997 2271 5071 quod
2308 4996 2509 5054 fecerat
2538 4996 2691 5067 mali,
2722 4996 2946 5054 deserit.
2969 4996 3304 5054 Adhaereant
3331 5012 3465 5070 ergo
3484 4994 3589 5053 tibi
3606 5008 3712 5068 qua:

2127 5086 2276 5143 bona
2306 5096 2458 5155 sunt,
2489 5094 2542 5143 et
2571 5104 2691 5161 quae
2725 5088 2869 5143 mala
2894 5085 3200 5144 deleantur.

2197 5186 2247 5243 7.
2299 5186 2358 5243 Si
2390 5186 2770 5260 paenitentiam
2800 5201 2913 5243 non
2941 5186 3138 5259 egeris,
3179 5184 3397 5243 incides
3424 5187 3488 5243 in
3532 5199 3707 5243 manus

2120 5274 2347 5333 Domini
2409 5277 2712 5333 secundum
2761 5276 3107 5334 severitatem
3150 5272 3356 5346 judicii
3406 5274 3547 5348 ejus,
3574 5270 3701 5349 quod

2121 5381 2312 5423 cavere
2341 5364 2633 5435 debemus;
2666 5381 2793 5423 nam
2820 5364 2957 5422 dicit
2972 5365 3305 5438 Apostolus:
3347 5362 3701 5421 «Horrendnm

2121 5462 2202 5511 est
2238 5455 2482 5513 incidere
2518 5456 2573 5511 in
2606 5473 2802 5512 manus
2819 5454 2917 5511 Dei
2939 5454 3388 5525 viventis(Hebr.
3414 5454 3701 5523 x,31).--—

2133 5566 2153 5589 ι
2191 5545 2417 5601 Diverte
2458 5547 2635 5619 (ergo)
2690 5562 2723 5602 a
2773 5545 2939 5612 malo,
2988 5553 3043 5600 et
3081 5544 3167 5601 fac
3192 5542 3447 5611 bonum;
3498 5539 3700 5615 inquire

2119 5651 2331 5709 pacem,
2366 5643 2421 5696 et
2448 5650 2674 5712 sequere
2700 5635 2877 5707 illam,
2906 5658 2927 5687 ι
2962 5634 3108 5693 sicut
3128 5631 3401 5707 scriptum
3424 5638 3508 5691 est
3537 5627 3696 5705 (Pist.
