3864 6188
74 347 200 403 681
929 342 1302 403 SERMONES
1341 343 1396 403 S.
1439 344 1798 404 AMBROSIO
1837 341 2207 404 HACTENUS
2247 343 2585 404 ASCRIPTI.
3315 346 3422 412 682

77 489 316 540 xxxm,
352 473 465 543 l5).
493 472 594 528 Dic
629 487 792 543 ergo:
845 471 1108 527 Commisi
1140 472 1301 539 mala,
1355 478 1408 526 et
1465 473 1710 529 recreavi
1742 472 1981 544 Aitnpii
2029 471 2087 526 in
2136 472 2315 542 ignem
2355 481 2642 542 aeternum,
2690 473 2828 545 justi
2886 481 3072 532 autem
3127 474 3188 532 in
3246 476 3420 534 vitam

76 562 272 621 bona.
306 563 413 620 Fac
441 563 608 618 etiam
657 560 856 633 dignos
897 560 1111 618 fructus
1154 561 1526 634 pamitentiae,
1561 570 1615 619 et
1645 578 1716 619 ne
1828 568 2084 616 aeternam
2136 561 2300 633 (Ibid.
2332 560 2448 633 46),
2488 587 2507 610 ι
2568 560 2637 618 ad
2662 578 2825 634 quam
2856 580 2956 622 nos
2985 566 3249 639 perducat
3301 571 3422 626 Do-

76 651 357 709 dixeris:
410 677 428 699 ι
462 651 716 719 Peccavi,
747 649 882 722 quid
914 651 1125 707 factum
1162 657 1242 706 est
1285 650 1426 706 mihi
1457 651 1615 706 triste
1646 651 1716 708 ?..
1830 651 2015 708 minus
2069 659 2254 707 noster
2309 650 2462 708 Iesus
2510 651 2782 724 Christus,
2841 657 2936 729 qui
2987 674 3114 714 cum
3161 657 3320 716 Patre
3366 654 3424 717 et

78 749 143 797 et
169 758 298 798 non
329 741 559 814 adjicias
587 747 869 812 peccatum
899 755 1066 812 super
1097 746 1382 812 peccatum
1436 741 1627 810 (Eccli.
1660 759 1717 826 ν,
1828 740 2038 812 Spiritu
2068 749 2257 800 sancto
2287 741 2430 798 vivit
2455 750 2510 798 et
2539 752 2731 816 regnat
2759 743 2818 800 in
2848 748 3048 804 saecula
3067 749 3420 809 seculorum.

81 828 146 896 4,
187 831 294 902 5);
339 856 358 878 ι
425 839 479 888 et
514 847 581 886 ne
615 830 814 887 dicas:
887 855 904 877 ι
947 829 1230 886 Miseratio
1272 829 1370 885 Dei
1418 831 1591 885 multa
1639 839 1721 888 est
1827 829 2025 888 Amen.

80 920 279 991 (Ibid.
311 922 369 988 6)
397 939 410 988 ;
445 946 462 968 ι
497 921 636 977 scito
666 920 813 976 enim
844 919 973 991 quia
1003 941 1021 964 ε
1054 917 1432 974 misericordia
1451 927 1504 974 et
1532 919 1615 975 ira
1649 919 1718 976 ah

81 1009 202 1064 illo
238 1010 408 1080 (Ibid.
461 1010 539 1079 7).
572 1034 588 1055 ι
652 1009 946 1064 Revertere
1005 1007 1174 1078 igitur
1220 1005 1288 1062 ad
1312 1007 1634 1076 Dominum,
1664 1017 1719 1065 et

2367 932 2603 990 SERMO
2654 932 2887 992 XXVII.

2155 1027 2233 1082 De
2256 1023 2472 1098 jejunio
2503 1025 2728 1082 Domini
2757 1026 2815 1082 in
2845 1025 3081 1085 deserto.

82 1100 325 1169 plange.
358 1097 540 1153 Dicito
569 1103 752 1150 autem
781 1113 793 1151 :
844 1119 862 1142 ι
885 1094 1007 1149 Tibi
1038 1095 1142 1151 soli
1164 1095 1405 1167 peccavi,
1438 1102 1491 1151 et
1508 1097 1715 1152 malum

79 1204 293 1244 coram
324 1195 378 1242 te
407 1186 513 1242 feci
548 1185 722 1256 (Psal.
750 1187 888 1256 1.,6),
925 1211 943 1233 ›
986 1193 1076 1241 et:
1114 1211 1132 1233 ι
1165 1185 1379 1242 Delicta
1406 1183 1717 1257 juventutis

86 1294 240 1333 meae
272 1285 328 1333 et
354 1275 694 1348 ignorantias
751 1291 898 1331 meas
951 1291 1020 1330 ne
1087 1275 1425 1343 memineris,
1482 1275 1716 1332 Domine

81 1369 291 1438 (Psal.
324 1385 480 1436 xxxv,
518 1369 614 1439 7);
641 1391 657 1412 ι
703 1376 792 1423 et:
833 1392 850 1414 ε
892 1367 970 1423 Ne
1007 1375 1223 1422 avertas
1266 1367 1461 1423 faciem
1505 1376 1657 1423 tuam
1686 1383 1718 1424 a

85 1475 212 1527 me,
245 1475 317 1515 ne
355 1457 596 1516 declines
625 1457 683 1512 in
715 1458 796 1513 ira
823 1474 853 1513 a
883 1474 1042 1514 servo
1071 1466 1167 1514 tuo
1199 1459 1374 1530 (Psal.
1408 1476 1565 1528 xxvr,
1596 1460 1704 1530 9).»

85 1550 248 1606 Ecce
274 1548 603 1622 pmnitentia
632 1548 879 1604 hominis
909 1565 966 1604 se
998 1547 1391 1606 humiliantis:
1436 1547 1717 1622 quomodo

88 1655 217 1696 non
248 1638 468 1694 veniam
496 1636 746 1705 habebit,
782 1637 877 1710 qui
899 1638 1034 1693 talia
1061 1637 1377 1709 ingemiscit
1396 1638 1425 1694 ?
1452 1638 1578 1711 quis
1607 1654 1716 1694 au-

86 1729 221 1786 diat
252 1729 433 1797 illum,
468 1737 522 1784 et
541 1743 654 1783 non
687 1735 974 1783 moveatur
995 1727 1023 1783 ?
1051 1726 1158 1794 Qui
1214 1728 1363 1784 enim
1432 1752 1450 1776 ι
1497 1743 1553 1784 se
1612 1726 1712 1783 hu-

89 1819 715 1886 miliat,exaltabitur;
778 1844 796 1868 »
858 1818 1001 1874 sicut

89 1910 498 1967 humiliabitur
528 1911 680 1978 (Luc.
715 1926 837 1978 xiv,
885 1908 998 1980 11).
1031 1932 1049 1955 ι
1093 1909 1230 1965 Nam
1277 1908 1547 1981 scriptum
1580 1916 1664 1964 est
1695 1923 1710 1966 :

108 2027 129 2050 ε
153 2001 309 2070 Quid
335 2001 589 2074 gloriaris
625 2000 684 2056 in
715 2001 948 2070 malitia,
990 2001 1085 2074 qui
1116 2009 1310 2076 potens
1336 2019 1395 2060 es
1422 2003 1482 2059 in
1512 2001 1714 2076 iniqui-

85 2100 214 2151 tate
239 2093 415 2162 (Psal.
443 2108 516 2160 LI,
536 2091 592 2161 3)
612 2091 640 2148 ‘I
669 2117 686 2138 ι

170 2186 231 2241 8.
265 2186 540 2241 Pmnitere
569 2184 852 2256 pollicitus
897 2200 975 2253 es,
1021 2193 1076 2242 et
1114 2185 1295 2244 adhuc
1318 2187 1501 2243 carnis
1549 2201 1713 2257 opera

83 2273 330 2348 perﬁcis
350 2274 378 2329 ?
405 2273 593 2329 Nescis
621 2273 752 2346 quia
777 2272 1045 2344 scriptum
1073 2281 1173 2329 est:
1230 2297 1248 2320 α
1279 2275 1453 2330 Multo
1513 2274 1712 2330 melius

86 2377 184 2424 est
216 2381 334 2420 non
362 2381 566 2420 vovere
593 2373 668 2434 te,
701 2383 863 2439 quam
900 2367 1118 2425 vovisse
1147 2376 1220 2438 te,
1245 2378 1299 2425 et
1319 2387 1429 2425 non
1485 2370 1710 2426 reddere

91 2457 310 2529 (Eccle.
368 2470 424 2523 v,
457 2453 566 2524 lt)?
597 2479 614 2500 -
686 2454 976 2512 Peccatum
1023 2473 1131 2513 non
1184 2456 1389 2513 desinit
1435 2457 1710 2515 dominari

93 2545 209 2602 tibi
234 2564 247 2612 ;
272 2554 328 2602 et
364 2554 425 2602 tu
446 2543 586 2601 dicis
615 2544 763 2617 quod
793 2548 1045 2617 poenites,
1081 2557 1134 2603 et
1165 2564 1307 2604 oras.
1343 2548 1532 2606 Nescis
1561 2548 1708 2622 quod

89 2637 375 2708 scriptum
405 2641 486 2691 est
511 2653 522 2690 :
571 2661 589 2683 ι
618 2635 897 2692 Peccatori
929 2646 1111 2694 autem
1143 2639 1288 2696 dixit
1319 2640 1500 2694 Deus:
1530 2639 1708 2706 Quare

97 2735 170 2782 tu
194 2741 418 2780 enarras
437 2723 681 2795 justitias
717 2742 885 2795 meas,
945 2737 1000 2784 et
1046 2729 1284 2784 assumis
1313 2736 1705 2785 testamentum

95 2827 294 2868 meum
322 2828 417 2883 per
446 2827 506 2867 os
539 2820 696 2867 tuum
732 2812 905 2884 (Psal.
939 2813 1200 2885 xx1x,16)
1235 2816 1262 2870 ?
1293 2815 1467 2870 nEcce
1488 2815 1705 2888 qualem

90 2900 597 2958 comminationem
625 2900 852 2957 Domini
880 2902 937 2957 in
959 2919 1175 2958 omnem
1194 2903 1704 2974 peccatorem.Quid

94 2990 248 3048 dicis
279 2999 359 3058 tu,
396 2990 491 3062 qui
531 2997 584 3045 te
606 2990 807 3046 asseris
833 2991 1190 3063 poenitentem
1209 2992 1237 3047 ?
1272 2991 1375 3048 Ubi
1405 3000 1486 3048 est
1515 2992 1704 3065 paeni-

102 3080 287 3139 tentia
316 3089 408 3136 tua
431 3081 460 3137 ‘i
487 3081 731 3139 Exclusa
761 3091 843 3139 est
871 3084 1140 3156 superbiae
1167 3091 1301 3141 aestu
1326 3102 1337 3140 :
1370 3084 1503 3141 dum
1525 3085 1704 3142 carnis

1073 1842 1092 1865 ι
1145 1825 1199 1874 et
1249 1815 1345 1890 qui
1396 1834 1452 1874 se
1480 1817 1708 1887 exaltat,
1745 1833 1793 1895 Β

2289 1115 2368 1171 De
2405 1113 2829 1188 Quadragesima
2865 1116 2966 1174 XI.

1822 1226 1916 1282 Ea:
1941 1223 2100 1308 huj_us
2136 1225 2390 1306 sermonis
2417 1226 2634 1308 lectione
2661 1229 3037 1308 cognoscimus,
3073 1236 3125 1286 et
3150 1231 3305 1288 illum
3327 1254 3425 1308 per

1895 1297 2390 1372 quadragesimanr
2411 1297 2648 1352 habitum
2703 1297 2826 1368 esse,
2887 1306 2937 1355 et
2989 1297 3103 1372 ejus
3156 1297 3424 1366 auctorem

1896 1368 2089 1440 saepius
2116 1368 2469 1449 conscendisse
2490 1386 2710 1449 sacrum
2739 1368 3049 1449 suggestum.
3103 1374 3232 1431 Cum
3254 1394 3422 1449 porro

1895 1441 2155 1518 sei-mortis
2194 1459 2253 1518 _a
2305 1457 2357 1495 se
2409 1441 2683 1518 anteriore
2741 1441 3033 1518 Dominica
3077 1441 3424 1518 pronuntiati

1894 1511 2140 1586 materies
2183 1511 2241 1566 in
2269 1529 2503 1586 sermone
2539 1513 2608 1570 30
2650 1529 2818 1586 supra
2851 1511 3164 1584 rejech
3195 1525 3423 1580 tractata

1895 1584 2219 1653 reperiatur,
2267 1584 2501 1639 eumdem
2527 1584 2814 1642 sermmtem
2853 1587 2936 1642 hic
2963 1589 3198 1646 indicari
3241 1595 3424 1650 credi-

1896 1655 2003 1736 bile
2022 1661 2115 1723 est,
2165 1661 2321 1736 atque
2361 1657 2490 1711 adeo
2530 1663 2830 1736 utrumque
2857 1675 2962 1736 esse
2992 1661 3254 1736 _Ma_a:i1_n_i.
3305 1667 3424 1722 Huc

1894 1726 2030 1780 adde
2059 1725 2198 1796 quod
2227 1725 2364 1780 idem
2393 1733 2605 1782 sanctus
2641 1725 2866 1784 exordia
2909 1731 3030 1786 huic
3059 1733 3262 1789 similia
3293 1739 3424 1792 solet

1893 1797 2158 1877 adhibere,
2219 1797 2460 1877 quodque
2481 1799 2624 1877 hom.
2653 1799 2686 1855 2
2713 1800 2770 1854 in
2817 1801 2910 1877 hoc
2962 1803 3138 1872 ipsum
3182 1805 3423 1877 Evange-

1905 1869 2035 1923 lium
2065 1869 2325 1941 nonnulla
2355 1876 2568 1934 tractat,
2590 1887 2708 1941 qua:
2731 1887 2848 1926 cum
2865 1872 2961 1926 hoc
2977 1869 3161 1930 ucstra
3185 1869 3423 1934 sentiam

1897 1945 2018 2011 apte
2071 1940 2364 2017 concinam.
2401 1940 2612 2017 _Vald_e’
2647 1942 2824 2017 etiam,
2851 1944 3138 2017 verisimile
3182 1954 3274 2017 est,
3327 1949 3423 2006 hoc

1897 2028 2131 2086 sermone
2157 2011 2334 2086 habito
2381 2013 2442 2068 de
2481 2014 2663 2084 prima
2695 2013 2897 2071 Christi
2941 2011 3421 2086 tentationefalios

1896 2083 1961 2162 ab
1991 2090 2202 2162 auctore
2244 2083 2306 2139 de
2342 2083 2567 2162 secunda
2615 2091 2662 2140 et
2702 2086 2764 2141 de
2807 2087 2960 2162 tertia
3005 2103 3110 2145 esse
3165 2083 3416 2162 adjectus,

1899 2160 1946 2228 et
1987 2156 2048 2210 de
2079 2155 2232 2228 tertia
2281 2156 2489 2226 quidem
2530 2173 2821 2215 sermonm
2857 2158 2974 2228 iam
3016 2177 3124 2216 non
3168 2155 3414 2220 exstare?

1897 2227 1980 2308 de_
2004 2227 2232 2308 secunda
2247 2245 2394 2308 “vero
2437 2245 2555 2308 eum
2598 2231 2772 2308 ipsum
2821 2227 2946 2300 esse,
3002 2233 3095 2304 qui
3140 2233 3209 2308 22
3252 2253 3418 2308 supra

1893 2297 2184 2355 exhibetur.
2237 2299 2338 2355 Sed
2369 2305 2599 2356 veterum
2616 2297 2751 2360 “edit.
2799 2320 2862 2359 ac
2889 2297 3027 2360 mss:
3063 2297 3418 2364 ordinem'hic

1891 2370 2192 2427 retinemus.

1897 2478 1948 2532 1.
1989 2476 2303 2551 Meminisse
2335 2476 2500 2534 debet
2526 2488 2709 2537 vestra
2736 2478 2964 2539 dilectio
3003 2483 3109 2543 hoc
3138 2503 3224 2544 me
3253 2496 3416 2546 ante-

1821 2565 1968 2621 riore
2023 2565 2312 2622 Dominica
2367 2567 2710 2639 praedicasse,
2767 2577 2823 2626 et
2876 2572 3090 2630 dedisse
3145 2578 3415 2636 rationem

1819 2670 1920 2711 cur
1947 2655 2218 2711 Dominus
2266 2655 2739 2729 quadragesimam
2761 2657 3122 2732 jejunaverit,
3174 2667 3263 2721 vel
3317 2683 3418 2724 cur

1819 2743 1937 2816 ipsa
1955 2743 2168 2816 jejunia
2215 2745 2272 2801 in
2319 2745 2538 2802 deserto
2567 2749 2911 2820 transegerit.
2965 2751 3224 2810 Diximus
3265 2757 3412 2814 enim

1818 2834 1934 2890 haec
1963 2834 2152 2890 omnia
2176 2835 2491 2892 observasse
2520 2852 2666 2907 eum,
2713 2855 2825 2894 non
2858 2838 3278 2911 justiﬁcationis
3301 2863 3413 2902 suae

1817 2942 2002 2991 causa,
2055 2926 2150 2998 qui
2180 2934 2295 2982 erat
2322 2926 2477 2999 virgo
2503 2944 2600 3000 per
2626 2930 2831 2998 omnia,
2863 2931 2957 2988 sed
2988 2943 3187 2990 nostras
3215 2936 3412 2994 salutis

1816 3015 2021 3088 gratia;
2072 3022 2134 3070 ut
2187 3031 2421 3088 quorum
2457 3019 2733 3088 generatio
2787 3037 2882 3092 per
2928 3021 3406 3097 intemperantiam

1815 3111 2154 3178 peccaverat,
2187 3121 2283 3177 per
2305 3105 2698 3164 abstinentiam
2727 3118 3032 3169 sanaretur.

99 3170 384 3273 (ξεεξᾷθτίει
431 3173 585 3273 δξξῖῦιιί
634 3174 874 3273 (ξοηξπίδι
935 3175 1251 3273 Poniin
1309 3165 1702 3273 Ρηθῖθτξηίίίίες
1737 3192 1782 3254 G
1815 3165 1834 3178 .
1888 3195 1942 3252 2.
1984 3165 2283 3251 Videamus
2314 3194 2482 3266 igitur
2511 3196 2646 3270 quid
2675 3199 2774 3253 illo
2814 3165 3161 3273 tempore
3209 3207 3295 3260 vel
3347 3205 3408 3263 in

101 3260 256 3317 Audi
279 3277 428 3333 ergo,
454 3261 558 3327 ﬁli,
589 3261 804 3318 retrahe
852 3262 1045 3335 pedem
1108 3272 1264 3319 tuum
1298 3280 1329 3318 a
1356 3264 1579 3332 saeculo,
1616 3265 1703 3322 cui

96 3353 217 3426 jam
251 3353 467 3427 pridem
515 3354 954 3422 renuntiaveras,
987 3366 1050 3414 ut
1093 3355 1274 3412 ﬁdelis
1311 3356 1510 3412 amodo
1541 3357 1709 3414 inve-

101 3443 302 3499 niaris.
335 3442 479 3512 Quid
509 3443 758 3516 qumrisa
795 3445 996 3502 saeculo
1025 3445 1116 3502 cui
1139 3444 1255 3517 jam
1289 3446 1646 3502 renuntiasti
1680 3446 1709 3504 ?

103 3533 384 3589 Poeniteas
421 3549 548 3605 ergo
579 3532 645 3588 de
691 3534 843 3589 omni
873 3549 1077 3606 pompa
1105 3534 1422 3607 iniquitatis
1462 3553 1473 3590 :
1507 3551 1712 3607 appre-

106 3620 294 3677 hende
330 3621 517 3691 ﬁdem,
567 3638 730 3695 quam
777 3631 904 3679 ante
961 3625 1371 3690 maculaveras;
1414 3624 1545 3696 quia
1581 3640 1710 3682 con-

107 3732 358 3774 senseras
395 3716 616 3774 diabolo
647 3718 1022 3790 tenebrarum,
1054 3729 1109 3777 et
1136 3719 1437 3776 Dominum
1491 3719 1586 3793 qui
1630 3729 1714 3779 est

109 3809 326 3874 lumen,
361 3813 484 3878 post
509 3806 734 3864 dorsum
765 3816 923 3866 tuum
953 3809 1272 3882 reliqueras.

181 3903 240 3960 9.
280 3902 608 3974 Memorare,
638 3903 743 3975 ﬁli,
779 3905 907 3979 quia
935 3906 1203 3977 scriptum
1234 3914 1315 3964 est
1341 3925 1352 3963 :
1398 3932 1416 3956 ι
1444 3907 1590 3976 Quid
1609 3913 1714 3976 est,

111 3997 554 4056 misericordiam
581 4000 730 4068 volo,
762 4007 816 4056 et
844 4017 956 4056 non
985 4000 1320 4058 sacriﬁcium
1349 4002 1500 4074 (Osee
1529 4020 1606 4070 v1,
1639 4002 1711 4069 6;

113 4091 304 4149 Matth.
335 4106 415 4160 1x,
446 4091 548 4159 l3;
581 4109 683 4160 xu,
718 4092 825 4164 7)?
855 4118 874 4141 ι
915 4092 1264 4150 Miserebitur
1290 4093 1395 4149 tibi
1423 4093 1715 4162 Dominus,

112 4183 263 4242 428
292 4178 339 4234 si
388 4177 507 4236 haec
553 4179 742 4236 omnia
770 4196 898 4238 cum
954 4180 1172 4254 legeris,
1233 4180 1446 4250 facias;
1506 4190 1569 4238 ut
1620 4197 1719 4258 per

117 4275 491 4353 obedientiam
517 4282 668 4332 tuam
698 4285 753 4332 et
791 4275 1180 4332 humilitatem
1230 4277 1463 4348 gratiam
1518 4292 1720 4334 conse-

119 4366 339 4441 quaris:
369 4365 414 4420 si
447 4366 830 4438 pamitentiam
859 4365 926 4422 de
953 4371 1075 4421 toto
1103 4363 1268 4420 corde
1313 4363 1508 4435 egeris,
1538 4363 1586 4419 si
1614 4364 1719 4420 Do-

119 4459 336 4512 minum
377 4470 486 4526 pm
532 4454 709 4512 oculis
764 4453 1074 4521 habueris;
1137 4451 1183 4508 si
1248 4453 1416 4510 missa
1460 4454 1721 4526 voragine

1816 3285 1934 3356 ipsa
1961 3283 2261 3340 solitudine
2289 3292 2501 3357 gestum
2530 3285 2638 3353 sit;
2690 3285 2830 3343 dicit
2876 3289 3025 3344 enim
3071 3294 3409 3364 evangelista

1817 3373 2058 3431 adfuisse
2087 3372 2166 3428 ibi
2197 3372 2502 3444 diabolum,
2552 3382 2606 3430 et
2635 3375 2973 3434 Salvatorem
3005 3379 3122 3451 ejus
3166 3384 3409 3442 versutia

1817 3463 1986 3519 fuisse
2023 3469 2316 3519 tentatum.
2368 3463 2463 3520 Ait
2491 3479 2726 3537 namque
2754 3482 2907 3523 sacra
2949 3468 3112 3526 lectio
3154 3473 3412 3532 esuriim

1818 3553 2142 3618 Dominum,
2179 3560 2234 3609 et
2263 3551 2470 3609 dixisse
2501 3552 2586 3608 illi
2618 3553 2904 3611 diabolum
2935 3575 2947 3614 :
2995 3582 3014 3606 ε
3044 3558 3101 3615 Si
3134 3559 3285 3618 filius
3314 3563 3414 3620 Dei

1819 3661 1895 3713 es,
1929 3644 2021 3701 dic
2048 3643 2216 3716 lapidi
2247 3642 2378 3700 huic
2407 3650 2469 3699 ut
2495 3643 2592 3700 ﬁat
2621 3645 2778 3718 panis
2809 3647 2964 3720 (Luc.
2997 3665 3075 3718 IV,
3109 3649 3190 3723 3).
3227 3677 3245 3700 ι
3303 3653 3373 3712 Vi
3395 3683 3414 3696 -

1820 3733 1943 3790 dete
1970 3741 2144 3790 artem
2188 3732 2435 3802 Domini,
2485 3749 2593 3806 qua
2633 3734 3014 3795 adversarium
3063 3737 3255 3796 fraude
3293 3741 3414 3798 cir—

1820 3826 2124 3886 cumvenit.
2172 3827 2302 3883 Post
2345 3827 2520 3884 multa
2558 3825 2772 3899 jejunia
2801 3830 3034 3886 esurisse
3075 3847 3132 3887 se
3164 3833 3411 3900 simulat,

1821 3927 1884 3975 ut
1911 3918 2192 3974 diabolum
2231 3933 2392 3990 quem
2431 3915 2734 3989 jejunando
2775 3917 2891 3990 jam
2939 3919 3166 3990 vicerat,
3214 3921 3415 3978 iterum

1823 4007 2116 4065 esuriendo
2145 4007 2406 4064 sollicitet
2429 4025 2443 4074 ;
2494 4023 2649 4080 spem
2693 4007 2842 4064 enim
2890 4008 2977 4064 illi
3025 4010 3416 4082 congrediendi

1824 4116 1895 4156 ex
1924 4097 2246 4155 inﬁrmitate
2291 4097 2452 4153 famis
2493 4097 2900 4170 quodammodo
2929 4099 3145 4170 tribuit,
3177 4107 3238 4158 ut
3283 4100 3417 4160 dum

1826 4191 2000 4248 veluti
2029 4197 2221 4248 contra
2250 4189 2585 4246 imbecillem
2619 4190 2992 4264 congreditur,
3035 4193 3305 4265 gloriosus
3330 4212 3420 4254 su-

1827 4288 2067 4354 peretur.
2120 4280 2248 4338 Haec
2274 4279 2422 4336 enim
2449 4287 2534 4338 est
2563 4296 2694 4336 vera
2721 4280 2973 4352 victoria,
3024 4290 3086 4339 ut
3113 4283 3208 4358 qui
3238 4284 3418 4342 Adam

1827 4371 2216 4441 immortalem,
2261 4370 2560 4444 gloriosum
2605 4379 2660 4429 et
2686 4374 3000 4445 epulantem
3045 4375 3417 4446 subverterat,

1828 4479 1976 4520 nunc
2017 4461 2335 4519 abhomine
2380 4462 2623 4532 mortali,
2678 4462 2879 4520 humili
2931 4473 3094 4538 atque
3149 4468 3423 4524 esuriente

121 4544 308 4617 poculi
338 4544 560 4613 veneni,
607 4543 835 4601 calicem
883 4543 1079 4599 salutis
1123 4542 1361 4615 accipias
1398 4560 1412 4611 ;
1447 4543 1494 4599 si
1541 4542 1630 4600 die
1658 4559 1721 4600 ac

1850 4557 2102 4612 rincatur.
2161 4554 2404 4614 Cernens
2432 4555 2582 4612 enim
2613 4555 2944 4612 esurientem
2996 4557 3256 4615 diabolus
3301 4562 3424 4617 Do-

123 4643 282 4692 nocte
312 4633 371 4689 in
401 4635 518 4707 lege
545 4633 772 4690 Domini
811 4633 1204 4701 meditaberis;
1247 4633 1294 4690 si
1324 4649 1545 4690 omnem
1573 4633 1724 4690 solli-

124 4725 430 4785 citudinem
471 4733 623 4781 tuam
656 4724 714 4780 in
747 4725 909 4780 illum
939 4723 1257 4797 projeceris,
1294 4732 1428 4782 tunc
1466 4725 1726 4798 gaudebis

126 4824 178 4870 et
216 4814 520 4872 exsultabis
551 4815 609 4870 in
638 4815 897 4884 Domino,
959 4816 1088 4888 quia
1141 4815 1326 4873 vicisti
1377 4817 1722 4890 malignum:

127 4915 260 4963 tunc
282 4905 388 4960 erit
444 4920 652 4961 merces
700 4913 796 4960 tua
852 4906 911 4960 in
953 4906 1113 4974 caalo,
1170 4907 1300 4980 quia
1356 4907 1541 4963 taliter
1579 4907 1728 4963 labo-

129 4994 290 5051 rasti:
324 5002 461 5051 tunc
487 4994 591 5050 erit
621 4993 894 5050 Dominus
950 4993 1175 5066 adjutor
1219 5003 1350 5052 tuus
1382 4997 1440 5052 in
1471 4995 1561 5052 die
1581 4994 1727 5067 judi-

128 5090 236 5146 cii:
274 5096 408 5143 tunc
460 5088 632 5145 stabis
663 5088 719 5143 in
770 5102 968 5160 magna
1014 5086 1240 5156 ﬁducia,
1276 5094 1409 5144 tunc
1466 5085 1635 5142 stabis
1662 5084 1732 5142 ad

131 5181 413 5237 dexteram
451 5180 551 5236 Dei
607 5197 734 5237 cum
790 5179 1001 5236 sanctis
1041 5177 1173 5248 suis,
1207 5186 1263 5235 et
1315 5178 1532 5236 dicetur
1587 5177 1727 5236 tibi:

145 5299 162 5321 ι
201 5273 422 5341 Venite,
473 5273 751 5332 benedicti
802 5275 980 5331 Patris
1036 5273 1183 5331 mei:
1245 5273 1474 5346 accipite
1503 5289 1732 5346 regnum

133 5369 457 5435 perpetuum
487 5363 702 5434 (Matth.
735 5379 874 5434 xxv,
913 5364 1032 5438 34),
1060 5389 1079 5413 ι
1120 5361 1268 5437 quod
1314 5362 1472 5420 vobis
1521 5361 1737 5436 paravit

135 5455 288 5510 Pater
317 5469 473 5510 meus
506 5455 762 5512 cmlestis.
789 5456 1018 5528 Injustis
1044 5462 1227 5512 autem
1269 5461 1323 5511 et
1359 5453 1736 5525 peccatoribus

139 5545 387 5604 dicetur:
429 5571 447 5595 ε
481 5547 560 5603 Ite
591 5548 648 5604 in
681 5547 865 5621 ignem
897 5557 1164 5605 aeternum
1197 5546 1359 5619 (Ibid;
1390 5545 1533 5618 41),›
1574 5563 1735 5619 quem

144 5635 473 5709 preparavit
516 5636 674 5693 Pater
724 5645 906 5694 vester
971 5635 1230 5694 diabolo:
1300 5659 1320 5684 ι
1367 5634 1522 5692 Tunc
1575 5633 1739 5692 ibunt

1831 4643 2071 4712 minum,
2127 4643 2393 4700 hominen
2449 4651 2624 4716 putat,
2675 4643 2892 4700 dubitat
2935 4644 3320 4714 Salvatorem;
3369 4655 3426 4705 et

1834 4733 1958 4790 ideo
1986 4733 2101 4789 ait:
2166 4757 2185 4780 ‹
2215 4732 2270 4788 Si
2302 4730 2452 4786 ﬁlius
2480 4731 2582 4786 Dei
2613 4747 2690 4799 es,
2734 4731 2826 4788 dic
2854 4731 3030 4803 lapidi
3059 4732 3210 4802 huic,
3241 4743 3303 4790 ut
3332 4734 3428 4793 ﬁat

1833 4823 2009 4896 panis.
2047 4847 2064 4871 ι
2119 4821 2164 4878 Ο
2197 4821 2396 4876 misera
2423 4819 2636 4876 Satanae
2683 4829 2738 4876 et
2781 4828 3031 4876 extrema
3071 4823 3424 4896 congressio!

1833 4911 2097 4968 Diabolus
2149 4909 2210 4964 in
2257 4908 2471 4964 deserto
2517 4907 2837 4964 tentationis
2891 4908 3054 4964 solita
3103 4927 3254 4968 arma
3311 4911 3426 4984 (95)

1835 5017 1948 5058 non
1979 4998 2229 5055 invenit:
2262 4996 2414 5053 deest
2443 4996 2526 5052 illi
2557 4995 2624 5052 de
2653 4995 2908 5069 paradiso
2936 4999 3228 5057 amoenitas
3256 5000 3430 5058 arbo-

1837 5107 1980 5159 rum,
2005 5087 2156 5145 deest
2185 5087 2268 5143 illi
2298 5085 2647 5144 consiliatrix
2676 5087 2814 5156 Eva,
2840 5086 2993 5144 deest
3022 5088 3107 5144 illi
3139 5107 3430 5164 pomorum

1838 5179 2082 5252 speciosa
2109 5177 2361 5251 deceptio
2385 5197 2398 5247 ;
2432 5187 2488 5236 et
2505 5178 2636 5251 quia
2653 5195 2767 5235 non
2789 5179 3007 5236 invenit
3027 5179 3237 5248 cibum,
3267 5198 3432 5256 quem

1839 5271 2031 5330 oﬁerat
2060 5270 2344 5339 esurienti,
2375 5270 2616 5342 postulat
2647 5271 2705 5328 in
2733 5271 2925 5329 cibum
2953 5289 3086 5330 saxa
3114 5273 3339 5331 mutari.

1911 5363 1964 5420 3.
2006 5359 2261 5434 Undique
2307 5362 2583 5431 exclusus,
2648 5363 2892 5438 undique
2940 5363 3316 5434 defraudatus,
3367 5362 3437 5422 ad

1843 5453 2157 5528 pavimenta
2186 5468 2241 5508 se
2266 5453 2516 5521 confert;
2567 5453 2700 5511 satis
2732 5454 2880 5511 enim
2911 5456 3204 5515 manifeste
3244 5463 3440 5514 osten-

1843 5544 1925 5600 dit
1980 5540 2289 5597 vastitatem
2343 5539 2450 5596 sibi
2504 5541 2674 5596 eremi
2739 5543 3027 5614 restitisse,
3100 5563 3228 5602 cum
3285 5549 3441 5619 putat

1843 5641 2066 5708 propter
2141 5631 2381 5703 inopiam
2454 5647 2638 5687 rerum
2709 5633 2874 5689 etiam
2941 5633 3214 5692 elementa
3285 5645 3442 5706 posse

209 5743 323 5817 (95)
351 5741 562 5800 Omnes
589 5742 746 5814 edit.,
781 5744 1086 5804 tentationis
1114 5740 1286 5801 solida
1299 5758 1496 5800 arma:
1526 5739 1730 5804 rectius
1760 5757 1890 5801 mss.
1926 5735 2226 5800 tentationis
2254 5735 2414 5796 solita
2440 5752 2619 5797 ama.

392 5831 638 5894 Panos.
677 5834 856 5896 XVII.

3127 5823 3200 5881 22
