3864 6188
573 377 677 437 683

1579 379 1675 434 ΑΙ)
1718 376 1953 433 OPERA
1992 376 2048 432 S.
2091 374 2423 433 AMBROSII
2460 370 2841 431 APPENDIX.
3684 380 3739 437 ﬁt

569 502 837 564 converti.
898 503 1145 560 Postulat
1185 503 1355 575 igitur
1390 503 1450 559 in
1495 517 1691 574 panem
1744 500 1954 574 lapides
1998 517 2164 558 com-
2200 503 2251 561 Α
2278 499 2523 556 dictione
2551 506 2718 566 caret,
2778 496 3182 554 maledictione
3233 498 3536 570 completur.
3557 501 3637 557 Illa
3670 519 3741 577 ergo

568 594 794 653 mutari.
843 593 1110 651 Versutus
1140 601 1193 650 et
1221 591 1455 650 callidus
1481 591 1585 648 scit
1615 590 1748 665 quid
1779 597 1948 663 petat,
2001 589 2159 647 novit

568 685 772 742 factum
815 697 929 739 esse
978 681 1123 755 quod
1166 682 1335 748 dicit;
1399 680 1652 737 meminit
1690 682 1838 738 enim
1882 680 1941 735 in
1987 680 2159 737 veteri

566 773 914 830 Testamento
942 769 1259 826 sitientibus
1288 786 1483 843 aquam
1511 770 1579 827 de
1612 770 1792 843 lapide
1831 758 2161 843 proﬂuxisse

568 862 774 933 (Exod.
806 876 945 926 xvu,
975 860 1057 928 6),
1098 860 1221 914 vult
1257 859 1422 915 etiam
1456 860 1547 917 hic
1576 860 1843 917 esurienti
1871 861 2061 918 cibum
2093 859 2160 916 de

564 949 747 1022 lapide
778 944 1080 1002 ministrari
1109 964 1123 1014 ;
1177 948 1379 1004 retinet
1410 949 1557 1004 enim
1589 949 1667 1006 ibi
1696 949 1957 1006 duritiam
1991 956 2159 1022 petrae

568 1038 626 1092 in
668 1038 941 1110 liquorem
990 1036 1226 1091 fontium
1277 1039 1597 1108 resolutam,
1658 1039 1810 1111 cupit
1854 1039 2021 1095 etiam
2066 1039 2160 1094 hic

561 1126 909 1200 asperitatem
940 1126 1059 1182 saxi
1103 1126 1163 1182 in
1202 1128 1359 1199 panis
1395 1127 1745 1186 dulcedinem
1786 1130 2159 1185 transforma-

560 1219 630 1275 ri.
685 1217 1076 1290 Suspicabatur
1121 1218 1270 1275 enim
1318 1220 1498 1292 ipsum
1547 1236 1660 1277 esse
1706 1220 2008 1288 Christum,
2061 1220 2156 1293 qui

560 1310 680 1366 haec
716 1308 929 1381 operari
976 1308 1146 1365 soleat
1199 1309 1266 1365 de
1323 1317 1521 1365 natura
1574 1326 1861 1379 saxorum,
1893 1311 2039 1367 sicut
2078 1310 2156 1365 ait

561 1398 841 1474 apostolus
888 1398 1131 1454 Paulus:
1207 1422 1225 1447 ‹
1253 1397 1527 1454 Bibebant
1579 1398 1645 1455 de
1689 1399 1925 1472 spiritali
1969 1415 2156 1457 conse-

562 1487 751 1563 quenti
785 1504 877 1545 eos
906 1495 1079 1560 petra,
1111 1494 1274 1559 petra
1292 1494 1475 1544 autem
1506 1496 1622 1545 erat
1651 1488 1904 1547 Christus
1941 1489 1997 1562 (Ι
2026 1490 2152 1547 Cor.

560 1602 619 1655 x,
650 1583 731 1657 4).
760 1607 779 1633 ι
843 1586 991 1645 429
1043 1580 1456 1653 Suspicabatur,
1512 1581 1758 1656 inquam,
1816 1583 1993 1656 ipsum
2041 1598 2155 1639 esse

560 1680 867 1746 Christum,
910 1695 1036 1735 eum
1063 1678 1377 1752 postulabat
1405 1686 1467 1735 ut
1495 1679 1563 1735 de
1592 1680 1777 1753 lapide
1806 1697 1973 1754 panes
2001 1680 2154 1737 face-

559 1778 679 1828 ret:
740 1768 834 1827 sed
891 1768 1119 1842 putabat
1162 1769 1545 1828 tantummodo
1600 1772 1781 1828 solum
1846 1769 2153 1841 hominem,

558 1877 686 1918 cum
715 1859 1046 1917 esurientem
1074 1859 1306 1917 videret.

629 1955 684 2014 4.
724 1957 976 2014 Salvator
1003 1963 1185 2013 autem
1222 1951 1521 2015 versutiam
1570 1953 1689 2027 ejus
1734 1955 1874 2014 mira
1916 1973 2153 2031 respon-

557 2049 711 2106 sione
739 2047 1067 2103 condemnat
1092 2065 1106 2105 :
1142 2062 1243 2104 nec
1272 2044 1404 2102 facit
1431 2043 1580 2118 quod
1614 2045 1752 2103 dicit
1778 2046 2052 2118 diabolus,
2083 2064 2152 2105 ne

536 2178 540 2181 -
558 2138 811 2196 videatur
830 2152 929 2211 pro
947 2135 1179 2195 arbitrio
1200 2134 1502 2193 adversarii
1528 2133 1753 2193 virtutis
1773 2155 1883 2194 suae
1910 2137 2145 2210 gloriam

556 2228 869 2285 declarare:
926 2242 1029 2283 nec
1068 2232 1255 2282 tamen
1299 2222 1604 2298 respondet
1646 2240 1760 2282 non
1805 2243 1963 2299 posse
2007 2225 2149 2297 ﬁeri,

558 2316 689 2392 quia
714 2332 909 2390 negare
955 2332 1069 2372 non
1093 2321 1327 2388 poterat,
1383 2314 1531 2388 quod
1579 2331 1719 2387 saepe
1760 2313 1875 2387 jam
1924 2316 2146 2373 fecerat.

560 2406 728 2479 igitur
750 2423 851 2464 nec
872 2405 1172 2479 acquiescit
1192 2404 1422 2479 petenti,
1440 2421 1540 2462 nec
1560 2404 1792 2478 denegat
1815 2406 2148 2479 exploranti,

557 2511 621 2553 ac
649 2512 747 2568 per
775 2496 881 2553 hoc
920 2504 974 2551 et
1001 2495 1306 2566 potentiam
1342 2494 1567 2551 virtutis
1609 2511 1721 2551 suae
1767 2511 1868 2551 suo
1910 2505 2152 2554 reservat

557 2586 809 2655 arbitrio,
868 2593 921 2641 et
961 2587 1264 2643 versutiam
1312 2584 1610 2643 adversarii
1657 2585 1853 2641 divino
1901 2587 2153 2643 confutat

557 2675 798 2749 eloquio.
857 2676 1160 2748 Respondit
1188 2693 1316 2749 ergo
1346 2676 1471 2732 illi:
1532 2698 1551 2723 ι
1582 2675 1703 2730 Non
1747 2675 1807 2730 in
1848 2677 1967 2732 solo
2014 2693 2152 2750 pane

556 2764 702 2819 vivit
738 2764 925 2832 homo,
948 2765 1045 2820 sed
1078 2765 1137 2821 in
1166 2765 1321 2821 omni
1346 2764 1517 2821 verbo
1545 2763 1643 2819 Dei
1677 2765 1889 2834 (Matth.
1923 2784 2000 2828 ιν.
2031 2766 2138 2839 4);.

557 2858 663 2913 hoc
691 2857 1009 2924 est,nonein
1040 2875 1179 2929 pane
1204 2868 1441 2926 terreno,
1462 2874 1573 2913 non
1603 2859 1661 2913 in
1700 2858 1825 2915 cibo
1855 2859 2149 2928 materiali,

561 2961 670 3016 quo
690 2946 867 3000 Adam
892 2945 1132 3015 primum
1154 2946 1437 3002 hominem
1457 2946 1723 3019 decepisti
1750 2967 1761 3004 :
1786 2951 1881 3007 sed
1903 2950 1961 3005 in
1982 2951 2152 3007 verbo

558 3033 680 3102 Dei,
734 3032 791 3087 in
818 3049 927 3107 quo
954 3041 1084 3089 sunt
1126 3035 1256 3091 vitae
1298 3036 1561 3093 alimenta
1587 3038 1844 3096 scelestis.
1908 3039 2153 3097 Verbum

563 3130 744 3181 autem
770 3123 868 3180 Dei
904 3124 1157 3183 Christus
1186 3135 1267 3183 est
1295 3126 1586 3197 Dominus,
1636 3129 1780 3187 sicut
1817 3130 2154 3201 evangelista

2276 605 2403 647 esca
2431 589 2594 646 nobis
2622 589 2925 646 necessaria
2956 595 3054 656 est,
3081 604 3202 661 quae
3239 586 3405 645 vitam
3444 598 3642 662 praestat,
3673 609 3741 666 qua

2274 682 2515 738 animam
2543 682 2716 753 pascit
2748 698 2761 748 ;
2793 686 2917 752 post
2954 695 3116 752 quam
3146 680 3390 752 sequitur
3426 678 3651 748 Christus,
3672 682 3741 737 ini-

2271 760 2448 828 micus
2477 769 2815 828 excluditur.
2853 771 3009 827 Illam
3060 786 3239 827 escam
3287 769 3513 842 accipere
3556 769 3741 840 debemus,

2271 877 2436 934 quam
2489 861 2760 930 Salvator,
2810 876 2923 917 non
2988 860 3243 916 diabolus
3288 860 3639 933 subsequatur;
3672 879 3740 933 qua

2279 951 2634 1023 perceptione
2682 952 2769 1007 sui
2815 951 3183 1008 confessorem
3229 949 3408 1019 faciat,
3460 966 3554 1007 non
3591 950 3741 1023 prodite

2270 1056 2383 1097 rem
2395 1086 2407 1097 .

2339 1133 2392 1189 6.
2425 1132 2597 1200 Quam
2626 1133 2765 1188 bene
2783 1139 2965 1188 autem
2982 1129 3329 1203 jejuniorum
3348 1137 3563 1203 tempore
3586 1130 3740 1187 Verbum

2266 1222 2365 1279 Dei
2395 1221 2542 1278 dixit
2568 1238 2705 1286 esse,
2739 1220 2889 1293 quod
2920 1220 3132 1277 reiicit!
3183 1230 3244 1276 ut
3296 1219 3574 1275 ostenderet
3608 1218 3741 1290 jejuni:

2265 1318 2451 1366 nostra
2492 1325 2603 1366 non
2639 1309 2838 1366 debere
2865 1309 3056 1367 saeculi
3089 1308 3309 1366 actibus
3346 1306 3670 1381 occupari,sed
3695 1322 3740 1361 sa-

2265 1401 2373 1459 cris
2436 1398 2637 1455 litteris
2666 1400 2931 1457 exerceri.
2981 1399 3222 1472 Negligit
3260 1398 3402 1455 enim
3444 1399 3594 1454 famen
3621 1412 3740 1467 corpo-

2264 1489 2362 1558 ris,
2396 1489 2494 1562 qui
2515 1489 2718 1561 pabulo
2739 1486 2994 1545 lectionis
3016 1487 3295 1544 intendit:
3327 1502 3423 1544 nec
3439 1485 3612 1544 ventris
3625 1500 3738 1542 curam

2263 1579 2467 1636 habere
2495 1577 2719 1651 poterit,
2756 1578 2853 1651 qui
2906 1579 3239 1635 alimentum
3296 1577 3443 1634 verbi
3474 1578 3657 1634 caelestis
3690 1590 3739 1630 ac-

2267 1671 2457 1744 quirit.
2487 1672 2611 1743 Ipsa
2646 1679 2729 1728 est
2748 1670 2900 1727 enim
2929 1670 3184 1739 refectio,
3210 1687 3329 1744 quae
3362 1668 3549 1743 saginat
3569 1668 3737 1733 animam,

2265 1775 2386 1832 quae
2415 1759 2723 1832 impinguat
2741 1759 2990 1827 viscera;
3042 1776 3173 1817 cum
3211 1758 3280 1817 de
3323 1758 3513 1817 divinis
3542 1754 3736 1828 Scriptan

2185 1863 2231 1926 Β
2265 1849 2450 1907 cibum
2481 1849 2690 1922 eloquii
2740 1848 2999 1921 perennis
3044 1850 3374 1923 accipimus.
3414 1850 3523 1922 Ipsa
3563 1853 3624 1903 est
3654 1858 3735 1909 δα,

2264 1955 2385 2012 quas
2427 1938 2604 1995 vitam
2637 1948 2903 1994 aeternam
2935 1938 3162 2006 tribuit,
3191 1946 3245 1998 et
3270 1938 3527 1996 insidias:
3548 1931 3735 1993 nobisdia-

2262 2030 2460 2088 bolicaa
2490 2029 2816 2086 tentationis
2842 2029 3115 2088 excludit.
3162 2029 3323 2100 Quod
3364 2037 3523 2086 autem
3555 2038 3734 2083 sacrarum

2264 2120 2574 2178 litterarum
2597 2118 2761 2177 lectio
2781 2120 2898 2176 vita
2920 2121 3015 2190 sit,
3047 2120 3321 2178 Dominus
3380 2126 3577 2177 testatur
3592 2114 3731 2172 dicens:

2279 2236 2297 2258 ι
2326 2208 2508 2269 Verba
2527 2225 2646 2283 quae
2673 2226 2773 2283 ego
2801 2210 3020 2268 locutus
3054 2227 3184 2268 sum
3214 2208 3388 2281 vobis,
3415 2208 3600 2283 spiritus
3611 2213 3650 2261 et
3665 2202 3733 2258 vita

2268 2306 2411 2357 sunt
2441 2300 2622 2372 (Joan.
2655 2317 2735 2368 vi,
2758 2296 2875 2372 64).
2907 2324 2926 2349 ι

2799 2403 3034 2460 SERMO
3079 2402 3339 2462 XXVIII.

2617 2495 2696 2549 De
2719 2502 2908 2550 sancta
2935 2492 3361 2567 Quadragesima
3390 2489 3497 2546 XII.

2263 2585 2356 2640 Ea:
2376 2581 2573 2654 primis
2599 2582 2769 2636 verbis
2815 2582 3077 2637 sermonis
3125 2566 3285 2652 hujus
3333 2577 3499 2655 colligi
3515 2577 3642 2655 potis!
3668 2566 3734 2637 ei”

2298 2647 2603 2744 'auctorem
2629 2671 2736 2735 non
2781 2655 2972 2744 solium,
3004 2647 3323 2736 Dominicis,
3351 2647 3734 2744 sedula”:

2335 2714 2433 2796 que
2472 2726 2653 2781 diebus
2705 2725 2763 2780 in
2817 2725 3245 2797 Quadragesima
3293 2714 3733 2797 concioaattfowﬂ

2333 2794 2457 2875 esse.
2493 2798 2693 2875 _Quod__
2719 2804 2912 2875 autem
3048 2794 3332 2875 qualitate

2324 2858 2593 2959 jejunium
2628 2870 2769 2959 illud
2805 2868 3014 2959 inqidit,
3054 2858 3107 2923 et
3153 2871 3215 2925 de
3239 2868 3376 2923 unici

2334 2925 2416 2995 'hic
2446 2941 2756 3010 disseritur,
2804 2925 3014 2995 videtur
3072 2957 3194 2996 cum
3244 2937 3506 2995 nonnullis
3535 2925 3732 3014 ᾳπεςαδει·

2337 3012 2469 3067 tium
2514 3029 2813 3067 sermonum
2846 3012 3036 3067 habere
3085 3013 3338 3084 quiddam
3358 3012 3640 3084 cogitoth
3662 3014 3681 3084 ί
3702 2997 3733 3084 fi

2335 3084 2428 3139 hoc
2478 3101 2680 3155 parum
2718 3091 2810 3153 est,
2869 3090 2928 3138 ut
2972 3073 3136 3139 iidem
3196 3084 3280 3140 illi
3317 3082 3393 3155 ab,
3599 3073 3733 3155 αυςεςζς

2336 3137 2825 3227 saepit-"acaum.
2860 3137 3129 3211 nam
3172 3137 3345 3227 majus
3375 3152 3606 3227 habeatur,
3624 3137 3734 3227 ﬂii

558 3213 736 3271 dicit:
784 3215 885 3271 «In
923 3216 1197 3289 principio
1230 3225 1346 3274 erat
1380 3217 1648 3288 Verbum,
1681 3227 1736 3275 et
1765 3217 2008 3277 Verbum
2039 3227 2155 3275 erat
2180 3232 2224 3293 ρ,
2330 3213 2549 3282 ultimus
2605 3227 2947 3298 adjudicetur
2992 3235 3177 3284 sancto
3234 3213 3478 3288 ﬂaminio,
3528 3213 3734 3298 quod

555 3303 702 3377 apud
756 3305 930 3361 Deum
989 3305 1170 3379 (Joan.
1206 3325 1244 3376 1,
1292 3307 1369 3379 1).
1399 3332 1419 3356 ι
1480 3308 1745 3383 Quisquis
1800 3324 1929 3381 ergo
1980 3308 2151 3365 verbo

553 3393 765 3452 Christi
814 3394 1078 3466 pascitur,
1122 3403 1401 3453 terrenum
1431 3397 1696 3470 pabulum
1727 3414 1840 3455 non
1867 3398 2099 3472 requirit
2127 3416 2142 3466 ;

553 3497 656 3537 nec
700 3482 846 3535 enim
892 3489 1069 3553 potest
1113 3485 1301 3540 saeculi
1352 3502 1547 3558 panem
1600 3504 1818 3560 cupere,
1872 3488 1967 3560 qui
2011 3502 2151 3559 pane

555 3566 801 3622 reficitur
857 3567 1178 3626 Salvatoris.
1231 3572 1405 3627 Habet
1456 3575 1604 3630 enim
1661 3575 1935 3631 Dominus
1988 3590 2152 3632 suum

552 3669 784 3727 panem;
844 3655 957 3713 imo
989 3657 1147 3729 panis
1187 3657 1303 3730 ipse
1336 3659 1588 3718 Salvator
1612 3671 1713 3730 est,
1770 3664 1914 3720 sicut
1961 3663 2153 3722 docuit

553 3743 779 3802 dicens:
856 3768 875 3793 ι
906 3745 1021 3819 Ego
1051 3762 1172 3803 sum
1203 3748 1381 3819 panis,
1436 3750 1535 3821 qui
1586 3750 1653 3805 de
1701 3752 1840 3807 coelo
1893 3752 2150 3811 descendi

555 3831 737 3906 (Joan.
767 3849 846 3904 vr,
877 3835 995 3907 51).
1014 3861 1033 3885 ι
1091 3837 1170 3893 De
1199 3851 1307 3909 quo
1335 3852 1474 3910 pane
1502 3837 1641 3895 dicit
1672 3838 1982 3911 Propheta:
2032 3867 2050 3891 ι
2080 3843 2151 3899 Et

550 3922 709 3995 panis
735 3940 830 3980 cor
858 3924 1103 3982 hominis
1131 3926 1424 3984 confirmat
1456 3927 1630 4001 (Psal.
1665 3945 1783 3997 cur,
1817 3930 1926 4001 15).
1957 3955 1975 3980 ι

623 4012 676 4069 δ.
718 4012 837 4080 Quo
864 4030 993 4088 ergo
1020 4015 1161 4072 mihi
1190 4031 1410 4088 panem,
1459 4033 1622 4090 quem
1672 4018 1833 4074 oﬂ'ert
1870 4018 2148 4091 diabolus,

551 4116 677 4156 cum
708 4100 937 4159 habeam
968 4120 1187 4176 panem,
1215 4122 1377 4179 quem
1409 4104 1665 4164 Christus
1693 4107 1941 4181 impartit
1960 4110 1989 4166 ‘P
2028 4108 2149 4177 Quo

552 4187 694 4242 mihi
721 4189 930 4259 cibum,
970 4204 1194 4265 propter
1225 4212 1391 4267 quem
1430 4199 1833 4270 protOplastum
1872 4198 2146 4272 dejectum

552 4275 801 4345 memini,
825 4278 970 4335 Esau
998 4281 1298 4350 primitivis
1322 4284 1641 4342 fraudatum
1674 4287 1810 4357 vidi,
1842 4288 2035 4346 Iudam
2068 4291 2147 4347 Is-

552 4365 764 4424 carioth
790 4367 1122 4439 proditionis
1148 4374 1353 4428 scelere
1381 4374 1705 4432 denotatum
1731 4377 1759 4433 ?
1786 4378 1964 4436 Adam
1997 4380 2145 4437 enim

551 4470 650 4528 per
703 4471 880 4512 escam
936 4455 1249 4528 paradisum
1306 4462 1571 4531 perdidit,
1614 4464 1763 4520 Esau
1811 4483 1907 4537 per
1942 4468 2146 4526 lentem

496 4588 501 4591 .
550 4544 817 4617 honorem
874 4546 1142 4618 primatus
1197 4548 1404 4620 amisit,
1480 4552 1649 4609 Judas
1720 4569 1816 4624 per
1871 4555 2145 4617 bucellam
2175 4597 2224 4657 D

554 4635 1143 4657 “nummum,”
1181 4636 1303 4657 ,η
1391 4640 1425 4657 .,
1846 4643 1857 4655 .
1947 4646 1963 4657 .
2090 4650 2104 4657 -

550 4635 886 4708 apostolatus
911 4635 1148 4693 sublime
1175 4636 1431 4711 deposuit
1455 4658 1470 4708 ;
1522 4657 1592 4697 ex
1631 4657 1741 4714 quo
1771 4643 1916 4701 enim
1947 4646 2148 4707 bucel-

551 4728 661 4784 lam
708 4728 966 4800 sumpsit,
1011 4745 1124 4785 non
1148 4728 1264 4802 jam
1318 4733 1601 4804 apostolus
1651 4735 1818 4806 coepit
1860 4752 1995 4807 esse,
2051 4741 2147 4798 sed

552 4814 821 4888 proditor.
840 4817 932 4874 Sic
959 4819 1107 4875 enim
1139 4821 1408 4893 scriptum
1431 4822 1620 4892 habes,
1642 4822 1859 4882 dicente
1884 4828 2141 4887 Domino:

566 4932 585 4955 ι
614 4906 717 4964 Cui
746 4906 1052 4965 intinctum
1085 4928 1280 4984 panem
1310 4912 1535 4983 dedero,
1568 4914 1683 4987 ipse
1714 4932 1799 4971 me
1829 4918 2027 4976 tradet.
2074 4921 2147 4977 Et

551 5001 821 5057 continuo
869 5011 993 5074 post
1039 5004 1311 5063 bucellam
1342 5007 1577 5064 intravit
1613 5008 1671 5063 in
1715 5008 1877 5065 illum
1920 5009 2146 5067 Satanas

555 5088 736 5160 (Joan.
762 5107 887 5158 xm,
921 5090 1010 5160 26,
1041 5093 1164 5166 27).
1198 5121 1218 5146 ι
1260 5097 1382 5152 Non
1410 5096 1591 5153 bonus
1621 5097 1799 5166 cibus,
1831 5107 1955 5170 post
1981 5116 2143 5174 quem

551 5192 783 5256 negatur
809 5186 1102 5258 Dominus,
1151 5196 1277 5261 post
1319 5207 1480 5264 quem
1509 5192 1820 5264 ingreditur
1846 5193 2140 5252 inimicus:

550 5291 664 5331 non
690 5275 871 5333 bonus
893 5276 1070 5347 cibus,
1098 5288 1221 5352 post
1248 5296 1413 5353 quem
1444 5281 1698 5339 Christus
1727 5284 2022 5355 respuitur,
2055 5284 2144 5342 de-

550 5374 769 5423 coratur
796 5366 1178 5426 Antichristus
1204 5387 1216 5426 :
1268 5385 1381 5427 non
1411 5371 1590 5428 bonus
1617 5372 1795 5441 cibus,
1847 5374 1943 5446 qui
1968 5373 2145 5431 bene-

591 5528 740 5608 ._(9_(_i)
780 5529 1097 5608 Tres_mss.,
1125 5529 1439 5603 cogitatione
1464 5532 1779 5600 initiatum;
1810 5550 1989 5604 annus,
2048 5553 2144 5591 co-

548 5600 802 5668 gitatione
829 5600 1040 5656 initum.

623 5668 742 5739 (97)
783 5669 910 5746 Ve_t_.
948 5671 1106 5740 edit.,
1157 5679 1217 5729 ut
1244 5673 1442 5729 dictum
1470 5690 1747 5731 numerum
1776 5678 1889 5731 sine
1928 5678 2136 5746 labore;

548 5735 733 5807 Rom,
764 5744 827 5797 ut
843 5740 1040 5796 dictum
1073 5735 1354 5801 numerum
1378 5747 1452 5803 ad
1472 5746 1612 5802 diem
1632 5748 1745 5803 sine
1772 5749 1958 5805 labore
1982 5766 2003 5813 ;
2026 5735 2140 5806 om:

2332 3299 2542 3442 ;It0mt;1tte
2568 3300 2627 3355 in
2651 3285 2767 3355 cod.
2800 3299 3002 3371 Remig.
3033 3305 3086 3355 et
3109 3285 3314 3357 duobus
3344 3285 3503 3355 Germ.

2360 3388 2477 3427 ueri
2508 3415 2522 3428 .

2360 3388 2522 3428 uera.

2336 3471 2387 3525 1.
2434 3470 2581 3525 Ante
2621 3467 2739 3527 dies
2777 3469 3139 3527 devotionem
3175 3475 3369 3527 sanctas
3414 3450 3732 3531 Quadragesim?2

2261 3559 2643 3633 Praedicantes,
2711 3576 2988 3617 sacrarum
3042 3559 3361 3617 litterarum
3389 3548 3599 3622 exempla
3618 3544 3733 3638 preti:

2262 3648 2447 3718 limus,
2480 3649 2682 3722 quibus
2710 3648 3144 3722 approbaremus
3186 3649 3331 3705 hunc
3363 3639 3732 3722 quadrageni!!!le

2260 3753 2553 3795 numerum
2583 3755 2698 3796 non
2726 3755 2842 3796 esse
2869 3738 2939 3796 ab
2966 3737 3295 3795 hominibus
3341 3707 3732 3817 constitutum-"ai

2260 3830 2533 3887 divinitus
2603 3838 2983 3889 consecratum
3024 3848 3037 3887 :
3094 3847 3199 3889 nec
3260 3839 3460 3886 terrena
3503 3814 3731 3890 cogitatio"e

2260 3919 2551 3977 inventum
2601 3920 2741 3993 (96),
2791 3919 2886 3977 sed
2927 3920 3140 3978 caelesti
3190 3917 3461 3990 ωδὶθείόῖθ
3484 3905 3730 4005 ,Ἐξ

2258 4012 2439 4085 Atque
2468 4011 2591 4069 ideo
2610 3987 3114 4085 ‘quiconstitutum
3141 3987 3422 4068 numerum
3443 4016 3537 4062 una
3558 3994 3626 4053 ἀίθ
3644 3987 3732 4050 43°

2259 4084 2655 4164 manducando
2691 4107 2954 4180 praeterit,
3006 4123 3127 4164 non
3174 4114 3236 4163 ut
3264 4102 3419 4161 unius
3453 4094 3545 4155 diei
3578 4084 3734 4180 νίοωθῗ

2257 4207 2565 4273 accusatur,
2598 4178 2709 4256 sed
2723 4206 2784 4256 ut
2814 4197 2985 4256 totius
3014 4194 3447 4270 Quadragesimaa

2257 4268 2527 4360 arguitur.
2551 4267 2715 4345 Unde
2742 4287 2952 4345 bonum
2982 4295 3067 4345 est
3108 4267 3322 4344 homini
3356 4288 3412 4338 ut
3436 4276 3504 4367 ad,
3532 4270 3641 4367 ἀίίῖω
3660 4267 3733 4367 {lie

2257 4358 2443 4435 labore
2470 4377 2685 4450 jejunet
2720 4378 2860 4449 (97),
2891 4384 2945 4434 et
2993 4377 3166 4435 totius
3202 4358 3733 4450 Quadragesima'wfisi'

2257 4443 2489 4541 quatur'
2514 4443 2735 4538 pariter
2773 4443 3150 4525 sanctitatem.
3192 4465 3319 4521 Haec
3345 4467 3513 4541 autem,
3548 4458 3632 4504 n0“

2257 4523 2609 4613 sacerdotum
2636 4523 2931 4630 praecepta,
2963 4572 3131 4629 quam
3162 4552 3267 4612 Dei
3295 4556 3433 4609 sunt.
3488 4523 3736 4630 Αίίῐηῗηίξίέθ

2255 4646 2351 4719 qui
2380 4645 2497 4702 haec
2520 4615 2751 4718 Sperbit,
2791 4615 3276 4704 non'saberdotem
3322 4634 3526 4713 spernit,
3549 4615 3736 4685 sedChn'

2255 4742 2423 4804 stum,
2445 4734 2541 4807 qui
2569 4734 2628 4790 in
2657 4752 2757 4792 suo
2778 4736 3029 4810 loquitur
3067 4732 3367 4792 sacerdote.

2324 4832 2378 4889 2.
2411 4831 2710 4890 Videamus
2737 4834 2909 4906 igitur
2934 4849 3045 4906 quo
3073 4840 3325 4904 tempore
3351 4826 3481 4883 hanc

2253 4921 2388 4979 tiam
2415 4921 2575 4980 nobis
2600 4923 2891 5002 indixerit
2939 4923 3232 4989 Dominus,
3282 4917 3464 5003 sinon
3504 4897 3738 5003 νεξξηξξιξξξ

2253 5011 2417 5069 istam
2445 4998 2797 5071 devotionem
2830 5021 3035 5072 cuncta
3060 4980 3327 5071 elementa
3368 4993 3578 5062 voluerit
3602 4980 3737 5042 δέκα

2254 5103 2580 5203 profectum.
2614 5105 2756 5203 Doce
2789 5104 3076 5203 enim,uut
3108 5103 3175 5203 in
3203 5101 3348 5203 dicta

2254 5192 2416 5262 sima,
2444 5195 2742 5253 constricta
2789 5194 3016 5252 hiemali
3046 5194 3169 5267 gelu
3225 5198 3368 5294 terra
3404 5166 3723 5294 ,ιθείίξῖξῗὲὶὲ

2253 5299 2517 5359 aquarum
2568 5286 2775 5344 ﬂuenta
2816 5292 3027 5342 meatus
3046 5250 3228 5351 asuos,
3285 5272 3446 5350 glacie
3506 5250 3737 5388 ΗΞυὲδὶίὲ

2254 5358 2564 5450 recipiunt;
2626 5378 2707 5436 sic
2754 5392 2971 5451 quoque
3014 5386 3307 5447 corporum
3362 5358 3629 5422 nostror'llm

2252 5553 2348 5595 nes
2371 5554 2503 5594 vero
2522 5555 2677 5605 mss,
2708 5538 2905 5593 dictum
2932 5550 3209 5592 numerum
3240 5523 3497 5606 rejiciunf:

2328 5558 2348 5594 s
2371 5558 2503 5594 vero
2522 5558 2649 5595 mss.
2658 5580 2677 5605 ,
2708 5558 3209 5621 atqtummumerum
3240 5558 3497 5606 ι’ῠδξυιυιιιτο
3602 5558 3735 5626 ΐίδωη

2328 5611 2443 5683 (98)
2474 5609 2676 5667 Omnes
2704 5610 2837 5667 edit.
2867 5608 2963 5665 hic
2976 5616 3029 5665 et
3044 5607 3190 5683 intra
3217 5598 3533 5683 coniungit}:
3554 5592 3734 5683 “Mm

2328 5642 2443 5683 ισο]
2474 5642 2676 5667 υωιισδ
2704 5642 2837 5667 cun.
2868 5642 3029 5665 ιιιυσι
3044 5642 3190 5663 ιιιιια,
3217 5642 3460 5679 mna-..“

2251 5680 2451 5757 indicta
2470 5699 2493 5746 ἱ
2543 5698 2691 5757 m83._
2714 5688 2913 5757 autem
2967 5679 3165 5753 partim
3214 5661 3549 5741 0011111113111“:
3591 5642 3696 5718 9³³⁸³

2249 5751 2513 5810 dividunt
2536 5753 2784 5811 eamdem
2809 5751 3023 5811 vocem.
