3864 6188
114 299 227 356 (385

935 301 1303 360 SEBMONES
1339 301 1396 359 S.
1433 302 1787 360 AMBROSIO
1828 304 2199 362 HACTENUS
2241 306 2587 364 ASCRIPTI.

3245 271 3254 288 ί
3325 309 3431 369 ssc

114 427 314 483 eodem
342 437 586 500 tempore
615 436 895 486 contracta
923 403 1222 486 sceleribus
1252 439 1472 503 peccata
1493 432 1714 486 solvun-
1745 433 1796 492 Α
1823 431 2197 502 concipiamus
2231 433 2313 504 (3)
2364 433 2634 488 virtutum
2684 434 2953 506 germina,
2983 443 3044 491 ut
3077 435 3137 492 in
3182 436 3272 494 die
3320 438 3430 495 Pa-

118 524 229 584 tur,
265 525 320 573 et
350 517 479 574 vitae
510 526 710 574 nostra:
746 519 938 592 purior
967 536 1181 588 cursus,
1216 520 1719 594 quuefactorigore

112 603 351 675 diaboli,
374 613 614 662 meatum
645 624 805 664 suum
823 608 1120 680 pristinum
1141 610 1501 682 recognoscit.
1535 610 1721 680 Terra,
1745 669 1750 674 _

113 695 371 768 inquam,
422 695 477 751 in
530 697 676 754 dicta
719 697 1143 770 Quadragesima
1173 698 1521 771 asperitatem
1553 699 1722 771 depo-

111 783 199 840 nit
233 783 458 853 hiemis,
503 802 602 858 ego
635 787 692 842 in
738 786 885 843 dicta
914 786 1339 859 Qua‘dragesima
1377 786 1722 859 asperitatem

111 871 316 942 rejicio
356 873 706 932 delictorum.
752 878 852 932 Illa
902 886 1043 932 terra
1091 877 1287 934 aratris
1334 878 1630 947 scinditur,
1663 886 1725 934 ut

110 963 420 1018 mundanis
451 963 522 1018 sit
555 980 795 1036 congrua
824 964 1074 1037 frugibus
1113 983 1124 1020 :
1177 982 1298 1021 mea
1326 973 1472 1022 terra
1494 965 1724 1037 jejuniis

109 1058 396 1118 exaratur,
417 1058 478 1106 ut
493 1052 808 1107 cmlestibus
824 1052 895 1109 sit
911 1060 1035 1123 apta
1054 1053 1379 1110 seminibus.
1404 1053 1557 1111 Sicut
1573 1055 1720 1110 enim

114 1139 361 1195 reditum
413 1140 726 1196 uberiorem
774 1142 939 1213 capit,
973 1142 1067 1214 qui
1099 1143 1442 1214 frequentius
1471 1145 1722 1202 vexando

109 1237 337 1286 exercet
379 1246 661 1302 campum;
699 1230 775 1286 ita
809 1240 863 1287 et
897 1231 1158 1302 majorem
1202 1233 1434 1304 gratiam
1467 1235 1720 1307 percipit,

111 1320 209 1394 qui
240 1329 459 1377 exercet
489 1321 733 1394 corporis
763 1322 849 1378 sui
879 1339 1136 1395 campum
1163 1323 1364 1396 saepius
1386 1323 1720 1396 jejunando.

181 1419 236 1475 3.
273 1420 416 1476 Ecce
445 1420 591 1476 enim
629 1420 976 1476 abstinentiae
1018 1430 1286 1494 tempore,
1321 1422 1490 1479 herba
1550 1440 1720 1496 sege—

113 1516 231 1565 tum
273 1508 563 1565 reviviscit
593 1509 649 1564 in
687 1525 938 1578 messem,
969 1511 1224 1567 surculus
1252 1511 1462 1568 arboris
1494 1522 1724 1570 conatur

113 1597 169 1651 in
203 1597 521 1665 fructicem,
541 1598 749 1669 palmes
779 1598 954 1654 vineae
983 1597 1311 1671 pubescitin
1345 1616 1636 1672 gemmam,
1668 1610 1723 1659 et

112 1688 305 1744 omnia
333 1686 400 1743 de
450 1685 808 1743 inferioribus
858 1687 924 1743 ad
953 1687 1150 1744 altiora
1182 1705 1239 1745 se
1271 1690 1565 1764 subrigunt
1597 1710 1608 1748 :
1643 1691 1720 1748 ita

1835 521 1979 579 schae
2008 521 2249 578 fructum
2270 521 2501 594 justitiaa
2536 523 2893 596 proferamus.

1907 611 1959 667 6.
1984 610 2101 669 Hoc
2130 618 2314 668 autem
2345 611 2776 686 quadragenario
2816 629 3049 670 numero
3079 629 3137 671 se
3167 615 3283 688 ipse
3311 618 3431 673 Do-

1837 698 2021 756 minus
2058 700 2308 758 Christus
2357 701 2627 771 exercuit,
2681 719 2792 760 non
2849 711 2911 760 ut
2958 705 3264 777 profectum
3314 707 3430 780 ipse

1836 797 2072 862 caperet,
2102 791 2196 846 sed
2243 798 2305 846 ut
2337 793 2643 864 profectum
2690 793 2885 850 salutis
2912 793 3072 851 nobis
3099 797 3428 855 ostenderet.

1834 878 1946 935 Nec
1970 879 2117 936 enim
2155 888 2272 936 erat
2302 881 2360 937 in
2391 882 2490 937 illo
2534 881 2694 954 spina
2719 882 2947 955 peccati,
2979 900 3101 957 quae
3131 893 3432 943 verteretur

1837 969 1893 1024 in
1916 969 2104 1028 ﬂorem
2133 991 2146 1039 ;
2179 972 2295 1044 ipse
2325 973 2473 1029 enim
2517 979 2633 1030 erat
2670 972 2771 1030 ﬂos
2804 981 2965 1030 natus
3010 990 3121 1031 non
3159 974 3228 1031 de
3253 976 3430 1047 spina,

1835 1059 1928 1115 sed
1953 1058 2019 1115 de
2050 1061 2222 1134 virga,
2251 1061 2395 1118 sicut
2442 1063 2520 1118 ait
2551 1061 2853 1135 propheta:
2915 1087 2933 1111 ι
2963 1062 3120 1120 Exiit
3166 1064 3321 1137 virga
3366 1065 3433 1122 de

1836 1148 2018 1206 radice
2049 1149 2217 1216 Jesse,
2271 1159 2325 1207 et
2380 1151 2483 1208 ﬂos
2535 1151 2603 1208 de
2650 1152 2835 1209 radice
2863 1151 2982 1225 ejus
3009 1153 3264 1210 ascendet
3296 1154 3430 1225 (Isa.

1835 1252 1914 1305 χι,
1951 1237 2004 1309 1)
2032 1255 2045 1305 ;
2079 1261 2096 1286 ›
2164 1239 2318 1312 virga
2348 1240 2498 1297 enim
2529 1248 2646 1297 erat
2680 1241 2874 1310 Maria,
2904 1241 3101 1310 nitida,
3133 1241 3352 1300 subtilis
3379 1251 3435 1300 et

1835 1325 2010 1398 virgo,
2049 1344 2170 1400 quae
2225 1329 2506 1387 Christum
2543 1332 2701 1388 velut
2748 1330 2941 1388 ﬂorem
2989 1331 3304 1404 integritate
3347 1333 3433 1391 sui

1834 1417 2081 1489 Corporis
2118 1419 2466 1491 germinavit.
2500 1458 2502 1461 τ

1908 1510 1958 1566 7.
1992 1509 2342 1571 Continuatis
2357 1532 2485 1589 ergo
2507 1517 2870 1591 quadraginta
2889 1517 3084 1575 diebus
3103 1527 3158 1576 et
3177 1518 3434 1577 noctibus

1837 1597 1940 1670 (4),
1974 1599 2090 1658 haec
2117 1600 2332 1674 jejunia
2361 1622 2470 1662 non
2499 1607 2745 1663 esuriens
2775 1607 3048 1664 Dominus
3075 1607 3429 1681 procuravit;

1833 1687 1928 1743 sed
1958 1687 2096 1746 dicit
2124 1690 2283 1748 illum
2307 1695 2645 1767 evangelista
2663 1695 2896 1752 esurisse
2917 1705 3122 1769 postea.
3145 1695 3434 1765 Quomodo

113 1780 219 1837 hoc
241 1778 435 1835 eodem
464 1787 710 1850 tempore
737 1777 1027 1834 hominum
1058 1779 1566 1852 spesintermortua
1599 1780 1716 1853 (99)
1752 1791 1800 1853 Β
1831 1791 1960 1850 ergo
2015 1787 2192 1852 potest
2234 1781 2374 1853 fieri,
2432 1792 2494 1840 ut
2519 1784 2614 1857 qui
2647 1791 2926 1841 tantorum
2955 1786 3172 1844 dierum
3201 1803 3432 1844 numero

113 1867 402 1926 reviviscit
450 1867 508 1923 in
543 1875 842 1940 posterum,
876 1867 1010 1924 fides
1057 1867 1272 1940 perdita
1323 1875 1610 1941 reparatur
1660 1869 1719 1926 in

113 1958 376 2032 gloriam,
442 1956 756 2029 temporalis
800 1957 917 2012 vita
968 1955 1186 2029 proﬁcit
1235 1957 1292 2012 in
1334 1965 1632 2027 aeternam;
1667 1967 1720 2016 et

112 2064 280 2103 omne
330 2064 502 2120 genus
557 2046 860 2101 humanum
909 2045 978 2101 ad
1025 2047 1268 2104 coelestia
1302 2063 1358 2103 se
1408 2047 1717 2120 subrigens,

110 2137 176 2192 ab
236 2137 453 2192 inlimis
484 2135 564 2206 (1)
609 2133 677 2189 ad
724 2135 921 2189 altiora
972 2135 1276 2208 consurgit.
1310 2136 1474 2194 Modo
1505 2137 1718 2194 ferrum

110 2233 334 2296 gestans
371 2224 609 2295 agricola
655 2231 929 2279 sarmenta
983 2223 1210 2295 deputat
1259 2225 1595 2292 vinearum;
1643 2227 1723 2285 ita

114 2322 165 2368 et
195 2330 353 2369 nunc
380 2313 744 2384 Evangelium
776 2319 1013 2368 tractans
1043 2313 1354 2385 episcopus,
1383 2315 1571 2370 sordes
1608 2333 1718 2371 am-

121 2411 277 2478 putat
323 2405 676 2476 populorum,
722 2411 775 2458 et
812 2402 919 2458 isto
962 2403 1393 2476 quadragenario
1441 2405 1718 2462 curriculo

123 2495 398 2550 universae
445 2493 551 2549 hoc
580 2500 749 2565 agunt
805 2500 1088 2562 creaturae,
1143 2502 1414 2566 quatenus
1453 2495 1717 2568 depositis

123 2583 437 2658 superﬂuis,
469 2589 675 2652 ornatae
703 2583 789 2637 vel
813 2590 1044 2654 comptae
1075 2583 1133 2638 in
1167 2585 1367 2656 pascha
1398 2586 1711 2657 procedant.

188 2691 240 2748 4.
301 2690 471 2748 Modo
532 2690 718 2746 omnia
773 2699 903 2746 sunt
955 2690 1014 2746 in
1069 2700 1249 2764 partu,
1317 2701 1377 2748 ut
1427 2701 1560 2751 tunc
1620 2713 1716 2752 re—

123 2781 403 2854 periantur
433 2779 491 2835 in
519 2779 702 2835 fructu
735 2797 748 2845 ;
781 2787 914 2835 tunc
942 2779 1092 2835 enim
1124 2789 1316 2838 contra
1341 2793 1552 2840 naturae
1583 2802 1715 2857 spe-

124 2871 255 2927 ciem
307 2871 470 2943 spina
509 2869 717 2944 profert
752 2886 952 2936 rosam,
983 2872 1226 2927 calamus
1257 2874 1459 2945 fragrat
1506 2876 1711 2947 lilium,

125 2961 451 3018 suavitatem
526 2959 680 3014 arida
753 2959 994 3031 virgulta
1067 2960 1400 3033 depromunt
1457 2982 1469 3020 :
1529 2973 1583 3021 et
1637 2967 1715 3025 ita

126 3063 312 3111 cuncta
373 3051 603 3107 ﬂoribus
652 3050 1008 3120 adornantur,
1068 3059 1131 3108 ut
1186 3054 1543 3112 festivitatem
1598 3058 1708 3114 diei

131 3143 304 3217 magni
354 3149 605 3200 creatura
635 3139 752 3214 ipsa
797 3139 976 3197 nitore
1006 3141 1092 3197 sui
1131 3142 1402 3201 celebrare
1443 3146 1718 3208 credatur.
1753 3154 1802 3217 C

130 3233 292 3305 Igitur
319 3240 382 3289 et
419 3249 518 3288 nos
548 3230 653 3287 hoc
695 3229 885 3286 eodem
927 3229 1263 3302 jejuniorum
1318 3241 1558 3307 tempore
1587 3253 1719 3309 pro-

129 3325 391 3382 ducamus
436 3324 502 3380 de
552 3321 727 3394 spinis
774 3322 980 3378 nostris
1023 3339 1191 3391 rosas,
1240 3322 1346 3380 hoc
1374 3333 1474 3394 est,
1503 3325 1570 3381 de
1598 3343 1720 3399 pec-

128 3417 252 3474 catis
293 3416 600 3490 justitiam,
638 3414 705 3470 de
754 3414 1047 3472 severitate
1113 3414 1572 3486 misericordiam,
1650 3419 1718 3477 de

130 3513 350 3571 avaritia
389 3514 714 3586 largitatem.
766 3512 886 3568 Istae
917 3511 1062 3568 enim
1095 3511 1266 3584 spinae
1305 3519 1438 3569 sunt
1473 3511 1719 3585 corporis

129 3604 309 3673 nostri,
367 3620 490 3677 qum
521 3603 819 3676 prmfocant
847 3603 1109 3671 animam,
1133 3603 1200 3659 de
1229 3602 1428 3675 quibus
1467 3603 1545 3660 ait
1576 3601 1718 3660 Scri-

130 3701 302 3764 ptura:
355 3716 378 3739 ι
407 3691 604 3764 Spinas
647 3700 701 3748 et
757 3691 992 3748 tribulos
1047 3691 1152 3747 tibi
1201 3691 1532 3764 germinabit
1573 3699 1720 3747 terra

133 3783 274 3853 (Gen.
304 3801 396 3852 nr,
445 3783 533 3854 18)
569 3800 582 3850 ;
626 3807 646 3832 ι
709 3782 978 3855 germinat
1025 3783 1174 3838 enim
1218 3782 1359 3838 mihi
1398 3792 1543 3839 terra
1599 3799 1720 3839 mea

131 3871 316 3943 spinas,
346 3872 401 3929 si
432 3889 518 3928 me
551 3873 852 3945 corporalis
898 3871 1150 3929 libidinis
1202 3871 1526 3929 titillatione
1552 3888 1716 3929 com-

133 3968 308 4038 pungit
335 3986 346 4024 :
391 3973 610 4038 generat
641 3965 780 4021 mihi
809 3964 1064 4036 tribulos,
1110 3982 1237 4022 cum
1268 3981 1355 4022 me
1392 3965 1716 4021 divitiarum

132 4057 464 4112 sacularium
507 4055 809 4128 cupiditate
834 4055 1153 4112 discruciat.
1186 4054 1354 4128 Spina
1382 4054 1532 4110 enim
1562 4054 1717 4113 Chri-

135 4145 296 4200 stiano
349 4145 608 4201 avaritiae
665 4161 774 4201 suae
823 4144 982 4200 radix
1026 4152 1154 4213 est;
1204 4145 1362 4216 spina
1394 4145 1515 4200 viro
1572 4143 1718 4200 bono

135 4233 343 4295 honoris
395 4235 626 4292 ambitio
668 4245 749 4293 est
783 4254 796 4304 ;
854 4235 1116 4293 videntur
1153 4236 1302 4292 enim
1359 4235 1538 4308 specie
1568 4233 1715 4308 apud

137 4339 250 4381 suos
278 4331 430 4399 grata
449 4342 582 4394 esse,
617 4325 711 4382 sed
741 4323 969 4380 laedunt.

199 4435 250 4492 5.
278 4437 375 4493 His
401 4453 528 4509 ergo
552 4435 661 4492 nisi
691 4433 973 4508 vigilando
1003 4440 1056 4490 et
1077 4431 1381 4505 jejunando
1407 4448 1589 4490 carere
1605 4449 1717 4489 non

1829 1866 2029 1924 famem
2070 1869 2332 1944 sitimque
2380 1888 2494 1929 non
2520 1878 2663 1936 431
2707 1875 2960 1944 senserit,
2994 1882 3181 1948 postea
3215 1875 3432 1933 esurie-

1829 1965 1952 2022 rit?
1997 1967 2294 2026 Esuriebat
2336 1971 2517 2042 plane,
2573 1987 2676 2028 nec
2735 1988 2932 2046 negare
2961 1989 3254 2046 possumus
3283 1973 3432 2047 quod

1829 2058 2086 2115 esurierit
2109 2077 2124 2126 ;
2161 2049 2355 2118 esuriit
2406 2061 2554 2118 enim
2612 2079 2726 2120 non
2777 2063 2964 2130 cibum
3002 2065 3313 2134 hominum,
3337 2063 3430 2121 sed

1830 2151 2062 2208 salutem
2087 2169 2101 2219 ;
2135 2169 2236 2210 nec
2280 2169 2529 2211 escarum
2560 2155 2908 2212 saecularium
2937 2156 3128 2229 epulas
3156 2156 3432 2229 concupi—

1831 2241 1935 2309 vit,
1965 2241 2060 2298 sed
2090 2243 2402 2300 animarum
2434 2244 2769 2302 desideravit
2815 2247 3126 2304 caelestium
3158 2247 3432 2304 sanctita-

1832 2337 1962 2386 tem.
1995 2331 2164 2388 Cibus
2191 2332 2340 2388 enim
2373 2331 2581 2390 Christi
2611 2343 2692 2391 est
2721 2334 3026 2408 redemptio
3055 2337 3386 2409 populorum
3412 2354 3426 2406 ;

1829 2419 1986 2476 cibus
2017 2421 2223 2479 Christi
2273 2431 2354 2478 est
2396 2429 2637 2496 paterna:
2670 2423 2973 2481 voluntatis
3016 2426 3261 2495 effectus,
3288 2427 3432 2484 sicut

1827 2508 1945 2580 ipse
1975 2510 2090 2567 ait:
2153 2535 2171 2560 ‹
2228 2511 2380 2568 Meus
2426 2512 2584 2569 cibus
2613 2521 2694 2570 est
2749 2522 2813 2570 ut
2862 2515 3056 2571 faciam
3091 2517 3431 2574 voluntatem

1825 2599 2007 2656 Patris
2046 2599 2178 2666 mei,
2211 2600 2305 2673 qui
2345 2617 2432 2656 me
2464 2603 2616 2658 misit
2664 2603 2845 2674 (Joan.
2871 2621 2949 2671 IV,
2990 2603 3104 2677 3’s).
3139 2631 3157 2654 ι
3199 2605 3354 2662 Unde
3378 2613 3432 2662 et

1827 2706 1928 2745 nos
1957 2690 2268 2746 esuriamus
2300 2691 2510 2760 cibum,
2538 2708 2649 2747 non
2669 2692 2764 2764 qui
2795 2694 3028 2749 terrenis
3051 2694 3231 2766 epulis
3257 2710 3434 2767 appa-

1824 2787 1997 2849 ratur,
2045 2778 2140 2836 sed
2207 2780 2302 2853 qui
2355 2779 2675 2836 divinarum
2732 2781 3141 2854 Scripturarum
3198 2783 3432 2841 lectione

1823 2869 2106 2942 colligitur
2136 2887 2150 2937 ;
2185 2869 2280 2924 ille
2327 2870 2476 2926 enim
2525 2886 2724 2943 corpus
2755 2871 2823 2928 ad
2861 2879 3080 2946 tempus
3109 2875 3306 2945 nutrit,
3340 2873 3432 2931 hic

1821 2965 2002 3016 autem
2032 2958 2268 3016 animam
2296 2959 2472 3016 reficit
2501 2958 2558 3015 in
2584 2969 2869 3022 aeternum.

2380 3053 2615 3111 SERMO
2665 3055 2874 3114 XXIX.

2149 3142 2229 3198 De
2257 3152 2446 3200 sancta
2491 3143 2920 3217 Quadragesima
2949 3147 3100 3205 XIII.

1828 3229 2052 3308 Ha_bitu_s
2089 3239 2162 3287 est
2203 3233 2287 3308 hic
2317 3250 2488 3290 sermo
2511 3235 2703 3308 media
2755 3237 2962 3292 circiter
2987 3237 3425 3308 'Quadragesima

1898 3303 2345 3378 inEvangelium
2391 3307 2521 3363 caeci
2569 3307 2708 3375 nati,
2742 3309 2882 3378 quod
2915 3303 3054 3363 nunc
3085 3303 3248 3378 feria'
3265 3309 3422 3363 tertia

1898 3375 2230 3452 hebdomadis
2273 3384 2480 3452 quarta:
2524 3375 2797 3452 recitatur.
2847 3379 3048 3435 Aberat
3186 3380 3428 3452 ipseiser-

1898 3463 1982 3501 mo
2019 3447 2084 3501 ab
2109 3447 2470 3518 antiq.-edit.;
2511 3450 2601 3504 sed
2636 3466 2732 3504 cur
2768 3450 2825 3504 in
2848 3452 2998 3508 Rom.
3037 3451 3161 3508 edit.
3195 3447 3418 3507 Ambro-

1900 3518 1977 3572 sio
2005 3517 2249 3574 tributus
2260 3517 2444 3589 fuerit,
2478 3521 2617 3578 nihil
2633 3537 2863 3593 prorsus
2878 3521 3046 3579 habet.

1901 3606 1950 3662 I.
1986 3607 2146 3680 Agite
2176 3608 2394 3680 gratias,
2445 3608 2662 3678 fratres,
2694 3608 2900 3665 divinae
2931 3609 3144 3683 pietati,
3171 3627 3291 3684 quas
3320 3627 3418 3667 vos

1828 3694 1897 3750 ad
1927 3696 2170 3753 medium
2219 3697 2658 3770 Quadragesimae
2702 3698 2960 3772 perduxit
2989 3698 3311 3758 incolumes.
3337 3701 3426 3758 Illi

1830 3801 1960 3841 vero
1991 3794 2220 3858 possunt
2273 3803 2372 3860 pro
2411 3787 2518 3845 hoc
2562 3803 2788 3844 munere
2821 3787 3038 3845 dulcius
3075 3804 3139 3846 ac
3171 3788 3426 3844 devotius

1830 3880 2004 3935 Deum
2037 3878 2280 3947 laudare,
2339 3879 2433 3952 qui
2463 3879 2540 3936 ita
2569 3878 2713 3936 sicut
2755 3879 2815 3934 in
2863 3877 3298 3950 Quadragesimae
3325 3895 3426 3934 ca-

1827 3967 1941 4041 pite
1962 3967 2300 4037 didicerunt,
2318 3969 2537 4025 noviter
2557 3967 2668 4025 huc
2687 3982 2860 4040 usque
2888 3967 3074 4024 vivere
3094 3966 3425 4024 studuerunt

1830 4063 1887 4120 id
1920 4073 2020 4131 est,
2052 4063 2149 4136 qui
2179 4071 2528 4136 peccatorum
2578 4080 2806 4120 suorum
2862 4061 3243 4120 remissionem
3275 4078 3424 4135 quo-

1827 4153 1963 4210 tidie
1986 4151 2310 4225 jejunando,
2341 4153 2715 4226 eleemosynas
2759 4151 2963 4224 dando,
3009 4163 3062 4212 et
3114 4152 3181 4211 ad
3219 4153 3426 4210 Eccle—

1828 4243 1964 4300 siam
1994 4242 2336 4317 properando
2367 4260 2494 4302 cum
2523 4243 2786 4318 lacrymis
2815 4250 2870 4301 et
2902 4242 3156 4317 suspiriis
3183 4259 3423 4303 curave-
3452 4309 3456 4313 Α

1827 4342 1957 4391 runt
1983 4351 2158 4392 orare.
3518 4405 3523 4410 η

1898 4424 1950 4480 2.
1982 4425 2070 4482 Illi
2117 4433 2299 4482 autem
2353 4425 2447 4500 qui
2494 4424 2599 4482 ista
2651 4427 3033 4499 neglexerunt,
3089 4424 3147 4482 id
3193 4431 3294 4504 est,
3325 4430 3421 4480 aut
3520 4417 3523 4421 ”

139 4538 445 4594 possumus;
480 4525 615 4598 quin
640 4524 825 4597 potius
841 4540 936 4597 per
967 4523 1357 4580 abstinentiam
1391 4522 1518 4595 ipsae
1549 4522 1719 4595 spinae
1747 4523 1796 4582 D
1827 4513 2075 4586 quotidie
2119 4531 2229 4571 non
2274 4513 2690 4586 jejunaverunt,
2744 4525 2838 4571 aut
2891 4515 3266 4584 eleemosynas
3307 4527 3421 4567 non

142 4622 406 4673 vertentur
434 4615 490 4672 iu
519 4631 720 4672 rosam.
745 4613 1005 4670 Producit
1035 4613 1182 4669 enim
1207 4610 1512 4684 jejunando
1541 4612 1715 4669 libido

140 4706 524 4776 castimoniam,
569 4703 824 4779 superbia
869 4703 1259 4770 humilitatem,
1304 4702 1538 4758 ebrietas
1580 4719 1716 4774 par-

144 4792 345 4852 citatem
375 4795 457 4867 (2)
483 4815 496 4864 ;
529 4795 588 4851 hi
618 4793 765 4851 enim
796 4801 926 4849 sunt
977 4792 1136 4849 ﬂores
1187 4791 1316 4848 vitae
1366 4801 1587 4859 nostrae,
1619 4792 1714 4865 qui

146 4896 293 4938 suave
339 4883 560 4942 Christo
614 4883 883 4949 redolent,
945 4881 1038 4953 qui
1101 4879 1323 4935 odorem
1365 4879 1571 4936 bonum
1601 4881 1716 4934 Deo

147 4971 358 5040 spirant.
420 4974 574 5030 Unde
614 4974 691 5029 ait
725 4971 1022 5044 Apostolus
1056 4987 1067 5025 :
1128 4992 1146 5016 ι
1178 4969 1448 5036 Quoniam
1509 4967 1716 5025 Christi

146 5055 304 5117 bonus
330 5062 465 5118 odor
494 5079 683 5119 sumus
713 5064 824 5118 Deo
849 5062 938 5132 (ΙΙ
966 5060 1091 5115 Cor.
1116 5076 1176 5127 II,
1213 5058 1326 5131 15).
1346 5084 1363 5106 ι
1408 5058 1560 5113 Hanc
1589 5074 1716 5128 ergo

145 5145 602 5224 Quadragesimam
649 5151 876 5225 largitus
895 5158 976 5206 est
1007 5148 1168 5206 nobis
1199 5147 1490 5215 Dominus,
1525 5156 1586 5204 ut
1615 5145 1714 5201 hu-

143 5233 222 5305 ius
248 5243 501 5315 temporis
533 5241 712 5316 spatio
751 5241 808 5296 in
840 5257 1048 5297 morem
1072 5238 1245 5295 totius
1274 5245 1535 5293 creaturae
1567 5253 1716 5292 nunc

199 5336 320 5416 ⁸(99)
358 5341 807 5416 ΝοηῃιιΙΙὶωεε.,
839 5357 954 5413 spes
973 5337 1187 5396 interim
1214 5340 1462 5402 mortua;
1490 5333 1712 5409 quidam

148 5413 314 5484 etiam,
332 5429 455 5484 spes
482 5414 706 5470 inte-rius
733 5420 964 5469 mortua.

213 5475 516 5562 (l)’(.)_mnes
557 5485 689 5562 edit.
722 5501 1052 5562 _cum__mss.
1095 5480 1331 5562 duobus,
1370 5479 1435 5562 ab
1487 5475 1714 5548 inferis;

149 5562 264 5676 zlbss.
289 5553 518 5695 gliquot,
550 5558 615 5613 ab
647 5557 1034 5628 inferioribus;
1081 5555 1178 5611 alii
1209 5553 1405 5624 majori
1457 5565 1711 5616 numero,

231 5640 286 5678 ιη
325 5643 442 5684 mis.

212 5693 296 5768 (2)
319 5697 400 5755 Ita
426 5715 558 5772 mss,
587 5701 772 5775 plures
826 5716 890 5760 ac
941 5699 1180 5774 potiores
1213 5715 1226 5756 :
1282 5693 1540 5754 nonnulli
1583 5707 1714 5751 vero

1823 4603 2094 4675 fecerunt,
2151 4613 2245 4663 aut
2294 4607 2528 4664 studiosi
2586 4606 2674 4661 vel
2722 4603 3040 4677 compuncti
3073 4602 3132 4658 in
3170 4600 3422 4657 oratione

1824 4710 1934 4750 non
1965 4695 2227 4763 fuerunt;
2259 4712 2372 4751 non
2419 4703 2501 4751 est
2547 4693 2694 4749 unde
2737 4691 3030 4764 gaudeant,
3071 4685 3167 4743 sed
3215 4685 3424 4745 habent

1824 4785 2007 4858 potius
2040 4784 2229 4840 miseri
2258 4783 2406 4839 unde
2445 4782 2686 4852 lugeant.
2714 4778 2924 4836 Verum
2953 4792 3067 4832 non
3093 4777 3170 4830 ita
3200 4774 3421 4846 lugeant

1825 4883 1886 4930 ut
1933 4873 2254 4946 desperent;
2288 4873 2416 4946 quia
2448 4872 2543 4945 qui
2597 4885 2801 4926 caecum
2832 4871 2886 4924 'a
2924 4866 3213 4922 nativitate
3238 4869 3418 4940 potuit

1824 4965 2141 5020 illuminare
2165 4963 2345 5034 (Joan.
2391 4977 2473 5029 rx,
2502 4960 2579 5032 7),
2613 4964 2790 5031 potest
2817 4963 2870 5014 et
2909 4956 3045 5012 istos
3087 4972 3236 5013 nunc
3263 4957 3416 5028 tepi-

1825 5053 1923 5109 dos
1951 5060 2005 5108 et
2045 5051 2402 5123 negligentes,
2454 5048 2501 5104 si
2553 5063 2622 5103 ex
2653 5052 2768 5102 toto
2813 5042 2978 5102 corde
3005 5043 3075 5102 ad
3118 5061 3240 5101 eum
3272 5062 3417 5102 con-

1823 5143 1968 5198 verti
1993 5139 2294 5204 voluerint,
2324 5137 2601 5194 studiosos
2654 5151 2718 5192 ac
2743 5134 3019 5192 ferventes
3073 5133 3133 5190 in
3163 5150 3262 5190 suo
3290 5151 3416 5191 ser—

1823 5233 1963 5291 vitio
1993 5233 2189 5288 facere.
2219 5229 2392 5302 Igitur
2437 5229 2591 5297 tales,
2624 5227 2730 5286 hoc
2758 5235 2856 5296 est,
2899 5224 3184 5282 immunde
3209 5225 3414 5283 viven-

1822 5339 1878 5389 et
1932 5347 2122 5388 omnes
2193 5328 2351 5398 edit.,
2438 5327 2690 5387 sobrietas
2755 5325 3089 5399 parcitatem,
3175 5322 3414 5381 absurdo

1821 5420 2143 5546 sel(.§i‘)l.\fet.
2175 5473 2402 5546 editae
2439 5487 2568 5528 mss.
2598 5467 2875 5546 nonnulli,
2906 5485 3044 5523 nunc
3082 5468 3410 5540 concupisca-

1821 5539 1973 5614 mus;
2006 5549 2163 5605 Rom.
2205 5554 2260 5602 et
2286 5543 2404 5617 alii,
2423 5559 2572 5617 princ
2595 5539 2973 5617 concipiamus.

1919 5609 1976 5687 4)
2003 5621 2065 5674 In
2118 5616 2332 5674 cunctis
2378 5609 2515 5671 edit:
2561 5612 2777 5687 aberat,
2817 5616 2865 5663 et
2891 5610 3176 5676 noctibus;
3225 5609 3320 5666 sed
3351 5611 3409 5665 in

1919 5619 1976 5687 4)
2003 5621 2065 5674 In
2118 5619 2332 5674 cunctis
2378 5619 2511 5671 edit.
2563 5619 2768 5677 aberat,
2817 5619 2865 5663 et
2891 5627 2987 5664 ηοσ

1821 5619 1991 5748 nuilis
2019 5688 2144 5750 cod.
2173 5703 2339 5744 manu
2367 5682 2604 5743 exaratis
2627 5679 2990 5739 desideratur.
