3864 6188
561 390 664 448 687

1579 384 1677 439 ΑΙ)
1722 381 1956 439 ΟΡΕΒΑ
1997 381 2053 436 8.
2096 382 2140 436 Α

2248 378 2430 434 ROSII
2468 376 2846 434 APPENDIX.
3684 380 3743 436 688

561 524 665 582 tes,
695 516 788 572 vel
821 513 1008 572 odium
1042 514 1099 569 in
1128 510 1292 570 corde
1319 518 1511 568 contra
1532 509 1768 581 aliquem
1789 515 2146 577 reservantes,
2179 524 2228 582 Α
2265 504 2524 572 Domino,
2558 503 2701 560 sicut
2728 512 2853 559 ante
2883 500 3048 558 verba
3065 500 3350 573 Evangelii
3377 500 3513 574 quod
3546 518 3662 560 nunc
3680 521 3743 562 an-

559 609 648 664 vel
681 608 862 664 aliena
885 605 1089 678 injuste
1117 607 1410 677 rapientes,
1453 609 1547 657 aut
1584 618 1682 657 sua
1710 600 2019 656 inordinate
2062 618 2142 657 re-

557 697 817 764 tinentes,
836 696 1134 752 caecitatem
1165 710 1320 750 suam
1351 699 1738 762 agnoscant,et
1766 691 1833 746 ad
1864 691 2140 747 medicum

555 795 618 842 ut
648 786 1055 851 illuminentur,
1088 787 1389 838 recurrant.

623 878 675 931 3.
710 877 929 931 Utinam
982 873 1061 929 sic
1101 871 1437 944 quaereretis,
1491 869 1711 942 quando
1767 870 2004 942 peccatis
2033 887 2142 926 me-

551 965 794 1021 dicinam
837 962 1162 1034 spiritalem,
1210 961 1352 1017 sicut
1393 959 1611 1033 quando
1641 959 1917 1015 infirmam
1938 960 1997 1014 in
2026 977 2141 1016 cor-

550 1074 703 1130 pore,
735 1055 1016 1129 requiritis
1044 1054 1336 1110 carnalem.
1365 1052 1500 1120 Quis
1530 1051 1692 1107 modo
1715 1051 1771 1105 in
1805 1059 1957 1106 tanta
1986 1051 2143 1122 plebe

551 1156 651 1216 est,
684 1148 778 1219 qui
820 1147 865 1202 si
906 1144 1126 1201 deberet
1172 1161 1284 1200 non
1318 1143 1517 1210 occidi,
1569 1141 1663 1197 sed
1714 1141 1892 1196 solum
1945 1141 2137 1196 oculos

549 1239 792 1312 perdere,
843 1245 898 1293 et
953 1252 1065 1291 non
1096 1235 1270 1303 daret,
1302 1242 1362 1289 ut
1414 1233 1719 1306 periculurn
1765 1232 1994 1288 evadere
2023 1247 2142 1302 pos-

549 1339 651 1398 set,
681 1329 869 1385 omnia
915 1344 1034 1400 quae
1066 1325 1290 1382 haberet
1310 1326 1337 1380 ‘i
1375 1326 1446 1380 Et
1471 1325 1517 1380 si
1551 1326 1625 1379 ita
1665 1322 1874 1380 timetis
1903 1329 2138 1378 mortem

548 1421 748 1489 carnis,
782 1435 948 1492 quare
1005 1433 1115 1473 non
1144 1415 1384 1472 timeatis
1425 1414 1622 1470 animas
1649 1422 1917 1480 mortem;
1967 1413 2141 1468 maxi-

552 1527 638 1568 me
667 1527 793 1567 cum
842 1509 1038 1564 mortis
1077 1507 1255 1575 dolor,
1286 1506 1342 1562 id
1369 1513 1472 1574 est,
1501 1505 1703 1573 carnis,
1733 1521 1843 1560 non
1871 1503 1944 1560 sit
1975 1504 2141 1560 unius

553 1611 734 1673 horae;
787 1613 840 1661 et
894 1617 1043 1660 mors
1089 1615 1306 1668 animae,
1348 1597 1404 1655 id
1459 1606 1560 1667 est,
1620 1599 1800 1655 luctus
1853 1606 1906 1654 et
1962 1613 2140 1669 poena,

552 1713 834 1770 nunquam
887 1694 1085 1751 habeat
1129 1694 1293 1748 finem
1317 1692 1344 1746 ‘i’
1388 1693 1460 1746 Et
1501 1691 1548 1746 si
1596 1692 1675 1746 ita
1717 1689 1912 1746 amatis
1953 1691 2142 1746 oculos

548 1787 816 1859 corporis,
841 1801 978 1857 quos
1023 1785 1136 1840 cito
1184 1782 1470 1838 moriendo
1517 1780 1768 1852 perditis,
1817 1797 1982 1854 quare
2029 1797 2140 1837 non

549 1881 794 1953 diligatis
838 1878 1030 1935 oculos
1081 1875 1376 1948 spiritales,
1427 1874 1627 1947 quibus
1663 1876 1838 1930 Deum
1867 1890 1930 1932 ac
1956 1873 2141 1931 Domi-

549 1987 683 2030 num
706 1978 948 2028 vestrum
977 1968 1096 2024 sine
1121 1967 1229 2023 fine
1259 1966 1446 2022 videre
1475 1966 1702 2022 valeatis
1727 1966 1754 2021 ‘l

617 2062 671 2118 4.
712 2059 1029 2134 Operamini
1063 2067 1412 2133 quapropter,
1433 2057 1624 2114 dilecti
1655 2058 1712 2112 in
1741 2057 1979 2114 Domino
2001 2057 2138 2128 lilii,

548 2151 855 2226 operamini
883 2151 1016 2208 dum
1046 2151 1164 2208 dies
1192 2157 1310 2218 est;
1332 2149 1479 2222 quia,
1501 2157 1563 2205 ut
1582 2147 1719 2204 dicit
1750 2147 2007 2204 Christus
2026 2151 2136 2204 Do-

548 2241 736 2299 minus
764 2250 986 2298 noster:
1053 2265 1072 2290 <
1099 2241 1266 2298 Venit
1313 2255 1447 2307 nox,
1491 2239 1551 2293 in
1591 2255 1700 2310 quo
1741 2254 1906 2294 nemo
1957 2245 2136 2310 potest

546 2333 761 2405 operari
784 2333 966 2404 (Joan.
989 2348 1070 2399 rx,
1092 2330 1174 2400 4).
1196 2355 1214 2376 ι
1263 2328 1390 2384 Dies
1411 2335 1490 2382 est
1511 2326 1627 2382 vita
1645 2344 1901 2399 praesens,
1925 2343 2038 2382 nox
2059 2335 2141 2383 est

543 2437 715 2490 mors,
765 2429 820 2477 et
846 2429 1064 2492 tempus
1091 2426 1214 2491 post
1241 2425 1496 2472 mortem.
1545 2416 1603 2472 Si
1632 2424 1753 2488 post
1782 2417 1924 2472 hanc
1962 2417 2137 2472 vitam

545 2529 656 2570 non
687 2519 768 2568 est
799 2511 1063 2584 operandi
1094 2508 1336 2573 licentia,
1357 2506 1502 2564 sicut
1527 2505 1742 2562 Veritas
1773 2506 1946 2574 dicit;
1971 2522 2138 2579 quare

545 2618 655 2658 non
687 2601 900 2657 laborat
929 2598 1326 2672 unusquisque,
1345 2595 1479 2652 dum
1497 2603 1713 2666 tempus
1743 2594 1926 2664 habet,
1951 2595 2007 2650 id
2029 2604 2134 2664 est,

544 2692 678 2748 dum
723 2690 868 2746 vivit
910 2689 968 2745 in
999 2687 1105 2745 hoc
1152 2686 1402 2744 saeculo?
1449 2685 1659 2740 Timete
1687 2685 1846 2739 istam
1879 2693 2136 2754 mortem,

545 2781 760 2848 fratres,
816 2780 884 2835 de
942 2794 1050 2849 qua
1099 2778 1236 2834 dicit
1286 2777 1574 2832 Salvator:
1640 2797 1658 2820 ‹
1699 2774 1868 2830 Venit
1896 2792 2029 2844 nox,
2080 2775 2138 2831 in

547 2890 654 2946 qua
686 2889 848 2927 nemo
878 2879 1056 2942 potest
1083 2870 1317 2941 operari.
1360 2893 1378 2918 ι
1425 2869 1627 2924 Omnes
1657 2867 1753 2939 qui
1781 2869 1987 2924 malum
2016 2885 2139 2942 ope-

548 2968 761 3027 rantur,
794 2974 904 3012 non
934 2958 1135 3012 timent
1157 2958 1315 3012 istam
1344 2965 1597 3024 mortem,
1627 2964 1681 3012 et
1709 2957 1780 3013 ob
1807 2957 1912 3014 hoc
1939 2957 2008 3014 ab
2038 2957 2140 3015 hac

551 3049 664 3103 vita
687 3047 1004 3119 migrantes,
1031 3053 1264 3101 mortem
1287 3045 1580 3101 inveniunt
1600 3046 2008 3118 sempiternam.
2041 3047 2137 3102 La-

551 3139 765 3206 borate,
787 3137 921 3194 dum
938 3135 1150 3206 vivitis,
1173 3135 1267 3193 sed
1287 3137 1527 3193 maxime
1549 3136 1637 3193 his
1655 3137 1867 3205 diebus,
1885 3136 2136 3208 jejunan-

552 3229 624 3286 do
654 3245 685 3284 a
707 3228 959 3285 delicatis
988 3227 1148 3297 cibis,
1197 3236 1250 3284 et
1279 3229 1431 3285 omni
1463 3238 1705 3302 tempore
1731 3228 2058 3285 abstinendo
2106 3246 2137 3285 a

549 3319 724 3376 vitiis.
744 3318 1026 3394 Siquidem
1057 3327 1113 3376 et
1141 3320 1225 3376 illi
1257 3321 1352 3393 qui
1377 3320 1632 3394 jejunant
1652 3337 1684 3376 a
1701 3321 1848 3387 cibo,
1873 3327 1927 3375 et
1947 3337 2060 3376 non
2080 3337 2138 3377 se

547 3411 823 3468 abstinent
868 3428 900 3466 a
947 3413 1113 3480 malo,
1174 3412 1382 3468 similes
1421 3421 1549 3469 sunt
1577 3413 1821 3482 diabolo,
1879 3413 1975 3486 qui
2024 3429 2138 3469 non

548 3501 860 3568 manducat,
924 3508 978 3555 et
1016 3509 1199 3556 tamen
1243 3518 1274 3556 a
1319 3505 1464 3558 malo
1506 3520 1617 3558 non
1641 3498 1836 3560 cessat.
1890 3503 2138 3576 Denique

550 3589 820 3644 noveritis
851 3586 980 3659 quia
1010 3589 1156 3660 quod
1184 3589 1343 3646 vobis
1371 3591 1698 3646 subtrahitis
1723 3589 2044 3662 jejunaudo,
2077 3593 2143 3649 in

549 3675 750 3732 caelum
785 3675 998 3732 debetis
1023 3677 1396 3732 transmittere
1428 3696 1522 3749 per
1551 3695 1832 3749 pauperes.

619 3767 672 3824 5.
717 3767 981 3824 Hodiemi
1066 3765 1336 3824 sermonis
1391 3767 1849 3837 admonitionem,
1922 3769 2136 3840 fratres,

551 3873 715 3930 opere
747 3856 1014 3930 perﬁcite,
1044 3874 1112 3914 ne
1138 3858 1454 3915 Iudaeorum
1484 3873 1646 3930 super
1674 3874 1774 3913 vos
1799 3858 1986 3914 veniat
2016 3877 2141 3916 ma-

552 3949 796 4006 ledictio.
821 3949 1099 4004 Dixerunt
1122 3948 1271 4004 enim
1302 3965 1445 4006 caeco
1470 3966 1480 4004 :
1527 3973 1544 3997 ‹
1575 3948 1656 4003 Tu
1685 3948 1993 4022 discipulus
2022 3949 2141 4022 ejus

549 4038 622 4095 sis
656 4038 820 4106 (Ibid.
853 4037 968 4110 28).
1000 4063 1019 4087 ι
1081 4037 1226 4106 Quid
1266 4047 1348 4096 est
1375 4038 1710 4112 discipulum
1751 4055 1864 4094 esse
1910 4038 2141 4110 Christi,

505 4189 512 4193 _
552 4125 660 4181 nisi
691 4127 1029 4197 discipulum
1063 4144 1177 4184 esse
1206 4127 1427 4199 pietatis
1446 4137 1499 4185 et
1519 4128 1769 4184 veritatis
1787 4135 1840 4184 et
1861 4127 2142 4185 humilita-

552 4212 625 4267 tis
649 4213 677 4267 ‘P
726 4213 814 4267 Illi
846 4212 1108 4270 dixerunt
1138 4215 1244 4271 hoc
1274 4217 1638 4274 maledicendi
1666 4226 1795 4273 voto
1820 4237 1833 4285 ;
1883 4218 1978 4274 sed
2018 4233 2145 4274 ma—

557 4316 661 4371 gna
678 4309 759 4355 est
777 4300 1285 4374 benedictio,quam
1309 4306 1422 4376 ipse
1443 4305 1601 4361 vobis
1621 4307 1884 4362 concedat
1905 4307 2141 4380 assequi,

556 4391 650 4464 qui
681 4390 824 4446 vivit
869 4399 922 4447 et
963 4401 1152 4464 regnat
1177 4409 1273 4465 per
1309 4395 1526 4451 inﬁnita
1574 4399 1770 4454 saecula
1796 4399 2142 4456 saoculorum.

1024 4487 1170 4543 432
1201 4483 1434 4539 SEBMO
1470 4484 1652 4542 XXX.
1915 4509 1930 4542 ι

872 4561 950 4616 De
984 4569 1171 4635 sancta
1207 4562 1632 4635 Quadragesima
1669 4565 1818 4624 XIV.

558 4632 907 4706 Evangelium
926 4705 947 4706 η
966 4634 1102 4688 unde
1149 4634 1268 4689 huic
1311 4632 1538 4690 sermoni
1600 4639 1770 4692 thema
1831 4636 2143 4706 desumitur,
2174 4632 2224 4690 D

629 4722 768 4760 nunc
815 4704 872 4780 in
913 4705 1189 4780 Dominica
1231 4708 1498 4780 Passionis
1554 4709 1779 4780 legitur;
1825 4709 1883 4763 in
1936 4704 2148 4765 Missali

630 4783 804 4832 autem
832 4777 1207 4845 Ambrosiano,
1251 4786 1300 4834 et
1349 4778 1486 4849 forte
1526 4777 1684 4836 etiam
1732 4781 1790 4835 in
1844 4781 2141 4837 Gallicana.

630 4849 954 4904 recitabatur
1029 4851 1309 4906 Dominica
1391 4853 1617 4908 secunda
1697 4852 2142 4923 Quadragesimie,

632 4937 791 4994 quam
814 4929 1095 4993 propterea
1124 4923 1453 4979 Dominicam
1482 4924 1549 4980 de
1577 4925 1852 4980 Abraham
1895 4925 2145 4994 appella-

630 4993 685 5047 ri
728 4993 786 5046 in
826 5010 972 5047 more
998 5001 1132 5050 erat.
1177 4996 1299 5052 Non
1332 4997 1618 5051 habebatur
1662 4997 1719 5050 in
1757 4993 1979 5051 vetustis
2017 4996 2140 5051 edit.

632 5063 715 5136 hie
753 5063 890 5136 idem
919 5082 1122 5129 sermo;
1163 5073 1211 5121 et
1249 5068 1490 5136 quamvis
1526 5069 1746 5122 editores
1785 5067 1989 5123 Deci'eti
2029 5083 2144 5121 eum

631 5135 706 5210 in_
753 5135 1017 5210 Vaticanis
1052 5135 1326 5210 codicibus
1376 5140 1604 5194 inveniri
1661 5139 2012 5210 testiﬁcentur,
2066 5139 2146 5194 uel

626 5207 742 5287 sola
761 5207 1014 5287 dictionis
1045 5209 1316 5287 humilitas
1343 5211 1548 5287 abunde
1578 5207 1782 5282 probat
1816 5211 2146 5287 illum_Am-

627 5277 792 5350 brosii
837 5296 1108 5349 nunquam
1149 5279 1332 5350 fuisse.
1381 5283 1502 5338 Non
1531 5277 1735 5337 tantum
1775 5298 1898 5336 vero
1922 5281 2015 5336 ille
2050 5298 2147 5336 re-

630 5349 764 5422 cedit
803 5369 837 5405 a
879 5357 1013 5421 styto
1057 5349 1298 5422 Cwsarii,
1357 5352 1506 5422 cujus
1556 5355 1712 5409 etiam
1769 5353 1826 5406 in
1879 5353 2147 5408 sermoni-

629 5419 724 5474 bus
766 5419 943 5476 unum'
977 5423 1243 5492 habemus,
1283 5419 1381 5495 tqui
1415 5419 1616 5495 primis
1669 5425 1836 5480 verbis
1892 5441 2009 5478 cum
2053 5425 2147 5479 hoc

626 5500 902 5563 congruat.

629 5579 680 5633 1.
719 5580 944 5648 Scitote,
991 5581 1206 5652 fratres,
1250 5583 1509 5656 quon-iam
1541 5581 1700 5653 cujus
1724 5599 1889 5655 opera
1916 5582 2146 5656 quisque

554 5665 707 5737 facit,
738 5668 856 5740 ejus
885 5677 938 5724 et
969 5669 1119 5726 filius
1149 5679 1395 5728 vocatur.
1433 5671 1589 5727 Unde
1617 5682 1670 5729 et
1696 5672 1871 5728 Judaei
1904 5688 2030 5727 cum
2063 5671 2144 5727 di-

549 5755 761 5814 xissent
808 5766 1018 5830 patrem
1058 5775 1218 5817 suum
1263 5776 1377 5818 esse
1420 5761 1718 5830 Abraham,
1767 5760 2062 5818 audierunt
2109 5778 2142 5819 a

2261 592 2438 660 distis,
2473 592 2708 664 legitur:
2758 617 2774 640 ε
2801 591 2856 647 Si
2888 591 2993 646 ﬁlii
3023 589 3253 647 Abrahae
3289 590 3434 660 estis,
3463 606 3605 662 opera
3627 592 3744 648 Abra-

2251 683 2335 738 hae
2364 680 2525 738 facite
2557 682 2736 753 (Joan.
2771 699 2894 749 vni,
2925 681 3040 752 39).
3083 707 3100 728 ι
3142 679 3247 746 Qui
3275 697 3398 737 cum
3434 679 3606 736 iterum
3632 679 3744 736 dixis.

2253 779 2376 826 sent
2406 773 2579 826 Deum
2629 787 2686 825 se
2715 769 2914 826 habere
2942 769 3175 834 Patrem,
3207 769 3524 826 audierunt:
3559 768 3635 824 «Si
3654 769 3742 824 Deus

2203 894 2206 898 -
2251 862 2407 917 Pater
2442 871 2621 918 vester
2651 869 2811 930 esset,
2829 860 3134 933 diligeretis
3161 861 3352 932 utique
3374 876 3453 915 me
3484 860 3619 931 (Ibid.
3637 860 3732 932 52).»

2322 961 2376 1016 2.
2442 960 2540 1015 Ινίίε
2597 959 2782 1016 verbis
2825 959 3166 1032 apertissime
3232 957 3606 1013 demonstratur
3651 956 3739 1028 quid

2250 1050 2381 1104 mali
2409 1058 2462 1104 et
2488 1050 2695 1121 cupidi,
2729 1066 2830 1106 nec
2859 1048 3114 1115 Abrahae,
3145 1063 3246 1102 nec
3278 1046 3375 1102 Dei
3395 1045 3490 1100 ﬁlii
3530 1045 3633 1100 sint.
3657 1044 3738 1101 Nam

2251 1137 2407 1209 cujus
2437 1137 2539 1193 ﬁlii
2570 1141 2703 1207 sint,
2748 1139 3036 1210 sequentia
3086 1137 3472 1200 manifestam;
3502 1136 3568 1190 ait
3609 1136 3738 1191 enim:

2266 1250 2284 1273 ε
2302 1225 2412 1282 Vos
2440 1242 2511 1281 ex
2540 1234 2691 1298 patre
2707 1226 2927 1281 diabolo
2955 1225 3088 1280 estis
3111 1224 3274 1296 (Ibid.
3300 1223 3444 1294 44).»
3474 1224 3544 1279 Ac
3567 1225 3602 1278 si
3618 1223 3738 1279 dicat:

2251 1317 2362 1374 Cur
2382 1323 2595 1388 patrem
2639 1315 2886 1383 mutatis,
2935 1331 3084 1371 nunc
3114 1312 3420 1383 Abraham,
3447 1328 3574 1367 nunc
3595 1312 3741 1367 Deum?

2249 1405 2366 1476 Ego
2395 1405 2554 1462 vobis
2588 1405 2874 1462 ostendam
2904 1412 3113 1476 patrem
3159 1410 3400 1459 vestrum
3434 1421 3445 1458 :
3484 1409 3608 1474 pater
3625 1411 3739 1457 vester

2250 1493 2504 1550 diabolus
2533 1504 2634 1564 est,
2668 1511 2781 1551 non
2809 1494 3065 1563 creando,
3115 1492 3212 1548 sed
3241 1492 3561 1564 decipiendo.
3597 1491 3736 1562 Fugite,

2251 1583 2465 1654 fratres,
2503 1584 2670 1638 talem
2714 1591 2960 1655 patrem;
3015 1582 3207 1656 fugite,
3259 1583 3398 1639 sicut
3434 1579 3652 1652 Propheta
3671 1579 3736 1634 ad-

2251 1679 2436 1727 monet
2457 1693 2470 1741 ;
2496 1672 2573 1726 ait
2590 1670 2739 1727 enim
2762 1690 2772 1726 :
2809 1696 2827 1719 σ
2845 1669 3186 1727 Obliviscere
3204 1669 3458 1741 populum
3477 1677 3622 1733 tuum,
3639 1663 3735 1721 etde

2249 1776 2400 1816 mum
2430 1761 2602 1834 patris
2631 1760 2714 1816 tui
2765 1761 2937 1834 (Psal.
2973 1777 3127 1828 κων,
3163 1759 3278 1830 Η).
3326 1783 3343 1807 ι
3389 1757 3616 1829 Populum
3637 1762 3734 1810 vocat

2250 1851 2384 1908 vitia
2410 1858 2573 1923 atque
2600 1857 2852 1923 peccata:
2887 1849 3115 1906 domum
3151 1867 3220 1906 ve
3233 1866 3294 1905 ro
3335 1848 3497 1905 Patris
3513 1846 3620 1902 dicit
3640 1860 3734 1898 mun-

2171 1913 2216 1974 Β
2247 1941 2400 2010 dum,
2434 1913 2502 1996 in.
2542 1913 2650 2013 quo
2680 1947 2872 2013 regnat
2926 1939 3207 1996 diabolus.
3256 1940 3350 1995 Ille
3379 1936 3661 1995 obliviscitur
3678 1949 3730 2005 p0-

2248 2031 2438 2104 pulum
2460 2046 2643 2098 suum,
2674 2027 2770 2102 qui
2810 2028 3082 2103 relinquit
3107 2030 3249 2086 vitia
3277 2045 3370 2084 sua
3397 2046 3408 2084 :
3439 2034 3484 2082 et
3508 2027 3583 2081 ille
3605 2023 3730 2079 obliu-

2248 2120 2419 2177 scitur
2447 2119 2673 2175 domum
2705 2118 2882 2175 Patris
2901 2118 3009 2189 sui,
3033 2118 3129 2191 qui
3155 2117 3348 2175 mundi
3379 2115 3524 2188 hujus
3548 2114 3665 2169 falsas
3683 2110 3731 2165 di-

2248 2211 2411 2268 vitias
2431 2213 2756 2280 contemnit,
2793 2229 2889 2285 per
2905 2229 3040 2285 quas
3069 2229 3198 2268 eum
3221 2211 3458 2268 diabolus
3482 2215 3601 2266 tenet
3619 2203 3728 2275 capti-

2248 2321 2400 2360 vum.
2432 2305 2584 2360 Patet
2613 2304 2759 2376 quod
2789 2303 3041 2360 diabolus
3089 2321 3205 2361 non
3258 2303 3434 2375 diligit
3478 2300 3594 2358 filim
3633 2311 3729 2361 sum.

2249 2392 2344 2448 sed
2394 2393 2549 2461 odit;
2612 2394 2741 2466 quia
2794 2410 2905 2448 non
2943 2402 3109 2462 amat,
3178 2393 3287 2449 nisi
3329 2400 3388 2449 ut
3437 2385 3727 2465 perdat;sicut

2252 2492 2397 2539 amat
2429 2485 2580 2556 gluto
2610 2485 2934 2556 porcellum,
2969 2490 3031 2539 ut
3060 2483 3335 2540 comedat.

2319 2582 2370 2638 3.
2403 2582 2603 2640 Cavete
2635 2582 2802 2652 (χχιι,
2833 2599 2887 2655 q.
2911 2582 3001 2650 55,
3030 2599 3079 2638 c.
3109 2581 3341 2653 Cavete),
3372 2579 3555 2645 fratres,
3582 2568 3727 2628 menda-

2247 2673 2418 2736 cium,
2457 2670 2586 2744 quia
2615 2682 2807 2727 omne’s
2835 2671 2928 2743 qui
2961 2677 3149 2727 amant
3198 2668 3515 2727 mendacium
3554 2664 3629 2720 ﬁlii
3650 2669 3728 2717 sunt

2248 2761 2454 2816 diaboli
2484 2779 2496 2828 ;
2531 2762 2624 2834 qui
2655 2777 2768 2816 non
2798 2761 2976 2816 solum
3029 2761 3273 2816 mendax
3301 2767 3396 2828 est,
3433 2755 3514 2814 sed
3551 2755 3670 2810 etiam
3697 2755 3728 2802 et

2247 2861 2400 2924 pater
2421 2861 2473 2907 et
2495 2851 2756 2907 inventor
2783 2849 2956 2922 ipsius
2997 2850 3282 2908 mendacii
3314 2856 3417 2906 est:
3448 2845 3594 2904 omnis
3613 2841 3729 2896 simu-

2249 2940 2404 3008 latio,
2433 2948 2487 2996 et
2515 2942 2695 2996 omnis
2719 2939 3015 3013 duplicitas
3044 2941 3390 2998 mendacium
3418 2945 3512 2994 est:
3541 2948 3637 3004 ergo
3661 2943 3727 2984 non

2248 3031 2427 3086 solum
2457 3031 2514 3085 in
2547 3031 2698 3086 falsis
2727 3029 2928 3098 verbis,
2959 3029 3055 3086 sed
3084 3032 3253 3087 etiam
3282 3030 3338 3085 in
3357 3023 3592 3086 simulatis
3613 3017 3729 3092 operi-

2247 3118 2350 3175 bus
2381 3120 2732 3176 mendacium
2772 3119 3184 3192 comprobatur.
3227 3115 3550 3177 Mendacium
3574 3119 3730 3177 namque

2248 3217 2331 3265 est
2357 3209 2722 3268 christianum
2770 3227 2824 3266 se
2875 3208 3077 3278 dicere,
3102 3219 3157 3266 et
3190 3225 3349 3283 opera
3377 3201 3567 3278 jChristi
3590 3212 3668 3254 non
3687 3193 3730 3248 la-

2246 3315 2405 3356 cere:
2449 3298 2798 3356 mendacium
2829 3307 2910 3355 est
2957 3299 3310 3356 sacerdotem
3364 3296 3443 3352 vel
3485 3289 3730 3350 clericumse

2245 3389 2512 3463 proﬁteri,
2536 3397 2590 3446 et
2615 3389 2890 3447 contraria
2921 3388 3054 3446 huic
3098 3390 3290 3446 ordini
3321 3384 3529 3460 operari.
3556 3375 3731 3436 Pertime-

2247 3480 2448 3537 scenda
2475 3487 2605 3536 sunt
2635 3480 2770 3548 haec,
2795 3480 2927 3552 quia
2942 3479 3110 3535 verba
3127 3481 3237 3537 Dei
3259 3485 3381 3535 sunt
3402 3494 3414 3544 ;
3437 3474 3504 3530 ait
3525 3468 3638 3528 enim
3654 3463 3731 3552 Pto-

2247 3571 2430 3644 pheta,
2454 3571 2673 3627 dicens:
2713 3594 2729 3616 ε
2748 3550 2945 3626 Perdes
2975 3587 3008 3625 o
3023 3585 3183 3626 mnes
3205 3570 3298 3644 qui
3318 3550 3731 3641 loquuntur!!!de

2246 3661 2395 3716 cium
2429 3662 2603 3733 (Psal.
2635 3678 2691 3729 v,
2727 3662 2804 3733 7).
2840 3685 2858 3708 ι
2903 3660 3254 3733 Quapropter
3299 3656 3522 3722 transite,
3545 3650 3730 3733 fratres!

2250 3731 2536 3805 mendacio
2551 3749 2619 3805 ad
2640 3731 2948 3818 veritatem,
2963 3749 3010 3806 si
3024 3731 3143 3804 non
3152 3749 3325 3807 vultis
3342 3745 3520 3802 habere
3533 3731 3728 3795 diabolum

2250 3847 2478 3910 patrem.
2505 3840 2639 3895 Nam
2671 3839 2818 3912 quod
2839 3839 2973 3896 alibi
2989 3840 3223 3912 legitur:
3257 3866 3274 3888 ι
3295 3835 3472 3895 Omnis
3488 3832 3619 3888 homo
3637 3831 3729 3876 men-

2249 3929 2358 3984 dax
2391 3929 2566 3999 (Psal.
2600 3945 2730 3998 cxv,
2761 3928 2906 4000 14),»
2943 3928 3364 4000 intelligendum
3386 3933 3458 3981 est
3483 3922 3531 3976 in
3548 3917 3727 4002 quam!”

2250 4015 2504 4085 homo,iu
2522 4026 2786 4091 quantum
2804 4015 3181 4086 carnalis,non
3200 4019 3257 4074 in
3277 4020 3518 4090 quantum
3531 3995 3727 4077 spiritalis.

2322 4125 2376 4182 4.
2420 4127 2669 4200 Denique
2699 4134 2884 4184 monet
2912 4143 3012 4182 vos
3042 4127 3353 4201 evangelica
3399 4119 3558 4180 lectio,
3589 4117 3635 4208 ut
3665 4116 3731 4208 Pa?

2251 4216 2451 4272 tientes
2506 4217 2646 4274 sitis.
2705 4217 2846 4274 Ecce
2891 4233 3016 4273 cum
3049 4217 3225 4272 multa
3255 4211 3485 4273 convicia
3509 4205 3730 4297 Βοωὶιξυδδ

2253 4305 2456 4363 Iudaeis
2494 4308 2756 4376 audisset,
2788 4307 3061 4379 patienter
3089 4322 3182 4362 eos
3217 4303 3492 4367 toleravit;
3516 4305 3560 4352 et
3583 4296 3728 4364 patien—

2255 4403 2338 4452 ter
2381 4397 2643 4468 portavit,
2684 4396 2958 4470 patienter
2979 4397 3228 4454 sustulit.
3260 4398 3328 4452 Et
3354 4394 3397 4450 si
3432 4383 3646 4478 Domina}

2253 4487 2506 4543 tientiam
2546 4487 2742 4544 habuit
2791 4488 2936 4544 inter
2966 4488 3134 4545 verba
3179 4480 3526 4558 blasphemiae,
3558 4472 3630 4544 qui
3650 4472 3730 4518 suos

2255 4576 2510 4633 inimicos
2533 4593 2644 4632 uno
2683 4577 2854 4634 verbo
2887 4586 3098 4650 poterat
3129 4580 3185 4635 in
3225 4579 3466 4650 abyssum
3492 4565 3730 4650 demergﬂ‘ei

2254 4680 2420 4738 quare
2479 4665 2667 4722 miseri
2715 4644 2988 4737 homines,
3031 4669 3179 4740 pleni
3210 4644 3453 4741 peccatis,
3481 4669 3570 4714 non
3595 4644 3732 4741 habent

2252 4735 2595 4826 patientiam,
2652 4756 2872 4828 quando
2929 4735 3070 4814 dura
3097 4735 3344 4823 audiunt,
3377 4749 3454 4808 vel
3479 4735 3650 4820 quando
3669 4739 3732 4802 Ρῖθ

2252 4843 2366 4899 suis
2405 4843 2794 4917 iniquitatibus
2822 4846 3176 4918 corriguntur
3198 4845 3226 4902 (ἲ

2323 4952 2376 5010 5.
2429 4951 2646 5020 Videte,
2693 4952 2908 5023 fratres,
2958 4970 3026 5009 ne
3057 4969 3152 5026 per
3179 4965 3336 5025 opera
3362 4945 3443 5003 vel
3468 4930 3734 5026 cegitationes

2253 5042 2423 5098 malas
2477 5041 2732 5114 lapidetis
2778 5022 2983 5110 Jesum,
3049 5022 3299 5114 lapidetis
3343 5022 3732 5114 Salvatoremfufn

2253 5131 2457 5189 Iudaeis
2496 5098 2817 5202 incredulis,
2848 5132 2915 5189 de
2943 5098 3145 5206 quibus
3174 5129 3332 5186 hodie
3360 5121 3574 5181 dicitur:
3605 5098 3732 5206 «fulf-

2252 5229 2384 5278 runt
2413 5239 2537 5295 ergo
2569 5223 2775 5295 lapides
2801 5194 2997 5290 ludati,
3039 5231 3100 5279 ut
3122 5221 3360 5294 jacerent
3404 5213 3455 5268 in
3482 5218 3585 5262 eum

3122 5276 3329 5368 'Malum
3361 5297 3576 5358 fecerunt
3597 5276 3732 5384 Jﬂflfi’

2254 5401 2348 5473 qui
2395 5417 2518 5457 eum
2554 5400 2794 5473 lapidare
2820 5400 3134 5469 voluerunt,
3179 5407 3230 5454 et
3258 5393 3346 5468 qui
3375 5403 3486 5446 eum
3511 5366 3734 5473 cf“?th

2253 5455 2417 5546 r‘unt:
2437 5455 2652 5548 Scitot‘e
2673 5455 2787 5547 'a'
2807 5455 3049 5548 firmiter,
3080 5455 3294 5550 credite
3330 5481 3447 5557 quia
3469 5475 3557 5530 hoc
3588 5455 3736 5557 ίεξὲωῗί

2255 5544 3203 5647 obrigui};semisomnis,
3233 5592 3295 5632 eo
3330 5544 3463 5646 quod
3491 5571 3597 5619 tunc
3618 5544 3734 5647 thri-

2255 5678 2400 5727 stum
2459 5670 2614 5726 vitiis
2671 5679 3092 5744 persequuntur.
3157 5664 3296 5736 Quid
3343 5657 3489 5754 enim.
3523 5652 3590 5704 θεῖ
3611 5640 3734 5784 λίᾔξξξ

2255 5760 2359 5784 _:-:
2392 5763 2591 5784 ____:u-_
2660 5773 2704 5784 --
2734 5780 2835 5784 __“
2897 5769 2943 5784 ,Α
2960 5762 3164 5784 :_-._-.2-
3199 5756 3379 5784 οῖ’-..η
3407 5761 3488 5784 ητιι
3522 5751 3602 5784 nro

3522 5751 3602 5811 pro

2254 5760 2362 5818 nisi
2392 5763 2616 5833 veritas,
2654 5773 2709 5822 et
2733 5780 2862 5837 pax,
2893 5769 2946 5820 et
2955 5762 3172 5836 justitia
3199 5756 3380 5827 iErgO
3407 5761 3490 5822 qm
