3864 6188
87 320 202 383 689

915 319 1284 378 SERMONES
1322 320 1378 377 s.
1420 317 1774 377 AMBROSIO
1813 298 2186 377 HACTENUS
2225 318 2559 378 ASCRIPTI.

3293 316 3399 376 690

87 455 206 504 tate
237 446 504 521 relinquit
545 446 854 513 veritatem,
883 452 938 501 et
963 461 1062 517 pro
1087 445 1389 518 cupiditate
1417 443 1690 516 dirumpit
1719 446 1770 505 A
1797 442 2087 499 Sumamus
2114 449 2168 497 et
2195 459 2372 498 ramos
2404 443 2730 515 palmarum,
2777 451 2840 499 ut
2871 460 2970 516 pro
3005 442 3396 500 misericordia

88 535 446 604 charitatem,
487 542 542 593 et
589 533 708 591 odit
744 550 955 606 pacem,
999 541 1054 589 et
1093 551 1194 606 pro
1241 533 1427 606 aliquo
1470 531 1696 606 praemio

89 624 342 682 occultat
355 623 663 696 justitiam;
695 622 840 679 nihil
869 622 1022 678 aliud
1054 623 1228 680 facere
1257 622 1497 691 videtur,
1531 637 1695 695 quam

89 713 366 787 lapidare,
397 721 450 768 et
487 713 828 786 cruciﬁgere,
861 720 914 768 et
941 712 1190 769 occidere
1220 711 1501 768 Christum
1527 729 1540 778 ;
1570 711 1698 786 quia

89 802 274 876 ipsius
304 804 449 860 dona
477 804 784 876 exstinguit
809 803 867 858 in
893 802 1092 875 seipso.

163 895 219 951 6.
253 895 298 951 Ο
325 912 488 968 quam
521 895 677 968 pauci
712 902 840 950 sunt
869 893 926 948 in
958 902 1108 950 tanta
1137 892 1497 949 multitudine
1523 890 1697 948 Chri-

88 982 425 1051 stianorum,
454 984 548 1055 qui
576 985 758 1039 Jesum
789 997 899 1038 non
928 989 1342 1054 persequantur,
1361 990 1414 1037 et
1430 980 1692 1054 lapident,

87 1081 146 1129 et
175 1073 434 1130 occidant
459 1073 470 1127 l
515 1073 617 1129 Sed
650 1089 731 1127 vaa
767 1072 907 1128 illis!
950 1071 1079 1146 quia
1104 1072 1258 1127 Jbsus
1287 1069 1573 1127 abscondit
1599 1085 1694 1124 no-

89 1161 276 1218 titiam
308 1179 460 1218 suam
492 1161 718 1230 talibus,
742 1169 796 1216 et
828 1163 947 1218 exit
975 1161 1041 1216 de
1069 1161 1277 1232 templo
1307 1159 1560 1216 cordium
1590 1176 1694 1216 eo-

89 1269 242 1320 rum,
275 1259 327 1308 et
358 1251 675 1309 manifestat
703 1269 758 1307 se
790 1250 1129 1308 amatoribus
1159 1250 1296 1318 suis,
1330 1258 1382 1305 et
1404 1249 1616 1305 habitat
1635 1251 1693 1306 in

90 1342 230 1413 illis,
271 1344 413 1400 sicut
451 1344 565 1417 ipse
595 1343 848 1401 dilectori
888 1360 986 1399 suo
1033 1342 1265 1400 inferius
1293 1348 1438 1405 433
1471 1343 1691 1416 pollice-

91 1449 211 1509 tur,
241 1439 460 1498 dicens:
527 1467 544 1489 α
574 1443 690 1514 Ego
737 1449 790 1498 et
834 1442 994 1498 Pater
1030 1441 1099 1497 ad
1127 1458 1252 1497 eum
1293 1441 1598 1510 veniemus,
1639 1447 1693 1496 et

91 1532 438 1590 mansionem
469 1531 614 1605 apud
644 1548 769 1588 eum
795 1532 1059 1590 faciemus
1085 1533 1266 1604 (Joan.
1290 1549 1408 1600 XIV,
1439 1531 1556 1603 23).
1587 1555 1606 1579 ι

168 1622 222 1678 7.
255 1621 393 1689 Quia
423 1621 683 1677 nolumus
731 1638 850 1690 vos,
895 1622 1108 1690 fratres,
1153 1637 1375 1692 gravare
1413 1621 1588 1676 multa
1617 1620 1691 1675 lo-

90 1711 335 1786 quendo,
387 1728 606 1768 oramus
646 1729 716 1769 ne
761 1712 884 1769 sitis
915 1712 982 1770 de
1029 1713 1252 1769 illorum
1299 1729 1550 1780 numero,
1597 1710 1690 1784 qui

1804 533 1949 588 bono
1987 547 2096 587 non
2127 540 2343 588 terrena
2371 532 2785 604 delectamenta,
2816 534 2910 591 sed
2930 551 3178 607 supernae
3206 535 3395 608 patriai

1803 622 2277 696 pulchritudinem
2334 631 2733 694 exspectemus,
2789 642 2899 697 quo
2952 643 3055 681 nos
3116 626 3394 699 praecessit

1804 712 2057 769 Christus
2083 711 2354 768 Dominus
2381 720 2586 780 noster,
2603 713 2697 786 qui
2715 721 2816 781 est,
2841 712 3004 784 juxta
3030 716 3392 788 Apostolum,

1804 804 1932 861 ﬁnis
1961 803 2095 875 legis
2122 802 2190 858 ad
2218 803 2494 876 justitiam
2522 804 2674 859 omni
2705 805 2948 861 credenti
2997 808 3173 877 (Rom.
3216 826 3274 875 x,
3305 810 3387 880 4).

1875 893 1927 950 3.
1969 895 2078 951 Nec
2131 893 2571 966 praetereundum
2624 903 2706 950 est
2761 910 2790 948 a
2845 894 3037 965 psalmi
3095 897 3389 966 versiculo,

1802 999 1965 1057 quem
1997 999 2289 1040 occurrens
2340 984 2501 1039 turba
2527 983 2762 1039 Domino
2807 982 3129 1039 decantabat
3164 1003 3174 1039 :
3223 1009 3241 1031 ε
3275 988 3395 1041 Ho-

1803 1089 1971 1130 sanna
2000 1072 2118 1128 ﬁlio
2146 1071 2323 1128 David
2351 1091 2363 1139 ;
2394 1072 2715 1128 benedictus
2745 1072 2841 1144 qui
2877 1072 3029 1128 venit
3058 1073 3115 1128 in
3165 1075 3393 1131 nomine

1802 1161 2052 1218 Domini:
2078 1161 2323 1216 hosanna
2351 1161 2408 1216 in
2425 1161 2656 1217 excelsis
2689 1161 2844 1232 (Psal
2883 1178 3054 1232 CXVII,
3079 1163 3175 1229 26;
3201 1166 3388 1221 Matth.

1801 1267 1923 1315 χχι,
1958 1251 2016 1322 9)
2048 1276 2066 1299 ι
2107 1252 2395 1307 Adventus
2427 1250 2576 1306 enim
2614 1250 2868 1330 Domini,
2893 1250 3119 1324 ejusque
3145 1252 3391 1310 incarna-

1798 1340 1877 1395 tio
1904 1357 2014 1396 non
2038 1341 2215 1396 solum
2243 1340 2534 1396 hominum
2557 1342 2704 1396 salus
2729 1341 2836 1396 fuit
2867 1341 2922 1396 in
2940 1341 3212 1409 terra,sed
3225 1343 3390 1400 etiam

1799 1431 2115 1503 angelorum
2147 1431 2205 1485 in
2226 1431 2364 1486 coelo
2390 1448 2402 1497 ;
2427 1431 2555 1504 quia
2583 1429 2714 1486 dum
2746 1427 3084 1488 homines'in
3113 1439 3255 1488 terra
3275 1433 3395 1488 sal-

1800 1529 2022 1588 vantur,
2043 1519 2363 1592 angelorum
2387 1535 2647 1575 numerus
2663 1519 2758 1591 qui
2779 1518 3002 1575 diabolo
3017 1520 3268 1590 cadente,
3290 1521 3391 1577 mi-

1800 1616 2024 1665 noratus
2050 1609 2248 1676 fuerat,
2283 1609 2587 1680 integratur
2607 1608 2664 1662 in
2685 1611 2844 1665 coelo.
2885 1609 3171 1664 «Hosanna
3188 1626 3316 1682 ergo
3333 1599 3403 1666 in.

1799 1701 2030 1758 excelsis
2053 1725 2070 1747 ›
2105 1703 2446 1757 tantumdem
2481 1709 2579 1768 est,
2603 1709 2863 1774 tanquam
2885 1702 2930 1756 si
2949 1701 3196 1758 dicatur:
3230 1703 3392 1760 Salva

85 1802 278 1858 Jesum
303 1801 546 1875 lapidare
576 1803 906 1861 voluerunt:
945 1803 1038 1861 sed
1070 1820 1196 1860 cum
1228 1803 1340 1858 illis
1369 1803 1554 1875 potius
1578 1800 1688 1856 ha-
1718 1810 1766 1872 Β
1800 1808 1920 1860 1108»
1954 1791 2048 1865 (Ιιιί
2077 1792 2242 1848 etiam
2274 1809 2332 1847 08
2364 1793 2511 1848 88108
2537 1791 2594 1846 in
2624 1791 2796 1847 οωῖίεο
2823 1793 2894 1846 Et
2915 1793 3010 1864 qui
3039 1809 3165 1848 cum
3197 1810 3392 1865 magna

81 1891 268 1949 beatis
295 1901 528 1966 partem,
565 1892 660 1966 qui
687 1909 850 1965 super
881 1893 1072 1950 omnia
1101 1893 1259 1948 illum
1286 1893 1541 1960 amando,
1573 1890 1692 1963 ejus

81 1981 324 2054 gratiam
363 1982 420 2038 in
469 1980 586 2039 suis
630 1981 891 2040 cordibus
934 1989 1317 2053 susceperunt.
1366 1979 1524 2048 Quod
1577 1979 1692 2052 ipse

81 2071 258 2127 vobis
283 2071 568 2141 concedat,
601 2071 695 2145 qui
725 2070 869 2128 vivit
902 2079 956 2128 et
983 2079 1172 2144 regnat
1197 2071 1256 2128 in
1285 2071 1485 2130 saecula
1511 2085 1693 2128 saecu-

81 2161 300 2229 lorum,
329 2175 509 2216 amen.

657 2283 892 2342 SERMO
923 2283 1134 2340 XXXI.

444 2383 522 2438 De
551 2389 739 2439 sancta
767 2381 1190 2454 Quadragesima
1218 2381 1342 2439 XV.

85 2495 152 2549 In
184 2491 284 2546 hoc
310 2505 567 2557 sermone,
615 2489 710 2560 qui
734 2489 792 2544 in
832 2490 956 2546 edit.
989 2491 1142 2546 Rom.
1169 2489 1407 2560 primum
1454 2489 1694 2560 vulgatus

161 2569 260 2643 est,
289 2561 608 2643 supplicatio
633 2563 691 2614 in
722 2561 1006 2643 Dominica
1028 2560 1498 2643 Palmarum'ﬁeri
1535 2561 1694 2642 solita

159 2631 502 2690 describitur.
557 2633 811 2700 Quamvis
860 2639 1033 2688 autem
1084 2633 1550 2689 ecclesiasticarum
1603 2631 1694 2686 ri-

161 2712 315 2760 tuum
348 2704 740 2776 investigatores
786 2704 944 2774 hujus
973 2705 1283 2758 mentionem
1327 2705 1472 2775 apud
1518 2704 1691 2774 Cyril-

155 2779 272 2833 lum
318 2777 580 2832 Hierosol.
635 2775 790 2832 Cath.
859 2776 924 2832 10
962 2775 1162 2846 factam
1200 2776 1488 2842 observent,
1537 2775 1693 2829 illum

152 2854 332 2903 tamen
386 2848 443 2902 in
495 2848 729 2904 Ecclesia
789 2848 988 2902 Latina
1047 2854 1153 2902 tam
1198 2847 1480 2917 antiquum
1525 2846 1692 2916 fuisse

150 2935 419 2990 nusquam
474 2919 766 2990 reperiunt.
827 2920 1018 2976 Verum
1055 2918 1318 2989 quidquid
1377 2918 1451 2990 sit
1500 2917 1562 2972 de
1595 2919 1692 2973 hac

149 2989 488 3057 cmémonia,
521 2989 872 3060 manifestum
900 2996 974 3044 est
1001 2989 1402 3045 conciunculam
1439 2989 1573 3044 hanc
1602 3007 1683 3044 nt-

149 3063 235 3119 hit
263 3063 472 3129 habere,
501 3062 641 3134 quod
673 3079 789 3118 eam
815 3063 1002 3134 aliqua
1034 3078 1153 3117 cum
1177 3061 1387 3117 ratione
1408 3060 1689 3118 Ambrosio

149 3141 382 3190 asserat.

153 3259 209 3314 1.
243 3255 511 3313 Veniente
539 3255 780 3313 Domino
818 3263 1009 3313 nostro
1058 3255 1184 3312 Jesu
1227 3253 1449 3314 Christo
1493 3253 1561 3312 ad
1595 3271 1681 3310 ur-

80 3348 209 3405 bem
240 3346 541 3402 Jerusalem
572 3353 698 3402 ante
728 3361 825 3402 sex
869 3345 986 3402 dies
1034 3344 1302 3417 passionis
1345 3361 1477 3413 suae,
1523 3342 1685 3400 turba

81 3439 263 3494 multa
292 3453 415 3510 quas
453 3443 782 3492 convenerat
814 3434 1232 3507 Hierosolymis,
1274 3442 1336 3490 ut
1379 3433 1680 3490 secundum

82 3533 418 3598 praeceptum
465 3526 641 3598 Moysi
689 3525 889 3597 pascha
935 3524 1252 3595 celebraret,
1288 3523 1561 3596 accipiens
1601 3538 1682 3578 ra-

83 3633 203 3671 mos
236 3615 568 3688 palmarum,
613 3615 853 3671 occurrit
893 3613 977 3669 illi
1008 3613 1250 3682 obviam,
1284 3623 1343 3669 ut
1373 3613 1430 3668 in
1460 3614 1682 3685 psalmis

85 3704 378 3762 victoriam
409 3703 615 3760 Christi
646 3703 998 3760 ostenderent
1025 3704 1177 3759 velut
1205 3703 1408 3760 terreni
1439 3703 1580 3775 regis
1622 3703 1680 3757 in

86 3794 292 3866 populo
344 3794 548 3861 Israel;
581 3793 920 3850 consuetudo
963 3792 1108 3847 enim
1150 3801 1230 3848 est
1274 3801 1333 3850 ut
1375 3793 1681 3850 victoribus

85 3884 265 3956 patrna
295 3882 574 3938 olferatur.
608 3882 718 3937 Alii
749 3889 932 3937 autem
962 3881 1028 3936 de
1049 3881 1235 3936 eadem
1263 3881 1424 3938 turba
1462 3908 1480 3930 ι
1501 3899 1682 3938 ramos

84 3971 370 4028 caedebant
415 3969 482 4025 de
510 3969 802 4032 arboribus
835 3971 1052 4042 (Matth.
1094 3987 1212 4038 xxi,
1263 3971 1344 4042 8),
1377 3997 1395 4020 ι
1441 3971 1681 4026 maxime

86 4061 384 4127 olivarum,
430 4057 560 4132 quia
592 4059 648 4114 in
697 4065 882 4114 monte
921 4059 1125 4115 Oliveti
1167 4075 1253 4115 res
1282 4058 1576 4131 agebatur;
1629 4067 1682 4116 et

87 4165 174 4205 eos
200 4147 520 4221 portabant,
538 4157 600 4204 ut
623 4147 720 4204 ubi
750 4156 1121 4221 opportunum
1137 4156 1276 4204 esset
1306 4147 1550 4203 venienti
1578 4150 1682 4204 Do-

87 4241 239 4297 mino
272 4241 504 4312 planum
554 4247 859 4294 sternerent
912 4240 1036 4294 iter.
1071 4239 1214 4296 Hinc
1247 4238 1530 4294 descendit
1557 4255 1684 4295 con-

89 4328 325 4385 suetudo
364 4327 644 4383 hodiernae
687 4327 1026 4396 festivitatis,
1073 4335 1136 4382 ut
1164 4327 1474 4398 psallentes,
1507 4343 1686 4385 ramos

90 4421 398 4491 palmarum
412 4419 530 4475 sive
543 4419 816 4476 olivarum
831 4426 1110 4492 portemus
1127 4417 1186 4474 in
1200 4418 1470 4474 manibus:
1480 4426 1532 4473 et
1543 4435 1684 4474 eam-

1799 1881 2092 1938 devotione
2117 1883 2347 1938 salutem
2380 1882 2535 1937 istam
2558 1889 2936 1954 poposcerunt,
2969 1882 3393 1954 duplicaverunt

1799 1989 2012 2040 vocem,
2044 1979 2105 2026 ut
2135 1971 2333 2028 iterum
2355 1971 2634 2027 dicerent:
2684 1994 2701 2017 ι
2729 1971 2984 2026 Hosanna
3015 1972 3071 2026 in
3102 1972 3378 2030 excelsis.-

1872 2063 1924 2118 4.
1967 2061 2050 2118 Ad
2083 2061 2225 2118 hanc
2256 2061 2426 2134 igitur
2456 2061 2688 2116 salutem
2720 2061 3010 2132 pervenire
3057 2061 3216 2116 vobis
3246 2079 3390 2118 con-

1800 2151 1957 2210 cedat
2018 2152 2344 2209 benedictus
2401 2151 2672 2207 Dominus
2723 2158 2908 2206 noster
2960 2149 3234 2220 Christus,
3295 2151 3390 2224 qui

1800 2245 1955 2300 venit
1984 2243 2042 2298 in
2071 2243 2296 2298 nomine
2323 2243 2422 2298 Dei
2452 2242 2643 2314 patris,
2671 2257 2794 2297 cum
2819 2257 2927 2314 quo
2949 2241 3094 2298 vivit
3121 2251 3176 2298 et
3203 2249 3394 2314 regnat

1799 2335 1946 2389 Deus
1974 2349 2070 2404 per
2097 2331 2284 2388 omnia
2317 2333 2518 2388 saecula
2545 2332 2897 2399 saeculorum,
2923 2346 3108 2390 amen.

2343 2479 2578 2536 SERMO
2617 2478 2852 2535 XXXII.

2132 2578 2210 2634 De
2243 2586 2431 2634 sancta
2459 2578 2884 2649 Quadragesima
2912 2576 3065 2636 XVI.

1802 2687 1899 2742 Hic
1926 2701 2094 2740 sermo
2123 2686 2278 2740 etiam
2329 2683 2546 2739 editioni
2587 2685 2739 2740 Rom.
2781 2683 2942 2752 debet,
2976 2683 3117 2753 quod
3144 2683 3202 2738 in
3233 2685 3397 2740 lucem

1870 2758 2087 2812 emissus
2111 2757 2238 2824 fuit.
2275 2755 2376 2811 Sed
2412 2755 2506 2809 vix
2559 2755 2702 2810 alius
2745 2753 2916 2824 pejor:
2955 2755 3082 2823 jure
3115 2755 3397 2810 Ambrosio

1868 2835 2048 2884 nostra
2073 2828 2246 2896 potuit
2273 2827 2489 2895 ascribi,
2521 2844 2638 2881 cum
2666 2826 2802 2881 nihil
2848 2826 3024 2896 sapiat
3083 2827 3392 2882 Ambrosia-

1869 2847 2048 2884 ποεινο
2113 2847 2246 2883 οιαιι
2273 2847 2489 2895 ascrwi,
2521 2847 2638 2881 cum
2666 2847 2802 2881 1mm
2848 2847 3024 2896 sapiat
3083 2847 3392 2882 ambrosia-

1869 2918 2018 2955 num.
2053 2847 2194 2967 gain
2245 2899 2350 2953 imo
2380 2915 2470 2952 nec
2498 2897 2725 2967 ejusdem
2755 2898 2990 2952 auctoris
3020 2898 3229 2952 videtur
3267 2915 3395 2966 esse,

1869 2973 2022 3042 cujus
2051 2977 2124 3025 est
2170 2971 2434 3042 superior,
2466 2969 2721 3042 siquidem
2757 2969 2871 3024 illic
2900 2988 2937 3042 ar
2959 2969 3237 3025 Dominica
3268 2970 3393 3024 Pal-

1867 3041 2080 3100 marum
2109 3059 2269 3113 usque
2317 3042 2388 3096 ad
2417 3041 2717 3112 passionem
2745 3057 2837 3096 sea:
2881 3041 2990 3096 dies
3018 3047 3392 3108 numerantur,

1867 3116 1950 3170 hic
1974 3121 2178 3170 tantum
2205 3113 2454 3184 quinque.

1871 3252 1921 3307 1.
1950 3250 2121 3306 Video
2151 3267 2268 3318 vos,
2299 3249 2513 3315 fratres,
2545 3245 2711 3302 hodie
2739 3245 3002 3301 attentius
3051 3261 3215 3318 quam
3252 3246 3391 3301 sole-

1794 3341 1890 3408 tis,
1911 3341 1981 3397 ad
2007 3339 2292 3397 ecclesiam
2318 3336 2659 3404 convenisse,
2689 3344 2743 3390 et
2773 3351 2952 3390 ramos
2979 3336 3235 3390 arborum
3267 3350 3394 3389 cum

1797 3431 1991 3488 laetitia
2042 3435 2304 3502 portasse.
2366 3431 2516 3489 434
2543 3427 2648 3482 Sed
2705 3424 2838 3497 quid
2894 3422 3114 3496 prodest
3169 3422 3281 3479 illis
3337 3421 3394 3478 id

1793 3544 1970 3601 agere,
2003 3528 2097 3600 qui
2156 3526 2409 3584 nesciunt
2453 3541 2554 3582 cur
2583 3523 2638 3579 id
2694 3521 2918 3588 faciant,
2972 3522 3059 3575 vel
3109 3519 3244 3592 quid
3294 3519 3397 3574 ista

1792 3617 2152 3690 signiﬁcent?
2180 3616 2329 3673 Scire
2355 3614 2568 3670 debetis
2598 3611 2727 3686 quia
2761 3611 2905 3668 sicut
2941 3611 3140 3666 lectum
3183 3616 3264 3665 est
3297 3607 3392 3688 ho-

1792 3707 1903 3776 die,
1932 3723 2052 3780 qua:
2098 3715 2179 3762 est
2208 3704 2403 3778 quinta
2441 3703 2560 3759 dies
2611 3710 2736 3758 ante
2771 3700 3110 3773 passionem,
3143 3699 3395 3754 Salvator

1792 3805 1978 3854 noster
2009 3797 2066 3852 in
2096 3804 2283 3852 monte
2314 3795 2518 3852 Oliveti
2568 3792 2709 3849 sedit
2755 3807 2918 3863 super
2961 3789 3192 3855 asinam,
3226 3795 3288 3842 ut
3313 3787 3394 3840 in-

1791 3896 1960 3944 traret
1990 3888 2425 3960 Hierosolymam
2458 3884 2670 3955 (Matth.
2726 3899 2847 3948 xxr,
2885 3881 2940 3951 7)
2971 3897 2982 3934 :
3039 3885 3092 3933 et
3143 3893 3268 3932 cum
3300 3871 3395 3932 au'

1793 3977 1961 4034 disset
1981 3976 2140 4031 turba
2169 3976 2316 4048 quod
2344 3976 2499 4030 Iesus
2530 3971 2746 4026 veniret
2776 3969 3236 4039 Hierosolymam,
3265 3982 3390 4038 pro-

1794 4074 2074 4126 cesserunt
2103 4065 2154 4121 ei
2179 4064 2399 4120 obviam
2433 4080 2558 4120 cum
2591 4059 2757 4116 ramis
2799 4060 3105 4132 palmarum
3135 4073 3146 4111 :
3181 4063 3235 4111 et
3263 4073 3389 4112 cum

1790 4155 1903 4228 jam
1936 4153 2398 4227 appropinquaret
2448 4151 2515 4206 ad
2546 4151 2868 4208 descensum
2927 4145 3132 4202 montis
3160 4145 3388 4214 Oliveti,

1795 4252 2077 4317 coeperunt
2105 4241 2280 4298 turbae
2308 4239 2758 4297 descendentium
2795 4236 3092 4311 gaudentes
3114 4251 3247 4292 voce
3279 4251 3386 4290 ma-

1799 4352 1902 4408 gna
1923 4334 2146 4391 laudare
2175 4335 2252 4389 De
2262 4349 2372 4388 nm.
3367 4383 3372 4387 ,

1877 4423 1929 4480 2.
1969 4424 2072 4480 Per
2101 4422 2204 4478 hos
2228 4421 2450 4496 quidem
2483 4418 2728 4493 quinque
2775 4416 2912 4485 dies,
2966 4414 3024 4470 id
3053 4421 3153 4482 est,
3184 4412 3251 4470 ab
3282 4411 3387 4468 isto

89 4509 207 4568 dem
237 4511 601 4568 festivitatem
622 4512 931 4567 Palmarum
947 4510 1062 4566 sive
1075 4510 1345 4566 olivarum
1359 4511 1683 4568 vocitemus.
1719 4529 1767 4588 D
1800 4529 1972 4588 usque
2020 4513 2087 4570 ad
2119 4528 2404 4586 vesperum
2434 4509 2641 4582 quintae
2671 4507 2842 4576 feriae,
2884 4505 3104 4579 quando
3133 4511 3255 4576 post
3283 4519 3386 4558 coe-

154 4603 207 4658 2.
259 4602 370 4658 Sed
401 4619 515 4658 non
544 4601 748 4675 absque
794 4618 993 4674 magno
1016 4609 1358 4658 sacramento
1387 4602 1525 4658 rami
1566 4603 1688 4658 ista-

91 4705 205 4746 rum
239 4691 506 4748 arborum
537 4691 826 4759 feruntur;
862 4692 1009 4748 oliva
1054 4691 1224 4760 enim,
1251 4686 1380 4765 quia
1417 4693 1597 4748 oleum
1628 4701 1691 4749 ut

91 4781 335 4837 solamen
389 4781 644 4838 dolorum
686 4789 851 4853 atque
886 4780 1136 4837 laborum
1188 4789 1368 4853 portat
1399 4782 1454 4837 in
1503 4782 1690 4838 fructu

94 4869 233 4934 (oleo
265 4869 422 4925 enim
455 4869 587 4941 quia
631 4878 686 4925 et
732 4869 963 4924 vulnera
1009 4877 1296 4938 curantur,
1326 4878 1381 4925 et
1408 4879 1571 4926 aestus
1618 4871 1688 4926 le-

92 4961 301 5032 vatur),
353 4973 518 5032 opera
547 4957 908 5030 designantur
954 4957 1383 5025 misericordiaa;
1417 4958 1688 5031 siquidem

93 5054 141 5100 et
188 5048 310 5120 ipsa
353 5045 737 5104 misericordia
783 5048 968 5104 Graece
1017 5047 1223 5103 dicitur
1266 5050 1443 5114 Ilios:
1496 5048 1689 5120 palma:

94 5152 269 5201 autem
301 5143 464 5201 radix
495 5161 685 5218 aspera
714 5153 816 5213 est,
858 5147 952 5204 sed
982 5146 1217 5201 nitorem
1251 5143 1555 5200 maximum
1589 5144 1686 5198 ha-

97 5232 176 5290 bet
223 5236 285 5292 in
314 5235 446 5305 ﬁne,
497 5236 793 5292 ostendens
825 5253 922 5309 per
968 5235 1134 5309 hujus
1172 5236 1300 5292 vitae
1344 5237 1687 5308 asperitatem

100 5319 151 5376 in
195 5325 454 5382 decorem
511 5325 751 5381 caelestis
806 5325 994 5398 patrita
1052 5341 1151 5381 nos
1198 5323 1396 5380 debere
1449 5321 1686 5379 sustolli.

100 5407 245 5468 Unde
292 5423 354 5470 et
383 5413 566 5470 David
612 5413 883 5486 propheta
943 5413 1395 5487 psalmographus
1439 5411 1507 5467 de
1542 5411 1693 5483 justo

101 5499 210 5556 viro
251 5503 436 5561 canit:
508 5527 526 5550 ι
553 5504 742 5559 Justus
772 5511 832 5558 ut
880 5504 1060 5576 palma
1099 5502 1317 5559 ﬂorebit
1350 5501 1525 5574 (Psal.
1578 5518 1689 5568 XCI,

102 5587 207 5659 i3).
239 5617 258 5640 ι
324 5595 530 5650 Ramos
583 5608 711 5663 ergo
757 5591 918 5648 olivas
969 5601 1252 5665 portemus
1307 5592 1364 5647 in
1414 5589 1690 5656 manibus,

101 5676 355 5740 Virtutem
421 5679 816 5740 misericordia:
871 5681 1194 5738 exhibentes
1244 5680 1301 5737 in
1355 5679 1689 5753 operatione.

1799 4623 1925 4662 nam
1973 4605 2208 4663 traditus
2259 4612 2360 4672 et,
2411 4601 2562 4658 omni
2592 4599 2681 4655 die
2733 4597 2922 4654 docuit
2977 4595 3035 4650 in
3076 4594 3302 4665 templo,
3335 4600 3388 4646 et

1797 4695 1946 4752 omni
1980 4701 2137 4750 nocte
2168 4692 2369 4747 mansit
2415 4689 2474 4744 in
2505 4694 2690 4743 monte
2721 4684 2947 4740 Oliveti.
2979 4683 3050 4736 Et
3081 4681 3209 4752 quia
3243 4678 3386 4733 deci-

1797 4802 1886 4841 ma
1913 4786 2042 4839 luna
2071 4780 2453 4837 recludebatur
2472 4793 2664 4847 agnus,
2706 4773 2801 4845 qui
2823 4769 3228 4843 quartadecima
3257 4769 3387 4822 luna

1799 4881 1914 4930 erat
1974 4868 2343 4926 immolandas
2383 4884 2413 4921 a
2446 4865 2577 4920 ﬁliis
2629 4862 2836 4927 Israel;
2878 4859 3015 4913 bene
3069 4857 3170 4911 iste
3223 4871 3386 4910 verus

1796 4979 1969 5035 agnus
1999 4959 2252 5016 Christus
2281 4955 2569 5020 Dominus,
2617 4950 2711 5024 qui
2738 4956 2852 5006 erat
2908 4953 3063 5002 sexta
3092 4945 3228 5000 feria
3265 4961 3386 5035 cru-

1799 5033 2127 5124 ciﬁgendus,
2185 5061 2249 5104 eo
2296 5045 2385 5101 die
2415 5041 2644 5098 intravit
2689 5039 2748 5095 in
2797 5036 3118 5103 Jerusalem,
3151 5049 3260 5106 quo
3290 5033 3387 5091 ille

1796 5141 2016 5216 typicus
2054 5139 2242 5209 Agnus
2271 5131 2671 5190 recludebatur.

1869 5213 1927 5287 3.
1967 5229 2144 5286 Hodie
2171 5225 2440 5299 siquidem
2477 5247 2494 5269 σ
2512 5222 2686 5278 turbae
2715 5223 3030 5276 straverunt
3058 5213 3383 5270 vestimenta

1800 5320 1982 5376 suain
2013 5318 2105 5374 via
2153 5315 2313 5386 (Ibid.
2345 5315 2442 5385 8);
2475 5337 2494 5359 ι
2564 5317 2619 5368 et
2673 5308 2767 5365 alii
2818 5305 2983 5363 hodie
3055 5329 3072 5353 ε
3119 5303 3388 5362 caedentes

1801 5425 1980 5466 ramos
2009 5407 2076 5463 de
2115 5404 2403 5461 arboribus
2424 5429 2441 5452 μ
2484 5399 2744 5458 similiter
2767 5396 3083 5454 sternebant
3113 5394 3170 5449 in
3192 5392 3390 5449 itinere

1799 5495 2100 5556 Salvatoris
2155 5482 2340 5566 super.
2366 5492 2573 5549 asinam
2633 5486 2892 5544 sedentis.
2940 5485 3070 5552 Quae
3101 5481 3191 5554 pia
3222 5491 3393 5537 mater

1800 5587 2045 5645 Ecclesia
2080 5579 2439 5656 corporaliter
2478 5580 2602 5637 ideo
2642 5578 2903 5643 celebrat,
2951 5582 3013 5629 ut
3043 5573 3138 5628 ﬁat
3165 5571 3223 5626 id
3250 5569 3396 5643 quod

1802 5677 1980 5734 multo
2025 5674 2201 5747 majus
2243 5680 2349 5738 est,
2395 5665 2737 5744 spiritaliter.
2765 5663 2940 5721 Onnis
2969 5660 3172 5734 quippe
3207 5664 3397 5714 sancta
