  <div class='ocr_page' id='page_1' title='image "/cluster/home/n/w/nwhite01/storage/ocr_20150623/17/uva.x000826553/353.png"; bbox 0 0 3864 6188; ppageno 0'>
   <div class='ocr_carea' id='block_1_1' title="bbox 483 385 583 444">
    <p class='ocr_par' dir='ltr' id='par_1_1' title="bbox 483 385 583 444">
     <span class='ocr_line' id='line_1_1' title="bbox 483 385 583 444; baseline -0.03 0"><span class='ocrx_word' id='word_1_1' title='bbox 483 385 583 444; x_wconf 82' lang='grc'>691</span> 
     </span>
    </p>
   </div>
   <div class='ocr_carea' id='block_1_2' title="bbox 1501 378 3795 441">
    <p class='ocr_par' dir='ltr' id='par_1_2' title="bbox 1501 378 3795 441">
     <span class='ocr_line' id='line_1_2' title="bbox 1501 378 3795 441; baseline -0.003 0"><span class='ocrx_word' id='word_1_2' title='bbox 1501 385 1598 441; x_wconf 82' lang='grc' dir='ltr'>ΔΙ)</span> <span class='ocrx_word' id='word_1_3' title='bbox 1637 383 1871 441; x_wconf 83' lang='lat' dir='ltr'>OPERA</span> <span class='ocrx_word' id='word_1_4' title='bbox 1907 382 1962 439; x_wconf 92' lang='lat' dir='ltr'>S.</span> <span class='ocrx_word' id='word_1_5' title='bbox 2005 380 2339 440; x_wconf 80' lang='lat' dir='ltr'>AMBROSII</span> <span class='ocrx_word' id='word_1_6' title='bbox 2377 379 2756 438; x_wconf 83' lang='lat' dir='ltr'>APPENDIX.</span> <span class='ocrx_word' id='word_1_7' title='bbox 3710 378 3795 435; x_wconf 77' lang='lat'><strong><em>692</em></strong></span> 
     </span>
    </p>
   </div>
   <div class='ocr_carea' id='block_1_3' title="bbox 484 504 3795 582">
    <p class='ocr_par' dir='ltr' id='par_1_3' title="bbox 484 504 3795 582">
     <span class='ocr_line' id='line_1_3' title="bbox 484 504 3795 582; baseline -0.002 -16"><span class='ocrx_word' id='word_1_8' title='bbox 484 508 671 567; x_wconf 86' lang='lat' dir='ltr'>anima</span> <span class='ocrx_word' id='word_1_9' title='bbox 692 508 791 568; x_wconf 87' lang='lat' dir='ltr'>Dei</span> <span class='ocrx_word' id='word_1_10' title='bbox 826 510 981 567; x_wconf 80' lang='lat' dir='ltr'>asina</span> <span class='ocrx_word' id='word_1_11' title='bbox 1027 518 1109 567; x_wconf 90' lang='lat' dir='ltr'>est</span> <span class='ocrx_word' id='word_1_12' title='bbox 1140 526 1153 568; x_wconf 90' lang='lat'>:</span> <span class='ocrx_word' id='word_1_13' title='bbox 1183 525 1348 582; x_wconf 88' lang='lat' dir='ltr'>super</span> <span class='ocrx_word' id='word_1_14' title='bbox 1374 509 1581 566; x_wconf 87' lang='lat' dir='ltr'>asinam</span> <span class='ocrx_word' id='word_1_15' title='bbox 1615 507 1784 582; x_wconf 83' lang='lat' dir='ltr'>igitur</span> <span class='ocrx_word' id='word_1_16' title='bbox 1814 506 2089 564; x_wconf 87' lang='lat' dir='ltr'>Dominus</span> <span class='ocrx_word' id='word_1_17' title='bbox 2118 511 2168 571; x_wconf 81' lang='grc' dir='ltr'><strong>Α</strong></span> <span class='ocrx_word' id='word_1_18' title='bbox 2197 512 2518 562; x_wconf 91' lang='lat' dir='ltr'>meruerunt</span> <span class='ocrx_word' id='word_1_19' title='bbox 2550 504 2630 578; x_wconf 83' lang='lat'>(5)</span> <span class='ocrx_word' id='word_1_20' title='bbox 2667 524 2679 562; x_wconf 90' lang='lat'><strong>:</strong></span> <span class='ocrx_word' id='word_1_21' title='bbox 2730 505 2807 561; x_wconf 89' lang='lat' dir='ltr'>ita</span> <span class='ocrx_word' id='word_1_22' title='bbox 2843 513 2898 562; x_wconf 92' lang='lat' dir='ltr'>et</span> <span class='ocrx_word' id='word_1_23' title='bbox 2930 504 3031 561; x_wconf 89' lang='lat' dir='ltr'>hos</span> <span class='ocrx_word' id='word_1_24' title='bbox 3067 520 3172 561; x_wconf 90' lang='lat' dir='ltr'>nec</span> <span class='ocrx_word' id='word_1_25' title='bbox 3201 505 3388 577; x_wconf 90' lang='lat' dir='ltr'>ipsum</span> <span class='ocrx_word' id='word_1_26' title='bbox 3434 512 3670 576; x_wconf 84' lang='lat' dir='ltr'>tempus</span> <span class='ocrx_word' id='word_1_27' title='bbox 3696 520 3795 560; x_wconf 86' lang='lat' dir='ltr'>cns-</span> 
     </span>
    </p>
   </div>
   <div class='ocr_carea' id='block_1_4' title="bbox 486 597 2085 670">
    <p class='ocr_par' dir='ltr' id='par_1_4' title="bbox 486 597 2085 670">
     <span class='ocr_line' id='line_1_4' title="bbox 486 597 2085 670; baseline -0.003 -12"><span class='ocrx_word' id='word_1_28' title='bbox 486 601 658 670; x_wconf 89' lang='lat' dir='ltr'>sedet,</span> <span class='ocrx_word' id='word_1_29' title='bbox 721 607 775 656; x_wconf 91' lang='lat' dir='ltr'>et</span> <span class='ocrx_word' id='word_1_30' title='bbox 821 601 1120 656; x_wconf 84' lang='lat' dir='ltr'>Jerusalem</span> <span class='ocrx_word' id='word_1_31' title='bbox 1168 597 1384 666; x_wconf 77' lang='lat' dir='ltr'>tendit;</span> <span class='ocrx_word' id='word_1_32' title='bbox 1443 613 1568 654; x_wconf 89' lang='lat' dir='ltr'>cum</span> <span class='ocrx_word' id='word_1_33' title='bbox 1628 598 1839 654; x_wconf 89' lang='lat' dir='ltr'>animas</span> <span class='ocrx_word' id='word_1_34' title='bbox 1870 604 2085 654; x_wconf 89' lang='lat' dir='ltr'>nostras</span> 
     </span>
    </p>
   </div>
   <div class='ocr_carea' id='block_1_5' title="bbox 487 687 2082 760">
    <p class='ocr_par' dir='ltr' id='par_1_5' title="bbox 487 687 2082 760">
     <span class='ocr_line' id='line_1_5' title="bbox 487 687 2082 760; baseline -0.003 -12"><span class='ocrx_word' id='word_1_35' title='bbox 487 691 825 760; x_wconf 70' lang='lat' dir='ltr'>inhabitans,</span> <span class='ocrx_word' id='word_1_36' title='bbox 857 691 1125 746; x_wconf 90' lang='lat' dir='ltr'>mundum</span> <span class='ocrx_word' id='word_1_37' title='bbox 1158 688 1324 745; x_wconf 90' lang='lat' dir='ltr'>istum</span> <span class='ocrx_word' id='word_1_38' title='bbox 1374 687 1674 760; x_wconf 80' lang='lat' dir='ltr'>despicere,</span> <span class='ocrx_word' id='word_1_39' title='bbox 1726 695 1780 744; x_wconf 89' lang='lat' dir='ltr'>et</span> <span class='ocrx_word' id='word_1_40' title='bbox 1807 689 2082 745; x_wconf 81' lang='lat' dir='ltr'>calestem</span> 
     </span>
    </p>
   </div>
   <div class='ocr_carea' id='block_1_6' title="bbox 485 777 2083 855">
    <p class='ocr_par' dir='ltr' id='par_1_6' title="bbox 485 777 2083 855">
     <span class='ocr_line' id='line_1_6' title="bbox 485 777 2083 855; baseline -0.003 -16"><span class='ocrx_word' id='word_1_41' title='bbox 485 782 718 855; x_wconf 90' lang='lat' dir='ltr'>patriam</span> <span class='ocrx_word' id='word_1_42' title='bbox 749 780 977 852; x_wconf 79' lang='lat' dir='ltr'>diligere</span> <span class='ocrx_word' id='word_1_43' title='bbox 1001 777 1510 836; x_wconf 78' lang='lat' dir='ltr'>facit.Vestimenta</span> <span class='ocrx_word' id='word_1_44' title='bbox 1543 779 1599 834; x_wconf 88' lang='lat' dir='ltr'>in</span> <span class='ocrx_word' id='word_1_45' title='bbox 1629 777 1720 834; x_wconf 90' lang='lat' dir='ltr'>via</span> <span class='ocrx_word' id='word_1_46' title='bbox 1753 786 1878 835; x_wconf 86' lang='lat' dir='ltr'>ante</span> <span class='ocrx_word' id='word_1_47' title='bbox 1907 780 2083 834; x_wconf 91' lang='lat' dir='ltr'>Deum</span> 
     </span>
    </p>
   </div>
   <div class='ocr_carea' id='block_1_7' title="bbox 480 867 2081 945">
    <p class='ocr_par' dir='ltr' id='par_1_7' title="bbox 480 867 2081 945">
     <span class='ocr_line' id='line_1_7' title="bbox 480 867 2081 945; baseline -0.004 -15"><span class='ocrx_word' id='word_1_48' title='bbox 480 872 722 945; x_wconf 85' lang='lat' dir='ltr'>jactatis,</span> <span class='ocrx_word' id='word_1_49' title='bbox 749 871 795 926; x_wconf 91' lang='lat' dir='ltr'>si</span> <span class='ocrx_word' id='word_1_50' title='bbox 823 870 969 926; x_wconf 86' lang='lat' dir='ltr'>viam</span> <span class='ocrx_word' id='word_1_51' title='bbox 1015 869 1102 926; x_wconf 89' lang='lat' dir='ltr'>illi</span> <span class='ocrx_word' id='word_1_52' title='bbox 1130 868 1201 925; x_wconf 91' lang='lat' dir='ltr'>ad</span> <span class='ocrx_word' id='word_1_53' title='bbox 1245 885 1345 925; x_wconf 89' lang='lat' dir='ltr'>vos</span> <span class='ocrx_word' id='word_1_54' title='bbox 1395 867 1658 925; x_wconf 85' lang='lat' dir='ltr'>veniendi</span> <span class='ocrx_word' id='word_1_55' title='bbox 1706 867 2081 942; x_wconf 87' lang='lat' dir='ltr'>praparando,</span> 
     </span>
    </p>
   </div>
   <div class='ocr_carea' id='block_1_8' title="bbox 484 957 2086 1034">
    <p class='ocr_par' dir='ltr' id='par_1_8' title="bbox 484 957 2086 1034">
     <span class='ocr_line' id='line_1_8' title="bbox 484 957 2086 1034; baseline -0.004 -16"><span class='ocrx_word' id='word_1_56' title='bbox 484 977 714 1034; x_wconf 88' lang='lat' dir='ltr'>corpora</span> <span class='ocrx_word' id='word_1_57' title='bbox 741 967 925 1016; x_wconf 80' lang='lat' dir='ltr'>vestra</span> <span class='ocrx_word' id='word_1_58' title='bbox 975 976 1072 1033; x_wconf 88' lang='lat' dir='ltr'>per</span> <span class='ocrx_word' id='word_1_59' title='bbox 1111 958 1502 1016; x_wconf 81' lang='lat' dir='ltr'>abstinentiam</span> <span class='ocrx_word' id='word_1_60' title='bbox 1554 957 1850 1031; x_wconf 83' lang='lat' dir='ltr'>castigatis.</span> <span class='ocrx_word' id='word_1_61' title='bbox 1886 959 2086 1015; x_wconf 81' lang='lat' dir='ltr'>Ramos</span> 
     </span>
    </p>
   </div>
   <div class='ocr_carea' id='block_1_9' title="bbox 484 1039 2084 1122">
    <p class='ocr_par' dir='ltr' id='par_1_9' title="bbox 484 1039 2084 1122">
     <span class='ocr_line' id='line_1_9' title="bbox 484 1039 2084 1122; baseline -0.006 -12"><span class='ocrx_word' id='word_1_62' title='bbox 484 1069 616 1110; x_wconf 92' lang='lat' dir='ltr'>vero</span> <span class='ocrx_word' id='word_1_63' title='bbox 647 1052 714 1109; x_wconf 92' lang='lat' dir='ltr'>de</span> <span class='ocrx_word' id='word_1_64' title='bbox 739 1049 1029 1108; x_wconf 82' lang='lat' dir='ltr'>arboribus</span> <span class='ocrx_word' id='word_1_65' title='bbox 1073 1048 1398 1122; x_wconf 85' lang='lat' dir='ltr'>praciditis,</span> <span class='ocrx_word' id='word_1_66' title='bbox 1428 1049 1473 1104; x_wconf 92' lang='lat' dir='ltr'>si</span> <span class='ocrx_word' id='word_1_67' title='bbox 1505 1039 1820 1104; x_wconf 86' lang='lat' dir='ltr'>sanctorum</span> <span class='ocrx_word' id='word_1_68' title='bbox 1866 1053 2084 1120; x_wconf 84' lang='lat' dir='ltr'>patrum</span> 
     </span>
    </p>
   </div>
   <div class='ocr_carea' id='block_1_10' title="bbox 483 1135 2086 1209">
    <p class='ocr_par' dir='ltr' id='par_1_10' title="bbox 483 1135 2086 1209">
     <span class='ocr_line' id='line_1_10' title="bbox 483 1135 2086 1209; baseline -0.006 -8"><span class='ocrx_word' id='word_1_69' title='bbox 483 1143 720 1202; x_wconf 82' lang='lat' dir='ltr'>virtutes</span> <span class='ocrx_word' id='word_1_70' title='bbox 747 1141 1004 1209; x_wconf 85' lang='lat' dir='ltr'>amando,</span> <span class='ocrx_word' id='word_1_71' title='bbox 1055 1139 1205 1196; x_wconf 91' lang='lat' dir='ltr'>viam</span> <span class='ocrx_word' id='word_1_72' title='bbox 1257 1137 1326 1195; x_wconf 88' lang='lat' dir='ltr'>ad</span> <span class='ocrx_word' id='word_1_73' title='bbox 1378 1156 1479 1195; x_wconf 88' lang='lat' dir='ltr'>vos</span> <span class='ocrx_word' id='word_1_74' title='bbox 1536 1137 1795 1195; x_wconf 82' lang='lat' dir='ltr'>veniendi</span> <span class='ocrx_word' id='word_1_75' title='bbox 1847 1135 2086 1194; x_wconf 91' lang='lat' dir='ltr'>Domino</span> 
     </span>
    </p>
   </div>
   <div class='ocr_carea' id='block_1_11' title="bbox 483 1224 2086 1308">
    <p class='ocr_par' dir='ltr' id='par_1_11' title="bbox 483 1224 2086 1308">
     <span class='ocr_line' id='line_1_11' title="bbox 483 1224 2086 1308; baseline -0.006 -18"><span class='ocrx_word' id='word_1_76' title='bbox 483 1231 819 1308; x_wconf 84' lang='lat' dir='ltr'>praparatis.</span> <span class='ocrx_word' id='word_1_77' title='bbox 847 1230 992 1298; x_wconf 89' lang='lat' dir='ltr'>Quid</span> <span class='ocrx_word' id='word_1_78' title='bbox 1022 1229 1129 1285; x_wconf 86' lang='lat' dir='ltr'>fuit</span> <span class='ocrx_word' id='word_1_79' title='bbox 1160 1227 1436 1286; x_wconf 87' lang='lat' dir='ltr'>Abraham</span> <span class='ocrx_word' id='word_1_80' title='bbox 1467 1229 1496 1285; x_wconf 73' lang='grc' dir='ltr'>τ</span> <span class='ocrx_word' id='word_1_81' title='bbox 1517 1227 1651 1301; x_wconf 91' lang='lat' dir='ltr'>quid</span> <span class='ocrx_word' id='word_1_82' title='bbox 1685 1225 1794 1284; x_wconf 88' lang='lat' dir='ltr'>fuit</span> <span class='ocrx_word' id='word_1_83' title='bbox 1829 1224 2028 1299; x_wconf 89' lang='lat' dir='ltr'>Ioseph</span> <span class='ocrx_word' id='word_1_84' title='bbox 2057 1225 2086 1281; x_wconf 65' lang='grc' dir='ltr'><strong><em>τ</em></strong></span> 
     </span>
    </p>
   </div>
   <div class='ocr_carea' id='block_1_12' title="bbox 485 1314 2086 1397">
    <p class='ocr_par' dir='ltr' id='par_1_12' title="bbox 485 1314 2086 1397">
     <span class='ocr_line' id='line_1_12' title="bbox 485 1314 2086 1397; baseline -0.006 -17"><span class='ocrx_word' id='word_1_85' title='bbox 485 1324 622 1397; x_wconf 87' lang='lat' dir='ltr'>quid</span> <span class='ocrx_word' id='word_1_86' title='bbox 650 1320 830 1380; x_wconf 88' lang='lat' dir='ltr'>David</span> <span class='ocrx_word' id='word_1_87' title='bbox 851 1319 1032 1394; x_wconf 66' lang='lat' dir='ltr'>iquid</span> <span class='ocrx_word' id='word_1_88' title='bbox 1060 1318 1260 1392; x_wconf 86' lang='lat' dir='ltr'>reliqui</span> <span class='ocrx_word' id='word_1_89' title='bbox 1279 1317 1438 1391; x_wconf 91' lang='lat' dir='ltr'>justi,</span> <span class='ocrx_word' id='word_1_90' title='bbox 1464 1317 1570 1374; x_wconf 90' lang='lat' dir='ltr'>nisi</span> <span class='ocrx_word' id='word_1_91' title='bbox 1602 1317 1902 1374; x_wconf 87' lang='lat' dir='ltr'>fructifera</span> <span class='ocrx_word' id='word_1_92' title='bbox 1932 1314 2086 1370; x_wconf 86' lang='lat' dir='ltr'>arbo-</span> 
     </span>
    </p>
   </div>
   <div class='ocr_carea' id='block_1_13' title="bbox 485 1407 2084 1476">
    <p class='ocr_par' dir='ltr' id='par_1_13' title="bbox 485 1407 2084 1476">
     <span class='ocr_line' id='line_1_13' title="bbox 485 1407 2084 1476; baseline -0.006 -4"><span class='ocrx_word' id='word_1_93' title='bbox 485 1430 573 1472; x_wconf 88' lang='lat' dir='ltr'>res</span> <span class='ocrx_word' id='word_1_94' title='bbox 605 1411 864 1469; x_wconf 88' lang='lat' dir='ltr'>Ecclesia</span> <span class='ocrx_word' id='word_1_95' title='bbox 880 1410 980 1468; x_wconf 90' lang='lat' dir='ltr'>Dei</span> <span class='ocrx_word' id='word_1_96' title='bbox 1000 1410 1028 1467; x_wconf 71' lang='lat'><strong>7</strong></span> <span class='ocrx_word' id='word_1_97' title='bbox 1047 1409 1257 1467; x_wconf 83' lang='lat' dir='ltr'>Discite</span> <span class='ocrx_word' id='word_1_98' title='bbox 1285 1409 1354 1465; x_wconf 90' lang='lat' dir='ltr'>ab</span> <span class='ocrx_word' id='word_1_99' title='bbox 1385 1408 1665 1465; x_wconf 85' lang='lat' dir='ltr'>Abraham</span> <span class='ocrx_word' id='word_1_100' title='bbox 1683 1407 2084 1476; x_wconf 87' lang='lat' dir='ltr'>obedientiam,</span> 
     </span>
    </p>
   </div>
   <div class='ocr_carea' id='block_1_14' title="bbox 484 1497 2088 1578">
    <p class='ocr_par' dir='ltr' id='par_1_14' title="bbox 484 1497 2088 1578">
     <span class='ocr_line' id='line_1_14' title="bbox 484 1497 2088 1578; baseline -0.005 -16"><span class='ocrx_word' id='word_1_101' title='bbox 484 1522 516 1562; x_wconf 85' lang='lat' dir='ltr'>a</span> <span class='ocrx_word' id='word_1_102' title='bbox 545 1502 746 1577; x_wconf 87' lang='lat' dir='ltr'>Ioseph</span> <span class='ocrx_word' id='word_1_103' title='bbox 777 1501 1106 1571; x_wconf 80' lang='lat' dir='ltr'>castitatem,</span> <span class='ocrx_word' id='word_1_104' title='bbox 1158 1516 1190 1556; x_wconf 92' lang='lat' dir='ltr'>a</span> <span class='ocrx_word' id='word_1_105' title='bbox 1217 1498 1397 1559; x_wconf 90' lang='lat' dir='ltr'>David</span> <span class='ocrx_word' id='word_1_106' title='bbox 1435 1499 1842 1578; x_wconf 74' lang='lat' dir='ltr'>humilitatem,</span> <span class='ocrx_word' id='word_1_107' title='bbox 1869 1497 1916 1555; x_wconf 89' lang='lat' dir='ltr'>si</span> <span class='ocrx_word' id='word_1_108' title='bbox 1954 1515 2088 1572; x_wconf 89' lang='lat' dir='ltr'>per-</span> 
     </span>
    </p>
   </div>
   <div class='ocr_carea' id='block_1_15' title="bbox 483 1588 1600 1670">
    <p class='ocr_par' dir='ltr' id='par_1_15' title="bbox 483 1588 1600 1670">
     <span class='ocr_line' id='line_1_15' title="bbox 483 1588 1600 1670; baseline -0.006 -19"><span class='ocrx_word' id='word_1_109' title='bbox 483 1602 704 1670; x_wconf 89' lang='lat' dir='ltr'>petuam</span> <span class='ocrx_word' id='word_1_110' title='bbox 725 1590 1050 1650; x_wconf 87' lang='lat' dir='ltr'>desideratis</span> <span class='ocrx_word' id='word_1_111' title='bbox 1077 1588 1315 1662; x_wconf 89' lang='lat' dir='ltr'>adipisci</span> <span class='ocrx_word' id='word_1_112' title='bbox 1345 1588 1600 1645; x_wconf 88' lang='lat' dir='ltr'>salutem.</span> 
     </span>
    </p>
   </div>
   <div class='ocr_carea' id='block_1_16' title="bbox 558 1675 2087 1756">
    <p class='ocr_par' dir='ltr' id='par_1_16' title="bbox 558 1675 2087 1756">
     <span class='ocr_line' id='line_1_16' title="bbox 558 1675 2087 1756; baseline -0.005 -17"><span class='ocrx_word' id='word_1_113' title='bbox 558 1683 613 1741; x_wconf 75' lang='grc'>4.</span> <span class='ocrx_word' id='word_1_114' title='bbox 644 1683 716 1738; x_wconf 91' lang='lat' dir='ltr'>Et</span> <span class='ocrx_word' id='word_1_115' title='bbox 747 1681 879 1756; x_wconf 87' lang='lat' dir='ltr'>quia</span> <span class='ocrx_word' id='word_1_116' title='bbox 903 1680 1085 1754; x_wconf 85' lang='lat' dir='ltr'>palma</span> <span class='ocrx_word' id='word_1_117' title='bbox 1129 1677 1423 1735; x_wconf 88' lang='lat' dir='ltr'>victoriam</span> <span class='ocrx_word' id='word_1_118' title='bbox 1454 1676 1747 1752; x_wconf 87' lang='lat' dir='ltr'>signiﬁcat,</span> <span class='ocrx_word' id='word_1_119' title='bbox 1779 1677 1986 1751; x_wconf 89' lang='lat' dir='ltr'>palmas</span> <span class='ocrx_word' id='word_1_120' title='bbox 2028 1675 2087 1733; x_wconf 88' lang='lat' dir='ltr'>in</span> 
     </span>
    </p>
   </div>
   <div class='ocr_carea' id='block_1_17' title="bbox 487 1765 2087 1843">
    <p class='ocr_par' dir='ltr' id='par_1_17' title="bbox 487 1765 2087 1843">
     <span class='ocr_line' id='line_1_17' title="bbox 487 1765 2087 1843; baseline -0.004 -13"><span class='ocrx_word' id='word_1_121' title='bbox 487 1789 654 1832; x_wconf 88' lang='lat' dir='ltr'>manu</span> <span class='ocrx_word' id='word_1_122' title='bbox 700 1777 847 1828; x_wconf 88' lang='lat' dir='ltr'>recte</span> <span class='ocrx_word' id='word_1_123' title='bbox 901 1776 1207 1843; x_wconf 87' lang='lat' dir='ltr'>portamus,</span> <span class='ocrx_word' id='word_1_124' title='bbox 1257 1768 1303 1824; x_wconf 91' lang='lat' dir='ltr'>si</span> <span class='ocrx_word' id='word_1_125' title='bbox 1355 1767 1432 1824; x_wconf 89' lang='lat' dir='ltr'>ita</span> <span class='ocrx_word' id='word_1_126' title='bbox 1485 1767 1535 1823; x_wconf 92' lang='lat' dir='ltr'>ei</span> <span class='ocrx_word' id='word_1_127' title='bbox 1593 1766 1783 1824; x_wconf 88' lang='lat' dir='ltr'>laudes</span> <span class='ocrx_word' id='word_1_128' title='bbox 1840 1765 2087 1824; x_wconf 87' lang='lat' dir='ltr'>victoria</span> 
     </span>
    </p>
   </div>
   <div class='ocr_carea' id='block_1_18' title="bbox 2192 591 3794 668">
    <p class='ocr_par' dir='ltr' id='par_1_18' title="bbox 2192 591 3794 668">
     <span class='ocr_line' id='line_1_18' title="bbox 2192 591 3794 668; baseline -0.003 -16"><span class='ocrx_word' id='word_1_129' title='bbox 2192 594 2454 652; x_wconf 89' lang='lat' dir='ltr'>todiendo</span> <span class='ocrx_word' id='word_1_130' title='bbox 2485 611 2810 664; x_wconf 89' lang='lat' dir='ltr'>mereamur,</span> <span class='ocrx_word' id='word_1_131' title='bbox 2847 595 3027 668; x_wconf 90' lang='lat' dir='ltr'>sitque</span> <span class='ocrx_word' id='word_1_132' title='bbox 3074 592 3272 649; x_wconf 89' lang='lat' dir='ltr'>similis</span> <span class='ocrx_word' id='word_1_133' title='bbox 3321 591 3716 648; x_wconf 87' lang='lat' dir='ltr'>remuneratio</span> <span class='ocrx_word' id='word_1_134' title='bbox 3749 593 3794 648; x_wconf 89' lang='lat' dir='ltr'>in</span> 
     </span>
    </p>
   </div>
   <div class='ocr_carea' id='block_1_19' title="bbox 2193 680 3793 759">
    <p class='ocr_par' dir='ltr' id='par_1_19' title="bbox 2193 680 3793 759">
     <span class='ocr_line' id='line_1_19' title="bbox 2193 680 3793 759; baseline -0.004 -17"><span class='ocrx_word' id='word_1_135' title='bbox 2193 685 2542 759; x_wconf 89' lang='lat' dir='ltr'>perceptione</span> <span class='ocrx_word' id='word_1_136' title='bbox 2588 683 2822 758; x_wconf 86' lang='lat' dir='ltr'>pramii,</span> <span class='ocrx_word' id='word_1_137' title='bbox 2874 699 3107 758; x_wconf 91' lang='lat' dir='ltr'>quorum</span> <span class='ocrx_word' id='word_1_138' title='bbox 3143 681 3345 738; x_wconf 90' lang='lat' dir='ltr'>similis</span> <span class='ocrx_word' id='word_1_139' title='bbox 3397 680 3566 736; x_wconf 87' lang='lat' dir='ltr'>labor</span> <span class='ocrx_word' id='word_1_140' title='bbox 3620 687 3702 736; x_wconf 88' lang='lat' dir='ltr'>est</span> <span class='ocrx_word' id='word_1_141' title='bbox 3748 681 3793 736; x_wconf 89' lang='lat' dir='ltr'>in</span> 
     </span>
    </p>
   </div>
   <div class='ocr_carea' id='block_1_20' title="bbox 2194 772 2828 846">
    <p class='ocr_par' dir='ltr' id='par_1_20' title="bbox 2194 772 2828 846">
     <span class='ocr_line' id='line_1_20' title="bbox 2194 772 2828 846; baseline -0.002 -17"><span class='ocrx_word' id='word_1_142' title='bbox 2194 774 2577 831; x_wconf 84' lang='lat' dir='ltr'>observatione</span> <span class='ocrx_word' id='word_1_143' title='bbox 2605 772 2828 846; x_wconf 89' lang='lat' dir='ltr'>jejunii.</span> 
     </span>
    </p>
   </div>
   <div class='ocr_carea' id='block_1_21' title="bbox 2274 857 3794 930">
    <p class='ocr_par' dir='ltr' id='par_1_21' title="bbox 2274 857 3794 930">
     <span class='ocr_line' id='line_1_21' title="bbox 2274 857 3794 930; baseline -0.005 -10"><span class='ocrx_word' id='word_1_144' title='bbox 2274 869 2420 926; x_wconf 82' lang='lat'>435</span> <span class='ocrx_word' id='word_1_145' title='bbox 2449 863 2502 919; x_wconf 80' lang='lat'>2.</span> <span class='ocrx_word' id='word_1_146' title='bbox 2536 863 2686 919; x_wconf 88' lang='lat' dir='ltr'>Elias</span> <span class='ocrx_word' id='word_1_147' title='bbox 2715 863 2886 930; x_wconf 87' lang='lat' dir='ltr'>enim,</span> <span class='ocrx_word' id='word_1_148' title='bbox 2917 877 3042 916; x_wconf 92' lang='lat' dir='ltr'>cum</span> <span class='ocrx_word' id='word_1_149' title='bbox 3073 867 3211 916; x_wconf 88' lang='lat' dir='ltr'>esset</span> <span class='ocrx_word' id='word_1_150' title='bbox 3241 859 3502 915; x_wconf 88' lang='lat' dir='ltr'>clausum</span> <span class='ocrx_word' id='word_1_151' title='bbox 3548 857 3794 914; x_wconf 84' lang='lat' dir='ltr'>humanis</span> 
     </span>
    </p>
   </div>
   <div class='ocr_carea' id='block_1_22' title="bbox 2194 957 3793 1036">
    <p class='ocr_par' dir='ltr' id='par_1_22' title="bbox 2194 957 3793 1036">
     <span class='ocr_line' id='line_1_22' title="bbox 2194 957 3793 1036; baseline -0.003 -18"><span class='ocrx_word' id='word_1_152' title='bbox 2194 962 2580 1036; x_wconf 85' lang='lat' dir='ltr'>iniquitatibus</span> <span class='ocrx_word' id='word_1_153' title='bbox 2607 962 2830 1029; x_wconf 77' lang='lat' dir='ltr'>calum,</span> <span class='ocrx_word' id='word_1_154' title='bbox 2883 966 2936 1015; x_wconf 91' lang='lat' dir='ltr'>et</span> <span class='ocrx_word' id='word_1_155' title='bbox 2977 958 3129 1014; x_wconf 88' lang='lat' dir='ltr'>nulla</span> <span class='ocrx_word' id='word_1_156' title='bbox 3160 957 3468 1013; x_wconf 87' lang='lat' dir='ltr'>mundanis</span> <span class='ocrx_word' id='word_1_157' title='bbox 3517 958 3689 1014; x_wconf 87' lang='lat' dir='ltr'>rebus</span> <span class='ocrx_word' id='word_1_158' title='bbox 3723 959 3793 1014; x_wconf 62' lang='lat' dir='ltr'>de</span> 
     </span>
    </p>
   </div>
   <div class='ocr_carea' id='block_1_23' title="bbox 2193 1047 3794 1124">
    <p class='ocr_par' dir='ltr' id='par_1_23' title="bbox 2193 1047 3794 1124">
     <span class='ocr_line' id='line_1_23' title="bbox 2193 1047 3794 1124; baseline -0.004 -16"><span class='ocrx_word' id='word_1_159' title='bbox 2193 1068 2358 1124; x_wconf 88' lang='lat' dir='ltr'>super</span> <span class='ocrx_word' id='word_1_160' title='bbox 2414 1051 2726 1124; x_wconf 81' lang='lat' dir='ltr'>pluviarum</span> <span class='ocrx_word' id='word_1_161' title='bbox 2787 1049 3021 1105; x_wconf 86' lang='lat' dir='ltr'>stillaret</span> <span class='ocrx_word' id='word_1_162' title='bbox 3075 1047 3318 1114; x_wconf 88' lang='lat' dir='ltr'>ubertas,</span> <span class='ocrx_word' id='word_1_163' title='bbox 3381 1055 3558 1119; x_wconf 88' lang='lat' dir='ltr'>atque</span> <span class='ocrx_word' id='word_1_164' title='bbox 3625 1048 3794 1102; x_wconf 78' lang='lat' dir='ltr'>omnia</span> 
     </span>
    </p>
   </div>
   <div class='ocr_carea' id='block_1_24' title="bbox 2195 1140 3798 1215">
    <p class='ocr_par' dir='ltr' id='par_1_24' title="bbox 2195 1140 3798 1215">
     <span class='ocr_line' id='line_1_24' title="bbox 2195 1140 3798 1215; baseline -0.002 -17"><span class='ocrx_word' id='word_1_165' title='bbox 2195 1143 2368 1214; x_wconf 91' lang='lat' dir='ltr'>longa</span> <span class='ocrx_word' id='word_1_166' title='bbox 2399 1142 2662 1199; x_wconf 87' lang='lat' dir='ltr'>siccitatis</span> <span class='ocrx_word' id='word_1_167' title='bbox 2690 1141 2944 1215; x_wconf 86' lang='lat' dir='ltr'>squalore</span> <span class='ocrx_word' id='word_1_168' title='bbox 2975 1141 3319 1211; x_wconf 88' lang='lat' dir='ltr'>languerent,</span> <span class='ocrx_word' id='word_1_169' title='bbox 3363 1146 3420 1193; x_wconf 91' lang='lat' dir='ltr'>et</span> <span class='ocrx_word' id='word_1_170' title='bbox 3459 1147 3612 1193; x_wconf 87' lang='lat' dir='ltr'>esset</span> <span class='ocrx_word' id='word_1_171' title='bbox 3646 1140 3798 1195; x_wconf 82' lang='lat' dir='ltr'>fames</span> 
     </span>
    </p>
   </div>
   <div class='ocr_carea' id='block_1_25' title="bbox 2195 1229 3794 1306">
    <p class='ocr_par' dir='ltr' id='par_1_25' title="bbox 2195 1229 3794 1306">
     <span class='ocr_line' id='line_1_25' title="bbox 2195 1229 3794 1306; baseline -0.002 -17"><span class='ocrx_word' id='word_1_172' title='bbox 2195 1250 2392 1306; x_wconf 83' lang='lat' dir='ltr'>magna</span> <span class='ocrx_word' id='word_1_173' title='bbox 2438 1233 2698 1289; x_wconf 90' lang='lat' dir='ltr'>universo</span> <span class='ocrx_word' id='word_1_174' title='bbox 2757 1231 2938 1304; x_wconf 86' lang='lat' dir='ltr'>generi</span> <span class='ocrx_word' id='word_1_175' title='bbox 2989 1229 3268 1295; x_wconf 89' lang='lat' dir='ltr'>humano;</span> <span class='ocrx_word' id='word_1_176' title='bbox 3333 1229 3614 1300; x_wconf 85' lang='lat' dir='ltr'>quoniam</span> <span class='ocrx_word' id='word_1_177' title='bbox 3664 1232 3794 1286; x_wconf 89' lang='lat' dir='ltr'>enim</span> 
     </span>
    </p>
   </div>
   <div class='ocr_carea' id='block_1_26' title="bbox 2194 1322 3795 1397">
    <p class='ocr_par' dir='ltr' id='par_1_26' title="bbox 2194 1322 3795 1397">
     <span class='ocr_line' id='line_1_26' title="bbox 2194 1322 3795 1397; baseline -0.003 -15"><span class='ocrx_word' id='word_1_178' title='bbox 2194 1326 2393 1383; x_wconf 89' lang='lat' dir='ltr'>coelum</span> <span class='ocrx_word' id='word_1_179' title='bbox 2449 1323 2694 1397; x_wconf 89' lang='lat' dir='ltr'>pluviam</span> <span class='ocrx_word' id='word_1_180' title='bbox 2753 1340 2865 1380; x_wconf 92' lang='lat' dir='ltr'>non</span> <span class='ocrx_word' id='word_1_181' title='bbox 2920 1322 3104 1391; x_wconf 89' lang='lat' dir='ltr'>dabat,</span> <span class='ocrx_word' id='word_1_182' title='bbox 3164 1337 3265 1378; x_wconf 89' lang='lat' dir='ltr'>nec</span> <span class='ocrx_word' id='word_1_183' title='bbox 3331 1329 3487 1377; x_wconf 87' lang='lat' dir='ltr'>terra</span> <span class='ocrx_word' id='word_1_184' title='bbox 3545 1323 3795 1394; x_wconf 87' lang='lat' dir='ltr'>pabulum</span> 
     </span>
    </p>
   </div>
   <div class='ocr_carea' id='block_1_27' title="bbox 2195 1410 3796 1488">
    <p class='ocr_par' dir='ltr' id='par_1_27' title="bbox 2195 1410 3796 1488">
     <span class='ocr_line' id='line_1_27' title="bbox 2195 1410 3796 1488; baseline -0.002 -19"><span class='ocrx_word' id='word_1_185' title='bbox 2195 1413 2568 1488; x_wconf 87' lang='lat' dir='ltr'>germinabat;</span> <span class='ocrx_word' id='word_1_186' title='bbox 2610 1420 2744 1468; x_wconf 90' lang='lat' dir='ltr'>tunc</span> <span class='ocrx_word' id='word_1_187' title='bbox 2789 1411 2938 1468; x_wconf 89' lang='lat' dir='ltr'>Elias</span> <span class='ocrx_word' id='word_1_188' title='bbox 2986 1417 3207 1466; x_wconf 90' lang='lat' dir='ltr'>sanctus</span> <span class='ocrx_word' id='word_1_189' title='bbox 3254 1411 3537 1466; x_wconf 88' lang='lat' dir='ltr'>reseravit</span> <span class='ocrx_word' id='word_1_190' title='bbox 3584 1410 3796 1483; x_wconf 89' lang='lat' dir='ltr'>jejuniis</span> 
     </span>
    </p>
   </div>
   <div class='ocr_carea' id='block_1_28' title="bbox 2195 1499 3794 1572">
    <p class='ocr_par' dir='ltr' id='par_1_28' title="bbox 2195 1499 3794 1572">
     <span class='ocr_line' id='line_1_28' title="bbox 2195 1499 3794 1572; baseline -0.003 -14"><span class='ocrx_word' id='word_1_191' title='bbox 2195 1502 2310 1558; x_wconf 90' lang='lat' dir='ltr'>suis</span> <span class='ocrx_word' id='word_1_192' title='bbox 2339 1503 2560 1570; x_wconf 78' lang='lat' dir='ltr'>calum,</span> <span class='ocrx_word' id='word_1_193' title='bbox 2593 1509 2795 1558; x_wconf 91' lang='lat' dir='ltr'>terram</span> <span class='ocrx_word' id='word_1_194' title='bbox 2823 1500 3166 1556; x_wconf 88' lang='lat' dir='ltr'>orationibus</span> <span class='ocrx_word' id='word_1_195' title='bbox 3189 1499 3526 1556; x_wconf 85' lang='lat' dir='ltr'>fecundavit</span> <span class='ocrx_word' id='word_1_196' title='bbox 3551 1501 3677 1572; x_wconf 88' lang='grc' dir='ltr'><em>(ΙΙΙ</em></span> <span class='ocrx_word' id='word_1_197' title='bbox 3689 1502 3794 1571; x_wconf 80' lang='lat' dir='ltr'>Reg.</span> 
     </span>
    </p>
   </div>
   <div class='ocr_carea' id='block_1_29' title="bbox 2195 1587 3795 1662">
    <p class='ocr_par' dir='ltr' id='par_1_29' title="bbox 2195 1587 3795 1662">
     <span class='ocr_line' id='line_1_29' title="bbox 2195 1587 3795 1662; baseline -0.002 -15"><span class='ocrx_word' id='word_1_198' title='bbox 2195 1607 2359 1660; x_wconf 84' lang='lat' dir='ltr'>xvm,</span> <span class='ocrx_word' id='word_1_199' title='bbox 2408 1589 2634 1662; x_wconf 80' lang='grc'>42-45).</span> <span class='ocrx_word' id='word_1_200' title='bbox 2681 1590 2839 1646; x_wconf 91' lang='lat' dir='ltr'>Illius</span> <span class='ocrx_word' id='word_1_201' title='bbox 2880 1588 3029 1646; x_wconf 91' lang='lat' dir='ltr'>enim</span> <span class='ocrx_word' id='word_1_202' title='bbox 3073 1588 3378 1646; x_wconf 87' lang='lat' dir='ltr'>siccitatem</span> <span class='ocrx_word' id='word_1_203' title='bbox 3421 1587 3712 1645; x_wconf 83' lang='lat' dir='ltr'>convertit</span> <span class='ocrx_word' id='word_1_204' title='bbox 3749 1590 3795 1646; x_wconf 86' lang='lat' dir='ltr'>in</span> 
     </span>
    </p>
   </div>
   <div class='ocr_carea' id='block_1_30' title="bbox 2195 1677 3792 1753">
    <p class='ocr_par' dir='ltr' id='par_1_30' title="bbox 2195 1677 3792 1753">
     <span class='ocr_line' id='line_1_30' title="bbox 2195 1677 3792 1753; baseline 0 -19"><span class='ocrx_word' id='word_1_205' title='bbox 2195 1680 2465 1753; x_wconf 79' lang='lat' dir='ltr'>pluviam,</span> <span class='ocrx_word' id='word_1_206' title='bbox 2522 1678 2689 1752; x_wconf 88' lang='lat' dir='ltr'>hujus</span> <span class='ocrx_word' id='word_1_207' title='bbox 2746 1679 3092 1735; x_wconf 87' lang='lat' dir='ltr'>sterilitatem</span> <span class='ocrx_word' id='word_1_208' title='bbox 3141 1677 3373 1734; x_wconf 90' lang='lat' dir='ltr'>resolvit</span> <span class='ocrx_word' id='word_1_209' title='bbox 3427 1678 3494 1734; x_wconf 88' lang='lat' dir='ltr'>in</span> <span class='ocrx_word' id='word_1_210' title='bbox 3554 1689 3792 1751; x_wconf 89' lang='lat' dir='ltr'>partum;</span> 
     </span>
    </p>
   </div>
   <div class='ocr_carea' id='block_1_31' title="bbox 2194 1771 3794 1845">
    <p class='ocr_par' dir='ltr' id='par_1_31' title="bbox 2194 1771 3794 1845">
     <span class='ocr_line' id='line_1_31' title="bbox 2194 1771 3794 1845; baseline 0.001 -20"><span class='ocrx_word' id='word_1_211' title='bbox 2194 1777 2350 1826; x_wconf 89' lang='lat' dir='ltr'>tanta</span> <span class='ocrx_word' id='word_1_212' title='bbox 2379 1772 2524 1828; x_wconf 91' lang='lat' dir='ltr'>enim</span> <span class='ocrx_word' id='word_1_213' title='bbox 2560 1771 2677 1844; x_wconf 89' lang='lat' dir='ltr'>ejus</span> <span class='ocrx_word' id='word_1_214' title='bbox 2715 1771 2971 1845; x_wconf 91' lang='lat' dir='ltr'>precibus</span> <span class='ocrx_word' id='word_1_215' title='bbox 3000 1771 3187 1827; x_wconf 92' lang='lat' dir='ltr'>orbem</span> <span class='ocrx_word' id='word_1_216' title='bbox 3227 1779 3511 1827; x_wconf 86' lang='lat' dir='ltr'>terrarum</span> <span class='ocrx_word' id='word_1_217' title='bbox 3546 1771 3794 1827; x_wconf 87' lang='lat' dir='ltr'>imbrium</span> 
     </span>
    </p>
   </div>
   <div class='ocr_carea' id='block_1_32' title="bbox 486 1857 3792 1941">
    <p class='ocr_par' dir='ltr' id='par_1_32' title="bbox 486 1857 3792 1941">
     <span class='ocr_line' id='line_1_32' title="bbox 486 1857 3792 1941; baseline -0.002 -19"><span class='ocrx_word' id='word_1_218' title='bbox 486 1865 862 1931; x_wconf 83' lang='lat' dir='ltr'>decantamus,</span> <span class='ocrx_word' id='word_1_219' title='bbox 921 1866 985 1917; x_wconf 90' lang='lat' dir='ltr'>ut</span> <span class='ocrx_word' id='word_1_220' title='bbox 1035 1857 1200 1917; x_wconf 91' lang='lat' dir='ltr'>etiam</span> <span class='ocrx_word' id='word_1_221' title='bbox 1266 1857 1404 1915; x_wconf 89' lang='lat' dir='ltr'>bene</span> <span class='ocrx_word' id='word_1_222' title='bbox 1481 1857 1746 1926; x_wconf 91' lang='lat' dir='ltr'>vivendo,</span> <span class='ocrx_word' id='word_1_223' title='bbox 1798 1857 2081 1913; x_wconf 91' lang='lat' dir='ltr'>diabolum</span> <span class='ocrx_word' id='word_1_224' title='bbox 2117 1881 2163 1941; x_wconf 81' lang='grc' dir='ltr'><strong>Β</strong></span> <span class='ocrx_word' id='word_1_225' title='bbox 2199 1859 2422 1933; x_wconf 86' lang='lat' dir='ltr'>largitas</span> <span class='ocrx_word' id='word_1_226' title='bbox 2468 1861 2743 1932; x_wconf 88' lang='lat' dir='ltr'>irrigavit,</span> <span class='ocrx_word' id='word_1_227' title='bbox 2794 1869 2856 1917; x_wconf 93' lang='lat' dir='ltr'>ut</span> <span class='ocrx_word' id='word_1_228' title='bbox 2907 1860 3061 1917; x_wconf 90' lang='lat' dir='ltr'>arida</span> <span class='ocrx_word' id='word_1_229' title='bbox 3113 1861 3545 1929; x_wconf 88' lang='lat' dir='ltr'>revirescerent,</span> <span class='ocrx_word' id='word_1_230' title='bbox 3601 1871 3792 1918; x_wconf 79' lang='lat' dir='ltr'>mortua</span> 
     </span>
    </p>
   </div>
   <div class='ocr_carea' id='block_1_33' title="bbox 486 1943 2079 2022">
    <p class='ocr_par' dir='ltr' id='par_1_33' title="bbox 486 1943 2079 2022">
     <span class='ocr_line' id='line_1_33' title="bbox 486 1943 2079 2022; baseline -0.006 -12"><span class='ocrx_word' id='word_1_231' title='bbox 486 1954 708 2012; x_wconf 89' lang='lat' dir='ltr'>vincere</span> <span class='ocrx_word' id='word_1_232' title='bbox 761 1949 1097 2009; x_wconf 89' lang='lat' dir='ltr'>studeamus.</span> <span class='ocrx_word' id='word_1_233' title='bbox 1140 1948 1401 2022; x_wconf 83' lang='lat' dir='ltr'>Ideoque,</span> <span class='ocrx_word' id='word_1_234' title='bbox 1434 1947 1648 2016; x_wconf 85' lang='lat' dir='ltr'>fratres,</span> <span class='ocrx_word' id='word_1_235' title='bbox 1672 1946 1814 2003; x_wconf 90' lang='lat' dir='ltr'>scire</span> <span class='ocrx_word' id='word_1_236' title='bbox 1844 1943 2079 2016; x_wconf 86' lang='lat' dir='ltr'>debetis,</span> 
     </span>
    </p>
   </div>
   <div class='ocr_carea' id='block_1_34' title="bbox 485 2033 2082 2118">
    <p class='ocr_par' dir='ltr' id='par_1_34' title="bbox 485 2033 2082 2118">
     <span class='ocr_line' id='line_1_34' title="bbox 485 2033 2082 2118; baseline -0.005 -18"><span class='ocrx_word' id='word_1_237' title='bbox 485 2043 617 2118; x_wconf 88' lang='lat' dir='ltr'>quia</span> <span class='ocrx_word' id='word_1_238' title='bbox 635 2041 752 2099; x_wconf 90' lang='lat' dir='ltr'>sine</span> <span class='ocrx_word' id='word_1_239' title='bbox 782 2057 945 2098; x_wconf 88' lang='lat' dir='ltr'>causa</span> <span class='ocrx_word' id='word_1_240' title='bbox 971 2055 1186 2096; x_wconf 90' lang='lat' dir='ltr'>ramum</span> <span class='ocrx_word' id='word_1_241' title='bbox 1217 2037 1378 2094; x_wconf 90' lang='lat' dir='ltr'>oliva</span> <span class='ocrx_word' id='word_1_242' title='bbox 1399 2045 1597 2110; x_wconf 87' lang='lat' dir='ltr'>portat,</span> <span class='ocrx_word' id='word_1_243' title='bbox 1629 2052 1790 2109; x_wconf 90' lang='lat' dir='ltr'>quem</span> <span class='ocrx_word' id='word_1_244' title='bbox 1821 2033 2082 2092; x_wconf 90' lang='lat' dir='ltr'>diabolus</span> 
     </span>
    </p>
   </div>
   <div class='ocr_carea' id='block_1_35' title="bbox 485 2126 2086 2208">
    <p class='ocr_par' dir='ltr' id='par_1_35' title="bbox 485 2126 2086 2208">
     <span class='ocr_line' id='line_1_35' title="bbox 485 2126 2086 2208; baseline -0.007 -14"><span class='ocrx_word' id='word_1_245' title='bbox 485 2133 810 2208; x_wconf 89' lang='lat' dir='ltr'>decipiendo</span> <span class='ocrx_word' id='word_1_246' title='bbox 858 2139 1098 2204; x_wconf 85' lang='lat' dir='ltr'>superat.</span> <span class='ocrx_word' id='word_1_247' title='bbox 1158 2128 1352 2188; x_wconf 79' lang='lat' dir='ltr'>Redite</span> <span class='ocrx_word' id='word_1_248' title='bbox 1410 2144 1538 2200; x_wconf 87' lang='lat' dir='ltr'>ergo</span> <span class='ocrx_word' id='word_1_249' title='bbox 1592 2126 1661 2183; x_wconf 90' lang='lat' dir='ltr'>ad</span> <span class='ocrx_word' id='word_1_250' title='bbox 1719 2126 2086 2184; x_wconf 80' lang='lat' dir='ltr'>conscientias</span> 
     </span>
    </p>
   </div>
   <div class='ocr_carea' id='block_1_36' title="bbox 492 2215 2084 2293">
    <p class='ocr_par' dir='ltr' id='par_1_36' title="bbox 492 2215 2084 2293">
     <span class='ocr_line' id='line_1_36' title="bbox 492 2215 2084 2293; baseline -0.007 -12"><span class='ocrx_word' id='word_1_251' title='bbox 492 2234 724 2293; x_wconf 89' lang='lat' dir='ltr'>vestras,</span> <span class='ocrx_word' id='word_1_252' title='bbox 784 2220 1124 2290; x_wconf 88' lang='lat' dir='ltr'>charissimi,</span> <span class='ocrx_word' id='word_1_253' title='bbox 1156 2226 1211 2276; x_wconf 92' lang='lat' dir='ltr'>et</span> <span class='ocrx_word' id='word_1_254' title='bbox 1242 2219 1425 2276; x_wconf 86' lang='lat' dir='ltr'>videte</span> <span class='ocrx_word' id='word_1_255' title='bbox 1455 2217 1500 2274; x_wconf 86' lang='lat' dir='ltr'>si</span> <span class='ocrx_word' id='word_1_256' title='bbox 1531 2215 1854 2290; x_wconf 87' lang='lat' dir='ltr'>spiritaliter</span> <span class='ocrx_word' id='word_1_257' title='bbox 1881 2216 2084 2286; x_wconf 87' lang='lat' dir='ltr'>facitis,</span> 
     </span>
    </p>
   </div>
   <div class='ocr_carea' id='block_1_37' title="bbox 494 2309 1231 2389">
    <p class='ocr_par' dir='ltr' id='par_1_37' title="bbox 494 2309 1231 2389">
     <span class='ocr_line' id='line_1_37' title="bbox 494 2309 1231 2389; baseline -0.007 -19"><span class='ocrx_word' id='word_1_258' title='bbox 494 2314 642 2388; x_wconf 90' lang='lat' dir='ltr'>quod</span> <span class='ocrx_word' id='word_1_259' title='bbox 670 2312 1030 2389; x_wconf 84' lang='lat' dir='ltr'>corporaliter</span> <span class='ocrx_word' id='word_1_260' title='bbox 1050 2309 1231 2383; x_wconf 88' lang='lat' dir='ltr'>agitis.</span> 
     </span>
    </p>
   </div>
   <div class='ocr_carea' id='block_1_38' title="bbox 557 2393 2087 2474">
    <p class='ocr_par' dir='ltr' id='par_1_38' title="bbox 557 2393 2087 2474">
     <span class='ocr_line' id='line_1_38' title="bbox 557 2393 2087 2474; baseline -0.008 -14"><span class='ocrx_word' id='word_1_261' title='bbox 557 2405 611 2460; x_wconf 87' lang='grc'>5.</span> <span class='ocrx_word' id='word_1_262' title='bbox 642 2403 892 2474; x_wconf 88' lang='lat' dir='ltr'>Denique</span> <span class='ocrx_word' id='word_1_263' title='bbox 913 2400 1229 2457; x_wconf 79' lang='lat' dir='ltr'>ﬁrmissime</span> <span class='ocrx_word' id='word_1_264' title='bbox 1269 2396 1575 2466; x_wconf 87' lang='lat' dir='ltr'>credentes,</span> <span class='ocrx_word' id='word_1_265' title='bbox 1625 2394 1928 2468; x_wconf 91' lang='lat' dir='ltr'>intelligite</span> <span class='ocrx_word' id='word_1_266' title='bbox 1957 2393 2087 2467; x_wconf 91' lang='lat' dir='ltr'>quia</span> 
     </span>
    </p>
   </div>
   <div class='ocr_carea' id='block_1_39' title="bbox 489 2485 2087 2565">
    <p class='ocr_par' dir='ltr' id='par_1_39' title="bbox 489 2485 2087 2565">
     <span class='ocr_line' id='line_1_39' title="bbox 489 2485 2087 2565; baseline -0.007 -14"><span class='ocrx_word' id='word_1_267' title='bbox 489 2501 739 2551; x_wconf 92' lang='lat' dir='ltr'>nostrum</span> <span class='ocrx_word' id='word_1_268' title='bbox 771 2491 1078 2565; x_wconf 87' lang='lat' dir='ltr'>periculum</span> <span class='ocrx_word' id='word_1_269' title='bbox 1109 2498 1214 2556; x_wconf 91' lang='lat' dir='ltr'>est,</span> <span class='ocrx_word' id='word_1_270' title='bbox 1235 2489 1282 2546; x_wconf 93' lang='lat' dir='ltr'>si</span> <span class='ocrx_word' id='word_1_271' title='bbox 1311 2487 1578 2562; x_wconf 83' lang='lat' dir='ltr'>mysteria</span> <span class='ocrx_word' id='word_1_272' title='bbox 1620 2485 1798 2542; x_wconf 90' lang='lat' dir='ltr'>nostri</span> <span class='ocrx_word' id='word_1_273' title='bbox 1827 2485 2087 2541; x_wconf 88' lang='lat' dir='ltr'>Salvato-</span> 
     </span>
    </p>
   </div>
   <div class='ocr_carea' id='block_1_40' title="bbox 488 2576 2087 2649">
    <p class='ocr_par' dir='ltr' id='par_1_40' title="bbox 488 2576 2087 2649">
     <span class='ocr_line' id='line_1_40' title="bbox 488 2576 2087 2649; baseline -0.007 -8"><span class='ocrx_word' id='word_1_274' title='bbox 488 2584 566 2641; x_wconf 89' lang='lat' dir='ltr'>ris</span> <span class='ocrx_word' id='word_1_275' title='bbox 595 2583 753 2640; x_wconf 87' lang='lat' dir='ltr'>vobis</span> <span class='ocrx_word' id='word_1_276' title='bbox 795 2599 906 2640; x_wconf 90' lang='lat' dir='ltr'>non</span> <span class='ocrx_word' id='word_1_277' title='bbox 955 2581 1381 2639; x_wconf 86' lang='lat' dir='ltr'>annuntiamus:</span> <span class='ocrx_word' id='word_1_278' title='bbox 1412 2588 1466 2636; x_wconf 92' lang='lat' dir='ltr'>et</span> <span class='ocrx_word' id='word_1_279' title='bbox 1500 2586 1745 2635; x_wconf 90' lang='lat' dir='ltr'>vestrum</span> <span class='ocrx_word' id='word_1_280' title='bbox 1768 2583 1849 2633; x_wconf 91' lang='lat' dir='ltr'>est</span> <span class='ocrx_word' id='word_1_281' title='bbox 1877 2576 2087 2649; x_wconf 89' lang='lat' dir='ltr'>pericu-</span> 
     </span>
    </p>
   </div>
   <div class='ocr_carea' id='block_1_41' title="bbox 488 2669 2088 2748">
    <p class='ocr_par' dir='ltr' id='par_1_41' title="bbox 488 2669 2088 2748">
     <span class='ocr_line' id='line_1_41' title="bbox 488 2669 2088 2748; baseline -0.007 -16"><span class='ocrx_word' id='word_1_282' title='bbox 488 2675 628 2745; x_wconf 91' lang='lat' dir='ltr'>lum,</span> <span class='ocrx_word' id='word_1_283' title='bbox 661 2675 705 2732; x_wconf 92' lang='lat' dir='ltr'>si</span> <span class='ocrx_word' id='word_1_284' title='bbox 729 2690 792 2731; x_wconf 88' lang='lat' dir='ltr'>ea</span> <span class='ocrx_word' id='word_1_285' title='bbox 811 2673 966 2748; x_wconf 90' lang='lat' dir='ltr'>parvi</span> <span class='ocrx_word' id='word_1_286' title='bbox 987 2673 1259 2747; x_wconf 90' lang='lat' dir='ltr'>pendatis.</span> <span class='ocrx_word' id='word_1_287' title='bbox 1282 2672 1571 2728; x_wconf 89' lang='lat' dir='ltr'>Monemus</span> <span class='ocrx_word' id='word_1_288' title='bbox 1596 2669 1782 2741; x_wconf 91' lang='lat' dir='ltr'>itaque</span> <span class='ocrx_word' id='word_1_289' title='bbox 1803 2675 1865 2723; x_wconf 91' lang='lat' dir='ltr'>ut</span> <span class='ocrx_word' id='word_1_290' title='bbox 1884 2673 2088 2741; x_wconf 89' lang='lat' dir='ltr'>quanto</span> 
     </span>
    </p>
   </div>
   <div class='ocr_carea' id='block_1_42' title="bbox 491 2759 2089 2838">
    <p class='ocr_par' dir='ltr' id='par_1_42' title="bbox 491 2759 2089 2838">
     <span class='ocr_line' id='line_1_42' title="bbox 491 2759 2089 2838; baseline -0.006 -16"><span class='ocrx_word' id='word_1_291' title='bbox 491 2765 666 2836; x_wconf 86' lang='lat' dir='ltr'>magis</span> <span class='ocrx_word' id='word_1_292' title='bbox 721 2765 1042 2822; x_wconf 88' lang='lat' dir='ltr'>solemnitas</span> <span class='ocrx_word' id='word_1_293' title='bbox 1097 2763 1370 2838; x_wconf 85' lang='lat' dir='ltr'>paschalis</span> <span class='ocrx_word' id='word_1_294' title='bbox 1443 2759 1872 2833; x_wconf 87' lang='lat' dir='ltr'>appropinquat,</span> <span class='ocrx_word' id='word_1_295' title='bbox 1934 2763 2089 2812; x_wconf 88' lang='lat' dir='ltr'>tanto</span> 
     </span>
    </p>
   </div>
   <div class='ocr_carea' id='block_1_43' title="bbox 492 2845 2088 2926">
    <p class='ocr_par' dir='ltr' id='par_1_43' title="bbox 492 2845 2088 2926">
     <span class='ocr_line' id='line_1_43' title="bbox 492 2845 2088 2926; baseline -0.005 -17"><span class='ocrx_word' id='word_1_296' title='bbox 492 2854 668 2926; x_wconf 88' lang='lat' dir='ltr'>magis</span> <span class='ocrx_word' id='word_1_297' title='bbox 729 2869 829 2908; x_wconf 91' lang='lat' dir='ltr'>vos</span> <span class='ocrx_word' id='word_1_298' title='bbox 884 2869 1186 2925; x_wconf 87' lang='lat' dir='ltr'>praparare</span> <span class='ocrx_word' id='word_1_299' title='bbox 1231 2851 1458 2914; x_wconf 89' lang='lat' dir='ltr'>curetis,</span> <span class='ocrx_word' id='word_1_300' title='bbox 1517 2848 1848 2904; x_wconf 90' lang='lat' dir='ltr'>mundantes</span> <span class='ocrx_word' id='word_1_301' title='bbox 1896 2863 1996 2903; x_wconf 91' lang='lat' dir='ltr'>vos</span> <span class='ocrx_word' id='word_1_302' title='bbox 2021 2845 2088 2901; x_wconf 90' lang='lat' dir='ltr'>ab</span> 
     </span>
    </p>
   </div>
   <div class='ocr_carea' id='block_1_44' title="bbox 492 2933 2090 3009">
    <p class='ocr_par' dir='ltr' id='par_1_44' title="bbox 492 2933 2090 3009">
     <span class='ocr_line' id='line_1_44' title="bbox 492 2933 2090 3009; baseline -0.005 -11"><span class='ocrx_word' id='word_1_303' title='bbox 492 2943 646 2998; x_wconf 91' lang='lat' dir='ltr'>omni</span> <span class='ocrx_word' id='word_1_304' title='bbox 678 2939 912 3009; x_wconf 88' lang='lat' dir='ltr'>invidia,</span> <span class='ocrx_word' id='word_1_305' title='bbox 956 2940 1107 3008; x_wconf 90' lang='lat' dir='ltr'>odio,</span> <span class='ocrx_word' id='word_1_306' title='bbox 1163 2938 1438 3005; x_wconf 90' lang='lat' dir='ltr'>convicio,</span> <span class='ocrx_word' id='word_1_307' title='bbox 1495 2936 1808 3004; x_wconf 91' lang='lat' dir='ltr'>maledicto,</span> <span class='ocrx_word' id='word_1_308' title='bbox 1866 2953 1929 2992; x_wconf 89' lang='lat' dir='ltr'>ac</span> <span class='ocrx_word' id='word_1_309' title='bbox 1984 2933 2090 2990; x_wconf 87' lang='lat' dir='ltr'>de-</span> 
     </span>
    </p>
   </div>
   <div class='ocr_carea' id='block_1_45' title="bbox 491 3023 2016 3101">
    <p class='ocr_par' dir='ltr' id='par_1_45' title="bbox 491 3023 2016 3101">
     <span class='ocr_line' id='line_1_45' title="bbox 491 3023 2016 3101; baseline -0.005 -15"><span class='ocrx_word' id='word_1_310' title='bbox 491 3030 758 3087; x_wconf 88' lang='lat' dir='ltr'>tractione</span> <span class='ocrx_word' id='word_1_311' title='bbox 791 3047 805 3097; x_wconf 92' lang='lat'>;</span> <span class='ocrx_word' id='word_1_312' title='bbox 831 3035 895 3085; x_wconf 92' lang='lat' dir='ltr'>ut</span> <span class='ocrx_word' id='word_1_313' title='bbox 923 3028 1086 3101; x_wconf 82' lang='lat' dir='ltr'>digne</span> <span class='ocrx_word' id='word_1_314' title='bbox 1114 3027 1267 3084; x_wconf 89' lang='lat' dir='ltr'>illam</span> <span class='ocrx_word' id='word_1_315' title='bbox 1292 3026 1438 3083; x_wconf 90' lang='lat' dir='ltr'>diem</span> <span class='ocrx_word' id='word_1_316' title='bbox 1469 3025 1743 3083; x_wconf 90' lang='lat' dir='ltr'>celebrare</span> <span class='ocrx_word' id='word_1_317' title='bbox 1773 3023 2016 3098; x_wconf 90' lang='lat' dir='ltr'>possitis.</span> 
     </span>
    </p>
   </div>
   <div class='ocr_carea' id='block_1_46' title="bbox 563 3116 2090 3192">
    <p class='ocr_par' dir='ltr' id='par_1_46' title="bbox 563 3116 2090 3192">
     <span class='ocr_line' id='line_1_46' title="bbox 563 3116 2090 3192; baseline -0.005 -15"><span class='ocrx_word' id='word_1_318' title='bbox 563 3120 616 3177; x_wconf 85' lang='grc' dir='ltr'><strong>ϐ.</strong></span> <span class='ocrx_word' id='word_1_319' title='bbox 669 3118 947 3177; x_wconf 92' lang='lat' dir='ltr'>Dimittite</span> <span class='ocrx_word' id='word_1_320' title='bbox 1003 3117 1116 3177; x_wconf 90' lang='lat' dir='ltr'>illis</span> <span class='ocrx_word' id='word_1_321' title='bbox 1163 3118 1257 3192; x_wconf 91' lang='lat' dir='ltr'>qui</span> <span class='ocrx_word' id='word_1_322' title='bbox 1314 3116 1374 3173; x_wconf 91' lang='lat' dir='ltr'>in</span> <span class='ocrx_word' id='word_1_323' title='bbox 1433 3132 1532 3173; x_wconf 90' lang='lat' dir='ltr'>vos</span> <span class='ocrx_word' id='word_1_324' title='bbox 1577 3121 1966 3189; x_wconf 87' lang='lat' dir='ltr'>peccaverunt,</span> <span class='ocrx_word' id='word_1_325' title='bbox 2028 3121 2090 3170; x_wconf 89' lang='lat' dir='ltr'>ut</span> 
     </span>
    </p>
   </div>
   <div class='ocr_carea' id='block_1_47' title="bbox 2196 1951 3791 2024">
    <p class='ocr_par' dir='ltr' id='par_1_47' title="bbox 2196 1951 3791 2024">
     <span class='ocr_line' id='line_1_47' title="bbox 2196 1951 3791 2024; baseline -0.002 -17"><span class='ocrx_word' id='word_1_326' title='bbox 2196 1958 2561 2024; x_wconf 89' lang='lat' dir='ltr'>resurgerent,</span> <span class='ocrx_word' id='word_1_327' title='bbox 2613 1951 2930 2024; x_wconf 89' lang='lat' dir='ltr'>languentia</span> <span class='ocrx_word' id='word_1_328' title='bbox 2974 1958 3316 2006; x_wconf 89' lang='lat' dir='ltr'>sanarentur.</span> <span class='ocrx_word' id='word_1_329' title='bbox 3378 1952 3455 2006; x_wconf 89' lang='lat' dir='ltr'>Et</span> <span class='ocrx_word' id='word_1_330' title='bbox 3521 1953 3606 2008; x_wconf 87' lang='lat' dir='ltr'>ita</span> <span class='ocrx_word' id='word_1_331' title='bbox 3655 1951 3791 2007; x_wconf 84' lang='lat' dir='ltr'>rebus</span> 
     </span>
    </p>
   </div>
   <div class='ocr_carea' id='block_1_48' title="bbox 2195 2041 3791 2114">
    <p class='ocr_par' dir='ltr' id='par_1_48' title="bbox 2195 2041 3791 2114">
     <span class='ocr_line' id='line_1_48' title="bbox 2195 2041 3791 2114; baseline -0.003 -16"><span class='ocrx_word' id='word_1_332' title='bbox 2195 2041 2410 2098; x_wconf 90' lang='lat' dir='ltr'>cunctis</span> <span class='ocrx_word' id='word_1_333' title='bbox 2439 2041 2678 2098; x_wconf 89' lang='lat' dir='ltr'>fontium</span> <span class='ocrx_word' id='word_1_334' title='bbox 2703 2042 2928 2114; x_wconf 88' lang='lat' dir='ltr'>quidam</span> <span class='ocrx_word' id='word_1_335' title='bbox 2956 2049 3166 2098; x_wconf 89' lang='lat' dir='ltr'>meatus</span> <span class='ocrx_word' id='word_1_336' title='bbox 3196 2041 3416 2097; x_wconf 86' lang='lat' dir='ltr'>infusus</span> <span class='ocrx_word' id='word_1_337' title='bbox 3438 2051 3544 2111; x_wconf 82' lang='lat' dir='ltr'>est,</span> <span class='ocrx_word' id='word_1_338' title='bbox 3577 2051 3639 2098; x_wconf 91' lang='lat' dir='ltr'>ut</span> <span class='ocrx_word' id='word_1_339' title='bbox 3669 2041 3791 2114; x_wconf 88' lang='lat' dir='ltr'>puri-</span> 
     </span>
    </p>
   </div>
   <div class='ocr_carea' id='block_1_49' title="bbox 2195 2131 3791 2204">
    <p class='ocr_par' dir='ltr' id='par_1_49' title="bbox 2195 2131 3791 2204">
     <span class='ocr_line' id='line_1_49' title="bbox 2195 2131 3791 2204; baseline -0.002 -16"><span class='ocrx_word' id='word_1_340' title='bbox 2195 2131 2450 2189; x_wconf 87' lang='lat' dir='ltr'>ﬁcatione</span> <span class='ocrx_word' id='word_1_341' title='bbox 2478 2133 2620 2188; x_wconf 87' lang='lat' dir='ltr'>facta</span> <span class='ocrx_word' id='word_1_342' title='bbox 2649 2148 2745 2204; x_wconf 90' lang='lat' dir='ltr'>per</span> <span class='ocrx_word' id='word_1_343' title='bbox 2758 2133 3290 2204; x_wconf 89' lang='lat' dir='ltr'>pluviam,omnium</span> <span class='ocrx_word' id='word_1_344' title='bbox 3313 2142 3700 2188; x_wconf 85' lang='lat' dir='ltr'>creaturarum</span> <span class='ocrx_word' id='word_1_345' title='bbox 3729 2131 3791 2185; x_wconf 78' lang='lat' dir='ltr'>vi-</span> 
     </span>
    </p>
   </div>
   <div class='ocr_carea' id='block_1_50' title="bbox 2194 2221 3792 2294">
    <p class='ocr_par' dir='ltr' id='par_1_50' title="bbox 2194 2221 3792 2294">
     <span class='ocr_line' id='line_1_50' title="bbox 2194 2221 3792 2294; baseline -0.001 -17"><span class='ocrx_word' id='word_1_346' title='bbox 2194 2221 2274 2277; x_wconf 90' lang='lat' dir='ltr'>tia</span> <span class='ocrx_word' id='word_1_347' title='bbox 2314 2222 2395 2294; x_wconf 87' lang='lat'>(6)</span> <span class='ocrx_word' id='word_1_348' title='bbox 2448 2221 2784 2291; x_wconf 88' lang='lat' dir='ltr'>lavarentur,</span> <span class='ocrx_word' id='word_1_349' title='bbox 2827 2229 2990 2293; x_wconf 89' lang='lat' dir='ltr'>atque</span> <span class='ocrx_word' id='word_1_350' title='bbox 3023 2221 3406 2278; x_wconf 90' lang='lat' dir='ltr'>inundationis</span> <span class='ocrx_word' id='word_1_351' title='bbox 3441 2221 3602 2278; x_wconf 88' lang='lat' dir='ltr'>illius</span> <span class='ocrx_word' id='word_1_352' title='bbox 3633 2221 3792 2277; x_wconf 78' lang='lat' dir='ltr'>bene—</span> 
     </span>
    </p>
   </div>
   <div class='ocr_carea' id='block_1_51' title="bbox 2197 2311 3698 2384">
    <p class='ocr_par' dir='ltr' id='par_1_51' title="bbox 2197 2311 3698 2384">
     <span class='ocr_line' id='line_1_51' title="bbox 2197 2311 3698 2384; baseline -0.002 -15"><span class='ocrx_word' id='word_1_353' title='bbox 2197 2311 2326 2369; x_wconf 85' lang='lat' dir='ltr'>ﬁcio</span> <span class='ocrx_word' id='word_1_354' title='bbox 2356 2313 2530 2368; x_wconf 92' lang='lat' dir='ltr'>totius</span> <span class='ocrx_word' id='word_1_355' title='bbox 2557 2311 2753 2368; x_wconf 91' lang='lat' dir='ltr'>mundi</span> <span class='ocrx_word' id='word_1_356' title='bbox 2782 2312 2987 2384; x_wconf 89' lang='lat' dir='ltr'>species</span> <span class='ocrx_word' id='word_1_357' title='bbox 3017 2312 3280 2368; x_wconf 77' lang='lat' dir='ltr'>innovate</span> <span class='ocrx_word' id='word_1_358' title='bbox 3313 2321 3698 2384; x_wconf 87' lang='lat' dir='ltr'>consurgeret.</span> 
     </span>
    </p>
   </div>
   <div class='ocr_carea' id='block_1_52' title="bbox 2268 2400 3792 2476">
    <p class='ocr_par' dir='ltr' id='par_1_52' title="bbox 2268 2400 3792 2476">
     <span class='ocr_line' id='line_1_52' title="bbox 2268 2400 3792 2476; baseline -0.002 -18"><span class='ocrx_word' id='word_1_359' title='bbox 2268 2401 2320 2458; x_wconf 90' lang='lat'>3.</span> <span class='ocrx_word' id='word_1_360' title='bbox 2352 2402 2525 2474; x_wconf 91' lang='lat' dir='ltr'>Igitur</span> <span class='ocrx_word' id='word_1_361' title='bbox 2567 2409 2621 2457; x_wconf 92' lang='lat' dir='ltr'>et</span> <span class='ocrx_word' id='word_1_362' title='bbox 2649 2418 2749 2458; x_wconf 91' lang='lat' dir='ltr'>nos</span> <span class='ocrx_word' id='word_1_363' title='bbox 2776 2401 2964 2458; x_wconf 90' lang='lat' dir='ltr'>eadem</span> <span class='ocrx_word' id='word_1_364' title='bbox 2995 2417 3116 2476; x_wconf 90' lang='lat' dir='ltr'>qua</span> <span class='ocrx_word' id='word_1_365' title='bbox 3146 2402 3298 2458; x_wconf 88' lang='lat' dir='ltr'>Elias</span> <span class='ocrx_word' id='word_1_366' title='bbox 3325 2403 3691 2459; x_wconf 87' lang='lat' dir='ltr'>observantes</span> <span class='ocrx_word' id='word_1_367' title='bbox 3712 2400 3792 2472; x_wconf 88' lang='lat' dir='ltr'>je-</span> 
     </span>
    </p>
   </div>
   <div class='ocr_carea' id='block_1_53' title="bbox 2193 2488 3792 2565">
    <p class='ocr_par' dir='ltr' id='par_1_53' title="bbox 2193 2488 3792 2565">
     <span class='ocr_line' id='line_1_53' title="bbox 2193 2488 3792 2565; baseline -0.001 -19"><span class='ocrx_word' id='word_1_368' title='bbox 2193 2488 2374 2562; x_wconf 90' lang='lat' dir='ltr'>junia,</span> <span class='ocrx_word' id='word_1_369' title='bbox 2428 2491 2696 2550; x_wconf 87' lang='lat' dir='ltr'>adhibitis</span> <span class='ocrx_word' id='word_1_370' title='bbox 2751 2492 3004 2565; x_wconf 88' lang='lat' dir='ltr'>precibus</span> <span class='ocrx_word' id='word_1_371' title='bbox 3049 2493 3298 2549; x_wconf 88' lang='lat' dir='ltr'>clausum</span> <span class='ocrx_word' id='word_1_372' title='bbox 3346 2493 3554 2549; x_wconf 79' lang='lat' dir='ltr'>calum</span> <span class='ocrx_word' id='word_1_373' title='bbox 3605 2491 3792 2547; x_wconf 80' lang='lat' dir='ltr'>nostris</span> 
     </span>
    </p>
   </div>
   <div class='ocr_carea' id='block_1_54' title="bbox 2198 2580 3790 2655">
    <p class='ocr_par' dir='ltr' id='par_1_54' title="bbox 2198 2580 3790 2655">
     <span class='ocr_line' id='line_1_54' title="bbox 2198 2580 3790 2655; baseline -0.001 -19"><span class='ocrx_word' id='word_1_374' title='bbox 2198 2580 2638 2652; x_wconf 89' lang='lat' dir='ltr'>competentibus</span> <span class='ocrx_word' id='word_1_375' title='bbox 2659 2596 2997 2649; x_wconf 89' lang='lat' dir='ltr'>reseremus;</span> <span class='ocrx_word' id='word_1_376' title='bbox 3031 2590 3302 2655; x_wconf 87' lang='lat' dir='ltr'>quatenus</span> <span class='ocrx_word' id='word_1_377' title='bbox 3330 2581 3462 2638; x_wconf 91' lang='lat' dir='ltr'>illos</span> <span class='ocrx_word' id='word_1_378' title='bbox 3481 2582 3696 2639; x_wconf 83' lang='lat' dir='ltr'>lavacri</span> <span class='ocrx_word' id='word_1_379' title='bbox 3725 2598 3790 2635; x_wconf 80' lang='lat' dir='ltr'>sa-</span> 
     </span>
    </p>
   </div>
   <div class='ocr_carea' id='block_1_55' title="bbox 2201 2671 3793 2746">
    <p class='ocr_par' dir='ltr' id='par_1_55' title="bbox 2201 2671 3793 2746">
     <span class='ocr_line' id='line_1_55' title="bbox 2201 2671 3793 2746; baseline 0.001 -20"><span class='ocrx_word' id='word_1_380' title='bbox 2201 2671 2393 2728; x_wconf 89' lang='lat' dir='ltr'>lutaris</span> <span class='ocrx_word' id='word_1_381' title='bbox 2419 2671 2597 2728; x_wconf 85' lang='lat' dir='ltr'>imber</span> <span class='ocrx_word' id='word_1_382' title='bbox 2638 2673 2918 2729; x_wconf 90' lang='lat' dir='ltr'>illuminet</span> <span class='ocrx_word' id='word_1_383' title='bbox 2947 2673 3051 2746; x_wconf 88' lang='lat'>(7).</span> <span class='ocrx_word' id='word_1_384' title='bbox 3086 2674 3345 2731; x_wconf 89' lang='lat' dir='ltr'>Clausum</span> <span class='ocrx_word' id='word_1_385' title='bbox 3377 2674 3527 2729; x_wconf 89' lang='lat' dir='ltr'>enim</span> <span class='ocrx_word' id='word_1_386' title='bbox 3579 2674 3699 2729; x_wconf 89' lang='lat' dir='ltr'>illis</span> <span class='ocrx_word' id='word_1_387' title='bbox 3728 2680 3793 2728; x_wconf 78' lang='lat' dir='ltr'>est</span> 
     </span>
    </p>
   </div>
   <div class='ocr_carea' id='block_1_56' title="bbox 2197 2763 3795 2838">
    <p class='ocr_par' dir='ltr' id='par_1_56' title="bbox 2197 2763 3795 2838">
     <span class='ocr_line' id='line_1_56' title="bbox 2197 2763 3795 2838; baseline -0.001 -18"><span class='ocrx_word' id='word_1_388' title='bbox 2197 2763 2421 2833; x_wconf 82' lang='lat' dir='ltr'>calum,</span> <span class='ocrx_word' id='word_1_389' title='bbox 2453 2764 2700 2838; x_wconf 90' lang='lat' dir='ltr'>quandiu</span> <span class='ocrx_word' id='word_1_390' title='bbox 2731 2764 2978 2821; x_wconf 88' lang='lat' dir='ltr'>nondum</span> <span class='ocrx_word' id='word_1_391' title='bbox 3027 2765 3095 2821; x_wconf 90' lang='lat' dir='ltr'>de</span> <span class='ocrx_word' id='word_1_392' title='bbox 3139 2766 3277 2822; x_wconf 89' lang='lat' dir='ltr'>coelo</span> <span class='ocrx_word' id='word_1_393' title='bbox 3306 2765 3551 2837; x_wconf 86' lang='lat' dir='ltr'>Spiritus</span> <span class='ocrx_word' id='word_1_394' title='bbox 3583 2774 3795 2820; x_wconf 83' lang='lat' dir='ltr'>sanctus</span> 
     </span>
    </p>
   </div>
   <div class='ocr_carea' id='block_1_57' title="bbox 2198 2852 3794 2926">
    <p class='ocr_par' dir='ltr' id='par_1_57' title="bbox 2198 2852 3794 2926">
     <span class='ocr_line' id='line_1_57' title="bbox 2198 2852 3794 2926; baseline -0.002 -16"><span class='ocrx_word' id='word_1_395' title='bbox 2198 2852 2521 2923; x_wconf 87' lang='lat' dir='ltr'>adveniens,</span> <span class='ocrx_word' id='word_1_396' title='bbox 2570 2870 2760 2911; x_wconf 92' lang='lat' dir='ltr'>eorum</span> <span class='ocrx_word' id='word_1_397' title='bbox 2791 2854 2957 2911; x_wconf 90' lang='lat' dir='ltr'>corda</span> <span class='ocrx_word' id='word_1_398' title='bbox 2985 2854 3270 2911; x_wconf 86' lang='lat' dir='ltr'>viviﬁcat:</span> <span class='ocrx_word' id='word_1_399' title='bbox 3315 2854 3630 2912; x_wconf 79' lang='lat' dir='ltr'>siccitatem</span> <span class='ocrx_word' id='word_1_400' title='bbox 3660 2870 3794 2926; x_wconf 84' lang='lat' dir='ltr'>quo-</span> 
     </span>
    </p>
   </div>
   <div class='ocr_carea' id='block_1_58' title="bbox 2199 2941 3794 3017">
    <p class='ocr_par' dir='ltr' id='par_1_58' title="bbox 2199 2941 3794 3017">
     <span class='ocr_line' id='line_1_58' title="bbox 2199 2941 3794 3017; baseline 0.001 -21"><span class='ocrx_word' id='word_1_401' title='bbox 2199 2941 2494 2998; x_wconf 90' lang='lat' dir='ltr'>dammodo</span> <span class='ocrx_word' id='word_1_402' title='bbox 2517 2944 2826 3015; x_wconf 91' lang='lat' dir='ltr'>patiuntur,</span> <span class='ocrx_word' id='word_1_403' title='bbox 2860 2944 2989 3016; x_wconf 88' lang='lat' dir='ltr'>quia</span> <span class='ocrx_word' id='word_1_404' title='bbox 3018 2944 3264 3000; x_wconf 89' lang='lat' dir='ltr'>nondum</span> <span class='ocrx_word' id='word_1_405' title='bbox 3295 2946 3472 3016; x_wconf 88' lang='lat' dir='ltr'>gratia</span> <span class='ocrx_word' id='word_1_406' title='bbox 3503 2945 3794 3017; x_wconf 81' lang='lat' dir='ltr'>baptisma-</span> 
     </span>
    </p>
   </div>
   <div class='ocr_carea' id='block_1_59' title="bbox 2199 3030 3795 3106">
    <p class='ocr_par' dir='ltr' id='par_1_59' title="bbox 2199 3030 3795 3106">
     <span class='ocr_line' id='line_1_59' title="bbox 2199 3030 3795 3106; baseline -0.001 -19"><span class='ocrx_word' id='word_1_407' title='bbox 2199 3030 2272 3087; x_wconf 85' lang='lat' dir='ltr'>tis</span> <span class='ocrx_word' id='word_1_408' title='bbox 2303 3030 2620 3104; x_wconf 89' lang='lat' dir='ltr'>irrigantur.</span> <span class='ocrx_word' id='word_1_409' title='bbox 2673 3033 2944 3090; x_wconf 88' lang='lat' dir='ltr'>Laborant</span> <span class='ocrx_word' id='word_1_410' title='bbox 2994 3034 3158 3091; x_wconf 89' lang='lat' dir='ltr'>etiam</span> <span class='ocrx_word' id='word_1_411' title='bbox 3204 3034 3348 3090; x_wconf 89' lang='lat' dir='ltr'>fame</span> <span class='ocrx_word' id='word_1_412' title='bbox 3389 3051 3614 3106; x_wconf 88' lang='lat' dir='ltr'>magna,</span> <span class='ocrx_word' id='word_1_413' title='bbox 3661 3051 3795 3106; x_wconf 81' lang='lat' dir='ltr'>quo-</span> 
     </span>
    </p>
   </div>
   <div class='ocr_carea' id='block_1_60' title="bbox 2198 3119 3794 3192">
    <p class='ocr_par' dir='ltr' id='par_1_60' title="bbox 2198 3119 3794 3192">
     <span class='ocr_line' id='line_1_60' title="bbox 2198 3119 3794 3192; baseline 0.001 -16"><span class='ocrx_word' id='word_1_414' title='bbox 2198 3119 2345 3176; x_wconf 90' lang='lat' dir='ltr'>niam</span> <span class='ocrx_word' id='word_1_415' title='bbox 2377 3121 2530 3176; x_wconf 90' lang='lat' dir='ltr'>velut</span> <span class='ocrx_word' id='word_1_416' title='bbox 2567 3123 2889 3192; x_wconf 91' lang='lat' dir='ltr'>esurientes,</span> <span class='ocrx_word' id='word_1_417' title='bbox 2935 3124 3178 3181; x_wconf 79' lang='lat' dir='ltr'>coelestia</span> <span class='ocrx_word' id='word_1_418' title='bbox 3215 3131 3557 3180; x_wconf 86' lang='lat' dir='ltr'>sacramenta</span> <span class='ocrx_word' id='word_1_419' title='bbox 3591 3123 3794 3180; x_wconf 46' lang='lat' dir='ltr'>deside.</span> 
     </span>
    </p>
   </div>
   <div class='ocr_carea' id='block_1_61' title="bbox 491 3202 3796 3305">
    <p class='ocr_par' dir='ltr' id='par_1_61' title="bbox 491 3202 3796 3305">
     <span class='ocr_line' id='line_1_61' title="bbox 491 3202 3796 3305; baseline -0.002 -40"><span class='ocrx_word' id='word_1_420' title='bbox 491 3217 674 3267; x_wconf 89' lang='lat' dir='ltr'>vestra</span> <span class='ocrx_word' id='word_1_421' title='bbox 727 3209 886 3266; x_wconf 88' lang='lat' dir='ltr'>vobis</span> <span class='ocrx_word' id='word_1_422' title='bbox 930 3208 1202 3266; x_wconf 89' lang='lat' dir='ltr'>Dominus</span> <span class='ocrx_word' id='word_1_423' title='bbox 1239 3206 1484 3264; x_wconf 88' lang='lat' dir='ltr'>dimittat</span> <span class='ocrx_word' id='word_1_424' title='bbox 1529 3212 1783 3278; x_wconf 88' lang='lat' dir='ltr'>peccata;</span> <span class='ocrx_word' id='word_1_425' title='bbox 1829 3202 2086 3303; x_wconf 81' lang='lat' dir='ltr'>quoniam</span> <span class='ocrx_word' id='word_1_426' title='bbox 2119 3245 2161 3305; x_wconf 69' lang='grc' dir='ltr'><strong>Ο</strong></span> <span class='ocrx_word' id='word_1_427' title='bbox 2199 3219 2338 3267; x_wconf 72' lang='lat' dir='ltr'>ram,</span> <span class='ocrx_word' id='word_1_428' title='bbox 2387 3211 2712 3268; x_wconf 53' lang='lat' dir='ltr'>Haeremus</span> <span class='ocrx_word' id='word_1_429' title='bbox 2758 3229 2886 3285; x_wconf 67' lang='lat' dir='ltr'>ergo</span> <span class='ocrx_word' id='word_1_430' title='bbox 2940 3212 3052 3268; x_wconf 77' lang='lat' dir='ltr'>illis</span> <span class='ocrx_word' id='word_1_431' title='bbox 3090 3214 3313 3282; x_wconf 62' lang='lat' dir='ltr'>malum,</span> <span class='ocrx_word' id='word_1_432' title='bbox 3357 3223 3418 3269; x_wconf 80' lang='grc' dir='ltr'>ιιι</span> <span class='ocrx_word' id='word_1_433' title='bbox 3466 3213 3796 3271; x_wconf 62' lang='lat' dir='ltr'>adveniente</span> 
     </span>
    </p>
   </div>
   <div class='ocr_carea' id='block_1_62' title="bbox 490 3293 2084 3373">
    <p class='ocr_par' dir='ltr' id='par_1_62' title="bbox 490 3293 2084 3373">
     <span class='ocr_line' id='line_1_62' title="bbox 490 3293 2084 3373; baseline -0.006 -17"><span class='ocrx_word' id='word_1_434' title='bbox 490 3299 584 3373; x_wconf 90' lang='lat' dir='ltr'>qui</span> <span class='ocrx_word' id='word_1_435' title='bbox 619 3300 707 3356; x_wconf 90' lang='lat' dir='ltr'>vel</span> <span class='ocrx_word' id='word_1_436' title='bbox 759 3306 950 3357; x_wconf 89' lang='lat' dir='ltr'>contra</span> <span class='ocrx_word' id='word_1_437' title='bbox 1002 3315 1175 3355; x_wconf 91' lang='lat' dir='ltr'>unum</span> <span class='ocrx_word' id='word_1_438' title='bbox 1225 3297 1507 3355; x_wconf 90' lang='lat' dir='ltr'>hominem</span> <span class='ocrx_word' id='word_1_439' title='bbox 1566 3295 1755 3352; x_wconf 88' lang='lat' dir='ltr'>odium</span> <span class='ocrx_word' id='word_1_440' title='bbox 1808 3301 1903 3350; x_wconf 91' lang='lat' dir='ltr'>aut</span> <span class='ocrx_word' id='word_1_441' title='bbox 1947 3293 2084 3348; x_wconf 88' lang='lat' dir='ltr'>iram</span> 
     </span>
    </p>
   </div>
   <div class='ocr_carea' id='block_1_63' title="bbox 492 3383 2084 3462">
    <p class='ocr_par' dir='ltr' id='par_1_63' title="bbox 492 3383 2084 3462">
     <span class='ocr_line' id='line_1_63' title="bbox 492 3383 2084 3462; baseline -0.005 -16"><span class='ocrx_word' id='word_1_442' title='bbox 492 3390 755 3458; x_wconf 86' lang='lat' dir='ltr'>tenuerit,</span> <span class='ocrx_word' id='word_1_443' title='bbox 803 3391 949 3446; x_wconf 89' lang='lat' dir='ltr'>malo</span> <span class='ocrx_word' id='word_1_444' title='bbox 997 3406 1095 3446; x_wconf 92' lang='lat' dir='ltr'>suo</span> <span class='ocrx_word' id='word_1_445' title='bbox 1142 3387 1343 3462; x_wconf 88' lang='lat' dir='ltr'>pascha</span> <span class='ocrx_word' id='word_1_446' title='bbox 1386 3385 1730 3444; x_wconf 89' lang='lat' dir='ltr'>celebrabit:</span> <span class='ocrx_word' id='word_1_447' title='bbox 1797 3383 1927 3457; x_wconf 89' lang='lat' dir='ltr'>quia</span> <span class='ocrx_word' id='word_1_448' title='bbox 1973 3398 2084 3439; x_wconf 88' lang='lat' dir='ltr'>non</span> 
     </span>
    </p>
   </div>
   <div class='ocr_carea' id='block_1_64' title="bbox 491 3473 2084 3542">
    <p class='ocr_par' dir='ltr' id='par_1_64' title="bbox 491 3473 2084 3542">
     <span class='ocr_line' id='line_1_64' title="bbox 491 3473 2084 3542; baseline -0.003 -10"><span class='ocrx_word' id='word_1_449' title='bbox 491 3477 846 3533; x_wconf 88' lang='lat' dir='ltr'>manducabit</span> <span class='ocrx_word' id='word_1_450' title='bbox 889 3493 1015 3532; x_wconf 91' lang='lat' dir='ltr'>cum</span> <span class='ocrx_word' id='word_1_451' title='bbox 1065 3477 1226 3531; x_wconf 91' lang='lat' dir='ltr'>Petro</span> <span class='ocrx_word' id='word_1_452' title='bbox 1270 3476 1465 3542; x_wconf 88' lang='lat' dir='ltr'>vitam,</span> <span class='ocrx_word' id='word_1_453' title='bbox 1497 3475 1593 3530; x_wconf 92' lang='lat' dir='ltr'>sed</span> <span class='ocrx_word' id='word_1_454' title='bbox 1617 3490 1742 3530; x_wconf 91' lang='lat' dir='ltr'>cum</span> <span class='ocrx_word' id='word_1_455' title='bbox 1775 3473 1915 3529; x_wconf 90' lang='lat' dir='ltr'>Iuda</span> <span class='ocrx_word' id='word_1_456' title='bbox 1943 3488 2084 3528; x_wconf 92' lang='lat' dir='ltr'>mor-</span> 
     </span>
    </p>
   </div>
   <div class='ocr_carea' id='block_1_65' title="bbox 491 3561 2086 3635">
    <p class='ocr_par' dir='ltr' id='par_1_65' title="bbox 491 3561 2086 3635">
     <span class='ocr_line' id='line_1_65' title="bbox 491 3561 2086 3635; baseline -0.001 -17"><span class='ocrx_word' id='word_1_457' title='bbox 491 3571 600 3619; x_wconf 92' lang='lat' dir='ltr'>tem</span> <span class='ocrx_word' id='word_1_458' title='bbox 649 3565 705 3618; x_wconf 90' lang='lat' dir='ltr'>in</span> <span class='ocrx_word' id='word_1_459' title='bbox 751 3571 940 3620; x_wconf 89' lang='lat' dir='ltr'>sancta</span> <span class='ocrx_word' id='word_1_460' title='bbox 994 3565 1383 3619; x_wconf 90' lang='lat' dir='ltr'>communione</span> <span class='ocrx_word' id='word_1_461' title='bbox 1431 3563 1707 3635; x_wconf 89' lang='lat' dir='ltr'>accipiet;</span> <span class='ocrx_word' id='word_1_462' title='bbox 1752 3561 1900 3634; x_wconf 90' lang='lat' dir='ltr'>quod</span> <span class='ocrx_word' id='word_1_463' title='bbox 1929 3561 2023 3616; x_wconf 93' lang='lat' dir='ltr'>ille</span> <span class='ocrx_word' id='word_1_464' title='bbox 2055 3577 2086 3616; x_wconf 92' lang='lat' dir='ltr'>a</span> 
     </span>
    </p>
   </div>
   <div class='ocr_carea' id='block_1_66' title="bbox 491 3649 2085 3724">
    <p class='ocr_par' dir='ltr' id='par_1_66' title="bbox 491 3649 2085 3724">
     <span class='ocr_line' id='line_1_66' title="bbox 491 3649 2085 3724; baseline 0.001 -19"><span class='ocrx_word' id='word_1_465' title='bbox 491 3651 650 3707; x_wconf 88' lang='lat' dir='ltr'>vobis</span> <span class='ocrx_word' id='word_1_466' title='bbox 699 3659 931 3720; x_wconf 87' lang='lat' dir='ltr'>avertat,</span> <span class='ocrx_word' id='word_1_467' title='bbox 990 3651 1084 3724; x_wconf 90' lang='lat' dir='ltr'>qui</span> <span class='ocrx_word' id='word_1_468' title='bbox 1141 3667 1240 3706; x_wconf 88' lang='lat' dir='ltr'>vos</span> <span class='ocrx_word' id='word_1_469' title='bbox 1270 3658 1537 3723; x_wconf 88' lang='lat' dir='ltr'>potestate</span> <span class='ocrx_word' id='word_1_470' title='bbox 1592 3651 1823 3718; x_wconf 91' lang='lat' dir='ltr'>creavit,</span> <span class='ocrx_word' id='word_1_471' title='bbox 1883 3649 2085 3721; x_wconf 90' lang='lat' dir='ltr'>pietate</span> 
     </span>
    </p>
   </div>
   <div class='ocr_carea' id='block_1_67' title="bbox 491 3737 2082 3810">
    <p class='ocr_par' dir='ltr' id='par_1_67' title="bbox 491 3737 2082 3810">
     <span class='ocr_line' id='line_1_67' title="bbox 491 3737 2082 3810; baseline -0.001 -14"><span class='ocrx_word' id='word_1_472' title='bbox 491 3740 744 3810; x_wconf 91' lang='lat' dir='ltr'>redemit,</span> <span class='ocrx_word' id='word_1_473' title='bbox 776 3741 933 3797; x_wconf 89' lang='lat' dir='ltr'>Iesus</span> <span class='ocrx_word' id='word_1_474' title='bbox 977 3739 1231 3799; x_wconf 87' lang='lat' dir='ltr'>Christus</span> <span class='ocrx_word' id='word_1_475' title='bbox 1259 3739 1530 3796; x_wconf 89' lang='lat' dir='ltr'>Dominus</span> <span class='ocrx_word' id='word_1_476' title='bbox 1564 3745 1767 3805; x_wconf 90' lang='lat' dir='ltr'>noster,</span> <span class='ocrx_word' id='word_1_477' title='bbox 1813 3737 1906 3810; x_wconf 91' lang='lat' dir='ltr'>qui</span> <span class='ocrx_word' id='word_1_478' title='bbox 1957 3755 2082 3796; x_wconf 90' lang='lat' dir='ltr'>cum</span> 
     </span>
    </p>
   </div>
   <div class='ocr_carea' id='block_1_68' title="bbox 477 3827 2080 3904">
    <p class='ocr_par' dir='ltr' id='par_1_68' title="bbox 477 3827 2080 3904">
     <span class='ocr_line' id='line_1_68' title="bbox 477 3827 2080 3904; baseline -0.002 -16"><span class='ocrx_word' id='word_1_479' title='bbox 477 3829 637 3888; x_wconf 85' lang='lat' dir='ltr'>.Patri</span> <span class='ocrx_word' id='word_1_480' title='bbox 691 3837 746 3888; x_wconf 92' lang='lat' dir='ltr'>et</span> <span class='ocrx_word' id='word_1_481' title='bbox 802 3829 1014 3904; x_wconf 88' lang='lat' dir='ltr'>Spiritu</span> <span class='ocrx_word' id='word_1_482' title='bbox 1067 3837 1258 3887; x_wconf 88' lang='lat' dir='ltr'>sancto</span> <span class='ocrx_word' id='word_1_483' title='bbox 1315 3827 1458 3884; x_wconf 89' lang='lat' dir='ltr'>vivit</span> <span class='ocrx_word' id='word_1_484' title='bbox 1489 3843 1585 3901; x_wconf 90' lang='lat' dir='ltr'>per</span> <span class='ocrx_word' id='word_1_485' title='bbox 1634 3834 1837 3884; x_wconf 88' lang='lat' dir='ltr'>cuncta</span> <span class='ocrx_word' id='word_1_486' title='bbox 1863 3828 2080 3897; x_wconf 89' lang='lat' dir='ltr'>sacula,</span> 
     </span>
    </p>
   </div>
   <div class='ocr_carea' id='block_1_69' title="bbox 490 3936 672 3978">
    <p class='ocr_par' dir='ltr' id='par_1_69' title="bbox 490 3936 672 3978">
     <span class='ocr_line' id='line_1_69' title="bbox 490 3936 672 3978; baseline 0 0"><span class='ocrx_word' id='word_1_487' title='bbox 490 3936 672 3978; x_wconf 87' lang='lat' dir='ltr'>amen.</span> 
     </span>
    </p>
   </div>
   <div class='ocr_carea' id='block_1_70' title="bbox 1009 4024 1559 4086">
    <p class='ocr_par' dir='ltr' id='par_1_70' title="bbox 1009 4024 1559 4086">
     <span class='ocr_line' id='line_1_70' title="bbox 1009 4024 1559 4086; baseline -0.007 -1"><span class='ocrx_word' id='word_1_488' title='bbox 1009 4027 1243 4086; x_wconf 82' lang='lat' dir='ltr'>SERMO</span> <span class='ocrx_word' id='word_1_489' title='bbox 1299 4024 1559 4082; x_wconf 83' lang='lat' dir='ltr'>XXXIII.</span> 
     </span>
    </p>
   </div>
   <div class='ocr_carea' id='block_1_71' title="bbox 772 4112 1794 4189">
    <p class='ocr_par' dir='ltr' id='par_1_71' title="bbox 772 4112 1794 4189">
     <span class='ocr_line' id='line_1_71' title="bbox 772 4112 1794 4189; baseline -0.007 -14"><span class='ocrx_word' id='word_1_490' title='bbox 772 4118 851 4175; x_wconf 88' lang='lat' dir='ltr'>De</span> <span class='ocrx_word' id='word_1_491' title='bbox 878 4115 1107 4189; x_wconf 90' lang='lat' dir='ltr'>jejuniis</span> <span class='ocrx_word' id='word_1_492' title='bbox 1153 4114 1588 4188; x_wconf 88' lang='lat' dir='ltr'>Quadragesima</span> <span class='ocrx_word' id='word_1_493' title='bbox 1618 4112 1794 4171; x_wconf 82' lang='lat' dir='ltr'>XVII.</span> 
     </span>
    </p>
   </div>
   <div class='ocr_carea' id='block_1_72' title="bbox 491 4220 2081 4294">
    <p class='ocr_par' dir='ltr' id='par_1_72' title="bbox 491 4220 2081 4294">
     <span class='ocr_line' id='line_1_72' title="bbox 491 4220 2081 4294; baseline -0.003 -16"><span class='ocrx_word' id='word_1_494' title='bbox 491 4221 590 4278; x_wconf 81' lang='lat' dir='ltr'>Hic</span> <span class='ocrx_word' id='word_1_495' title='bbox 636 4239 804 4294; x_wconf 76' lang='lat' dir='ltr'>sermo</span> <span class='ocrx_word' id='word_1_496' title='bbox 841 4240 898 4277; x_wconf 83' lang='lat' dir='ltr'>eo</span> <span class='ocrx_word' id='word_1_497' title='bbox 932 4223 1015 4294; x_wconf 80' lang='lat' dir='ltr'>die</span> <span class='ocrx_word' id='word_1_498' title='bbox 1041 4223 1148 4292; x_wconf 79' lang='lat' dir='ltr'>fuit</span> <span class='ocrx_word' id='word_1_499' title='bbox 1175 4224 1406 4290; x_wconf 83' lang='lat' dir='ltr'>habitus,</span> <span class='ocrx_word' id='word_1_500' title='bbox 1437 4240 1540 4294; x_wconf 87' lang='lat' dir='ltr'>quo</span> <span class='ocrx_word' id='word_1_501' title='bbox 1569 4220 1859 4294; x_wconf 82' lang='lat' dir='ltr'>symbolum</span> <span class='ocrx_word' id='word_1_502' title='bbox 1872 4235 2081 4294; x_wconf 64' lang='lat' dir='ltr'>compe-</span> 
     </span>
    </p>
   </div>
   <div class='ocr_carea' id='block_1_73' title="bbox 565 4291 2082 4365">
    <p class='ocr_par' dir='ltr' id='par_1_73' title="bbox 565 4291 2082 4365">
     <span class='ocr_line' id='line_1_73' title="bbox 565 4291 2082 4365; baseline 0.001 -21"><span class='ocrx_word' id='word_1_503' title='bbox 565 4293 784 4365; x_wconf 63' lang='lat' dir='ltr'>tantibus</span> <span class='ocrx_word' id='word_1_504' title='bbox 814 4293 968 4365; x_wconf 14' lang='lat' dir='ltr'>tradi,</span> <span class='ocrx_word' id='word_1_505' title='bbox 1002 4291 1217 4362; x_wconf 86' lang='lat' dir='ltr'>selebat,</span> <span class='ocrx_word' id='word_1_506' title='bbox 1260 4296 1399 4365; x_wconf 85' lang='lat' dir='ltr'>quod</span> <span class='ocrx_word' id='word_1_507' title='bbox 1439 4291 1495 4348; x_wconf 77' lang='lat' dir='ltr'>in</span> <span class='ocrx_word' id='word_1_508' title='bbox 1541 4291 1806 4365; x_wconf 75' lang='lat' dir='ltr'>plerisque</span> <span class='ocrx_word' id='word_1_509' title='bbox 1835 4291 2082 4365; x_wconf 75' lang='lat' dir='ltr'>Ecclesiis</span> 
     </span>
    </p>
   </div>
   <div class='ocr_carea' id='block_1_74' title="bbox 561 4362 2080 4436">
    <p class='ocr_par' dir='ltr' id='par_1_74' title="bbox 561 4362 2080 4436">
     <span class='ocr_line' id='line_1_74' title="bbox 561 4362 2080 4436; baseline 0.001 -20"><span class='ocrx_word' id='word_1_510' title='bbox 561 4362 840 4436; x_wconf 75' lang='lat' dir='ltr'>Dominica</span> <span class='ocrx_word' id='word_1_511' title='bbox 867 4363 1183 4419; x_wconf 86' lang='lat' dir='ltr'>Palmarum</span> <span class='ocrx_word' id='word_1_512' title='bbox 1213 4362 1330 4436; x_wconf 75' lang='lat' dir='ltr'>fieri</span> <span class='ocrx_word' id='word_1_513' title='bbox 1382 4362 1703 4436; x_wconf 75' lang='lat' dir='ltr'>consuevisse</span> <span class='ocrx_word' id='word_1_514' title='bbox 1731 4381 1765 4418; x_wconf 89' lang='lat' dir='ltr'>a</span> <span class='ocrx_word' id='word_1_515' title='bbox 1792 4363 1941 4417; x_wconf 81' lang='lat' dir='ltr'>nobis</span> <span class='ocrx_word' id='word_1_516' title='bbox 1970 4363 2080 4418; x_wconf 84' lang='lat' dir='ltr'>alio</span> 
     </span>
    </p>
   </div>
   <div class='ocr_carea' id='block_1_75' title="bbox 564 4433 2079 4505">
    <p class='ocr_par' dir='ltr' id='par_1_75' title="bbox 564 4433 2079 4505">
     <span class='ocr_line' id='line_1_75' title="bbox 564 4433 2079 4505; baseline 0 -17"><span class='ocrx_word' id='word_1_517' title='bbox 564 4433 672 4505; x_wconf 86' lang='lat' dir='ltr'>loco</span> <span class='ocrx_word' id='word_1_518' title='bbox 719 4433 1050 4505; x_wconf 82' lang='lat' dir='ltr'>observatum</span> <span class='ocrx_word' id='word_1_519' title='bbox 1106 4433 1367 4494; x_wconf 44' lang='lat' dir='ltr'>est.&#39;Cum</span> <span class='ocrx_word' id='word_1_520' title='bbox 1413 4452 1580 4505; x_wconf 80' lang='lat' dir='ltr'>porro</span> <span class='ocrx_word' id='word_1_521' title='bbox 1629 4434 1766 4505; x_wconf 82' lang='lat' dir='ltr'>inter</span> <span class='ocrx_word' id='word_1_522' title='bbox 1815 4451 2079 4489; x_wconf 82' lang='lat' dir='ltr'>sermones</span> 
     </span>
    </p>
   </div>
   <div class='ocr_carea' id='block_1_76' title="bbox 561 4503 2074 4576">
    <p class='ocr_par' dir='ltr' id='par_1_76' title="bbox 561 4503 2074 4576">
     <span class='ocr_line' id='line_1_76' title="bbox 561 4503 2074 4576; baseline 0.001 -18"><span class='ocrx_word' id='word_1_523' title='bbox 561 4504 643 4576; x_wconf 78' lang='lat' dir='ltr'>hic</span> <span class='ocrx_word' id='word_1_524' title='bbox 685 4503 1068 4576; x_wconf 71' lang='lat' dir='ltr'>pratermissos</span> <span class='ocrx_word' id='word_1_525' title='bbox 1123 4512 1300 4560; x_wconf 67' lang='lat' dir='ltr'>sextus</span> <span class='ocrx_word' id='word_1_526' title='bbox 1349 4503 1570 4576; x_wconf 79' lang='lat' dir='ltr'>incipiat</span> <span class='ocrx_word' id='word_1_527' title='bbox 1597 4505 1663 4560; x_wconf 88' lang='lat' dir='ltr'>ab</span> <span class='ocrx_word' id='word_1_528' title='bbox 1693 4504 1804 4560; x_wconf 83' lang='lat' dir='ltr'>illis</span> <span class='ocrx_word' id='word_1_529' title='bbox 1858 4505 2074 4560; x_wconf 81' lang='lat' dir='ltr'>verbis:</span> 
     </span>
    </p>
   </div>
   <div class='ocr_carea' id='block_1_77' title="bbox 2197 3300 3793 3377">
    <p class='ocr_par' dir='ltr' id='par_1_77' title="bbox 2197 3300 3793 3377">
     <span class='ocr_line' id='line_1_77' title="bbox 2197 3300 3793 3377; baseline 0.001 -20"><span class='ocrx_word' id='word_1_530' title='bbox 2197 3300 2428 3374; x_wconf 90' lang='lat' dir='ltr'>desuper</span> <span class='ocrx_word' id='word_1_531' title='bbox 2471 3302 2709 3376; x_wconf 89' lang='lat' dir='ltr'>spiritali</span> <span class='ocrx_word' id='word_1_532' title='bbox 2760 3303 2970 3377; x_wconf 91' lang='lat' dir='ltr'>pluvia,</span> <span class='ocrx_word' id='word_1_533' title='bbox 3025 3321 3214 3361; x_wconf 91' lang='lat' dir='ltr'>eorum</span> <span class='ocrx_word' id='word_1_534' title='bbox 3265 3313 3412 3360; x_wconf 89' lang='lat' dir='ltr'>terra</span> <span class='ocrx_word' id='word_1_535' title='bbox 3465 3305 3690 3363; x_wconf 86' lang='lat' dir='ltr'>lavacri</span> <span class='ocrx_word' id='word_1_536' title='bbox 3740 3304 3793 3358; x_wconf 86' lang='lat' dir='ltr'>ir-</span> 
     </span>
    </p>
   </div>
   <div class='ocr_carea' id='block_1_78' title="bbox 2197 3390 3791 3468">
    <p class='ocr_par' dir='ltr' id='par_1_78' title="bbox 2197 3390 3791 3468">
     <span class='ocr_line' id='line_1_78' title="bbox 2197 3390 3791 3468; baseline 0.002 -22"><span class='ocrx_word' id='word_1_537' title='bbox 2197 3390 2356 3464; x_wconf 90' lang='lat' dir='ltr'>riguo</span> <span class='ocrx_word' id='word_1_538' title='bbox 2403 3392 2653 3461; x_wconf 90' lang='lat' dir='ltr'>satietur,</span> <span class='ocrx_word' id='word_1_539' title='bbox 2710 3401 2762 3449; x_wconf 91' lang='lat' dir='ltr'>et</span> <span class='ocrx_word' id='word_1_540' title='bbox 2809 3394 3134 3451; x_wconf 90' lang='lat' dir='ltr'>delictorum</span> <span class='ocrx_word' id='word_1_541' title='bbox 3188 3394 3476 3451; x_wconf 88' lang='lat' dir='ltr'>sterilitate</span> <span class='ocrx_word' id='word_1_542' title='bbox 3519 3394 3791 3468; x_wconf 77' lang='lat' dir='ltr'>deposita,</span> 
     </span>
    </p>
   </div>
   <div class='ocr_carea' id='block_1_79' title="bbox 2197 3480 3795 3556">
    <p class='ocr_par' dir='ltr' id='par_1_79' title="bbox 2197 3480 3795 3556">
     <span class='ocr_line' id='line_1_79' title="bbox 2197 3480 3795 3556; baseline 0.004 -20"><span class='ocrx_word' id='word_1_543' title='bbox 2197 3480 2466 3555; x_wconf 91' lang='lat' dir='ltr'>incipiant</span> <span class='ocrx_word' id='word_1_544' title='bbox 2496 3483 2708 3539; x_wconf 91' lang='lat' dir='ltr'>fructus</span> <span class='ocrx_word' id='word_1_545' title='bbox 2747 3484 3055 3556; x_wconf 86' lang='lat' dir='ltr'>germinare</span> <span class='ocrx_word' id='word_1_546' title='bbox 3091 3484 3385 3540; x_wconf 90' lang='lat' dir='ltr'>virtutum.</span> <span class='ocrx_word' id='word_1_547' title='bbox 3418 3485 3656 3540; x_wconf 88' lang='lat' dir='ltr'>Etenim</span> <span class='ocrx_word' id='word_1_548' title='bbox 3689 3504 3795 3542; x_wconf 71' lang='lat' dir='ltr'>ca-</span> 
     </span>
    </p>
   </div>
   <div class='ocr_carea' id='block_1_80' title="bbox 2196 3571 3794 3647">
    <p class='ocr_par' dir='ltr' id='par_1_80' title="bbox 2196 3571 3794 3647">
     <span class='ocr_line' id='line_1_80' title="bbox 2196 3571 3794 3647; baseline 0.003 -21"><span class='ocrx_word' id='word_1_549' title='bbox 2196 3571 2348 3628; x_wconf 91' lang='lat' dir='ltr'>lestis</span> <span class='ocrx_word' id='word_1_550' title='bbox 2377 3571 2553 3629; x_wconf 86' lang='lat' dir='ltr'>imber</span> <span class='ocrx_word' id='word_1_551' title='bbox 2592 3572 2730 3628; x_wconf 88' lang='lat' dir='ltr'>vitia</span> <span class='ocrx_word' id='word_1_552' title='bbox 2758 3582 3103 3645; x_wconf 89' lang='lat' dir='ltr'>peccatorum</span> <span class='ocrx_word' id='word_1_553' title='bbox 3143 3573 3330 3642; x_wconf 90' lang='lat' dir='ltr'>diluit,</span> <span class='ocrx_word' id='word_1_554' title='bbox 3357 3573 3597 3647; x_wconf 84' lang='lat' dir='ltr'>justitia</span> <span class='ocrx_word' id='word_1_555' title='bbox 3630 3574 3794 3630; x_wconf 85' lang='lat' dir='ltr'>incre-</span> 
     </span>
    </p>
   </div>
   <div class='ocr_carea' id='block_1_81' title="bbox 2194 3661 3791 3736">
    <p class='ocr_par' dir='ltr' id='par_1_81' title="bbox 2194 3661 3791 3736">
     <span class='ocr_line' id='line_1_81' title="bbox 2194 3661 3791 3736; baseline 0 -20"><span class='ocrx_word' id='word_1_556' title='bbox 2194 3668 2378 3717; x_wconf 90' lang='lat' dir='ltr'>menta</span> <span class='ocrx_word' id='word_1_557' title='bbox 2443 3661 2716 3733; x_wconf 90' lang='lat' dir='ltr'>producit,</span> <span class='ocrx_word' id='word_1_558' title='bbox 2785 3662 2994 3720; x_wconf 89' lang='lat' dir='ltr'>decutit</span> <span class='ocrx_word' id='word_1_559' title='bbox 3056 3662 3273 3719; x_wconf 89' lang='lat' dir='ltr'>aridum</span> <span class='ocrx_word' id='word_1_560' title='bbox 3333 3663 3791 3736; x_wconf 63' lang='lat' dir='ltr'>concupiscentia</span> 
     </span>
    </p>
   </div>
   <div class='ocr_carea' id='block_1_82' title="bbox 2195 3750 3789 3824">
    <p class='ocr_par' dir='ltr' id='par_1_82' title="bbox 2195 3750 3789 3824">
     <span class='ocr_line' id='line_1_82' title="bbox 2195 3750 3789 3824; baseline 0.003 -20"><span class='ocrx_word' id='word_1_561' title='bbox 2195 3750 2500 3822; x_wconf 86' lang='lat' dir='ltr'>pulverem,</span> <span class='ocrx_word' id='word_1_562' title='bbox 2547 3751 2786 3810; x_wconf 85' lang='lat' dir='ltr'>latiﬁcat</span> <span class='ocrx_word' id='word_1_563' title='bbox 2833 3753 3025 3809; x_wconf 89' lang='lat' dir='ltr'>utilem</span> <span class='ocrx_word' id='word_1_564' title='bbox 3072 3753 3412 3808; x_wconf 88' lang='lat' dir='ltr'>castimonia</span> <span class='ocrx_word' id='word_1_565' title='bbox 3467 3754 3789 3824; x_wconf 83' lang='lat' dir='ltr'>puritatem,</span> 
     </span>
    </p>
   </div>
   <div class='ocr_carea' id='block_1_83' title="bbox 2195 3841 3785 3914">
    <p class='ocr_par' dir='ltr' id='par_1_83' title="bbox 2195 3841 3785 3914">
     <span class='ocr_line' id='line_1_83' title="bbox 2195 3841 3785 3914; baseline 0.003 -18"><span class='ocrx_word' id='word_1_566' title='bbox 2195 3841 2379 3898; x_wconf 91' lang='lat' dir='ltr'>obruit</span> <span class='ocrx_word' id='word_1_567' title='bbox 2435 3844 2682 3901; x_wconf 87' lang='lat' dir='ltr'>avaritia</span> <span class='ocrx_word' id='word_1_568' title='bbox 2729 3845 3004 3902; x_wconf 89' lang='lat' dir='ltr'>sordidam</span> <span class='ocrx_word' id='word_1_569' title='bbox 3049 3845 3260 3914; x_wconf 89' lang='lat' dir='ltr'>facem,</span> <span class='ocrx_word' id='word_1_570' title='bbox 3307 3845 3487 3902; x_wconf 89' lang='lat' dir='ltr'>nutrit</span> <span class='ocrx_word' id='word_1_571' title='bbox 3527 3853 3785 3902; x_wconf 75' lang='lat' dir='ltr'>aternam</span> 
     </span>
    </p>
   </div>
   <div class='ocr_carea' id='block_1_84' title="bbox 2194 3934 3788 4010">
    <p class='ocr_par' dir='ltr' id='par_1_84' title="bbox 2194 3934 3788 4010">
     <span class='ocr_line' id='line_1_84' title="bbox 2194 3934 3788 4010; baseline 0 -21"><span class='ocrx_word' id='word_1_572' title='bbox 2194 3934 2586 3993; x_wconf 88' lang='lat' dir='ltr'>misericordia</span> <span class='ocrx_word' id='word_1_573' title='bbox 2635 3936 2962 4009; x_wconf 90' lang='lat' dir='ltr'>largitatem.</span> <span class='ocrx_word' id='word_1_574' title='bbox 3009 3936 3162 3993; x_wconf 90' lang='lat' dir='ltr'>Sicut</span> <span class='ocrx_word' id='word_1_575' title='bbox 3189 3937 3338 3993; x_wconf 89' lang='lat' dir='ltr'>enim</span> <span class='ocrx_word' id='word_1_576' title='bbox 3368 3938 3788 4010; x_wconf 84' lang='lat' dir='ltr'>superveniente</span> 
     </span>
    </p>
   </div>
   <div class='ocr_carea' id='block_1_85' title="bbox 2194 4023 3788 4099">
    <p class='ocr_par' dir='ltr' id='par_1_85' title="bbox 2194 4023 3788 4099">
     <span class='ocr_line' id='line_1_85' title="bbox 2194 4023 3788 4099; baseline 0 -21"><span class='ocrx_word' id='word_1_577' title='bbox 2194 4023 2331 4079; x_wconf 88' lang='lat' dir='ltr'>Elia</span> <span class='ocrx_word' id='word_1_578' title='bbox 2363 4023 2576 4097; x_wconf 89' lang='lat' dir='ltr'>pluvia,</span> <span class='ocrx_word' id='word_1_579' title='bbox 2605 4041 2767 4083; x_wconf 91' lang='lat' dir='ltr'>omne</span> <span class='ocrx_word' id='word_1_580' title='bbox 2813 4026 3076 4099; x_wconf 90' lang='lat' dir='ltr'>pabulum</span> <span class='ocrx_word' id='word_1_581' title='bbox 3124 4033 3270 4082; x_wconf 90' lang='lat' dir='ltr'>terra</span> <span class='ocrx_word' id='word_1_582' title='bbox 3298 4025 3561 4098; x_wconf 80' lang='lat' dir='ltr'>produxit</span> <span class='ocrx_word' id='word_1_583' title='bbox 3590 4046 3604 4095; x_wconf 88' lang='lat'>;</span> <span class='ocrx_word' id='word_1_584' title='bbox 3641 4028 3715 4083; x_wconf 84' lang='lat' dir='ltr'>ita</span> <span class='ocrx_word' id='word_1_585' title='bbox 3741 4032 3788 4081; x_wconf 82' lang='lat' dir='ltr'>et</span> 
     </span>
    </p>
   </div>
   <div class='ocr_carea' id='block_1_86' title="bbox 2193 4114 3784 4187">
    <p class='ocr_par' dir='ltr' id='par_1_86' title="bbox 2193 4114 3784 4187">
     <span class='ocr_line' id='line_1_86' title="bbox 2193 4114 3784 4187; baseline 0.001 -19"><span class='ocrx_word' id='word_1_586' title='bbox 2193 4115 2611 4185; x_wconf 89' lang='lat' dir='ltr'>superveniente</span> <span class='ocrx_word' id='word_1_587' title='bbox 2668 4115 2877 4173; x_wconf 88' lang='lat' dir='ltr'>Christi</span> <span class='ocrx_word' id='word_1_588' title='bbox 2934 4116 3171 4184; x_wconf 90' lang='lat' dir='ltr'>lavacro,</span> <span class='ocrx_word' id='word_1_589' title='bbox 3231 4132 3455 4172; x_wconf 89' lang='lat' dir='ltr'>omnem</span> <span class='ocrx_word' id='word_1_590' title='bbox 3506 4114 3784 4187; x_wconf 82' lang='lat' dir='ltr'>justitiam</span> 
     </span>
    </p>
   </div>
   <div class='ocr_carea' id='block_1_87' title="bbox 2192 4207 3785 4281">
    <p class='ocr_par' dir='ltr' id='par_1_87' title="bbox 2192 4207 3785 4281">
     <span class='ocr_line' id='line_1_87' title="bbox 2192 4207 3785 4281; baseline -0.001 -20"><span class='ocrx_word' id='word_1_591' title='bbox 2192 4207 2376 4263; x_wconf 86' lang='lat' dir='ltr'>anima</span> <span class='ocrx_word' id='word_1_592' title='bbox 2413 4208 2760 4279; x_wconf 81' lang='lat' dir='ltr'>germinavit.</span> <span class='ocrx_word' id='word_1_593' title='bbox 2813 4210 2885 4266; x_wconf 89' lang='lat' dir='ltr'>Et</span> <span class='ocrx_word' id='word_1_594' title='bbox 2915 4209 3060 4266; x_wconf 90' lang='lat' dir='ltr'>sicut</span> <span class='ocrx_word' id='word_1_595' title='bbox 3104 4208 3221 4265; x_wconf 91' lang='lat' dir='ltr'>illic</span> <span class='ocrx_word' id='word_1_596' title='bbox 3249 4209 3567 4281; x_wconf 87' lang='lat' dir='ltr'>pluviarum</span> <span class='ocrx_word' id='word_1_597' title='bbox 3613 4209 3785 4265; x_wconf 85' lang='lat' dir='ltr'>fontes</span> 
     </span>
    </p>
   </div>
   <div class='ocr_carea' id='block_1_88' title="bbox 2192 4295 3783 4369">
    <p class='ocr_par' dir='ltr' id='par_1_88' title="bbox 2192 4295 3783 4369">
     <span class='ocr_line' id='line_1_88' title="bbox 2192 4295 3783 4369; baseline 0.003 -20"><span class='ocrx_word' id='word_1_598' title='bbox 2192 4295 2560 4369; x_wconf 87' lang='lat' dir='ltr'>irrigaverunt</span> <span class='ocrx_word' id='word_1_599' title='bbox 2605 4298 2817 4367; x_wconf 91' lang='lat' dir='ltr'>orbem,</span> <span class='ocrx_word' id='word_1_600' title='bbox 2882 4307 2943 4355; x_wconf 91' lang='lat' dir='ltr'>ut</span> <span class='ocrx_word' id='word_1_601' title='bbox 3012 4298 3434 4356; x_wconf 88' lang='lat' dir='ltr'>viviﬁcarentur</span> <span class='ocrx_word' id='word_1_602' title='bbox 3488 4299 3783 4354; x_wconf 86' lang='lat' dir='ltr'>herbarum</span> 
     </span>
    </p>
   </div>
   <div class='ocr_carea' id='block_1_89' title="bbox 2190 4384 3782 4460">
    <p class='ocr_par' dir='ltr' id='par_1_89' title="bbox 2190 4384 3782 4460">
     <span class='ocr_line' id='line_1_89' title="bbox 2190 4384 3782 4460; baseline 0.001 -21"><span class='ocrx_word' id='word_1_603' title='bbox 2190 4386 2520 4443; x_wconf 80' lang='lat' dir='ltr'>mortificata</span> <span class='ocrx_word' id='word_1_604' title='bbox 2541 4384 2656 4458; x_wconf 86' lang='lat' dir='ltr'>jam</span> <span class='ocrx_word' id='word_1_605' title='bbox 2687 4386 2926 4443; x_wconf 91' lang='lat' dir='ltr'>semina:</span> <span class='ocrx_word' id='word_1_606' title='bbox 2963 4387 3040 4442; x_wconf 89' lang='lat' dir='ltr'>ita</span> <span class='ocrx_word' id='word_1_607' title='bbox 3083 4396 3135 4443; x_wconf 91' lang='lat' dir='ltr'>et</span> <span class='ocrx_word' id='word_1_608' title='bbox 3174 4388 3299 4444; x_wconf 88' lang='lat' dir='ltr'>fons</span> <span class='ocrx_word' id='word_1_609' title='bbox 3326 4388 3679 4460; x_wconf 88' lang='lat' dir='ltr'>baptismatis</span> <span class='ocrx_word' id='word_1_610' title='bbox 3721 4388 3782 4442; x_wconf 92' lang='lat' dir='ltr'>ir-</span> 
     </span>
    </p>
   </div>
   <div class='ocr_carea' id='block_1_90' title="bbox 2189 4473 3784 4548">
    <p class='ocr_par' dir='ltr' id='par_1_90' title="bbox 2189 4473 3784 4548">
     <span class='ocr_line' id='line_1_90' title="bbox 2189 4473 3784 4548; baseline 0.003 -20"><span class='ocrx_word' id='word_1_611' title='bbox 2189 4473 2329 4547; x_wconf 86' lang='lat' dir='ltr'>rigat</span> <span class='ocrx_word' id='word_1_612' title='bbox 2383 4492 2555 4548; x_wconf 91' lang='lat' dir='ltr'>genus</span> <span class='ocrx_word' id='word_1_613' title='bbox 2617 4475 2930 4546; x_wconf 85' lang='lat' dir='ltr'>hominum,</span> <span class='ocrx_word' id='word_1_614' title='bbox 2983 4484 3044 4532; x_wconf 91' lang='lat' dir='ltr'>ut</span> <span class='ocrx_word' id='word_1_615' title='bbox 3095 4477 3406 4533; x_wconf 89' lang='lat' dir='ltr'>animarum</span> <span class='ocrx_word' id='word_1_616' title='bbox 3455 4477 3784 4533; x_wconf 81' lang='lat' dir='ltr'>mortiﬁcata</span> 
     </span>
    </p>
   </div>
   <div class='ocr_carea' id='block_1_91' title="bbox 561 4563 2079 4669">
    <p class='ocr_par' dir='ltr' id='par_1_91' title="bbox 561 4563 2073 4669">
     <span class='ocr_line' id='line_1_91' title="bbox 561 4563 2073 4669; baseline 0.001 -38"><span class='ocrx_word' id='word_1_617' title='bbox 561 4563 805 4669; x_wconf 48' lang='lat' dir='ltr'>Izropitia</span> <span class='ocrx_word' id='word_1_618' title='bbox 859 4573 1169 4669; x_wconf 58' lang='lat' dir='ltr'>divipitate,</span> <span class='ocrx_word' id='word_1_619' title='bbox 1234 4577 1380 4669; x_wconf 58' lang='lat' dir='ltr'>isque</span> <span class='ocrx_word' id='word_1_620' title='bbox 1406 4563 1516 4669; x_wconf 35' lang='lat' dir='ltr'>3h.</span> <span class='ocrx_word' id='word_1_621' title='bbox 1556 4577 2073 4669; x_wconf 46' lang='lat' dir='ltr'>Appencl.‘August.</span> 
     </span>
    </p>
   </div>
   <div class='ocr_carea' id='block_1_92' title="bbox 2197 4563 3786 4669">
    <p class='ocr_par' dir='ltr' id='par_1_92' title="bbox 2197 4563 3786 4639">
     <span class='ocr_line' id='line_1_92' title="bbox 2197 4563 3786 4639; baseline 0.001 -22"><span class='ocrx_word' id='word_1_622' title='bbox 2197 4563 2353 4618; x_wconf 83' lang='lat' dir='ltr'>corda</span> <span class='ocrx_word' id='word_1_623' title='bbox 2380 4563 2648 4620; x_wconf 84' lang='lat' dir='ltr'>viviﬁcet.</span> <span class='ocrx_word' id='word_1_624' title='bbox 2692 4566 2808 4623; x_wconf 86' lang='lat' dir='ltr'>Hoc</span> <span class='ocrx_word' id='word_1_625' title='bbox 2840 4583 2967 4639; x_wconf 87' lang='lat' dir='ltr'>ergo</span> <span class='ocrx_word' id='word_1_626' title='bbox 2997 4565 3412 4623; x_wconf 87' lang='lat' dir='ltr'>observantium</span> <span class='ocrx_word' id='word_1_627' title='bbox 3445 4567 3546 4624; x_wconf 87' lang='lat' dir='ltr'>ista</span> <span class='ocrx_word' id='word_1_628' title='bbox 3572 4565 3786 4638; x_wconf 75' lang='lat' dir='ltr'>jejunis</span> 
     </span>
    </p>
   </div>
   <div class='ocr_carea' id='block_1_93' title="bbox 565 4646 2078 4718">
    <p class='ocr_par' dir='ltr' id='par_1_93' title="bbox 565 4646 2078 4718">
     <span class='ocr_line' id='line_1_93' title="bbox 565 4646 2078 4718; baseline -0.001 -14"><span class='ocrx_word' id='word_1_629' title='bbox 565 4646 801 4704; x_wconf 73' lang='lat' dir='ltr'>Caesarie</span> <span class='ocrx_word' id='word_1_630' title='bbox 828 4647 1203 4717; x_wconf 81' lang='lat' dir='ltr'>adjudicetur;</span> <span class='ocrx_word' id='word_1_631' title='bbox 1237 4648 1355 4702; x_wconf 82' lang='lat' dir='ltr'>hinc</span> <span class='ocrx_word' id='word_1_632' title='bbox 1402 4647 1542 4718; x_wconf 80' lang='lat' dir='ltr'>forte</span> <span class='ocrx_word' id='word_1_633' title='bbox 1588 4646 1834 4717; x_wconf 70' lang='lat' dir='ltr'>conjiciat</span> <span class='ocrx_word' id='word_1_634' title='bbox 1880 4646 2078 4718; x_wconf 78' lang='lat' dir='ltr'>aliquis</span> 
     </span>
    </p>
   </div>
   <div class='ocr_carea' id='block_1_94' title="bbox 559 4719 2076 4790">
    <p class='ocr_par' dir='ltr' id='par_1_94' title="bbox 559 4719 2076 4790">
     <span class='ocr_line' id='line_1_94' title="bbox 559 4719 2076 4790; baseline -0.001 -16"><span class='ocrx_word' id='word_1_635' title='bbox 559 4720 789 4775; x_wconf 83' lang='lat' dir='ltr'>eumdem</span> <span class='ocrx_word' id='word_1_636' title='bbox 844 4735 1048 4790; x_wconf 86' lang='lat' dir='ltr'>quoque</span> <span class='ocrx_word' id='word_1_637' title='bbox 1099 4719 1261 4790; x_wconf 82' lang='lat' dir='ltr'>hujus</span> <span class='ocrx_word' id='word_1_638' title='bbox 1318 4719 1572 4776; x_wconf 80' lang='lat' dir='ltr'>sermonis</span> <span class='ocrx_word' id='word_1_639' title='bbox 1617 4724 1883 4775; x_wconf 78' lang='lat' dir='ltr'>auctorem</span> <span class='ocrx_word' id='word_1_640' title='bbox 1935 4736 2076 4781; x_wconf 87' lang='lat' dir='ltr'>esse;</span> 
     </span>
    </p>
   </div>
   <div class='ocr_carea' id='block_1_95' title="bbox 557 4790 2073 4864">
    <p class='ocr_par' dir='ltr' id='par_1_95' title="bbox 557 4790 2073 4864">
     <span class='ocr_line' id='line_1_95' title="bbox 557 4790 2073 4864; baseline 0 -18"><span class='ocrx_word' id='word_1_641' title='bbox 557 4791 647 4864; x_wconf 83' lang='lat' dir='ltr'>sed</span> <span class='ocrx_word' id='word_1_642' title='bbox 672 4808 766 4864; x_wconf 79' lang='lat' dir='ltr'>nec</span> <span class='ocrx_word' id='word_1_643' title='bbox 824 4791 1001 4864; x_wconf 83' lang='lat' dir='ltr'>minus</span> <span class='ocrx_word' id='word_1_644' title='bbox 1046 4792 1320 4864; x_wconf 79' lang='lat' dir='ltr'>probabile</span> <span class='ocrx_word' id='word_1_645' title='bbox 1368 4799 1444 4847; x_wconf 76' lang='lat' dir='ltr'>est</span> <span class='ocrx_word' id='word_1_646' title='bbox 1497 4809 1611 4848; x_wconf 86' lang='lat' dir='ltr'>eam</span> <span class='ocrx_word' id='word_1_647' title='bbox 1662 4790 1843 4864; x_wconf 76' lang='lat' dir='ltr'>deberi</span> <span class='ocrx_word' id='word_1_648' title='bbox 1895 4796 2073 4864; x_wconf 77' lang='lat' dir='ltr'>sancto</span> 
     </span>
    </p>
   </div>
   <div class='ocr_carea' id='block_1_96' title="bbox 554 4861 2075 4936">
    <p class='ocr_par' dir='ltr' id='par_1_96' title="bbox 554 4861 2075 4936">
     <span class='ocr_line' id='line_1_96' title="bbox 554 4861 2075 4936; baseline -0.003 -16"><span class='ocrx_word' id='word_1_649' title='bbox 554 4863 816 4931; x_wconf 74' lang='lat' dir='ltr'>Maximo,</span> <span class='ocrx_word' id='word_1_650' title='bbox 847 4863 999 4932; x_wconf 82' lang='lat' dir='ltr'>cujus</span> <span class='ocrx_word' id='word_1_651' title='bbox 1027 4861 1075 4918; x_wconf 68' lang='lat' dir='ltr'>et</span> <span class='ocrx_word' id='word_1_652' title='bbox 1116 4867 1328 4936; x_wconf 84' lang='lat' dir='ltr'>stylum,</span> <span class='ocrx_word' id='word_1_653' title='bbox 1373 4870 1421 4920; x_wconf 87' lang='lat' dir='ltr'>et</span> <span class='ocrx_word' id='word_1_654' title='bbox 1448 4865 1506 4920; x_wconf 84' lang='lat' dir='ltr'>in</span> <span class='ocrx_word' id='word_1_655' title='bbox 1546 4863 1660 4920; x_wconf 87' lang='lat' dir='ltr'>eod.</span> <span class='ocrx_word' id='word_1_656' title='bbox 1696 4862 1894 4933; x_wconf 82' lang='lat' dir='ltr'>Remig.</span> <span class='ocrx_word' id='word_1_657' title='bbox 1919 4861 2075 4917; x_wconf 85' lang='lat' dir='ltr'>etiam</span> 
     </span>
    </p>
   </div>
   <div class='ocr_carea' id='block_1_97' title="bbox 556 4935 1319 5008">
    <p class='ocr_par' dir='ltr' id='par_1_97' title="bbox 556 4935 1319 5008">
     <span class='ocr_line' id='line_1_97' title="bbox 556 4935 1319 5008; baseline 0.005 -20"><span class='ocrx_word' id='word_1_658' title='bbox 556 4950 742 4990; x_wconf 85' lang='lat' dir='ltr'>nomen</span> <span class='ocrx_word' id='word_1_659' title='bbox 772 4935 1082 4991; x_wconf 79' lang='lat' dir='ltr'>noscendum</span> <span class='ocrx_word' id='word_1_660' title='bbox 1103 4935 1319 5008; x_wconf 75' lang='lat' dir='ltr'>prabet.</span> 
     </span>
    </p>
   </div>
   <div class='ocr_carea' id='block_1_98' title="bbox 557 5050 2072 5126">
    <p class='ocr_par' dir='ltr' id='par_1_98' title="bbox 557 5050 2072 5126">
     <span class='ocr_line' id='line_1_98' title="bbox 557 5050 2072 5126; baseline 0.002 -22"><span class='ocrx_word' id='word_1_661' title='bbox 557 5050 885 5123; x_wconf 83' lang='lat' dir='ltr'>l.Propritia</span> <span class='ocrx_word' id='word_1_662' title='bbox 913 5051 1230 5119; x_wconf 90' lang='lat' dir='ltr'>divinitate,</span> <span class='ocrx_word' id='word_1_663' title='bbox 1259 5070 1382 5112; x_wconf 82' lang='lat' dir='ltr'>ecce</span> <span class='ocrx_word' id='word_1_664' title='bbox 1405 5053 1518 5126; x_wconf 90' lang='lat' dir='ltr'>jam</span> <span class='ocrx_word' id='word_1_665' title='bbox 1541 5067 1679 5124; x_wconf 90' lang='lat' dir='ltr'>pene</span> <span class='ocrx_word' id='word_1_666' title='bbox 1707 5050 2072 5122; x_wconf 84' lang='lat' dir='ltr'>transegimus</span> 
     </span>
    </p>
   </div>
   <div class='ocr_carea' id='block_1_99' title="bbox 480 5137 2070 5214">
    <p class='ocr_par' dir='ltr' id='par_1_99' title="bbox 480 5137 2070 5214">
     <span class='ocr_line' id='line_1_99' title="bbox 480 5137 2070 5214; baseline 0.001 -21"><span class='ocrx_word' id='word_1_667' title='bbox 480 5137 920 5211; x_wconf 86' lang='lat' dir='ltr'>Quadragesima</span> <span class='ocrx_word' id='word_1_668' title='bbox 948 5141 1158 5197; x_wconf 89' lang='lat' dir='ltr'>indicta</span> <span class='ocrx_word' id='word_1_669' title='bbox 1199 5141 1433 5214; x_wconf 89' lang='lat' dir='ltr'>jejunia,</span> <span class='ocrx_word' id='word_1_670' title='bbox 1486 5149 1540 5198; x_wconf 92' lang='lat' dir='ltr'>et</span> <span class='ocrx_word' id='word_1_671' title='bbox 1567 5147 1833 5214; x_wconf 85' lang='lat' dir='ltr'>praeepta</span> <span class='ocrx_word' id='word_1_672' title='bbox 1863 5137 2070 5198; x_wconf 87' lang='lat' dir='ltr'>Christi</span> 
     </span>
    </p>
   </div>
   <div class='ocr_carea' id='block_1_100' title="bbox 480 5226 2068 5302">
    <p class='ocr_par' dir='ltr' id='par_1_100' title="bbox 480 5226 2068 5302">
     <span class='ocr_line' id='line_1_100' title="bbox 480 5226 2068 5302; baseline 0.002 -22"><span class='ocrx_word' id='word_1_673' title='bbox 480 5226 704 5282; x_wconf 90' lang='lat' dir='ltr'>Domini</span> <span class='ocrx_word' id='word_1_674' title='bbox 734 5227 1086 5285; x_wconf 88' lang='lat' dir='ltr'>abstinentia</span> <span class='ocrx_word' id='word_1_675' title='bbox 1117 5226 2068 5302; x_wconf 77' lang='lat' dir='ltr'>devotione&#39;complevimus.Super-</span> 
     </span>
    </p>
   </div>
   <div class='ocr_carea' id='block_1_101' title="bbox 478 5315 2068 5391">
    <p class='ocr_par' dir='ltr' id='par_1_101' title="bbox 478 5315 2068 5391">
     <span class='ocr_line' id='line_1_101' title="bbox 478 5315 2068 5391; baseline 0.002 -21"><span class='ocrx_word' id='word_1_676' title='bbox 478 5321 737 5374; x_wconf 87' lang='lat' dir='ltr'>estnunc</span> <span class='ocrx_word' id='word_1_677' title='bbox 775 5325 856 5386; x_wconf 90' lang='lat' dir='ltr'>ut,</span> <span class='ocrx_word' id='word_1_678' title='bbox 916 5319 1378 5391; x_wconf 86' lang='lat' dir='ltr'>quemadmodum</span> <span class='ocrx_word' id='word_1_679' title='bbox 1440 5319 1632 5374; x_wconf 85' lang='lat' dir='ltr'>famuli</span> <span class='ocrx_word' id='word_1_680' title='bbox 1682 5315 1801 5388; x_wconf 85' lang='lat' dir='ltr'>ejus</span> <span class='ocrx_word' id='word_1_681' title='bbox 1852 5318 2068 5388; x_wconf 88' lang='lat' dir='ltr'>Moyses</span> 
     </span>
    </p>
   </div>
   <div class='ocr_carea' id='block_1_102' title="bbox 479 5405 2067 5476">
    <p class='ocr_par' dir='ltr' id='par_1_102' title="bbox 479 5405 2067 5476">
     <span class='ocr_line' id='line_1_102' title="bbox 479 5405 2067 5476; baseline 0.003 -19"><span class='ocrx_word' id='word_1_682' title='bbox 479 5405 683 5476; x_wconf 65' lang='lat' dir='ltr'>(Exod.</span> <span class='ocrx_word' id='word_1_683' title='bbox 713 5421 912 5476; x_wconf 77' lang='lat' dir='ltr'>xxxiv,</span> <span class='ocrx_word' id='word_1_684' title='bbox 944 5406 1037 5476; x_wconf 80' lang='lat'>28)</span> <span class='ocrx_word' id='word_1_685' title='bbox 1095 5414 1150 5461; x_wconf 92' lang='lat' dir='ltr'>et</span> <span class='ocrx_word' id='word_1_686' title='bbox 1193 5406 1343 5462; x_wconf 88' lang='lat' dir='ltr'>Elias</span> <span class='ocrx_word' id='word_1_687' title='bbox 1374 5407 1495 5476; x_wconf 87' lang='grc' dir='ltr'><em>(ΙΙΙ</em></span> <span class='ocrx_word' id='word_1_688' title='bbox 1521 5407 1644 5476; x_wconf 86' lang='lat' dir='ltr'>Reg.</span> <span class='ocrx_word' id='word_1_689' title='bbox 1681 5422 1799 5473; x_wconf 76' lang='lat' dir='ltr'>xxx,</span> <span class='ocrx_word' id='word_1_690' title='bbox 1831 5407 1885 5476; x_wconf 91' lang='lat'>8)</span> <span class='ocrx_word' id='word_1_691' title='bbox 1917 5405 2067 5462; x_wconf 91' lang='lat' dir='ltr'>hunc</span> 
     </span>
    </p>
   </div>
   <div class='ocr_carea' id='block_1_103' title="bbox 476 5475 2064 5548">
    <p class='ocr_par' dir='ltr' id='par_1_103' title="bbox 476 5475 2064 5548">
     <span class='ocr_line' id='line_1_103' title="bbox 476 5475 2064 5548; baseline 0.001 -19"><span class='ocrx_word' id='word_1_692' title='bbox 476 5475 905 5533; x_wconf 80' lang='lat' dir='ltr'>sacratissimum</span> <span class='ocrx_word' id='word_1_693' title='bbox 1005 5475 1292 5532; x_wconf 88' lang='lat' dir='ltr'>numerum</span> <span class='ocrx_word' id='word_1_694' title='bbox 1371 5475 1750 5543; x_wconf 87' lang='lat' dir='ltr'>observando,</span> <span class='ocrx_word' id='word_1_695' title='bbox 1837 5475 2064 5548; x_wconf 37' lang='lat' dir='ltr'>g&#39;ratian‘i</span> 
     </span>
    </p>
   </div>
   <div class='ocr_carea' id='block_1_104' title="bbox 548 5614 2066 5739">
    <p class='ocr_par' dir='ltr' id='par_1_104' title="bbox 548 5614 2066 5739">
     <span class='ocr_line' id='line_1_104' title="bbox 548 5614 2066 5739; baseline 0.005 -69"><span class='ocrx_word' id='word_1_696' title='bbox 548 5615 812 5739; x_wconf 43' lang='lat' dir='ltr'>(5).tﬂom.</span> <span class='ocrx_word' id='word_1_697' title='bbox 846 5614 977 5671; x_wconf 88' lang='lat' dir='ltr'>edit.</span> <span class='ocrx_word' id='word_1_698' title='bbox 1018 5619 1152 5684; x_wconf 86' lang='lat' dir='ltr'>sola,</span> <span class='ocrx_word' id='word_1_699' title='bbox 1174 5616 1412 5687; x_wconf 82' lang='lat' dir='ltr'>famulus</span> <span class='ocrx_word' id='word_1_700' title='bbox 1440 5617 1552 5688; x_wconf 85' lang='lat' dir='ltr'>ejus</span> <span class='ocrx_word' id='word_1_701' title='bbox 1580 5618 1804 5675; x_wconf 68' lang='lat' dir='ltr'>Eluas...</span> <span class='ocrx_word' id='word_1_702' title='bbox 1833 5622 2066 5690; x_wconf 79' lang='lat' dir='ltr'>gratiam</span> 
     </span>
     <span class='ocr_line' id='line_1_105' title="bbox 548 5702 683 5739; baseline 0.007 -1"><span class='ocrx_word' id='word_1_703' title='bbox 548 5702 638 5739; x_wconf 46' lang='lat' dir='ltr'>’rm</span> <span class='ocrx_word' id='word_1_704' title='bbox 671 5727 683 5739; x_wconf 96' lang='lat'>.</span> 
     </span>
    </p>
   </div>
   <div class='ocr_carea' id='block_1_105' title="bbox 475 5701 683 5740">
    <p class='ocr_par' dir='ltr' id='par_1_105' title="bbox 475 5701 683 5740">
     <span class='ocr_line' id='line_1_106' title="bbox 475 5701 683 5740; baseline 0.014 -4"><span class='ocrx_word' id='word_1_705' title='bbox 475 5701 683 5740; x_wconf 66' lang='lat' dir='ltr'>meruit.</span> 
     </span>
    </p>
   </div>
   <div class='ocr_carea' id='block_1_106' title="bbox 549 5755 2059 5828">
    <p class='ocr_par' dir='ltr' id='par_1_106' title="bbox 549 5755 2059 5828">
     <span class='ocr_line' id='line_1_107' title="bbox 549 5755 2059 5828; baseline 0.007 -17"><span class='ocrx_word' id='word_1_706' title='bbox 549 5755 631 5826; x_wconf 79' lang='grc'>(2)</span> <span class='ocrx_word' id='word_1_707' title='bbox 664 5756 874 5810; x_wconf 86' lang='lat' dir='ltr'>Omnes</span> <span class='ocrx_word' id='word_1_708' title='bbox 929 5756 1088 5823; x_wconf 84' lang='lat' dir='ltr'>cdit.,</span> <span class='ocrx_word' id='word_1_709' title='bbox 1117 5759 1296 5816; x_wconf 80' lang='lat' dir='ltr'>omnia</span> <span class='ocrx_word' id='word_1_710' title='bbox 1337 5765 1710 5818; x_wconf 83' lang='lat' dir='ltr'>creaturarum</span> <span class='ocrx_word' id='word_1_711' title='bbox 1737 5761 1868 5817; x_wconf 81' lang='lat' dir='ltr'>vitia</span> <span class='ocrx_word' id='word_1_712' title='bbox 1896 5763 2059 5828; x_wconf 81' lang='lat' dir='ltr'>,&#39;cod.</span> 
     </span>
    </p>
   </div>
   <div class='ocr_carea' id='block_1_107' title="bbox 2185 4651 3785 4732">
    <p class='ocr_par' dir='ltr' id='par_1_107' title="bbox 2185 4651 3785 4732">
     <span class='ocr_line' id='line_1_108' title="bbox 2185 4651 3785 4732; baseline 0.002 -26"><span class='ocrx_word' id='word_1_713' title='bbox 2185 4659 2267 4707; x_wconf 86' lang='lat' dir='ltr'>est</span> <span class='ocrx_word' id='word_1_714' title='bbox 2294 4651 2577 4722; x_wconf 89' lang='lat' dir='ltr'>meritum,</span> <span class='ocrx_word' id='word_1_715' title='bbox 2627 4661 2690 4710; x_wconf 91' lang='lat' dir='ltr'>ut</span> <span class='ocrx_word' id='word_1_716' title='bbox 2735 4656 3078 4732; x_wconf 77' lang='lat' dir='ltr'>orationibus</span> <span class='ocrx_word' id='word_1_717' title='bbox 3120 4672 3311 4712; x_wconf 88' lang='lat' dir='ltr'>eorum</span> <span class='ocrx_word' id='word_1_718' title='bbox 3344 4664 3440 4712; x_wconf 89' lang='lat' dir='ltr'>aut</span> <span class='ocrx_word' id='word_1_719' title='bbox 3488 4657 3785 4712; x_wconf 87' lang='lat' dir='ltr'>innovetur</span> 
     </span>
    </p>
   </div>
   <div class='ocr_carea' id='block_1_108' title="bbox 2183 4740 3409 4810">
    <p class='ocr_par' dir='ltr' id='par_1_108' title="bbox 2183 4740 3409 4810">
     <span class='ocr_line' id='line_1_109' title="bbox 2183 4740 3409 4810; baseline 0.005 -14"><span class='ocrx_word' id='word_1_720' title='bbox 2183 4740 2444 4810; x_wconf 91' lang='lat' dir='ltr'>mundus,</span> <span class='ocrx_word' id='word_1_721' title='bbox 2475 4752 2570 4800; x_wconf 91' lang='lat' dir='ltr'>aut</span> <span class='ocrx_word' id='word_1_722' title='bbox 2598 4744 2794 4803; x_wconf 87' lang='lat' dir='ltr'>fratres</span> <span class='ocrx_word' id='word_1_723' title='bbox 2818 4746 3000 4803; x_wconf 89' lang='lat' dir='ltr'>denuo</span> <span class='ocrx_word' id='word_1_724' title='bbox 3028 4754 3409 4803; x_wconf 85' lang='lat' dir='ltr'>renascantur.</span> 
     </span>
    </p>
   </div>
   <div class='ocr_carea' id='block_1_109' title="bbox 2251 4829 3786 4909">
    <p class='ocr_par' dir='ltr' id='par_1_109' title="bbox 2251 4829 3786 4909">
     <span class='ocr_line' id='line_1_110' title="bbox 2251 4829 3786 4909; baseline 0.002 -24"><span class='ocrx_word' id='word_1_725' title='bbox 2251 4829 2304 4886; x_wconf 75' lang='grc'>4.</span> <span class='ocrx_word' id='word_1_726' title='bbox 2331 4831 2702 4890; x_wconf 81' lang='lat' dir='ltr'>Reserandum</span> <span class='ocrx_word' id='word_1_727' title='bbox 2749 4836 2920 4909; x_wconf 85' lang='lat' dir='ltr'>igitur</span> <span class='ocrx_word' id='word_1_728' title='bbox 2956 4835 3401 4909; x_wconf 87' lang='lat' dir='ltr'>competentibus</span> <span class='ocrx_word' id='word_1_729' title='bbox 3451 4834 3658 4891; x_wconf 89' lang='lat' dir='ltr'>nostris</span> <span class='ocrx_word' id='word_1_730' title='bbox 3708 4842 3786 4889; x_wconf 78' lang='lat' dir='ltr'>est</span> 
     </span>
    </p>
   </div>
   <div class='ocr_carea' id='block_1_110' title="bbox 2182 4920 3782 4998">
    <p class='ocr_par' dir='ltr' id='par_1_110' title="bbox 2182 4920 3782 4998">
     <span class='ocr_line' id='line_1_111' title="bbox 2182 4920 3782 4998; baseline 0.003 -22"><span class='ocrx_word' id='word_1_731' title='bbox 2182 4920 2405 4991; x_wconf 80' lang='lat' dir='ltr'>calum,</span> <span class='ocrx_word' id='word_1_732' title='bbox 2462 4925 2723 4998; x_wconf 89' lang='lat' dir='ltr'>quoniam</span> <span class='ocrx_word' id='word_1_733' title='bbox 2755 4927 2935 4984; x_wconf 90' lang='lat' dir='ltr'>adhuc</span> <span class='ocrx_word' id='word_1_734' title='bbox 2985 4927 3230 4983; x_wconf 89' lang='lat' dir='ltr'>clausum</span> <span class='ocrx_word' id='word_1_735' title='bbox 3280 4933 3363 4982; x_wconf 91' lang='lat' dir='ltr'>est</span> <span class='ocrx_word' id='word_1_736' title='bbox 3419 4925 3565 4998; x_wconf 90' lang='lat' dir='ltr'>apud</span> <span class='ocrx_word' id='word_1_737' title='bbox 3622 4926 3782 4989; x_wconf 86' lang='lat' dir='ltr'>illos;</span> 
     </span>
    </p>
   </div>
   <div class='ocr_carea' id='block_1_111' title="bbox 2181 5009 3784 5089">
    <p class='ocr_par' dir='ltr' id='par_1_111' title="bbox 2181 5009 3784 5089">
     <span class='ocr_line' id='line_1_112' title="bbox 2181 5009 3784 5089; baseline 0.001 -23"><span class='ocrx_word' id='word_1_738' title='bbox 2181 5009 2428 5067; x_wconf 91' lang='lat' dir='ltr'>clausum</span> <span class='ocrx_word' id='word_1_739' title='bbox 2461 5020 2542 5068; x_wconf 90' lang='lat' dir='ltr'>est</span> <span class='ocrx_word' id='word_1_740' title='bbox 2578 5015 2723 5071; x_wconf 91' lang='lat' dir='ltr'>enim</span> <span class='ocrx_word' id='word_1_741' title='bbox 2755 5017 2952 5072; x_wconf 88' lang='lat' dir='ltr'>coelum</span> <span class='ocrx_word' id='word_1_742' title='bbox 2983 5015 3117 5084; x_wconf 90' lang='lat' dir='ltr'>illis,</span> <span class='ocrx_word' id='word_1_743' title='bbox 3151 5016 3416 5089; x_wconf 87' lang='lat' dir='ltr'>quoniam</span> <span class='ocrx_word' id='word_1_744' title='bbox 3449 5017 3784 5088; x_wconf 81' lang='lat' dir='ltr'>mysterium</span> 
     </span>
    </p>
   </div>
   <div class='ocr_carea' id='block_1_112' title="bbox 2180 5100 3783 5175">
    <p class='ocr_par' dir='ltr' id='par_1_112' title="bbox 2180 5100 3783 5175">
     <span class='ocr_line' id='line_1_113' title="bbox 2180 5100 3783 5175; baseline 0.002 -18"><span class='ocrx_word' id='word_1_745' title='bbox 2180 5100 2430 5157; x_wconf 87' lang='lat' dir='ltr'>nondum</span> <span class='ocrx_word' id='word_1_746' title='bbox 2485 5104 2777 5175; x_wconf 89' lang='lat' dir='ltr'>pervident</span> <span class='ocrx_word' id='word_1_747' title='bbox 2837 5105 3145 5162; x_wconf 84' lang='lat' dir='ltr'>Trinitatis.</span> <span class='ocrx_word' id='word_1_748' title='bbox 3205 5106 3406 5163; x_wconf 85' lang='lat' dir='ltr'>Clauso</span> <span class='ocrx_word' id='word_1_749' title='bbox 3467 5106 3616 5162; x_wconf 90' lang='lat' dir='ltr'>enim</span> <span class='ocrx_word' id='word_1_750' title='bbox 3676 5107 3783 5163; x_wconf 89' lang='lat' dir='ltr'>sibi</span> 
     </span>
    </p>
   </div>
   <div class='ocr_carea' id='block_1_113' title="bbox 2177 5192 3781 5271">
    <p class='ocr_par' dir='ltr' id='par_1_113' title="bbox 2177 5192 3781 5271">
     <span class='ocr_line' id='line_1_114' title="bbox 2177 5192 3781 5271; baseline 0.002 -22"><span class='ocrx_word' id='word_1_751' title='bbox 2177 5192 2340 5262; x_wconf 85' lang='lat' dir='ltr'>coelo,</span> <span class='ocrx_word' id='word_1_752' title='bbox 2413 5211 2576 5268; x_wconf 90' lang='lat' dir='ltr'>super</span> <span class='ocrx_word' id='word_1_753' title='bbox 2631 5196 2828 5253; x_wconf 86' lang='lat' dir='ltr'>coelum</span> <span class='ocrx_word' id='word_1_754' title='bbox 2886 5197 3018 5270; x_wconf 90' lang='lat' dir='ltr'>quid</span> <span class='ocrx_word' id='word_1_755' title='bbox 3075 5205 3266 5270; x_wconf 88' lang='lat' dir='ltr'>agatur</span> <span class='ocrx_word' id='word_1_756' title='bbox 3318 5199 3614 5271; x_wconf 88' lang='lat' dir='ltr'>ignorant:</span> <span class='ocrx_word' id='word_1_757' title='bbox 3681 5213 3781 5252; x_wconf 82' lang='lat' dir='ltr'>nec</span> 
     </span>
    </p>
   </div>
   <div class='ocr_carea' id='block_1_114' title="bbox 2177 5285 3777 5362">
    <p class='ocr_par' dir='ltr' id='par_1_114' title="bbox 2177 5285 3777 5362">
     <span class='ocr_line' id='line_1_115' title="bbox 2177 5285 3777 5362; baseline 0.002 -22"><span class='ocrx_word' id='word_1_758' title='bbox 2177 5285 2315 5341; x_wconf 89' lang='lat' dir='ltr'>scire</span> <span class='ocrx_word' id='word_1_759' title='bbox 2358 5295 2587 5359; x_wconf 89' lang='lat' dir='ltr'>possunt</span> <span class='ocrx_word' id='word_1_760' title='bbox 2635 5305 2755 5362; x_wconf 90' lang='lat' dir='ltr'>qua</span> <span class='ocrx_word' id='word_1_761' title='bbox 2800 5287 2872 5343; x_wconf 92' lang='lat' dir='ltr'>sit</span> <span class='ocrx_word' id='word_1_762' title='bbox 2922 5287 3051 5343; x_wconf 90' lang='lat' dir='ltr'>Filii</span> <span class='ocrx_word' id='word_1_763' title='bbox 3096 5287 3380 5361; x_wconf 90' lang='lat' dir='ltr'>Patrisque</span> <span class='ocrx_word' id='word_1_764' title='bbox 3428 5289 3777 5354; x_wconf 79' lang='lat' dir='ltr'>substantia;</span> 
     </span>
    </p>
   </div>
   <div class='ocr_carea' id='block_1_115' title="bbox 2178 5375 3780 5448">
    <p class='ocr_par' dir='ltr' id='par_1_115' title="bbox 2178 5375 3780 5448">
     <span class='ocr_line' id='line_1_116' title="bbox 2178 5375 3780 5448; baseline 0.001 -19"><span class='ocrx_word' id='word_1_765' title='bbox 2178 5375 2284 5431; x_wconf 90' lang='lat' dir='ltr'>nisi</span> <span class='ocrx_word' id='word_1_766' title='bbox 2337 5377 2488 5448; x_wconf 89' lang='lat' dir='ltr'>prius</span> <span class='ocrx_word' id='word_1_767' title='bbox 2549 5379 2740 5435; x_wconf 89' lang='lat' dir='ltr'>mundi</span> <span class='ocrx_word' id='word_1_768' title='bbox 2793 5379 3061 5435; x_wconf 89' lang='lat' dir='ltr'>elementa</span> <span class='ocrx_word' id='word_1_769' title='bbox 3109 5380 3566 5436; x_wconf 81' lang='lat' dir='ltr'>transcenderint.</span> <span class='ocrx_word' id='word_1_770' title='bbox 3617 5378 3780 5433; x_wconf 85' lang='lat' dir='ltr'>Tunc</span> 
     </span>
    </p>
   </div>
   <div class='ocr_carea' id='block_1_116' title="bbox 2175 5468 3781 5544">
    <p class='ocr_par' dir='ltr' id='par_1_116' title="bbox 2175 5468 3781 5544">
     <span class='ocr_line' id='line_1_117' title="bbox 2175 5468 3781 5544; baseline 0.002 -22"><span class='ocrx_word' id='word_1_771' title='bbox 2175 5468 2322 5523; x_wconf 91' lang='lat' dir='ltr'>enim</span> <span class='ocrx_word' id='word_1_772' title='bbox 2361 5470 2562 5541; x_wconf 91' lang='lat' dir='ltr'>poterit</span> <span class='ocrx_word' id='word_1_773' title='bbox 2588 5471 2710 5544; x_wconf 87' lang='lat' dir='ltr'>quis</span> <span class='ocrx_word' id='word_1_774' title='bbox 2742 5470 3026 5527; x_wconf 91' lang='lat' dir='ltr'>Trinitatis</span> <span class='ocrx_word' id='word_1_775' title='bbox 3064 5470 3302 5544; x_wconf 87' lang='lat' dir='ltr'>aspicere</span> <span class='ocrx_word' id='word_1_776' title='bbox 3335 5471 3525 5527; x_wconf 86' lang='lat' dir='ltr'>divina</span> <span class='ocrx_word' id='word_1_777' title='bbox 3565 5480 3781 5543; x_wconf 79' lang='lat' dir='ltr'>myste-</span> 
     </span>
    </p>
   </div>
   <div class='ocr_carea' id='block_1_117' title="bbox 2174 5624 3118 5695">
    <p class='ocr_par' dir='ltr' id='par_1_117' title="bbox 2174 5624 3118 5695">
     <span class='ocr_line' id='line_1_118' title="bbox 2174 5624 3118 5695; baseline 0.004 -16"><span class='ocrx_word' id='word_1_778' title='bbox 2174 5624 2346 5695; x_wconf 86' lang='lat' dir='ltr'>Lugd.</span> <span class='ocrx_word' id='word_1_779' title='bbox 2370 5631 2425 5679; x_wconf 88' lang='lat' dir='ltr'>et</span> <span class='ocrx_word' id='word_1_780' title='bbox 2438 5625 2685 5683; x_wconf 84' lang='lat' dir='ltr'>Valliscl.</span> <span class='ocrx_word' id='word_1_781' title='bbox 2699 5671 2712 5694; x_wconf 95' lang='lat'>,</span> <span class='ocrx_word' id='word_1_782' title='bbox 2733 5627 2988 5695; x_wconf 81' lang='lat' dir='ltr'>omnium,</span> <span class='ocrx_word' id='word_1_783' title='bbox 3014 5635 3118 5684; x_wconf 88' lang='lat' dir='ltr'>etc.</span> 
     </span>
    </p>
   </div>
   <div class='ocr_carea' id='block_1_118' title="bbox 2246 5695 3276 5768">
    <p class='ocr_par' dir='ltr' id='par_1_118' title="bbox 2246 5695 3276 5768">
     <span class='ocr_line' id='line_1_119' title="bbox 2246 5695 3276 5768; baseline 0.002 -16"><span class='ocrx_word' id='word_1_784' title='bbox 2246 5697 2328 5766; x_wconf 88' lang='lat'>(7)</span> <span class='ocrx_word' id='word_1_785' title='bbox 2361 5695 2545 5755; x_wconf 80' lang='lat' dir='ltr'>Codex</span> <span class='ocrx_word' id='word_1_786' title='bbox 2568 5699 2838 5768; x_wconf 82' lang='lat' dir='ltr'>Valliscl.,</span> <span class='ocrx_word' id='word_1_787' title='bbox 2853 5700 3017 5757; x_wconf 78' lang='lat' dir='ltr'>imber</span> <span class='ocrx_word' id='word_1_788' title='bbox 3041 5699 3276 5756; x_wconf 78' lang='lat' dir='ltr'>mandet.</span> 
     </span>
    </p>
   </div>
  </div>
