3864 6188
99 212 229 272 693

941 207 1310 267 SEBMONES
1346 207 1404 265 S.
1444 204 1801 265 AMBROSIO
1840 203 2213 263 HACTENUS
2252 202 2593 261 ASCRlPTl.

3326 201 3434 259 694

102 337 225 405 ria,
280 352 411 394 cum
439 336 608 393 cmlos
633 350 735 392 sua
784 332 991 390 virtute
1017 330 1275 389 habuerit
1319 338 1554 403 apertos,
1586 330 1731 388 sicut
1758 334 1813 395 Α
1836 325 2194 393 aromatibus,
2246 323 2302 380 id
2333 334 2435 395 est,
2473 342 2599 382 cum
2648 324 2816 381 odore
2875 324 3151 381 bonorum
3188 342 3439 399 operum,

102 424 325 483 beatus
376 425 688 499 Stephanus
745 430 958 497 martyr
984 422 1251 480 reseravit
1304 421 1411 478 sibi
1466 421 1736 494 martyrio

102 531 223 572 suo
255 515 450 585 caelos,
512 524 568 573 et
620 521 857 571 stantem
913 511 1058 569 vidit
1106 512 1175 568 ad
1219 511 1398 568 Patris
1451 511 1738 568 dexteram

104 603 497 673 Salvatorem,
527 602 831 662 secundum
870 601 1019 676 quod
1046 601 1163 675 ipse
1190 601 1305 657 ait:
1354 624 1373 649 ι
1408 602 1551 658 Ecce
1575 599 1739 657 video

104 694 301 752 caelos
329 702 569 768 apertos,
628 702 684 750 et
713 700 951 750 stantem
981 693 1168 749 Jesum
1222 694 1292 750 ad
1320 692 1609 749 dexteram
1637 691 1738 749 Dei

109 783 280 855 (Act.
318 801 422 852 vn,
476 784 595 854 55).
629 807 647 830 ι
690 784 833 856 Ergo
862 782 955 839 cui
993 782 1167 839 clausi
1204 790 1335 839 sunt
1386 782 1532 851 caeli,
1564 798 1739 854 agen-

107 868 265 925 dum
298 878 383 927 est
410 877 472 926 ut
529 869 847 943 aperiantur
886 871 991 938 illi,
1057 878 1326 943 quatenus
1353 886 1519 942 super
1572 869 1739 925 caelos

107 957 419 1017 Christum
450 960 622 1033 possit
650 960 921 1033 aspicere;
974 977 1099 1016 nam
1134 961 1380 1034 quandiu
1409 961 1582 1017 clausi
1610 968 1740 1017 sunt

109 1046 376 1114 homini,
408 1048 689 1106 Christum
720 1067 832 1106 11011
864 1056 1041 1123 potest
1068 1050 1256 1106 videre
1284 1059 1623 1123 regnantem.

192 1139 257 1196 5.
304 1136 779 1206 Quemadmodum
821 1145 1007 1196 autem
1056 1138 1233 1196 clausi
1273 1140 1401 1196 coeli
1453 1137 1736 1212 aperiendi

113 1228 268 1297 sint,
300 1226 582 1301 inquirere
608 1244 709 1285 nos
742 1235 979 1302 oportet.
1037 1229 1177 1285 Puto
1221 1237 1405 1285 autem
1454 1228 1613 1285 aliter
1646 1244 1738 1285 eos

118 1317 347 1391 aperiri
375 1334 487 1374 non
507 1333 685 1389 posse,
717 1318 827 1375 nisi
843 1320 1028 1376 claves
1054 1319 1203 1375 Petri
1233 1319 1466 1392 apostoli
1496 1335 1739 1391 sumpse-

117 1408 335 1478 rimus,
399 1424 535 1481 quas
561 1408 802 1466 Domino
861 1409 1127 1483 largiente
1156 1410 1415 1482 suscepit,
1455 1409 1598 1466 sicut
1624 1409 1739 1482 ipse

118 1498 322 1557 dixit:
395 1520 415 1546 ι
444 1497 570 1555 Tibi
596 1498 739 1556 dabo
787 1500 969 1558 claves
995 1499 1150 1571 regni
1188 1501 1452 1557 caelorum
1508 1499 1728 1571 (Matth.

120 1605 256 1657 xvr,
291 1588 407 1661 18).
436 1610 457 1636 ›
528 1588 647 1645 11110
703 1604 960 1661 rogemus
1016 1590 1260 1657 Petrum,
1294 1598 1356 1645 ut
1405 1589 1519 1661 ipse
1576 1588 1738 1644 nobis

123 1687 403 1751 tanquam
426 1677 608 1735 bonus
646 1677 857 1750 janitor
883 1678 1046 1752 regia:
1085 1677 1317 1736 caelestis
1342 1678 1567 1751 aperiat.
1607 1678 1738 1746 Quae

123 1776 325 1825 autem
366 1768 470 1825 ista
520 1767 694 1825 clavis
720 1767 813 1835 sit,
872 1766 1194 1839 diligentius
1222 1766 1590 1841 requiramus.
1622 1764 1741 1824 Cla-

126 1872 269 1913 vem
322 1856 490 1926 Petri,
552 1856 719 1914 ﬁdem
777 1872 893 1913 esse
950 1855 1190 1913 dixerim
1229 1857 1398 1925 Petri,
1449 1872 1546 1928 per
1574 1872 1739 1929 quam

124 1948 310 2005 cmlos
342 1946 575 2021 aperuit,
635 1945 943 2018 penetravit
993 1945 1212 2002 inferna
1265 1962 1510 2015 securus,
1568 1945 1743 2002 maria

125 2036 380 2095 calcavit
433 2035 765 2109 intrepidus.
825 2036 1001 2093 Tanta
1051 2036 1201 2092 enim
1261 2035 1577 2108 apostolicae
1612 2034 1742 2091 ﬁdei

129 2125 324 2187 virtus
351 2135 455 2194 est,
480 2133 545 2181 ut
580 2132 780 2182 cuncta
808 2123 893 2179 illi
923 2125 1192 2181 elementa
1225 2132 1466 2196 pateant,
1503 2124 1609 2183 hoc
1639 2134 1739 2191 est,

128 2232 257 2273 non
317 2214 403 2270 illi
448 2213 709 2286 angelicae
763 2211 1093 2268 claudantur
1140 2211 1343 2284 januaa,
1407 2230 1518 2269 non
1574 2222 1744 2286 portae

132 2302 482 2377 praevaleant
524 2300 737 2369 tartari,
764 2316 878 2356 non
906 2317 1172 2374 aquarum
1202 2300 1407 2358 fluenta
1436 2302 1741 2358 subsidant.

212 2393 271 2449 6.
304 2394 416 2449 Ista
461 2399 646 2448 autem
704 2391 823 2463 ipsa
851 2391 1041 2461 clavis,
1092 2408 1254 2466 quam
1288 2391 1454 2449 fidem
1484 2392 1744 2459 dicimus,

142 2482 436 2540 videamus
490 2479 957 2554 quemadmodum
1015 2490 1249 2550 constet,
1301 2491 1357 2539 et
1395 2482 1744 2555 quemadmo-

143 2572 280 2629 dum
334 2569 568 2628 solidata
621 2569 714 2627 sit.
764 2569 1021 2626 Arbitror
1084 2570 1236 2627 illam
1269 2570 1561 2627 duodecim
1617 2571 1745 2628 arti-

149 2661 321 2719 ﬁcum
354 2659 674 2733 operatione
731 2658 1064 2727 conflatam;
1115 2658 1407 2717 duodecim
1440 2661 1589 2717 enim
1619 2676 1743 2733 apo-

148 2752 422 2809 stolorum
464 2749 720 2823 symbolo
771 2749 909 2806 ﬁdes
954 2757 1143 2808 sancta
1202 2758 1467 2823 concepta
1502 2758 1602 2819 est,
1648 2749 1745 2822 qui

150 2841 305 2898 velut
332 2839 495 2914 periti
523 2839 764 2897 artiﬁces
792 2839 851 2895 in
880 2856 1053 2897 unum
1085 2841 1498 2910 convenientes,
1530 2841 1744 2898 clavem

148 2948 252 2989 suo
295 2929 533 2989 consilio
580 2928 983 2987 conﬂaverunt.
1007 2929 1233 2989 Clavem
1264 2930 1414 2988 enim
1443 2928 1742 3004 quamdam

1845 423 1900 471 et
1926 413 2229 470 virtutibus
2254 414 2440 470 referti
2476 414 2776 472 Dominum
2808 405 3139 490 quaeramus.

1918 522 1973 580 2.
2006 523 2146 580 Sunt
2173 532 2378 592 autem,
2400 523 2732 593 charissimi,
2764 525 3022 583 nonnulli
3057 525 3151 598 qui
3183 523 3443 582 videntur

1847 612 2148 670 Dominum
2171 629 2412 687 quaerere
2437 632 2451 681 ;
2505 613 2598 669 sed
2628 614 2759 687 quia
2785 614 2949 671 otiosi
3006 623 3156 683 sunt,
3187 624 3240 672 et
3269 633 3301 671 a
3328 615 3437 670 vir-

1847 702 2062 761 tutibus
2108 701 2299 770 alieni,
2348 701 2510 757 illum
2554 718 2666 757 non
2703 712 2985 760 merentur
3032 704 3303 773 invenire,
3339 720 3443 761 nec

1848 790 2141 848 inventum
2196 791 2405 847 videre.
2478 791 2727 864 Denique
2784 791 2918 864 quid
2967 793 3281 865 quaerebant
3331 794 3443 849 illa:

1847 888 2049 937 sanctas
2080 881 2339 952 mulieres
2370 880 2427 935 in
2458 887 2837 948 monumento,
2868 879 2977 935 nisi
2996 897 3191 953 corpus
3221 882 3442 938 Domini

1846 969 1975 1026 Iesu
1996 969 2025 1025 ‘l
2051 971 2124 1025 Et
2153 986 2253 1025 vos
2284 968 2416 1041 quid
2450 969 2697 1041 quaeritis
2729 968 2789 1024 in
2826 969 3072 1025 Ecclesia
3100 970 3206 1025 nisi
3236 969 3441 1038 Iesum,

1848 1057 1907 1114 id
1948 1066 2050 1126 est,
2082 1059 2467 1116 Salvatorem?
2512 1057 2619 1115 Sed
2648 1058 2696 1114 si
2748 1057 2952 1130 cupitis
2979 1059 3141 1115 illum
3172 1057 3441 1126 invenire,

1849 1154 1972 1203 orto
2003 1148 2137 1216 sole,
2169 1155 2232 1202 ut
2258 1146 2376 1202 ista)
2434 1146 2717 1216 mulieres,
2748 1146 3017 1214 venite,id
3063 1154 3164 1214 est,
3197 1162 3308 1202 non
3334 1147 3447 1203 sint

1847 1235 1907 1291 in
1957 1235 2217 1293 cordibus
2276 1235 2474 1292 vestris
2529 1235 2768 1291 tenebrae
2834 1236 3099 1293 vitiorum
3141 1254 3154 1304 ;
3208 1235 3447 1292 carnalia

1848 1325 1999 1380 enim
2052 1324 2347 1393 desideria,
2402 1332 2457 1380 et
2509 1325 2653 1380 mala
2698 1341 2863 1397 opera
2907 1323 3147 1381 tenebrae
3184 1331 3333 1381 sunt.
3382 1325 3445 1381 In

1849 1428 2082 1485 quorum
2140 1428 2271 1469 vero
2343 1412 2603 1471 cordibus
2666 1414 2805 1470 tales
2850 1413 3118 1470 tenebrae‘
3136 1421 3284 1483 sunt,
3334 1429 3446 1471 non

1849 1502 2043 1559 vident
2108 1505 2307 1572 lucem,
2376 1518 2487 1559 non
2560 1503 2883 1577 intelligunt
2935 1503 3266 1571 Christum;
3318 1503 3448 1578 quia

1848 1590 2103 1651 Christus
2140 1594 2238 1650 lux
2285 1599 2388 1650 est.
2424 1593 2691 1665 Repellite
2738 1594 2910 1665 igitur
2942 1610 2973 1649 a
3021 1592 3201 1663 vobis,
3229 1593 3444 1662 fratres,

1773 1702 1820 1764 Β
1850 1683 2126 1751 tenebras,
2180 1681 2237 1738 id
2270 1691 2396 1755 est,
2431 1697 2623 1737 omnes
2673 1681 3087 1753 delectationes,
3145 1689 3200 1739 et
3262 1682 3449 1739 omnia

1850 1787 2017 1844 opera
2073 1771 2237 1838 mala,
2268 1779 2323 1827 et
2368 1777 2555 1826 curate
2613 1769 2813 1826 habere
2868 1778 3133 1840 aromata,
3189 1771 3295 1828 hoc
3342 1778 3443 1839 est,

1851 1859 2159 1917 orationem
2191 1858 2478 1926 mundam,
2501 1856 2884 1915 dicentescum
2914 1859 3237 1915 Psalmista:
3267 1882 3286 1906 ι
3304 1859 3446 1916 Diri-

1852 1957 2031 2022 gatur,
2092 1948 2347 2017 Domine,
2408 1947 2584 2003 oratio
2639 1963 2779 2017 mea,
2836 1947 2981 2006 sicut
3042 1947 3331 2007 incensum
3387 1947 3446 2009 in

1851 2046 2148 2111 conspectu
2178 2046 2275 2093 tuo
2307 2037 2483 2110 (Psal.
2524 2052 2649 2105 CXL,
2673 2035 2753 2108 2).
2785 2060 2804 2085 ι

1924 2143 1977 2201 3.
2009 2143 2295 2200 Attendite
2340 2143 2565 2216 insuper
2608 2142 2755 2218 quod
2795 2142 3065 2213 audistis;
3094 2160 3293 2219 nempe
3321 2145 3445 2203 Ma-

1853 2232 1935 2289 ria
1961 2233 2298 2305 Magdalena,
2349 2233 2479 2306 quia
2531 2232 2928 2306 perseverando
2985 2233 3054 2290 ad
3110 2251 3448 2293 monumen-

1852 2327 1992 2391 tum,
2022 2338 2185 2396 quem
2215 2321 2513 2395 quaerebat,
2544 2321 2796 2389 invenit;
2846 2322 3106 2395 quoniam
3150 2345 3169 2371 ι
3190 2324 3285 2397 qui
3314 2340 3448 2399 per—

1853 2410 2188 2467 severaverit
2238 2427 2411 2483 usque
2442 2412 2499 2466 in
2529 2411 2716 2479 ﬁnem,
2763 2411 2857 2468 hic
2879 2414 3065 2468 salvus
3094 2413 3199 2470 erit
3230 2414 3443 2487 (Matth.

1854 2518 1913 2566 x,
1944 2501 2060 2572 22).
2094 2524 2112 2547 ι
2157 2499 2311 2556 Unde
2341 2500 2485 2557 sicut
2514 2516 2731 2557 necesse
2761 2508 2842 2556 est
2870 2509 2933 2557 ut
2962 2502 3169 2558 malum
3226 2518 3258 2558 a
3288 2502 3447 2558 vobis

1853 2588 2131 2663 repellatis
2170 2607 2184 2657 ;
2221 2588 2298 2644 ita
2334 2588 2557 2661 expedit
2600 2589 2830 2645 omnino
2867 2597 2930 2645 ut
2957 2590 3018 2645 in
3066 2591 3235 2660 bono,
3298 2590 3449 2664 quod

1848 2680 1963 2754 jam
2011 2678 2335 2747 inchoastis,
2380 2677 2694 2733 ﬁrmissime
2743 2680 3119 2750 perseveretis,
3159 2679 3206 2736 si
3248 2679 3450 2736 Domi-

1853 2785 1989 2825 num
2018 2767 2207 2823 videre
2236 2774 2289 2823 et
2335 2766 2404 2823 ad
2455 2767 2732 2824 caelestem
2764 2768 2995 2841 patriam
3023 2769 3310 2841 pervenire
3342 2768 3450 2826 de-

1854 2857 2126 2914 sideratis.

1924 2956 1979 3012 4.
2042 2955 2289 3029 Denique
2367 2952 2499 3027 quia
2567 2960 2816 3010 sanctum
2874 2953 3082 3011 Pascha
3138 2954 3444 3026 celebratis,

388 3019 741 3133 Asylfﬂomi
767 3019 1034 3133 ξίξξθξξῗζ
1227 3020 1401 3133 (ἰξιίξίξ
1430 3026 1741 3133 τθδξξξξξξξτ
1774 3070 1819 3133 G
1853 3045 2057 3105 debitis
2104 3019 2265 3113 scire,
2296 3019 2513 3111 fraires,
2545 3042 2681 3115 quid
2712 3042 2785 3098 sit
2814 3042 3037 3100 Pascha.
3071 3043 3279 3101 Pascha
3310 3019 3442 3103 vero

146 3111 354 3172 diaboli
388 3110 650 3179 tenebras,
680 3118 744 3167 ut
776 3110 876 3167 lux
906 3109 1113 3167 Christi
1143 3110 1438 3167 adveniat:
1483 3110 1737 3183 aperiun-

142 3210 234 3260 tur
261 3200 617 3259 conscientia
645 3200 830 3257 clausa
871 3207 1113 3273 peccata,
1146 3207 1210 3256 ut
1229 3199 1464 3273 justitiae
1491 3199 1739 3272 fulgeant

141 3307 306 3365 opera
356 3289 666 3347 manifesta.
716 3289 892 3362 Igitur
938 3289 1056 3347 hac
1083 3289 1256 3347 clavis
1294 3288 1633 3347 ostendenda
1658 3294 1739 3343 est

143 3380 412 3438 fratribus
459 3379 698 3446 nostris;
758 3385 915 3435 utet
973 3379 1080 3451 ipsi
1144 3388 1407 3453 tanquam
1478 3376 1737 3450 discipuli

144 3468 291 3525 Petri
352 3466 571 3524 inferna
637 3463 746 3523 sibi
791 3480 1052 3534 reserare,
1118 3464 1288 3522 caelos
1352 3463 1564 3538 aperire
1611 3478 1738 3520 con-

145 3564 418 3615 918808113.

572 3673 721 3732 433
769 3665 1003 3744 sEnMO
1050 3666 1313 3726 XXXIV.

546 3766 837 3825 Dominica
888 3766 1347 3825 Resurrectionis.

145 3877 302 3935 Hunc
331 3891 640 3944 sermonem,
663 3893 780 3932 cum
806 3876 996 3932 deesset
1038 3876 1097 3931 in
1133 3874 1370 3946 antiquis
1400 3872 1738 3943 editionibus,

212 3950 457 4005 Romana
502 3947 596 4002 sub
631 3948 725 4003 hoc
748 3947 900 4003 titulo
920 3948 1205 4019 evulgavit.
1230 3949 1305 4003 Et
1325 3962 1385 4001 re
1616 3963 1744 4019 vera

216 4020 275 4101 in
459 4018 703 4101 quaedam
744 4017 1082 4101 emponantur
1106 4021 1179 4101 ad
1206 4017 1556 4101 Evangeliupt
1583 4017 1742 4101 hujus

539 4089 891 4173 pertinentia:
1029 4092 1172 4173 quod
1196 4090 1435 4173 eumdem
1473 4089 1745 4173 Ambrosii

215 4163 428 4218 nomine
482 4162 795 4233 inscriptum
841 4161 1094 4230 exhibuit,
1152 4162 1210 4216 id
1256 4178 1382 4217 sane
1426 4161 1745 4216 reclamante

218 4234 391 4289 sancti
408 4233 595 4305 Patris
617 4235 753 4305 stylo
781 4234 1051 4305 etingenio
1070 4233 1210 4303 fecit.

222 4307 272 4362 1.
314 4304 585 4373 Audistis,
635 4300 852 4374 fratres,
887 4300 1035 4378 quod
1070 4300 1287 4362 sancta)
1320 4300 1602 4368 mulieres,
1624 4319 1745 4378 quat

147 4439 274 4480 cum
321 4420 659 4478 aromatibus
687 4420 756 4478 ad
785 4429 1207 4478 monumentum
1230 4435 1448 4489 venere,
1489 4420 1745 4494 angelum
1778 4433 1827 4493 ι)

149 4510 444 4578 viderunt;
500 4510 685 4584 inquit
720 4511 908 4568 enim:
944 4536 962 4559 ι
991 4510 1063 4567 Et
1100 4510 1405 4567 intreuntes
1454 4508 1514 4565 in
1554 4526 1748 4566 monu-

150 4609 401 4658 mentum
455 4600 716 4658 viderunt
764 4602 1026 4675 juvenem
1093 4601 1372 4658 sedentem
1421 4600 1479 4656 in
1539 4599 1752 4656 dextris

154 4692 350 4764 (Marc.
374 4706 499 4759 xvi,
531 4690 611 4762 2).
638 4715 656 4738 ι
725 4688 861 4757 Quis
887 4707 1019 4746 vero
1059 4689 1283 4762 juvenis
1314 4689 1417 4746 iste
1447 4690 1637 4759 fuerit,
1684 4706 1753 4746 ne

151 4779 485 4853 ambiguitas
511 4788 569 4837 te
595 4778 917 4849 offenderet,
951 4780 1094 4836 alius
1124 4779 1461 4853 evangelista
1489 4779 1710 4853 scripsit
1737 4798 1747 4835 :

166 4895 185 4919 ε
217 4871 461 4945 Angelus
511 4869 660 4927 enim
698 4870 925 4927 Domini
963 4869 1248 4926 descendit
1295 4869 1362 4926 de
1392 4870 1554 4938 caelo,
1577 4877 1631 4925 et
1669 4885 1754 4926 ac-

153 4963 353 5022 cedens
425 4960 666 5018 revolvit
724 4959 984 5034 lapidem,
1035 4965 1089 5014 et
1144 4958 1365 5015 sedebat
1413 4975 1575 5031 super
1630 4974 1756 5014 eum

157 5052 374 5123 (Matth.
432 5067 639 5120 xxvm,
677 5050 760 5121 2).
786 5074 803 5096 ι
881 5046 1052 5105 Maria
1082 5062 1212 5103 vero
1267 5046 1605 5118 Magdalena,
1638 5063 1757 5120 quae

154 5141 361 5214 arctius
422 5138 685 5213 diligebat
739 5137 947 5206 Iesum,
1013 5136 1142 5210 quia
1189 5134 1353 5207 juxta
1447 5136 1756 5208 sepulcrum

157 5229 552 5306 perseveravit,
599 5228 903 5287 Dominum
950 5226 1134 5301 prima
1188 5225 1440 5284 omnium
1488 5226 1653 5295 vidit,
1707 5235 1762 5282 ct

157 5321 422 5395 apostolis
452 5318 828 5377 annuntiavit.
864 5318 1051 5392 lnquit
1079 5316 1228 5375 enim
1257 5316 1497 5373 Joannes
1528 5331 1759 5387 evange-

160 5412 324 5480 lista;
374 5436 392 5460 ι
440 5411 611 5470 Venit
648 5407 822 5468 Maria
859 5408 1179 5484 Magdalena
1220 5406 1558 5465 annuntians
1584 5403 1764 5462 disci-

160 5503 339 5578 pulis:
390 5502 526 5561 Vidi
580 5500 904 5569 Dominum,
963 5510 1020 5559 et
1067 5499 1186 5558 haec
1240 5495 1382 5553 mihi
1436 5495 1605 5565 dixit,
1655 5501 1760 5554 etc.

160 5586 342 5655 ann.
374 5612 479 5665 xx,
518 5594 633 5668 18).
668 5618 689 5643 ι
738 5592 841 5649 Per
871 5610 992 5669 quae
1042 5608 1143 5650 nos
1186 5603 1499 5655 monemur,
1549 5594 1612 5643 ut
1638 5602 1764 5644 cum

1848 3136 2114 3194 transitus
2155 3132 2397 3200 dicitur;
2456 3131 2580 3187 ideo
2626 3138 2811 3187 autem
2840 3132 2941 3189 tali
2979 3133 3205 3189 nomine
3249 3143 3445 3191 vocata

1850 3233 1931 3282 est
1977 3225 2085 3281 ista
2133 3222 2426 3289 festivitas,
2475 3220 2605 3293 quia
2663 3220 2721 3276 iu
2778 3220 2896 3292 ipsa
2940 3221 3282 3277 transierunt
3337 3222 3444 3279 ﬁlii

1850 3316 2017 3373 Israel
2046 3330 2116 3370 ex
2162 3313 2425 3385 Egypto,
2469 3317 2524 3366 et
2551 3311 2668 3383 ipse
2710 3308 2887 3365 Filius
2932 3310 3033 3366 Dei
3079 3311 3344 3368 transivit
3373 3328 3444 3369 ex

1850 3404 1956 3462 hoc
1998 3401 2207 3460 mundo
2248 3400 2318 3457 ad
2367 3401 2605 3457 Patrem.
2629 3398 2837 3456 Verum
2867 3399 3002 3473 quid
3031 3399 3190 3456 vobis
3220 3400 3446 3473 prodest

1851 3494 1999 3569 quod
2052 3492 2261 3551 Pascha
2309 3490 2617 3559 celebretis,
2675 3490 2721 3546 si
2774 3505 2886 3547 non
2941 3490 3240 3548 imitamini
3296 3491 3445 3565 quod

1851 3585 2036 3643 colitis
2056 3585 2084 3641 ‘l
2136 3584 2243 3643 hoc
2297 3589 2397 3650 est,
2432 3582 2479 3638 si
2524 3595 2638 3637 non
2666 3580 2917 3637 transitis
2948 3578 3016 3637 ab
3067 3582 3329 3653 IEgypto,
3386 3580 3444 3638 id

1852 3684 1956 3742 est,
1986 3692 2019 3731 a
2071 3672 2315 3731 tenebris
2370 3669 2641 3727 vitiorum
2697 3668 2767 3727 ad
2796 3671 2975 3728 lucem
3008 3670 3302 3740 virtutum,
3334 3678 3389 3728 et
3414 3687 3448 3727 a

1852 3765 2047 3823 mundi
2073 3763 2242 3837 hujus
2271 3777 2454 3819 amore
2494 3760 2564 3817 ad
2591 3760 2927 3817 desiderium
2947 3760 3185 3817 ctelestis
3213 3761 3400 3833 patrias
3417 3762 3446 3819 ‘l

1851 3857 1988 3914 Nam
2017 3863 2146 3912 sunt
2177 3853 2338 3910 multi
2393 3851 2491 3925 qui
2521 3850 2759 3924 gaudent
2809 3851 2868 3906 in
2896 3850 3002 3907 ista
3044 3851 3361 3919 festivitate,
3392 3859 3447 3907 et

1853 3948 2048 4006 colunt
2080 3945 2223 4007 hanc
2252 3941 2686 4009 solemnitatem;
2720 3947 2775 3996 et
2816 3947 3001 3996 tamen
3030 3941 3194 4006 male,
3224 3947 3278 3996 et
3300 3941 3447 3996 malo

1854 4053 1978 4104 suo,
2010 4034 2143 4109 quia
2169 4048 2280 4089 non
2306 4028 2649 4086 transierunt
2668 4045 2737 4084 ex
2755 4028 2860 4084 hoc
2888 4028 3095 4085 mundo
3114 4028 3181 4085 ad
3209 4029 3446 4098 Patrem,

1856 4123 1915 4181 id
1969 4129 2071 4191 est,
2130 4136 2243 4177 non
2290 4125 2578 4174 transeunt
2636 4133 2668 4172 a
2715 4116 2910 4174 mundi
2960 4118 3282 4191 cupiditate,
3315 4126 3370 4175 et
3419 4136 3451 4175 a

1856 4212 2063 4270 carnali
2123 4208 2489 4267 delectatione
2514 4207 2583 4263 ad
2611 4205 2849 4263 ccelestis
2880 4206 3071 4279 patriae
3101 4223 3369 4265 amorem.
3403 4209 3448 4265 Ο

1857 4302 2046 4360 miseri
2077 4298 2399 4368 Christiani,
2431 4297 2526 4371 qui
2576 4297 2633 4353 in
2666 4298 2908 4371 Egypto
2935 4304 3083 4366 sunt,
3135 4299 3193 4356 id
3220 4305 3323 4368 est,
3348 4298 3450 4355 sub

1858 4400 2124 4469 potestate
2164 4389 2395 4458 diaboli,
2427 4397 2483 4445 et
2510 4386 2750 4462 gaudent
2776 4388 2836 4445 in
2867 4389 3055 4446 malist
3076 4389 3272 4447 Moneo
3301 4405 3451 4463 qua-

1859 4491 2081 4557 propter
2124 4497 2246 4549 vos,
2304 4480 2520 4547 fratres,
2568 4486 2631 4536 ut
2660 4478 2868 4536 Pascha
2908 4479 3013 4536 rite
3053 4478 3361 4547 celebretis,
3392 4478 3453 4534 id

1859 4583 1961 4643 est,
1984 4573 2285 4631 transitum
2315 4568 2547 4627 faciatis.
2599 4568 2927 4641 Quicunque
2962 4567 3097 4624 mali
3127 4567 3273 4626 hanc
3301 4565 3454 4623 festi-

1858 4666 2084 4723 vitatem
2114 4661 2421 4729 celebratis,
2478 4659 2711 4715 transite
2748 4658 2816 4714 de
2870 4657 3029 4712 vitiis
3060 4656 3129 4711 ad
3161 4656 3398 4711 virtutes
3430 4671 3445 4711 :

1863 4756 2181 4829 quicunque
2230 4766 2362 4807 vero
2419 4748 2577 4813 boni,
2642 4746 2874 4803 transite
2917 4745 2986 4800 de
3008 4742 3331 4800 -virtutibus
3386 4742 3457 4799 ad

1865 4843 2139 4907 virtutes;
2181 4846 2236 4894 et
2286 4838 2366 4893 ita
2408 4844 2471 4892 ut
2520 4834 2710 4891 nullus
2749 4840 3027 4889 remaneat
3055 4832 3114 4888 in
3141 4830 3320 4899 vobis,
3360 4831 3457 4902 qui

1866 4932 2162 4989 transitum
2188 4943 2300 4982 non
2326 4923 2508 4981 faciat.

1936 5040 1990 5097 5.
2037 5038 2109 5093 Et
2154 5035 2300 5091 sicut
2342 5030 2516 5087 Judaei
2580 5027 2799 5102 quando
2841 5027 3047 5086 Pascha
3090 5026 3458 5099 celebrabant,

1868 5136 2077 5202 septem
2124 5125 2243 5181 dies
2275 5138 2468 5196 azyma
2502 5118 2905 5180 comedebant:
2956 5119 3032 5176 ita
3058 5118 3240 5176 omnis
3292 5120 3463 5177 Chri-

1870 5219 2102 5282 stianus,
2149 5215 2245 5289 qui
2314 5213 2431 5269 veri
2480 5210 2644 5285 Agni,
2714 5209 2771 5267 id
2810 5218 2913 5278 est,
2960 5209 3189 5279 Christi,
3236 5225 3459 5267 carnem

1870 5308 2130 5376 comedit,
2188 5323 2286 5379 per
2344 5321 2506 5362 omne
2544 5311 2762 5375 tempus
2800 5302 2929 5358 vitae
2996 5318 3127 5371 suae,
3180 5301 3327 5376 quod
3367 5318 3465 5374 per

1871 5409 2076 5475 septem
2137 5398 2385 5454 volvitur
2457 5395 2595 5462 dies,
2651 5391 2979 5465 simpliciter
3035 5400 3089 5448 et
3144 5391 3467 5449 innocenter

1872 5492 2036 5551 debet
2075 5488 2410 5547 conversari.
2481 5483 2699 5551 Videte,
2760 5482 2980 5550 fratres,
3029 5480 3210 5539 videte
3246 5498 3315 5538 ne
3347 5481 3467 5537 fer-

1873 5591 2122 5641 mentum
2154 5588 2312 5640 vetus
2339 5580 2414 5638 sit
2439 5576 2587 5653 apud
2613 5593 2738 5646 vos,
2767 5577 2911 5635 sicut
2936 5582 3123 5634 monet
3147 5574 3467 5649 Apostolus,
