3864 6188
441 241 551 302 695

1460 234 1556 289 AD
1597 229 1831 288 OPERA
1868 229 1924 284 S.
1966 225 2298 286 AMBROSII
2336 221 2718 283 APPENDIX.

3652 213 3753 273 696

441 364 668 424 dicens:
728 388 747 410 ι
776 361 1090 436 Expurgate
1137 365 1296 419 vetus
1344 359 1677 415 fermentum
1730 355 1789 426 (Ι
1817 353 1946 410 Cor.
1979 369 2038 421 v,
2069 362 2119 422 Α
2148 352 2346 408 futura
2376 365 2445 405 ex
2471 365 2528 405 se
2556 345 2745 419 stirpis
2773 343 3041 417 originem
3071 340 3434 416 propagavit;
3471 348 3540 397 ut
3565 339 3754 436 divina

443 457 524 533 7),
556 481 574 505 ι
616 454 678 514 id
702 463 805 525 est,
847 453 1050 512 veteris
1078 451 1324 510 hominis
1363 448 1860 508 conversationem.
1886 445 2041 503 Tunc

441 547 590 605 enim
613 545 766 603 eritis
793 546 912 603 veri
941 543 1265 610 Christiani,
1300 541 1344 597 si
1375 555 1538 596 omne
1567 536 1773 592 malum
1801 533 2040 591 declina-

442 642 656 711 veritis,
707 639 853 715 quod
901 639 1219 711 designatur
1257 652 1352 708 per
1394 641 1553 690 vetus
1602 632 1957 698 fermentum,
1987 635 2041 684 et

441 733 591 809 quod
619 732 675 788 in
703 729 977 804 baptismo
989 725 1340 800 promisistis,
1375 723 1615 780 ﬁdeliter
1634 719 2038 787 custodieritis,

442 822 594 898 quod
652 819 766 893 ipse
819 817 979 874 vobis
1007 814 1292 883 concedat,
1343 813 1438 886 qui
1468 811 1610 868 vivit
1639 818 1692 868 et
1719 818 1910 885 regnat
1945 823 2040 882 per

443 909 666 969 inﬁnita
693 907 891 966 saecula
917 907 1273 974 saeculorum,
1303 919 1483 959 amen.

903 1055 1049 1112 437
1080 1047 1316 1106 SERMO
1337 1045 1575 1102 XXXV.

867 1151 946 1206 De
976 1146 1244 1222 mysterio
1289 1145 1510 1202 Pascha
1540 1146 1608 1201 II.

439 1261 540 1319 Hic
591 1273 762 1314 sermo
809 1257 868 1312 in
919 1255 1157 1312 omnibus
1215 1251 1484 1311 Ambrosii
1536 1249 1663 1306 edit.
1719 1244 2038 1319 subwlibelti

514 1331 668 1387 titulo
721 1329 779 1384 in
823 1331 986 1384 lucem
1021 1327 1240 1399 prodiit,
1309 1342 1446 1399 cumA
1475 1331 1649 1379 tamen
1669 1317 2035 1399 _manifestun_t

510 1402 584 1457 sit
634 1388 1034 1457 conciuncutani
1059 1415 1184 1465 esse,
1227 1388 1369 1468 quia
1415 1395 1608 1466 festum
1659 1391 1935 1449 Paschatis
1974 1388 2036 1443 ob

512 1478 815 1516 rmarnlnm
872 1470 1098 1516 hominis
1164 1467 1518 1516 innocentiam
1584 1471 1740 1516 atoue
1816 1461 2038 1516 salutem

512 1493 543 1530 r
645 1478 818 1529 ratam
871 1471 1098 1527 hominis
1164 1471 1518 1524 innocentiam
1584 1471 1740 1534 atque
1816 1471 2036 1516 salutem

511 1490 640 1602 εἷῖῗ
671 1544 854 1600 debere
898 1542 1123 1599 ostendit
1149 1547 1355 1612 auctor.
1408 1538 1559 1612 Quod
1583 1543 1758 1612 autem
1808 1533 1889 1588 hic
1925 1549 2036 1612 an:

511 1622 624 1699 ρων
659 1614 1053 1742 ῗὺιᾼιηὺνοδίο
1108 1613 1252 1669 alius
1279 1603 1464 1682 fuerit,
1498 1611 1837 1684 exploratum
1863 1603 2039 1659 reddit

431 1703 437 1708 ·
513 1705 631 1762 ipsa
697 1705 742 1742 ie
767 1705 838 1743 ιο.

512 1830 742 1890 CAPUT
762 1830 1054 1888 PRIMUM.
1083 1825 1452 1886 —i.Pascha
1483 1824 1807 1898 mysterium
1835 1819 1902 1878 de
1931 1819 2040 1876 ﬁde

441 1921 702 1978 omnibus
739 1919 1091 1978 credentibus
1134 1919 1194 1976 in
1232 1918 1453 1978 Christo
1499 1914 1724 1983 renatis,
1756 1911 2040 1970 recidiva-

443 2020 560 2067 tum
594 2011 675 2083 (8)
709 2010 836 2066 ﬁdei
886 2026 1083 2066 annua
1113 2007 1394 2066 felicitatis
1427 2004 1687 2079 gaudium
1719 2010 1773 2058 et
1803 1999 2037 2074 gloriam

443 2101 740 2158 ministrat.
787 2099 944 2168 Quod
989 2100 1211 2173 quidem
1251 2113 1466 2156 sacrum
1514 2109 1716 2152 nomen
1765 2092 1833 2148 ab
1863 2089 2039 2164 ipsius

441 2189 669 2248 Domini
699 2189 949 2263 passione
976 2187 1290 2255 descendit;
1337 2183 1545 2242 Pascha
1573 2183 1721 2239 enim
1753 2180 1932 2255 passio
1957 2187 2041 2236 est

443 2280 762 2348 Salvatoris,
822 2279 966 2336 sicut
994 2279 1186 2335 beatus
1232 2275 1530 2350 Apostolus
1559 2272 1696 2330 dicit
1725 2291 1736 2329 :
1785 2295 1803 2318 ι
1833 2269 2040 2326 Pascha

443 2368 591 2426 enim
622 2377 872 2426 nostrum
903 2368 1221 2424 immolatus
1235 2376 1315 2424 est
1335 2364 1587 2424 Christus
1619 2365 1675 2435 (Ι
1689 2363 1814 2421 Cor.
1837 2378 1895 2429 v,
1920 2361 2024 2432 7).-

443 2467 529 2524 Ad
558 2466 664 2522 hoc
692 2465 838 2521 enim
863 2465 1167 2521 humanum
1182 2481 1382 2538 corpus
1411 2463 1663 2522 Christus
1683 2460 2040 2532 accipiens,se

445 2559 504 2615 in
557 2558 863 2632 passionem
927 2556 1147 2614 Pascha
1207 2554 1473 2630 mysterio
1540 2553 1920 2618 consecravit;
1978 2562 2042 2607 ut

443 2647 693 2721 quisquis
731 2645 896 2719 hujus
943 2646 1189 2704 muneris
1227 2662 1323 2719 per
1356 2644 1521 2702 ﬁdem
1566 2640 2039 2716 participationem

441 2746 583 2796 esset
613 2737 886 2809 indeptus,
907 2736 1184 2794 consortio
1216 2735 1520 2792 Dominica
1536 2731 1818 2789 felicitatis
1841 2730 2041 2803 dignus

444 2830 642 2885 merito
673 2836 1004 2884 censeretur.

515 2932 744 2988 CAPUT
773 2931 844 2986 II.
865 2959 938 2970 —
969 2929 1021 2984 2.
1053 2930 1152 2984 Est
1171 2929 1319 2985 enim
1350 2925 1558 2984 Pascha
1587 2943 1714 2983 vere
1733 2927 1866 2983 anni
1892 2927 2040 3000 prin-

441 3021 671 3096 cipium,
713 3018 879 3093 primi
907 3019 1111 3075 mensis
1145 3018 1461 3086 exordium,
1487 3019 1706 3074 novella
1726 3018 2036 3090 germinum

2148 440 2252 496 hoc
2299 440 2421 495 loco
2477 445 2623 492 recte
2675 433 2946 491 sententia
2998 432 3414 503 compleretur:
3493 427 3754 484 «Invidia

2147 529 2355 586 diaboli
2408 543 2556 582 mors
2589 523 2841 581 introivit
2893 522 2950 578 in
2981 521 3167 577 orbem
3198 528 3480 575 terrarum
3508 517 3668 588 (Sap.
3699 535 3752 584 ιι,

2147 617 2305 690 24).»
2365 619 2446 673 Ita
2500 632 2596 688 per
2655 613 2998 671 occasionem
3077 609 3291 676 delicti,
3357 607 3417 662 in
3483 606 3753 663 universis

2147 707 2527 782 peccatoribus
2557 704 2812 761 diabolus
2833 701 3025 756 mortis
3057 709 3138 755 est
3168 698 3402 755 sortitus
3432 697 3749 769 imperium,

2147 811 2310 876 atque
2339 817 2530 858 omnes
2547 817 2577 855 a
2597 802 2712 856 Deo
2736 795 3037 861 deviantes,
3063 791 3271 866 peccati
3294 792 3539 847 vinculo
3569 790 3750 846 obstri-

2147 901 2286 961 ctos,
2316 889 2619 964 squalentis
2651 885 2840 944 tartari
2872 886 3087 942 clausos
3105 881 3385 953 ergastulo
3417 880 3745 952 possidebat.

2219 982 2448 1040 CAPUT
2503 980 2600 1037 IV.
2659 1009 2729 1020 —
2784 977 2836 1032 4.
2909 975 3154 1042 Quorum
3217 972 3522 1028 interitum
3573 971 3749 1026 dolens

2147 1073 2338 1131 divina
2391 1087 2644 1140 censura,
2677 1085 2789 1126 non
2844 1082 2940 1141 per
2992 1081 3211 1122 servum
3272 1071 3485 1130 vatem,
3538 1078 3642 1118 nec
3669 1078 3750 1134 per

2145 1164 2398 1236 angelum
2446 1158 2825 1216 invisibilem:
2880 1155 2972 1212 sed
3019 1154 3088 1210 ad
3119 1153 3225 1210 hoc
3253 1169 3354 1225 per
3385 1150 3749 1207 substantiam

2147 1250 2401 1306 humana
2429 1249 2610 1305 carnis
2642 1246 2758 1320 (10)
2800 1246 2859 1302 in
2890 1243 3123 1300 homine
3154 1244 3300 1299 Deus
3331 1241 3576 1297 veniens
3611 1240 3749 1296 habi-

2146 1339 2320 1406 tavit;
2388 1345 2452 1393 ut
2503 1337 2791 1393 honestam
2849 1333 3076 1390 vivendi
3130 1331 3368 1388 formam
3427 1330 3749 1385 mortalibus

2145 1427 2318 1495 daret,
2361 1436 2416 1483 et
2468 1424 2818 1498 temporariis
2876 1430 3136 1480 aternam
3186 1421 3244 1476 in
3291 1437 3352 1477 se
3400 1419 3749 1476 credentibus

2144 1517 2317 1573 vitam
2379 1517 2632 1588 exemplo
2662 1532 2774 1570 sua
2822 1512 3017 1569 mortis
3055 1529 3119 1568 ac
3163 1509 3602 1567 resurrectionis
3628 1525 3750 1580 ape-

2143 1605 2298 1662 riret.
2331 1605 2401 1662 Ut
2429 1604 2577 1660 enim
2627 1601 2988 1660 incredulitas
3027 1607 3081 1657 et
3109 1600 3553 1656 simulacrorum
3583 1597 3748 1654 cultus

2144 1694 2266 1752 cali
2297 1693 2506 1748 aditum
2537 1693 2843 1758 clauserat;
2899 1691 2976 1745 ita
3011 1689 3218 1745 inferni
3241 1686 3586 1744 barathrum
3618 1703 3748 1758 pra-

2146 1783 2469 1841 varicatoris
2505 1783 2734 1855 perﬁdia
2759 1787 3095 1855 procurarat.

2218 1874 2271 1930 5.
2328 1875 2390 1928 In
2447 1889 2680 1945 quorum
2760 1868 3050 1942 suppliciis
3097 1881 3270 1940 usque
3331 1865 3402 1922 ad
3453 1864 3743 1921 adventum

2147 1963 2447 2021 Salvatoris
2491 1961 2717 2018 Domini
2749 1962 2878 2016 Jesu
2911 1957 3121 2018 Christi
3173 1956 3434 2014 diabolus
3464 1972 3569 2028 per
3607 1972 3745 2010 mor—

2147 2063 2256 2112 tem
2314 2051 2581 2126 regnavit,
2638 2050 2817 2106 donec
2889 2048 3146 2104 humana
3217 2045 3403 2104 carnis
3464 2043 3539 2100 ad
3587 2046 3743 2100 Deum

2147 2147 2506 2215 attemperata
2539 2138 2866 2206 substantia,
2929 2136 3347 2193 immaculatum
3379 2149 3592 2206 corpus
3621 2148 3746 2189 con-

2148 2235 2346 2295 ditioni
2405 2232 2598 2290 mortis
2629 2229 2863 2287 addixit.
2924 2229 3140 2299 Expers
3211 2225 3420 2298 peccati
3481 2223 3744 2289 Christus,

2147 2343 2272 2384 cum
2304 2323 2372 2380 ad
2424 2321 2616 2379 tartari
2681 2319 2793 2375 ima
2817 2315 3189 2382 descenderet,
3231 2331 3379 2371 seras
3413 2313 3632 2368 inferni
3663 2312 3745 2384 ja-

2148 2430 2391 2487 nuasque
2407 2412 2784 2484 confringens,
2802 2408 3017 2464 vinctas
3039 2412 3264 2478 peccato
3295 2403 3542 2471 animas,
3568 2402 3744 2458 mortis

2147 2505 2528 2564 dominatione
2556 2502 2853 2570 destructa,
2886 2517 2914 2556 e
2943 2498 3154 2556 diaboli
3183 2497 3440 2554 faucibus
3472 2497 3743 2553 revocavit

2153 2594 2221 2650 ad
2255 2594 2426 2649 vitam
2450 2609 2463 2660 ;
2489 2600 2650 2665 atque
2672 2591 2747 2646 ita
2777 2589 3004 2646 divinus
3028 2587 3345 2659 triumphus
3374 2586 3609 2642 atemis
3636 2585 3743 2641 cha-

2149 2681 2456 2740 racteribus
2513 2689 2594 2737 est
2627 2679 2991 2751 conscriptus,
3027 2679 3160 2734 dum
3219 2676 3396 2732 dicit:
3468 2701 3486 2722 ε
3520 2675 3627 2732 Ubi
3656 2679 3741 2738 est,

2148 2789 2316 2840 mors,
2376 2771 2599 2828 aculeus
2651 2769 2824 2825 tuus?
2879 2766 2976 2823 ubi
3015 2774 3115 2833 est,
3150 2781 3318 2832 mors,
3377 2763 3626 2820 victoria
3665 2771 3744 2818 tua

2152 2861 2210 2934 (I
2237 2861 2364 2918 Cor.
2397 2876 2497 2926 xv,
2530 2857 2624 2930 55)
2646 2858 2708 2914 ’τι

2219 2948 2271 3004 6.
2304 2948 2478 3015 Quam
2512 2946 2830 3002 felicitatem
2865 2950 3128 3016 reparata
3149 2941 3347 2998 salutis
3378 2941 3594 2997 Paulus
3613 2957 3742 2996 reco-

2151 3040 2270 3095 lens
2326 3038 2558 3094 clamat:
2605 3033 2820 3092 «Sicuti
2851 3047 2945 3104 per
3003 3031 3180 3087 Adam
3232 3045 3382 3085 mors
3431 3029 3670 3085 intravit
3696 3028 3741 3081 in

441 3109 740 3183 reparatio:
769 3124 833 3165 3°
864 3113 1018 3164 ῐθίτεθ
1044 3107 1245 3165 hiemis
1273 3117 1434 3166 Ποοῐθ
1458 3108 1724 3177 discussa:
1755 3106 1920 3181 Primi
1951 3123 2040 3163 νϐ’
2073 3104 2116 3166 C
2155 3128 2302 3184 hunc
2331 3124 2733 3192 mundumﬂta
2784 3130 2838 3178 et
2866 3137 2960 3194 per
2999 3120 3282 3178 Christum
3315 3119 3472 3175 salus
3502 3119 3742 3175 restituta

442 3199 524 3257 ris
573 3199 828 3257 restituta
877 3197 1223 3270 jucunditas.
1283 3199 1420 3266 Hoc,
1481 3199 1727 3272 inquam,
1797 3205 2044 3271 tempore

444 3291 755 3348 visibilium
804 3299 859 3348 et
905 3291 1276 3348 invisibilium
1345 3291 1600 3348 conditor
1646 3292 1812 3358 Deus,
1859 3287 2044 3344 deﬁxo

446 3379 612 3437 hamo
657 3382 738 3452 (9)
792 3380 918 3437 caeli
962 3381 1275 3439 machinam
1303 3379 1663 3453 suspendens,
1717 3378 1862 3434 idem
1911 3377 2044 3433 solis

444 3470 638 3525 ardore
684 3468 944 3535 radiavit,
1009 3469 1353 3541 splendorem
1413 3471 1554 3524 luna
1601 3468 1798 3524 solatio
1866 3466 2044 3522 noctis

445 3557 720 3624 attribuit,
779 3555 1106 3628 pendentem
1135 3559 1259 3613 caeli
1305 3575 1574 3614 cameram
1635 3557 2041 3629 splendentium

447 3644 690 3700 siderum
751 3641 1034 3698 decoravit
1091 3651 1309 3712 ornatu,
1367 3661 1516 3699 mare
1575 3645 1742 3700 certis
1788 3647 2039 3700 littorum

448 3731 654 3788 ﬁnibus
719 3747 996 3800 coercens,
1073 3747 1329 3789 concava
1406 3748 1471 3788 ac
1525 3731 1812 3788 stridentis
1878 3733 2040 3788 unda

448 3829 642 3879 astum
691 3829 863 3879 metas
899 3823 1090 3879 statuti
1128 3821 1324 3879 limitis
1366 3822 1534 3895 jussit
1574 3821 1724 3878 haud
1754 3823 2037 3879 excedere.

445 3913 518 3970 Et
546 3921 607 3969 ut
636 3914 798 3985 plana
827 3913 1023 3969 mundi
1055 3912 1222 3970 facies
1278 3913 1565 3969 oculorum
1591 3911 1808 3968 eminus
1827 3911 2038 3968 subtra-

448 4001 672 4058 heretur
721 4011 965 4077 aspectu,
1023 4004 1092 4060 ad
1151 4003 1256 4061 hoc
1309 4005 1368 4060 in
1423 4009 1682 4060 ornatum
1739 4001 2040 4059 mundialis

447 4091 669 4148 fabrica
719 4093 997 4150 nemorosi
1037 4095 1207 4152 colles
1261 4104 1424 4167 atque
1488 4092 1691 4150 excelsi
1749 4091 2037 4149 constituti

446 4183 577 4232 sunt
635 4189 846 4235 montes
887 4197 902 4246 ;
974 4189 1037 4235 ut
1091 4181 1291 4237 iterum
1346 4181 1673 4238 mortalibus
1721 4179 2039 4251 campestris

445 4274 672 4322 ornatus
694 4267 997 4339 jucundior
1022 4270 1326 4329 adveniret.

517 4372 746 4431 CAPUT
775 4376 871 4432 III.
919 4405 990 4416 —
1017 4375 1330 4450 3.1pseque
1385 4377 1551 4434 homo
1595 4377 1775 4434 divini
1829 4363 2056 4450 opiﬁcii'
2111 4381 2114 4388 '

2153 3224 2234 3272 est
2264 3215 2470 3272 mundo
2505 3214 2667 3286 (Ibid.
2701 3212 2794 3284 22)
2822 3229 2835 3278 ;
2869 3234 2888 3258 ι
2931 3218 2986 3265 et
3017 3209 3249 3265 iterum:
3295 3229 3313 3253 ι
3334 3207 3567 3264 Primus
3592 3208 3741 3264 homo

2153 3306 2219 3361 de
2269 3315 2414 3363 terra
2459 3311 2731 3370 terrenus,
2788 3300 3060 3357 secundus
3112 3298 3280 3353 homo
3327 3296 3398 3352 de
3444 3299 3595 3354 caelo
3637 3313 3742 3353 cce-

2153 3395 2304 3451 lestis
2331 3395 2497 3467 (Ibid.
2536 3393 2652 3462 47).
2678 3417 2696 3439 ι
2749 3393 2821 3447 Et
2851 3389 3120 3461 adjiciens
3149 3387 3226 3444 ait
3255 3405 3266 3442 :
3317 3410 3334 3432 ‹
3367 3387 3532 3444 Sicut
3562 3397 3741 3460 porta-

2151 3483 2336 3539 vimus
2382 3481 2676 3553 imaginem
2721 3477 2948 3546 terreni,
2984 3501 3002 3524 ι
3047 3476 3106 3533 id
3133 3483 3234 3544 est,
3265 3479 3477 3532 vetusti
3510 3476 3740 3533 hominis

2152 3571 2210 3628 in
2264 3571 2519 3638 crimine,
2594 3593 2612 3614 ι
2643 3569 2721 3624 sic
2789 3575 3072 3641 portemus
3135 3565 3433 3636 imaginem
3515 3565 3740 3622 caelestis

2154 3661 2316 3732 (Ibid.
2349 3661 2467 3732 49),
2495 3659 2593 3715 »ἰὰ
2644 3666 2746 3727 est,
2775 3656 3038 3729 suscepti,
3070 3654 3362 3727 redempti,
3399 3655 3658 3726 reparati;
3684 3670 3738 3709 ac

2151 3749 2426 3822 puriﬁcati
2506 3747 2751 3803 hominis
2807 3744 3036 3802 salutem
3077 3751 3360 3799 teneamus
3386 3743 3446 3798 in
3506 3743 3734 3807 Christo,

2150 3838 2281 3911 quia
2308 3837 2456 3893 idem
2487 3835 2604 3909 ipse
2635 3835 2933 3907 Apostolus
2957 3833 3064 3889 ait:
3113 3832 3382 3888 «Initium
3415 3831 3688 3898 Christus,
3708 3855 3722 3878 ι

2149 3925 2208 3983 id
2256 3933 2358 3993 est,
2406 3931 2598 3982 auctor
2626 3922 3046 3980 resurrectionis
3101 3927 3156 3977 et
3183 3920 3360 3987 vita;~
3410 3944 3429 3967 ‹
3459 3920 3658 3976 deinde
3684 3918 3732 3974 hi

2149 4014 2357 4072 Christi
2411 4014 2574 4084 (Ibid.
2626 4012 2742 4082 23),
2779 4037 2798 4060 ι
2851 4011 2908 4067 id
2955 4020 3058 4080 est,
3107 4010 3202 4084 qui
3249 4011 3309 4066 in
3355 4010 3542 4067 forma
3588 4009 3734 4082 puri-

2147 4104 2275 4161 tatis
2328 4104 2448 4177 ejus
2504 4109 2651 4168 438
2706 4104 2976 4172 viventes,
3037 4103 3105 4159 de
3167 4118 3261 4174 spe
3326 4097 3734 4157 resurrectionis

2149 4200 2268 4272 ejus
2297 4202 2475 4258 securi
2507 4208 2691 4267 erunt,
2719 4218 2844 4258 cum
2900 4201 3017 4274 ipso
3047 4198 3285 4257 caelestis
3345 4198 3609 4270 promissi
3638 4197 3731 4270 glo-

2149 4289 2286 4346 riam
2345 4291 2670 4364 possessnri,
2712 4290 2856 4348 sicut
2905 4291 3021 4364 ipse
3051 4290 3323 4346 Dominus
3352 4288 3412 4344 in
3443 4287 3731 4366 Evangelia

2148 4380 2263 4435 ait:
2327 4402 2346 4426 ‹
2376 4379 2502 4448 Qui,
2535 4379 2736 4454 inquit,
2771 4395 2858 4434 me
2904 4388 3126 4436 secutus
3154 4378 3343 4446 fuerit,
3374 4369 3488 4433 non
3521 4376 3728 4451 peribit,

443 4466 763 4540 dignatione
819 4471 1089 4527 formatus
1146 4471 1215 4527 ad
1272 4471 1378 4528 hoc
1434 4471 1709 4527 terrestris
1773 4480 2034 4530 creatura
2073 4458 2122 4517 D
2147 4467 2241 4524 sed
2267 4469 2497 4525 transiet
2525 4467 2592 4526 de
2623 4477 2797 4525 morte
2835 4467 2904 4524 ad
2927 4468 3094 4523 vitam
3131 4468 3316 4539 (Joan.
3348 4485 3408 4536 v,
3438 4467 3558 4538 24).
3583 4493 3601 4515 ι

441 4558 668 4616 eﬂ‘ectus
721 4568 805 4617 est
863 4558 1143 4630 dominus,
1201 4568 1264 4617 ut
1318 4559 1526 4616 divinis
1590 4560 2034 4619 institutionibus

442 4660 658 4717 parens,
691 4645 810 4719 ejus
840 4654 1055 4704 tantum
1076 4655 1131 4704 et
1164 4649 1506 4705 voluntatem
1536 4659 1797 4718 servaret,
1855 4649 1950 4722 qui
1978 4666 2034 4706 se

441 4728 501 4786 in
531 4733 702 4790 tantis
755 4733 920 4792 rebus
956 4734 1245 4792 dominum
1310 4736 1643 4810 prafecisset
1699 4753 1769 4793 ex
1829 4735 2029 4794 nihilo.

438 4819 544 4888 Qui
575 4823 636 4879 in
663 4823 785 4897 ipso
815 4825 1045 4884 exordio
1077 4843 1188 4883 non
1224 4827 1462 4897 nescius,
1514 4828 1842 4901 depravatus
1873 4827 2034 4884 invi-

437 4906 548 4976 dia,
581 4910 714 4968 dum
745 4930 909 4987 super
928 4915 1208 4972 indultum
1239 4915 1339 4972 Dei
1370 4915 1654 4989 opiﬁcium
1702 4915 1857 4988 cupit
1885 4915 2026 4983 ﬁeri,

435 4997 584 5067 quod
635 5008 831 5057 natura
886 5019 998 5060 non
1051 5004 1296 5072 dederat,
1349 5004 1534 5061 amisit
1581 5004 1831 5078 gratiam,
1865 5021 2028 5078 quam

434 5085 710 5146 Creatoris
739 5091 914 5162 pietas
969 5093 1295 5150 attribuerat
1329 5095 1483 5166 (Gen.
1516 5112 1598 5162 ιιι,
1631 5095 1688 5166 6)
1717 5112 1728 5149 :
1763 5094 2028 5151 continuo

433 5175 505 5230 ob
533 5179 1036 5252 concupiscentiam
1094 5182 1381 5240 diabolica
1411 5183 1748 5256 deceptionis
1799 5191 2028 5240 senten-

430 5263 563 5321 tiam
588 5267 786 5325 mortis
875 5271 1262 5342 pravaricator
1351 5272 1636 5329 incurrens
1669 5291 1682 5339 ;
1717 5272 1881 5328 etiam
1957 5271 2026 5328 ad

500 5365 582 5437 (8)
613 5367 695 5440 Ita
723 5375 834 5424 vet.
868 5366 1002 5423 edit.
1034 5385 1102 5440 ac
1129 5386 1281 5436 mss.,
1306 5368 1413 5424 nisi
1444 5368 1591 5440 quod
1622 5385 1720 5439 pro
1752 5368 2020 5424 recidiva—

427 5436 558 5510 tt_1m_,
590 5437 765 5510 codex
793 5440 952 5510 Rom.
1003 5438 1152 5510 legit,
1188 5436 1537 5510 residuatum.
1577 5436 1647 5494 At
1693 5441 1850 5497 Rom.
1884 5440 2020 5495 edit.

425 5506 485 5560 τὸ
507 5506 570 5581 de
587 5507 690 5581 ﬁde
719 5509 932 5581 recidit,
965 5518 1019 5564 et
1051 5506 1253 5581 posuit,
1282 5509 1589 5581 recidiuam.

498 5576 580 5646 (9)
642 5579 766 5634 Vct.
802 5579 961 5647 edit.,
994 5576 1173 5651 ἄθλια
1211 5576 1406 5647 humo;
1459 5580 1571 5637 duo
1627 5596 1782 5648 mss.,
1845 5580 2021 5652 deﬁxo

2216 4557 2265 4611 7.
2299 4556 2379 4611 Ita
2408 4555 2710 4611 Salvatoris
2741 4556 2941 4629 passio,
2992 4557 3121 4612 vita
3149 4555 3406 4612 humana
3447 4558 3596 4613 salus
3640 4561 3728 4610 est.

2140 4644 2228 4701 Ad
2255 4643 2359 4701 hoc
2388 4645 2536 4700 enim
2583 4662 2682 4717 pro
2722 4646 2883 4702 nobis
2915 4647 3056 4702 mori
3089 4647 3285 4714 voluit,
3317 4653 3379 4702 ut
3411 4663 3514 4702 nos
3537 4647 3594 4700 in
3618 4658 3729 4700 eum

2141 4734 2422 4792 credentes
2445 4745 2709 4808 perpetuo
2768 4737 3106 4792 viveremus.
3138 4735 3336 4793 Voluit
3367 4753 3466 4808 pro
3497 4744 3729 4806 tempore

2140 4822 2259 4878 ﬁeri
2289 4823 2439 4896 quod
2485 4841 2585 4881 nos
2608 4841 2818 4893 sumus,
2853 4833 2914 4881 ut
2956 4842 3056 4882 nos
3084 4825 3411 4881 aternitatis
3459 4824 3578 4896 ejus
3604 4841 3728 4897 pro—

2140 4913 2457 4970 missionem
2493 4914 2725 4987 indepti,
2750 4931 2875 4972 cum
2896 4914 3091 4971 eodem
3122 4922 3385 4988 perpetuo
3402 4915 3724 4971 viveremus.

2209 5004 2437 5062 CAPUT
2466 5005 2535 5061 V.
2564 5035 2634 5046 —
2661 5006 2716 5061 8.
2742 5006 2889 5073 Hac,
2917 5005 3162 5078 inquam,
3210 5005 3308 5060 illa
3337 5005 3720 5064 estcalestium

2138 5093 2527 5166 mysteriorum
2559 5095 2753 5168 gratia,
2787 5093 2892 5150 hoc
2921 5093 3141 5152 Pascha
3173 5093 3404 5161 donum,
3437 5094 3554 5152 hac
3587 5101 3718 5164 opta-

2136 5183 2266 5239 bilis
2293 5183 2428 5239 anni
2458 5183 2751 5251 festivitas,
2777 5181 2895 5238 hac
2910 5180 3141 5238 exordia
3161 5183 3508 5256 gignentium
3528 5197 3713 5238 rerum.

2137 5272 2279 5328 Hinc
2333 5271 2522 5327 vitalis
2553 5272 2757 5328 lavacri
2783 5287 2950 5328 sacra
2982 5271 3240 5328 Ecclesia
3264 5271 3399 5326 editi
3446 5267 3714 5342 puerperio

2133 5370 2328 5435 humo;
2364 5368 2562 5424 melius
2589 5370 2746 5426 Rom.
2784 5367 3012 5424 edit.‘ut
3055 5367 3114 5422 in
3142 5374 3320 5422 textu.

2130 5527 2192 5565 ca
2195 5440 2322 5565 £1123)
2359 5441 2515 5499 Rom.
2549 5440 2686 5496 edit.
2717 5441 2853 5508 sola,
2885 5439 2973 5495 sed
3003 5439 3079 5494 ad
3107 5438 3458 5495 substantiam
3485 5439 3716 5494 humana:

2247 5529 2260 5564 ι
2319 5553 2331 5565 .
