3864 6188
143 218 242 274 697
948 219 1320 282 SERMONES
1358 225 1414 282 S.
1455 228 1812 290 AMBROSIO
1851 235 2223 296 HACTENUS
2263 241 2596 301 ASCRIPTl.

3342 257 3455 314 698

143 343 416 453 infantes,
458 345 817 453 parvulorum
883 346 1237 450 simplicitate
1298 353 1509 453 renati,
1549 355 1739 415 balatu
1763 363 1816 422 Α
1845 361 2003 418 Patre
2051 362 2303 438 Filioque
2353 367 2795 441 inseparabiliter
2828 377 3117 448 procedit:
3151 380 3247 453 qui
3287 383 3451 442 etiam

141 433 449 490 innocentis
482 435 598 508 (11)
647 445 997 510 perstrepunt
1023 440 1394 498 conscientia.
1427 444 1574 502 Hinc
1601 449 1738 504 casti

140 531 334 595 patres,
384 523 600 594 pudica
647 525 813 581 etiam
855 534 1057 583 matres
1111 531 1386 586 novellam
1431 549 1529 604 per
1572 533 1736 591 ﬁdem

137 616 358 688 stirpem
408 624 818 689 prosequuntur
858 617 1228 676 innumeram.
1291 621 1434 679 Hinc
1462 624 1565 680 sub
1605 625 1735 683 ﬁdei

135 705 326 760 arbore
370 704 439 760 ab
478 715 635 762 utero
682 706 853 762 fontis
899 707 1127 765 innocui
1171 726 1452 768 cereorum
1485 715 1738 786 splendet

133 800 376 850 ornatus.
409 795 553 852 Hinc
580 796 817 852 caelestis
841 797 1024 854 meriti
1045 799 1459 858 sanctificantur
1485 820 1734 875 munere,

130 890 184 938 et
214 883 541 938 sacramenti
569 883 836 954 spiritalis
862 887 1068 942 celebri
1091 890 1356 960 mysterio
1389 892 1730 964 saginantur.

133 969 272 1025 Hinc
305 970 472 1028 unius
518 972 694 1044 plebis
736 975 946 1046 gremio
1000 975 1172 1032 beatae
1214 979 1475 1036 Ecclesia
1521 985 1734 1041 nutrita

132 1058 462 1126 fraternitas,
510 1061 688 1118 unica
742 1062 1054 1121 divinitatis
1097 1067 1484 1139 substantiam,
1529 1089 1595 1130 ac
1623 1073 1732 1129 vir-

128 1149 257 1204 tutis
285 1146 452 1204 trium
483 1164 685 1205 nomen
715 1150 1006 1210 adorantes
1038 1155 1182 1227 (l2),
1214 1160 1492 1230 psalmum
1522 1178 1730 1220 annua

130 1236 444 1324 festivitatis
490 1255 616 1294 cum
661 1239 934 1313 Propheta
984 1246 1420 1305 concelebrant:
1467 1273 1485 1296 ι
1517 1251 1620 1308 Hic
1649 1269 1733 1324 est

129 1323 242 1382 dies
269 1340 432 1398 quem
463 1326 595 1383 fecit
623 1328 926 1387 Dominus:
951 1335 1292 1392 exsultemus
1313 1345 1367 1393 et
1388 1339 1642 1397 laetemur
1671 1323 1730 1397 in

129 1430 189 1470 eo
219 1415 391 1486 (Psal.
429 1431 606 1485 cxvu,
637 1417 755 1490 24).
777 1443 795 1466 ι

194 1503 246 1560 9.
280 1502 436 1572 Quis,
470 1503 716 1578 inquam,
746 1507 908 1565 dies?
939 1511 1184 1585 Nemque
1223 1513 1319 1571 ille
1348 1518 1444 1590 qui
1470 1519 1730 1578 attribuit

129 1592 348 1649 vivendi
374 1593 733 1667 principium,
759 1597 898 1655 lucis
919 1601 1238 1672 exordium,
1254 1615 1448 1664 auctor
1475 1609 1727 1681 luminis,

129 1681 183 1780 id
229 1691 334 1780 est,
360 1681 480 1754 ipse
501 1684 774 1788 Ilominus
801 1688 956 1745 Jesus
997 1690 1272 1763 Christus,
1299 1694 1396 1768 qui
1435 1697 1504 1753 de
1532 1707 1726 1755 semet-
1756 1727 1801 1788 Β

388 1787 399 1824 :
460 1794 479 1818 ι
515 1773 634 1845 Ego
685 1791 831 1845 sum,
870 1777 1054 1851 inquit
1090 1780 1242 1838 dies:
1309 1785 1406 1856 qui
1443 1802 1540 1858 per
1575 1787 1722 1845 diem

125 1860 382 1951 ambulat,
424 1877 536 1951 non
581 1864 813 1922 offendit
853 1868 1036 1940 (Joan.
1089 1887 1172 1940 χι,
1202 1873 1284 1944 9),
1319 1899 1338 1922 ι
1389 1875 1448 1932 id
1485 1885 1588 1946 est,
1627 1878 1723 1951 qui

124 1946 397 2005 Christum
457 1949 514 2004 in
554 1953 812 2011 omnibus
863 1958 1132 2030 sequitur,
1191 1978 1289 2033 per
1327 1963 1447 2036 ejus
1484 1946 1724 2039 vestigia

126 2052 292 2109 usque
347 2038 415 2094 ad
449 2046 664 2097 aeterna
703 2043 845 2099 lucis
882 2047 1082 2102 solium
1123 2053 1529 2124 transmeabit;
1581 2038 1724 2112 sicut

125 2124 238 2197 ipse
271 2127 488 2190 Patrem
519 2145 619 2199 pro
652 2130 811 2186 nobis
840 2134 1020 2191 adhuc
1048 2137 1106 2191 in
1127 2155 1355 2211 corpore
1385 2145 1726 2202 constitutus

122 2221 241 2270 orat
267 2214 487 2271 dicens:
531 2239 548 2261 ι
570 2217 748 2287 Pater,
767 2222 895 2277 volo
922 2225 1100 2280 utubi
1129 2242 1226 2299 ego
1239 2246 1385 2299 sum,
1415 2232 1493 2288 ibi
1524 2234 1638 2291 sint
1669 2244 1724 2291 et

124 2303 178 2358 hi
205 2303 299 2376 qui
330 2302 390 2358 in
422 2321 508 2360 me
537 2305 926 2379 crediderunt;
956 2319 1017 2367 ut
1054 2314 1198 2372 sicut
1234 2324 1296 2373 tu
1325 2319 1384 2374 in
1415 2336 1520 2390 me,
1543 2330 1597 2378 et
1625 2340 1724 2395 ego

129 2392 181 2448 in
207 2401 282 2462 te,
420 2393 587 2485 etilli
610 2408 866 2456 maneant
885 2400 944 2455 in
975 2402 1136 2460 nobis
1166 2404 1342 2476 (Joan.
1375 2424 1518 2476 xvn,
1551 2391 1710 2485 24):.

202 2482 283 2537 10.
326 2481 448 2550 Hic,
473 2481 721 2556 inquam,
745 2489 1132 2549 exsultationis
1159 2502 1212 2550 et
1241 2497 1449 2554 laetitia
1475 2500 1593 2556 dies
1619 2481 1720 2570 est,

140 2572 191 2627 in
217 2587 322 2643 quo
368 2571 698 2643 promissum
727 2577 979 2648 perfecta
1010 2582 1196 2652 gloria
1240 2589 1546 2658 consecuti,
1576 2599 1723 2648 recte

133 2660 272 2732 plebs
315 2667 504 2716 sancta
563 2662 631 2718 ad
687 2665 862 2722 instar
913 2672 1230 2742 angelorum
1290 2674 1491 2733 futura
1544 2678 1723 2736 laudis

136 2748 464 2821 mysterium,
489 2749 671 2809 adhuc
699 2753 756 2809 in
786 2755 892 2813 hoc
919 2761 1121 2816 saculo
1149 2764 1461 2835 constituti,
1483 2768 1721 2826 Domino

139 2852 254 2892 cum
301 2835 574 2910 Propheta
623 2849 951 2902 cantamus:
1008 2870 1026 2894 ‹
1085 2850 1189 2907 Hic
1241 2860 1323 2908 est
1369 2854 1486 2910 dies
1555 2873 1719 2930 quem

137 2925 259 2984 fecit
285 2929 576 3000 Dominus,
601 2935 940 2994 exsultemus
977 2948 1032 2996 et
1060 2941 1310 3000 latemur
1337 2945 1396 3000 in
1420 2963 1484 3002 eo
1534 2925 1710 3023 (Psal.

135 3031 291 3088 cxvn,
341 3023 431 3096 24)
473 3051 494 3075 ›
540 3023 599 3080 id
648 3033 748 3091 est,
817 3037 1010 3085 auctor
1063 3030 1452 3105 institutionis,
1510 3039 1719 3095 redem-

135 3108 320 3199 ptionis
349 3123 402 3171 et
429 3116 562 3172 vita
610 3124 884 3189 perpetua
927 3121 1196 3179 Dominus
1239 3126 1394 3182 Iesus
1443 3127 1716 3199 Christus,

132 3197 215 3269 qui
241 3210 316 3258 est
338 3207 451 3263 Rex
466 3223 725 3280 regnum,
757 3216 811 3264 et
838 3211 1111 3268 Dominus
1139 3213 1497 3275 dominorum
1525 3197 1716 3292 (Apoc.

129 3301 251 3357 xvn,
284 3292 391 3365 14),
423 3295 636 3368 absque
671 3296 856 3367 initio,
891 3299 1012 3355 sine
1040 3301 1149 3358 ﬁne
1180 3304 1238 3358 in
1270 3306 1429 3363 Patre
1476 3323 1710 3380 regnans

130 3393 241 3436 cum
287 3385 490 3458 Spiritu
540 3397 729 3446 sancto
773 3405 942 3459 nunc,
983 3401 1036 3450 et
1079 3411 1313 3469 semper,
1345 3407 1398 3456 et
1429 3399 1486 3456 in
1521 3403 1721 3459 sacula

131 3475 452 3536 saculorum,
484 3481 695 3537 Amen.

639 3595 875 3655 SERMO
912 3599 1173 3658 XXXVI.

526 3683 588 3740 In
615 3684 705 3741 die
731 3696 922 3744 sancto
950 3689 1317 3748 Pentecostes.

125 3761 465 3852 Smnibus,_
495 3772 607 3852 qui
637 3775 815 3852 additi
859 3785 980 3832 sunt
1024 3777 1082 3833 in
1126 3781 1278 3838 Rom.
1343 3781 1584 3852 editione,
1633 3783 1716 3839 hic

178 3841 325 3910 jungi
389 3841 562 3900 debeft.
624 3846 822 3912 Quibus
871 3856 1044 3904 autem
1094 3852 1393 3907 rationibus
1447 3841 1717 3911 Ambrosii

187 3916 873 3995 γξιξξτξςεη,φθείπαεηίιητιθεῖΔ
901 3923 1064 3992 plane
1108 3923 1290 3993 fugit:
1336 3927 1465 3980 adeo
1515 3927 1571 3980 in
1621 3928 1714 3983 illo

192 3981 317 4069 nihil
343 3985 578 4069 videmus
624 3981 1062 4069 Ambrosiamum.
1106 3981 1259 4062 'Qu'od
1286 4004 1461 4069 autem
1495 3981 1716 4069 lingua-

194 4064 316 4137 l‘tm}.
348 4056 963 4137 divisionem‘superbia’
989 4056 1249 4136 acceptam
1277 4067 1460 4137 refert,
1494 4056 1716 4126 evau-

191 4130 374 4189 gustini
400 4145 638 4186 sermone
666 4130 782 4188 271-
799 4143 1065 4207 sumptum
1085 4130 1356 4208 putamus.

170 4223 240 4319 .i.
269 4229 454 4305 Magna
484 4247 606 4303 est,
638 4237 834 4296 fratres
874 4240 1209 4311 charissimi,
1244 4243 1515 4301 hodierna
1549 4247 1714 4304 festi-

134 4319 276 4407 Yllas.
317 4319 372 4376 in
411 4341 517 4397 qua
553 4326 704 4383 sicut
756 4327 1011 4399 audistis,
1073 4341 1404 4405 acceperunt
1469 4337 1710 4407 apostoli

1844 451 1944 543 Dei
1972 451 2179 543 donum
2208 455 2449 524 dicitur;
2485 460 2616 532 quia
2647 469 2700 517 et
2717 470 3011 538 antequam
3051 451 3194 524 esset
3220 472 3452 543 angelus

1847 541 1934 596 vel
1981 541 2166 610 homo,
2217 544 2307 600 cui
2351 546 2591 617 daretur,
2649 550 2763 622 jam
2811 555 2896 610 sui
2942 563 3141 614 natura
3187 541 3449 620 donabile

1846 631 2052 686 donum
2103 640 2218 688 erat
2247 653 2260 701 ;
2294 635 2423 706 quia
2451 636 2688 695 charitas
2735 651 2788 698 et
2825 660 2980 702 amor
3011 655 3111 704 est.
3151 650 3305 708 Unde
3335 669 3447 708 non

1843 721 2022 776 solum
2069 722 2397 792 patriarchis
2459 734 2621 800 atque
2662 731 2963 801 prophetis,
3014 737 3109 792 sed
3165 738 3330 796 etiam
3394 749 3450 798 et

1843 807 2071 882 reliquis
2107 811 2275 883 justis
2322 815 2555 871 latenter
2584 816 2642 871 in
2671 818 2856 874 anima
2883 820 3044 878 datus
3089 833 3202 893 est;
3235 837 3289 884 et
3317 829 3448 886 licet

1841 897 2139 971 aliquando
2186 903 2494 973 manifeste,
2546 921 2828 979 nunquam
2873 917 3060 966 tamen
3114 923 3226 970 tam
3262 925 3447 988 aperte

1841 987 2001 1043 datus
2029 989 2196 1046 fuisse
2224 991 2445 1064 legitur,
2472 993 2616 1050 sicut
2654 994 2844 1065 hodie,
2878 997 2934 1054 id
2965 1007 3067 1069 est,
3107 987 3322 1059 decima
3355 1005 3447 1061 die

1841 1084 1964 1148 post
2011 1077 2218 1136 Christi
2259 1082 2635 1139 ascensionem
2667 1102 2682 1152 ;
2744 1085 2965 1158 quando
3021 1106 3185 1162 supra
3222 1100 3445 1149 centum

1841 1167 2041 1239 viginti
2073 1170 2357 1227 credentes
2386 1172 2444 1228 in
2487 1174 2666 1245 specie
2695 1175 2839 1248 ignis
2868 1179 3142 1250 apparuit.
3175 1181 3267 1237 Sic
3295 1182 3444 1238 enim

1839 1269 2040 1323 lectum
2089 1275 2191 1336 est,
2250 1276 2314 1324 ut
2355 1269 2640 1327 retinetis:
2717 1295 2737 1320 «
2779 1274 2850 1329 Ει
2895 1283 3267 1347 apparuerunt
3323 1277 3438 1334 illis

1840 1357 2141 1429 dispertita
2203 1357 2425 1430 linguae,
2474 1367 2736 1433 tanquam
2783 1362 2947 1435 ignis,
2979 1364 3228 1440 seditque
3279 1386 3446 1443 supra

1839 1446 2085 1520 singulos
2113 1463 2303 1503 eorum
2336 1447 2479 1520 (Act.
2514 1466 2578 1516 ιι,
2606 1449 2686 1522 3).
2711 1474 2730 1498 ι

1909 1545 1962 1601 2.
2024 1545 2241 1613 Videte,
2305 1545 2520 1615 fratres,
2589 1548 2774 1606 videte
2831 1551 2964 1624 quid
3040 1552 3173 1610 fecit
3238 1570 3443 1628 super-

1836 1633 1948 1703 bia,
1996 1641 2050 1691 et
2083 1634 2215 1707 quid
2245 1635 2551 1706 promeruit
2587 1636 2895 1696 humilitas.
2930 1641 3199 1714 Superbia
3246 1644 3444 1702 divisit

1836 1725 2070 1796 linguas,
2102 1726 2323 1797 quando
2352 1727 2550 1782 turrim
2573 1727 2826 1785 homines
2848 1730 3120 1788 adiﬁcare
3142 1735 3442 1792 voluerunt

1833 1814 2231 1887 pertingentem
2263 1832 2436 1888 usque
2461 1815 2530 1871 ad
2560 1816 2758 1872 calum
2793 1817 2949 1888 (Gen.
2978 1837 3059 1889 x1,
3091 1821 3209 1893 4-8)
3238 1841 3251 1890 ;
3285 1823 3440 1895 prius

1833 1904 1978 1959 enim
2009 1911 2124 1960 erat
2149 1920 2260 1959 una
2292 1904 2502 1977 lingua,
2534 1921 2640 1977 qua
2669 1904 2923 1964 homines
2951 1925 3009 1964 se
3038 1917 3233 1966 mutuo
3264 1911 3440 1969 intel—

1831 1996 2091 2068 ligebant,
2124 2004 2178 2052 et
2208 1998 2430 2069 propria
2458 1998 2660 2055 mentis
2679 2015 2880 2056 arcana
2907 1999 3153 2057 invicem
3188 2018 3438 2060 commu-

1832 2086 2127 2142 nicabant:
2188 2103 2380 2143 verum
2439 2104 2508 2144 ne
2582 2089 2908 2162 perﬁcerent
2982 2091 3227 2163 superbi,
3287 2095 3433 2166 quod

1833 2185 2125 2249 caperant,
2158 2179 2398 2234 confusa
2428 2186 2557 2234 sunt
2599 2180 2820 2252 lingua,
2855 2195 2918 2236 ac
2954 2181 3208 2239 nationes
3237 2182 3436 2240 divisa

1833 2273 1980 2320 sunt.
2030 2264 2308 2320 Hodierna
2352 2281 2485 2321 vero
2559 2265 2650 2323 die
2705 2284 2829 2324 cum
2899 2276 3123 2340 propter
3192 2269 3437 2326 humili-

1832 2359 1998 2408 tatem
2083 2352 2349 2424 Spiritum
2407 2363 2658 2411 sanctum
2719 2357 3055 2428 accepissent
3121 2358 3431 2426 credentes,

1832 2450 2116 2513 coeperunt
2171 2444 2428 2499 omnibus
2485 2443 2690 2515 linguis
2752 2445 2925 2517 loqui.
2998 2445 3236 2517 Abjicite
3289 2463 3436 2519 qua-

1832 2538 2054 2605 propter
2125 2549 2156 2588 a
2229 2532 2408 2599 vobis,
2485 2533 2701 2600 fratres,
2778 2533 3110 2606 superbiam,
3170 2537 3434 2608 quoniam

1832 2637 2023 2678 omnes
2052 2620 2270 2692 superbi
2302 2621 2402 2676 ﬁlii
2436 2631 2564 2677 sunt
2607 2621 2814 2678 diaboli
2842 2641 2855 2691 ;
2896 2631 2950 2678 et
2969 2630 3140 2680 estote
3169 2624 3428 2692 humiles,

1831 2719 1894 2766 ut
1949 2709 2187 2782 Spiritus
2245 2710 2421 2767 sancti
2475 2711 2706 2783 gratiam
2765 2711 3029 2783 accipere,
3089 2720 3144 2767 et
3196 2711 3300 2768 filii
3329 2713 3430 2768 Dei

1829 2801 2015 2858 vocari
2070 2800 2410 2858 mereamini.
2474 2801 2597 2857 Sint
2654 2801 2860 2858 munda
2912 2801 3078 2858 corda
3117 2809 3172 2858 et
3200 2819 3430 2875 corpora

1829 2899 2012 2948 vestra
2075 2892 2144 2947 ab
2215 2889 2465 2945 omnium
2532 2897 2879 2962 peccatorum
2951 2891 3243 2960 sordibus;
3296 2894 3428 2965 quia

1827 2977 2064 3050 Spiritus
2089 2979 2332 3049 :sanctus
2378 2995 2491 3035 non
2550 2978 2761 3035 habitat
2810 2980 2868 3035 in
2924 2996 3151 3052 corpore
3201 2979 3426 3037 subdito

1755 3090 1799 3150 ρ
1832 3069 2070 3143 peccatis
2102 3069 2255 3141 (Sap.
2290 3087 2332 3136 ι,
2358 3069 2437 3140 4).

1902 3176 1954 3232 3.
1995 3175 2050 3231 Si
2081 3177 2303 3231 vascula
2349 3176 2503 3248 prius
2531 3175 2831 3244 mundatis,
2863 3176 2921 3232 in
2973 3176 3176 3249 quibus
3213 3176 3425 3249 aliquid

1829 3265 2130 3337 pretiosum
2160 3281 2377 3321 servare
2427 3267 2618 3331 vultis,
2652 3273 2706 3322 et
2734 3266 2926 3323 domos
2969 3274 3176 3323 vestras
3204 3283 3424 3339 prapa—

1830 3355 1964 3409 ratis
1987 3364 2040 3411 et
2070 3355 2298 3422 ornatis,
2329 3355 2548 3428 quando
2577 3363 2855 3428 potentem
2901 3372 3188 3428 personam
3223 3373 3426 3429 exspe-

1829 3446 2020 3512 ctatis;
2057 3445 2231 3500 multo
2261 3445 2433 3516 magis
2459 3444 2775 3502 mundanda
2793 3454 2923 3502 sunt
2943 3446 3106 3502 corda
3123 3447 3190 3502 ab
3219 3446 3348 3502 odio
3371 3455 3427 3502 et

1829 3535 1930 3603 ira,
1981 3542 2142 3609 atque
2174 3534 2407 3604 invidia,
2457 3544 2512 3591 et
2539 3536 2692 3591 omni
2723 3535 2956 3603 malitia,
3000 3545 3054 3592 et
3083 3536 3326 3592 maxime
3357 3536 3424 3592 ab

1827 3631 2183 3687 immunditia
2237 3640 2400 3704 atque
2456 3631 2733 3699 avaritia;
2789 3638 2853 3686 ut
2907 3631 3146 3704 Spiritus
3201 3641 3424 3689 sanctus

1827 3720 1895 3776 ad
1927 3737 2024 3777 vos
2079 3719 2290 3788 venire,
2317 3728 2372 3776 et
2400 3719 2544 3792 apud
2575 3737 2673 3776 vos
2702 3720 3044 3777 mansionem
3099 3721 3276 3777 facere
3307 3738 3419 3777 non

1826 3808 2170 3881 dedignetur.
2220 3809 2292 3864 Et
2321 3808 2466 3864 sicut
2491 3808 2697 3865 nobilis
2726 3808 2894 3864 homo
2933 3809 2990 3863 in
3022 3809 3192 3864 fetido
3222 3810 3342 3866 loco
3369 3819 3423 3866 et

1825 3897 2159 3954 stercoribus
2189 3898 2350 3968 pleno
2379 3913 2478 3952 sua
2506 3906 2699 3968 sponte
2732 3913 2843 3952 non
2874 3896 3119 3963 habitat;
3153 3897 3230 3953 ita
3254 3897 3422 3969 Spiri-

1826 3994 1914 4042 tus
1943 3986 2115 4042 sancti
2144 3984 2317 4057 gratia
2350 4001 2461 4039 non
2493 3984 2684 4040 visitat
2707 3986 2969 4051 animam,
3011 4001 3132 4058 qua
3164 3985 3220 4041 in
3246 3986 3420 4043 fetore

1823 4082 2171 4148 peccatorum
2197 4080 2526 4146 perseverat.
2566 4072 2800 4146 Ideoque
2822 4089 3040 4131 necesse
3066 4083 3168 4144 est,
3200 4075 3416 4146 fratres,

1823 4171 1886 4219 ut
1914 4164 1970 4218 in
2001 4163 2244 4219 adventu
2275 4161 2512 4234 Spiritus
2538 4163 2712 4219 sancti
2750 4162 2944 4220 domos
2973 4164 3282 4223 animarum
3313 4185 3420 4223 ve-

1822 4262 2059 4310 strarum
2088 4253 2367 4310 adornetis
2386 4253 2658 4310 bonorum
2691 4270 2918 4327 operum
2941 4253 3192 4325 ﬂoribus,
3221 4271 3419 4330 easque

1822 4343 2076 4416 repleatis
2123 4341 2360 4416 pretioso
2403 4342 2671 4400 castitatis
2699 4343 2885 4412 odore,
2931 4353 2986 4402 et
3016 4344 3415 4402 benevolentia

133 4400 371 4522 Spiiitum
411 4429 686 4489 sanctum,
732 4422 826 4494 qui
855 4439 982 4478 cum
1012 4423 1169 4480 Patre
1203 4400 1268 4482 et
1311 4425 1455 4482 Filio
1481 4400 1622 4485 unus
1656 4437 1709 4486 et
1737 4465 1784 4522 D
1818 4400 2098 4500 balsamo;
2126 4400 2209 4488 'ut
2245 4431 2510 4506 Spiritum
2567 4439 2816 4490 sanctum
2971 4400 3137 4490 vobis
3169 4433 3417 4490 habitare

137 4497 381 4592 perfectus
409 4517 489 4564 est
522 4513 690 4580 Deus,
715 4511 959 4584 ejusdem
1009 4514 1350 4586 substantia,
1386 4519 1704 4592 majestatis,

1819 4522 2069 4593 delectet,
2125 4541 2252 4581 cum
2310 4525 2467 4581 Patre
2523 4531 2576 4581 et
2629 4524 2773 4580 Filio
2828 4540 2924 4595 per
2975 4525 3161 4581 omnia
3216 4525 3417 4580 sacula

135 4591 180 4638 θῐ
204 4596 480 4658 potentia:
529 4603 626 4675 qui
656 4619 769 4660 non
826 4620 896 4660 ex
924 4612 1188 4680 tempore,
1222 4608 1317 4665 sed
1345 4609 1413 4666 ah
1443 4620 1648 4669 aeterno
1677 4628 1708 4668 a
1815 4615 2164 4684 saculorum,
2198 4631 2383 4673 amen.

151 4693 506 4790 MEDICode‘x
535 4709 718 4790 Rom.,
750 4710 980 4768 insontes
990 4719 1349 4785 parvulorum
1369 4718 1708 4790 simplicitate

137 4771 290 4823 renati
310 4771 620 4836 barathrum
649 4771 962 4852 innocentes,
988 4771 1091 4843 etc.

1887 4722 2004 4848 (ἓ)
2034 4722 2184 4778 Idem
2212 4723 2406 4791 codex,
2462 4739 2524 4778 ac
2561 4720 2776 4776 virtutis
2821 4719 3020 4774 trinum
3061 4735 3246 4775 nomen
3274 4719 3416 4775 ado-

1887 4811 1914 4846 η
1968 4811 2012 4848 8.
3228 4819 3236 4824 ‘

1815 4811 1914 4848 ran
1921 4811 1992 4848 ιεε
2001 4837 2012 4849 .
3228 4819 3236 4824 ’

138 4883 2656 4935 \_____—__________

882 5034 1609 5127 SERMONES
1698 5041 1860 5126 DE
1949 5039 2638 5128 DIVERSIS.

542 5260 689 5322 439
717 5259 953 5320 SERMO
982 5263 1270 5322 XXXVII.

665 5359 744 5413 De
779 5359 1146 5418 Mirabilibus.

133 5445 386 5549 Αιιβξοζείηῑ
435 5464 593 5549 hujus
641 5477 892 5549 sermonis
947 5495 1051 5532 non
1090 5493 1266 5549 pauca
1315 5494 1380 5531 ea:
1435 5476 1705 5533 Ambrosii

195 5520 518 5617 EQ‘I‘Ilment:
542 5537 600 5593 in
649 5542 778 5602 Luc.
815 5548 903 5604 lib.
950 5565 1028 5614 ιν,
1058 5520 1204 5604 nlum.
1254 5548 1325 5605 58
1362 5554 1411 5602 et
1446 5556 1698 5617 sequent.,

195 5603 475 5660 mutuatum
516 5618 736 5672 constat.
785 5603 899 5676 Imo
945 5603 1084 5692 quin!
1133 5603 1169 5678 a
1211 5603 1474 5679 Gratiano
1507 5603 1702 5675 citata}

1883 5275 2136 5342 tanquam
2183 5269 2400 5340 petitum
2456 5289 2520 5327 ea:
2568 5273 2662 5329 hoc
2712 5289 2965 5342 sermone,
3015 5274 3189 5330 minus
3216 5278 3412 5333 accedit

1878 5342 1952 5396 ad
1977 5341 2090 5414 ejus
2138 5347 2358 5410 textum,
2389 5361 2550 5414 quam
2576 5345 2648 5400 ad
2675 5341 2955 5401 memorati
2988 5347 3369 5403 Commentari-i
3394 5369 3405 5406 :

1881 5413 2022 5488 quod
2046 5411 2186 5481 forte
2212 5411 2522 5484 argumento
2561 5416 2728 5488 fuerit
2755 5417 2962 5488 aliquid
3010 5419 3065 5473 in
3093 5420 3412 5476 indicatione

1884 5483 1982 5536 loci
2028 5483 2293 5538 mutatum
2329 5503 2452 5540 esse.
2505 5483 2650 5543 Idem
2695 5483 2869 5543 autem
2917 5506 3085 5547 sermo
3133 5491 3187 5545 in
3230 5495 3410 5548 multis

1882 5569 2003 5633 mss.
2052 5553 2346 5633 Ambrosio,
2395 5564 2575 5633 nostra
2601 5558 2937 5633 attribuitur,
2993 5563 3050 5616 in
3095 5563 3411 5633 quibusdam

1883 5630 2053 5679 tamen
2093 5627 2204 5679 sine
2229 5627 2460 5682 auctoris
2508 5628 2713 5682 nomine
2739 5628 3006 5686 invenitur
3036 5651 3051 5700 ;
3102 5627 3250 5690 unde
3276 5651 3410 5690 con-
