3864 6188
391 260 496 319 699

1393 253 1484 307 AD
1524 246 1759 306 OPERA
1797 245 1851 300 S.
1895 240 2226 301 AMBROSII
2265 237 2643 296 APPENDIX.

3598 224 3706 283 700

452 381 683 466 iacimus
715 377 844 435 aliis
855 377 931 466 Ii»
972 392 1098 434 mss.
1124 392 1233 458 pro.
1258 375 1594 466 scriptorum
1823 368 1994 466 [uisae
2024 370 2076 429 Α
2108 367 2320 441 (Matth.
2371 383 2449 434 1v,
2485 365 2597 437 19).
2634 389 2654 413 ι
2714 363 2799 420 Ex
2848 360 2937 417 his
2988 373 3114 432 ergo
3159 356 3378 414 duabus
3420 353 3707 412 naviculis

463 445 1171 530 inscriptumLCttmlporfo
1212 448 1271 502 in
1305 445 1612 530 G_al_l:.cod._
1634 445 1789 530 cujus
1817 456 1991 496 omnes

2142 475 2211 514 na
2254 456 2587 530 relinquitur
2629 458 2778 517 440
2827 451 2895 508 ad
2939 457 3140 507 terram
3191 446 3378 505 inanis
3418 451 3479 502 et
3504 459 3705 512 vacua,

463 515 725 582 sermones
777 515 1020 581 Mam-imi
1056 538 1159 576 esse
1222 520 1496 590 probabile
1542 523 1636 581 est,
1698 515 1779 590 hic
1816 528 1993 590 sermo

466 599 742 664 habeatur,
792 611 908 649 eum
952 610 1154 664 quoque
1183 584 1349 664 hujus,
1382 584 1996 664 Patrisessejndicium

466 677 562 738 est,
592 654 741 740 quod,
760 667 913 721 etiam
944 654 1481 740 Antlirosiiuimitatio
1510 660 1674 740 eidem
1700 654 1997 740 familiaris

467 727 679 798 videtur
740 745 1000 793 astruere.
1058 733 1379 790 Inscribitur
1422 733 1480 786 in
1523 727 1709 786 eodem,
1742 729 1857 784 cod.
1898 727 1996 798 De

467 813 680 869 duabus
708 808 1015 865 naviculis:
1062 806 1119 860 in
1156 805 1287 861 Silv.
1320 806 1399 860 De
1427 802 1686 860 cathedra
1713 801 1768 858 S.
1802 797 1949 855 Petri
1981 814 1993 853 :

468 885 527 938 in
573 880 770 951 Remig.
804 880 895 951 (De
941 877 995 932 S.
1046 878 1204 951 Petro
1241 892 1251 930 :
1298 876 1355 951 in
1393 875 1591 932 cmteris
1620 891 1759 942 vero,
1798 871 1931 926 sicut
1953 874 2001 923 et

466 954 525 1010 in
553 947 737 1022 antiqf
755 949 904 1015 edit,
937 956 995 1004 ut
1024 966 1117 1004 nos
1147 948 1203 1003 in
1230 947 1419 1020 capite.

474 1102 526 1159 1.
576 1100 919 1168 Quantorum
969 1093 1309 1151 mirabilium
1340 1098 1595 1165 operator
1631 1089 1703 1146 sit
1731 1086 2002 1145 Dominus

401 1192 560 1248 Jesus
589 1187 865 1256 Christus,
917 1184 1223 1257 intelligere
1262 1197 1552 1256 possumus
1582 1195 1652 1236 ex
1681 1179 1785 1235 hac
1824 1192 2003 1233 evan-

404 1280 580 1355 gelica
610 1277 865 1344 lectione,
904 1292 1027 1350 qua)
1069 1272 1336 1330 describit
1364 1278 1516 1327 tanta
1544 1286 1641 1343 per
1671 1284 1796 1324 eum
1826 1266 2007 1323 benc-

406 1354 532 1429 ticia
560 1370 618 1426 in
644 1368 911 1442 populum
939 1365 1109 1421 fuisse
1139 1364 1361 1431 collata,
1394 1369 1456 1418 ut
1483 1367 1793 1434 provocem
1824 1354 2004 1412 homi-

406 1478 539 1519 num
582 1459 758 1517 turbae
800 1457 868 1513 ad
916 1454 1250 1512 audiendum
1295 1453 1456 1508 illum
1506 1449 1679 1522 magis
1706 1447 2005 1513 irruerunt,

407 1569 571 1628 quam
602 1554 892 1622 rogarent:
925 1554 981 1603 et
1018 1543 1352 1601 medicinam
1378 1541 1571 1598 salutis
1591 1555 1703 1595 non
1732 1539 2012 1611 sperarent

408 1622 504 1717 per
532 1637 868 1696 humilitatis
897 1634 1148 1709 gratiam,
1188 1632 1283 1690 sed
1312 1648 1409 1705 per
1437 1625 1878 1703 importunitatis
1911 1622 2012 1679 in-

2102 557 2273 613 altera
2302 553 2627 629 producitur
2653 552 2711 608 in
2741 552 2916 607 altum
2958 554 3154 605 onusta
3173 546 3259 601 vel
3293 544 3497 618 plena;
3532 556 3710 597 vacua

2104 645 2251 703 enim
2304 627 2589 717 Synagoga
2639 638 2973 713 relinquitur
3020 637 3077 692 in
3127 634 3331 701 littore,
3383 630 3524 706 quia
3554 627 3707 687 Chri-

2106 744 2249 793 stum
2270 751 2395 791 cum
2412 731 2801 806 prophetarum
2819 727 3003 785 amisit
3027 724 3266 782 oraculis
3287 728 3513 777 :onusta
3524 725 3706 776 autem

2107 825 2352 883 Ecclesia
2401 824 2458 879 in
2497 823 2667 879 altum
2716 818 3034 885 assumitur,
3071 815 3200 888 quia
3239 811 3552 869 Dominum
3586 824 3708 865 cum

2109 916 2480 990 apostolorum
2545 910 2796 969 doctrina
2831 906 3086 980 suscepit.
3115 905 3422 978 Synagoga,
3484 900 3708 973 inquam

2109 1013 2353 1063 remanet
2380 1003 2448 1061 ad
2495 1009 2688 1069 terras,
2729 998 2884 1073 quasi
2924 995 3155 1053 terrenis
3216 992 3501 1049 inhaerens
3530 1004 3711 1063 opera-

2110 1095 2389 1152 tionibus:
2421 1091 2670 1150 Ecclesia
2694 1097 2879 1146 autem
2926 1088 2985 1143 in
3024 1083 3378 1142 altitudinem
3426 1087 3710 1147 evocatur,

2111 1193 2372 1261 tanquam
2442 1182 2706 1241 cmlorum
2776 1175 3050 1252 profunda
3123 1177 3468 1230 sacramenta
3522 1169 3714 1225 discu-

2117 1259 2259 1331 tiens
2284 1274 2342 1330 in
2374 1273 2527 1329 illam
2559 1270 2771 1327 scilicet
2795 1266 3171 1333 altitudinem,
3189 1263 3257 1320 de
3277 1277 3388 1336 qua
3416 1259 3714 1333 Apostolus

2116 1364 2230 1422 ait:
2277 1388 2295 1410 ‹
2326 1365 2371 1420 Ο
2420 1358 2656 1419 altitudo
2702 1357 3025 1415 divitiarum
3056 1351 3341 1427 sapientiae
3387 1358 3446 1406 et
3477 1347 3717 1406 scientiae

2117 1453 2217 1512 Dei
2259 1452 2437 1525 (Rom.
2480 1467 2560 1518 χι,
2604 1448 2695 1521 33)
2742 1448 2755 1503 l
2806 1471 2825 1495 ι
2890 1446 3183 1517 Propterea
3237 1440 3450 1499 dicitur
3511 1439 3712 1495 Petro:

2134 1565 2153 1591 ι
2176 1544 2298 1600 Duc
2324 1541 2384 1597 in
2426 1539 2598 1596 altum
2632 1538 2784 1610 (Luc.
2831 1552 2887 1604 v,
2918 1533 3000 1605 4),
3042 1556 3061 1580 ι
3105 1531 3210 1588 hoc
3255 1539 3356 1600 est,
3388 1530 3452 1585 in
3483 1527 3717 1602 profun-

2121 1631 2254 1688 dum
2282 1627 2719 1703 disputationum
2765 1620 3130 1698 generationis
3159 1619 3364 1677 divinae
3398 1617 3548 1691 (14).
3583 1613 3718 1684 Quid

392 1713 611 1803 -juriam
639 1747 654 1795 ;
687 1727 767 1784 ita
793 1734 855 1783 ut
876 1725 1171 1792 irruentes,
1193 1722 1338 1780 sicut
1368 1721 1447 1778 ait
1466 1717 1828 1790 Evangelium
1856 1714 2010 1785 (Luc.
2042 1730 2091 1791 Β
2124 1728 2273 1786 enim
2322 1734 2435 1783 tam
2487 1722 2847 1799 profundum,
2897 1736 3059 1795 quam
3104 1718 3252 1793 quod
3302 1716 3382 1773 ait
3434 1717 3634 1772 petrus
3658 1713 3719 1769 ad

410 1837 468 1889 v,
503 1820 579 1891 1),
629 1816 818 1874 turbas
855 1832 886 1871 a
926 1814 1165 1871 Domino
1198 1814 1328 1870 Jesu
1363 1827 1479 1867 non
1524 1809 1801 1866 desertum
1852 1819 2018 1875 sepa-

412 1917 577 1978 raret,
626 1924 737 1965 non
792 1906 1081 1978 Syuagoga
1153 1902 1463 1976 repelleret,
1527 1914 1640 1955 non
1704 1893 2018 1952 reverentia

414 1998 725 2057 divinitatis
753 2002 981 2052 arceret.
1029 1995 1159 2050 Haec
1186 1999 1267 2049 est
1295 1991 1445 2048 enim
1476 1985 1818 2046 consuetudo
1847 1984 2019 2041 inﬁr-

413 2092 706 2159 mantium,
738 2098 801 2146 ut
829 2087 965 2143 dum
991 2093 1212 2159 sperant
1236 2083 1351 2140 suis
1379 2078 1807 2154 aagritudinibus
1843 2075 2015 2131 medi:

414 2183 619 2250 cinam,
667 2180 736 2237 ab
788 2178 1105 2250 importuna
1146 2172 1412 2247 petitione
1466 2185 1580 2226 non
1641 2169 1762 2224 loco
1810 2164 2021 2239 prohi-

414 2273 669 2340 beantur,
721 2284 833 2325 non
881 2277 1148 2339 tempore,
1198 2278 1313 2320 non
1359 2259 1618 2334 pudore;
1674 2256 1769 2313 sed
1814 2261 2020 2329 quanto

418 2364 544 2437 plus
588 2360 839 2417 medetur
885 2356 1003 2425 ille,
1056 2353 1151 2428 qui
1214 2358 1390 2421 sanat,
1440 2356 1596 2407 tanto
1643 2344 1882 2419 amplius
1927 2343 2022 2398 ille

421 2453 775 2525 importunus
801 2457 905 2517 est,
936 2445 1033 2521 qui
1060 2445 1291 2502 laborat.

490 2560 543 2618 2.
577 2560 723 2632 Ergo
751 2574 879 2616 cum
900 2554 1172 2614 Dominus
1198 2554 1352 2609 Jesus
1373 2549 1440 2607 ab
1471 2544 1815 2605 irruentibus
1842 2540 2023 2598 turbis

421 2658 681 2719 semotus,
731 2649 788 2705 in
835 2656 983 2705 terra
1025 2662 1140 2703 esse
1191 2646 1315 2719 {non
1372 2646 1575 2715 posset,
1630 2634 1898 2709 aspiciens
1962 2631 2021 2686 in

424 2742 561 2798 mari
590 2740 728 2797 duas
763 2738 1070 2805 naviculas,
1106 2750 1274 2791 unam
1300 2747 1498 2789 navem
1534 2729 1680 2784 Petri
1724 2724 1877 2781 omni
1930 2722 2021 2777 fe-

421 2830 719 2885 stinatione
764 2825 1085 2883 conscendit
1116 2823 1266 2895 (Luc.
1300 2839 1357 2888 v,
1398 2820 1450 2887 2,
1473 2818 1555 2889 3),
1586 2823 1649 2871 ut
1676 2811 2020 2886 importuni-

424 2918 551 2972 tatis
579 2915 840 2986 injuriam
873 2915 959 2968 vel
990 2927 1256 2985 aquarum
1287 2916 1483 2966 natura
1525 2906 1857 2978 depelleret:
1890 2902 2021 2976 quia

426 3021 545 3060 eam
588 3005 830 3061 doctoris
868 2999 1179 3057 reverentia
1220 2997 1451 3053 minime
1496 2994 1780 3052 coercebat
1814 2986 2019 3063 :‘atque

2123 1824 2427 1885 Dominum
2454 1842 2466 1882 :
2509 1847 2528 1871 ι
2559 1823 2644 1879 Tu
2664 1839 2720 1879 es
2740 1819 2992 1880 Christus
3025 1817 3201 1874 Filius
3226 1815 3324 1873 Dei
3355 1812 3478 1869 vivi
3514 1813 3717 1885 (Matth.

2125 1944 2246 1996 xvr,
2300 1924 2389 1998 16)
2421 1923 2450 1980 ‘l
2478 1945 2496 1969 ι
2540 1919 2688 1989 Quid
2735 1925 2851 1973 tam
2897 1923 3197 1980 terrenum,
3249 1926 3413 1983 quam
3465 1906 3617 1998 quod
3663 1905 3720 1961 de

2129 1997 2375 2073 Domino
2397 2010 2663 2069 dixerunt
2694 2006 2871 2064 Judaei
2904 2023 2917 2063 :
2963 2028 2980 2050 ι
3009 2003 3203 2060 Nonne
3228 1998 3323 2056 hic
3350 2005 3436 2054 est
3462 1997 3618 2053 ﬁlius
3645 1997 3722 2053 Jo-

2128 2102 2263 2177 seph
2293 2100 2433 2160 fabri
2459 2100 2612 2172 (Luc.
2644 2114 2722 2167 ιν,
2747 2095 2840 2168 22)
2863 2095 2893 2152 ?
2922 2118 2940 2142 ι
2979 2092 3079 2149 Ille
3099 2090 3248 2147 enim
3269 2088 3475 2177 altiore
3499 2086 3725 2177 consilio

2129 2176 2477 2250 nativitatem
2530 2186 2737 2246 Christi
2768 2183 3043 2242 divinitus
3070 2178 3417 2253 approbavit,
3463 2176 3524 2233 hi
3554 2182 3727 2233 mente

2129 2285 2352 2356 viperea
2393 2276 2801 2353 generationem
2851 2274 3128 2332 caelestem
3159 2267 3458 2327 carnaliter
3486 2267 3730 2323 aestima-

2128 2375 2283 2431 bant.
2314 2369 2470 2428 Unde
2509 2369 2586 2425 ait
2632 2367 2883 2423 Salvator
2934 2363 3096 2419 Petro
3130 2378 3142 2418 :
3218 2384 3236 2408 ι
3265 2358 3409 2427 Quia
3468 2374 3585 2414 non
3613 2372 3730 2413 caro

2129 2470 2184 2520 et
2239 2460 2462 2533 sanguis
2490 2457 2593 2516 tibi
2625 2456 2732 2512 hoc
2763 2452 3051 2520 revelavit,
3088 2449 3181 2507 sed
3240 2449 3402 2505 Pater
3431 2463 3617 2514 meus,
3645 2444 3729 2519 qui

2130 2552 2189 2608 in
2243 2550 2397 2608 caelis
2442 2554 2525 2604 est
2568 2546 2785 2621 (Matth.
2843 2560 2963 2612 xvr,
3003 2542 3117 2615 17).
3152 2564 3171 2588 ι
3228 2536 3529 2596 Pharisaeis
3557 2542 3730 2592 autem

2129 2642 2307 2701 dicit:
2356 2666 2374 2690 ι
2422 2636 2709 2707 Quomodo
2751 2630 3179 2708 potestisbona
3227 2626 3408 2700 loqui,
3438 2642 3571 2683 cum
3623 2624 3734 2682 sitis

2128 2747 2364 2805 nequam
2397 2729 2611 2803 (Matth.
2645 2743 2747 2795 xu,
2790 2722 2918 2795 34)?
2946 2747 2964 2770 ι

2199 2841 2253 2898 5.
2295 2840 2448 2895 Hanc
2497 2836 2668 2909 igitur
2699 2833 2872 2890 solam
2918 2827 3196 2901 (Ecclesiae
3244 2840 3449 2881 navem
3498 2821 3736 2884 ascendit

2127 2931 2418 2997 Dominus,
2452 2928 2510 2983 in
2557 2941 2665 3000 qua
2697 2925 2890 2980 Petrus
2936 2918 3199 2991 magister
3249 2921 3332 2973 est
3387 2914 3735 2989 constitutus,

2127 3021 2344 3078 dicente
2373 3016 2650 3074 Domino:
2705 3037 2725 3061 ι
2777 3012 2955 3084 Super
2999 3008 3150 3065 hanc
3196 3014 3407 3080 petram
3457 3003 3735 3062 aedificabo

427 3093 627 3151 exinde
652 3094 818 3166 coepit
866 3093 934 3150 de
959 3090 1222 3148 navicula
1247 3088 1396 3146 Petri
1421 3086 1490 3144 ad
1519 3085 1772 3143 homines
1799 3078 2021 3175 doctri-
2055 3096 2099 3159 ρ
2133 3107 2435 3167 Ecclesiam
2467 3121 2643 3163 meam
2691 3078 2906 3175 (Manil.
2939 3115 3061 3168 xw,
3094 3078 3212 3169 is);
3241 3120 3259 3144 ι
3302 3092 3439 3162 Qua,
3482 3092 3644 3150 navis
3676 3093 3726 3147 in

427 3203 512 3245 nae
553 3202 665 3243 sum
711 3184 879 3242 verba
925 3180 1283 3257 profundere.
1330 3178 1527 3238 Videte
1582 3170 2021 3232 misericordiam

427 3275 763 3335 Salvatoris:
813 3280 1096 3346 separatur
1142 3270 1364 3346 quidem
1418 3268 1487 3324 ab
1541 3263 1864 3323 hominibus
1910 3276 2028 3318 cor-

429 3383 580 3440 pore,
609 3364 877 3423 doctrina;
906 3372 1087 3420 tamen
1117 3360 1187 3418 iis
1213 3359 1458 3418 utilitate
1486 3354 1863 3429 conjungitur.
1895 3349 2029 3407 Ubi-

428 3473 535 3529 que
580 3454 887 3519 miseretur,
955 3451 1161 3522 ubique
1216 3448 1456 3521 prodest.
1504 3447 1567 3502 In
1610 3451 1759 3500 terra
1794 3440 2030 3514 positus,

428 3560 523 3616 per
565 3550 795 3608 tactum,
846 3542 1163 3611 languorem
1216 3553 1509 3610 corporum
1549 3542 1707 3592 sanat
1741 3550 1752 3587 :
1786 3531 1846 3588 in
1881 3529 2025 3585 mari

428 3630 785 3697 constitutus,
856 3644 952 3699 per
1014 3625 1323 3682 doctrinam
1388 3624 1621 3680 vulnera
1681 3628 1838 3679 curat
1900 3617 2032 3674 ani-

392 3754 397 3759 ·
431 3736 646 3776 marum
655 3761 670 3775 .

504 3825 555 3883 3.
595 3825 702 3885 Sed
743 3822 1030 3882 videamus
1079 3838 1198 3898 quae
1245 3818 1318 3877 sit
1352 3819 1460 3876 ista
1496 3816 1756 3874 navicula
1792 3813 2033 3871 Simonis

432 3926 602 3994 Petri,
649 3941 811 4000 quam
868 3922 937 3979 ad
980 3920 1288 3980 docendum
1334 3918 1453 3992 (13)
1509 3916 1577 3973 de
1620 3914 1834 3972 duabus
1862 3912 2035 3986 magis

433 4022 798 4088 opportunam
827 4011 1099 4069 Dominus
1117 4008 1416 4083 judicavit,
1455 4023 1577 4082 quae
1608 4014 1665 4063 et
1698 4012 1875 4062 tutum
1906 4002 2035 4059 Sal-

434 4112 681 4160 vatorem
729 4110 949 4175 praestet
993 4101 1062 4157 ab
1102 4100 1327 4174 injuria,
1376 4106 1431 4155 et
1473 4095 1814 4155 credulitatis
1842 4092 2038 4150 homi-

438 4196 604 4251 nibus
637 4194 899 4265 largiatur
927 4192 1181 4265 eloquia;
1233 4192 1552 4248 invenimus
1599 4187 1746 4245 enim
1769 4185 1882 4259 jam
1913 4186 2038 4241 Do-

442 4282 657 4338 minum
705 4281 987 4352 navigasse
1016 4281 1073 4336 in
1116 4282 1225 4336 alia
1262 4280 1411 4347 navi,
1444 4286 1500 4335 et
1529 4277 1789 4351 gravibus
1816 4273 2037 4346 injuriis

440 4373 781 4432 lacessitum.
830 4369 1125 4443 Navigavit
1168 4371 1316 4426 enim
1377 4385 1503 4425 cum
1557 4369 1746 4439 Moyse
1798 4364 1857 4420 in
1899 4362 2035 4418 mari

2135 3200 2307 3257 altum
2354 3195 2543 3254 saeculi
2592 3192 2754 3250 istius
2781 3191 2860 3247 ita
2900 3194 3075 3256 natat,
3105 3191 3170 3240 ut
3210 3188 3479 3257 pereunte
3510 3180 3723 3247 mundo,

2137 3304 2328 3347 omnes
2356 3303 2495 3362 quos
2540 3281 2793 3355 suscipit,
2823 3284 3002 3337 servet
3045 3276 3266 3333 illaesos.
3299 3271 3474 3345 Cujus
3511 3271 3725 3345 ﬁguram

2132 3379 2247 3453 jam
2276 3378 2335 3434 in
2363 3360 2536 3433 veteri
2565 3370 2818 3430 videmus
2846 3370 3192 3426 Testamento
3224 3383 3240 3433 ;
3275 3362 3423 3420 sicut
3449 3361 3603 3418 enim
3628 3360 3729 3418 Noe

2139 3486 2283 3538 arca,
2315 3467 2672 3540 naufragante
2702 3460 2929 3530 mundo,
2972 3464 3205 3515 cunctos
3240 3469 3382 3529 quos
3406 3455 3726 3525 susceperat,

2140 3537 2446 3617 incolumes
2474 3537 2775 3610 reservavit
2800 3569 2814 3619 ;
2864 3550 2942 3606 ita
2969 3556 3024 3605 et
3050 3544 3196 3603 Petri
3228 3541 3500 3610 Ecclesia,
3531 3537 3728 3597 conﬂa-

2142 3658 2329 3723 grante
2357 3645 2581 3713 saeculo,
2612 3657 2804 3700 omnes
2846 3655 2984 3714 quos
3023 3631 3402 3708 amplectitur,
3433 3643 3728 3723 repraesent-

2141 3712 2281 3795 {abit
2309 3712 2647 3792 illaesoszret
2694 3730 2839 3787 sicut
2870 3712 3016 3783 tunc
3071 3728 3350 3779 transacto
3398 3718 3635 3784 diluvio,
3669 3712 3725 3769 ad

2143 3843 2325 3884 arcam
2370 3824 2483 3880 Noe
2532 3818 2789 3878 columba
2835 3816 3055 3889 signum
3099 3810 3251 3886 pacis
3303 3806 3509 3866 detulit
3542 3824 3556 3875 ;
3587 3804 3660 3860 ita
3681 3809 3727 3859 et

2143 3922 2419 3975 transacto
2443 3911 2678 3987 judicio,
2710 3909 2779 3966 ad
2806 3906 3109 3965 Ecclesiam
3160 3900 3311 3959 Petri
3335 3898 3593 3957 Christus
3622 3909 3727 3968 gauo

2143 4008 2300 4065 dium
2327 4004 2479 4078 pacis
2507 4002 2751 4069 deferet;
2783 3999 2911 4073 quia
2948 3997 3062 4069 ipse
3090 3991 3349 4051 columba
3387 3991 3478 4047 vel
3512 4004 3616 4061 pax
3640 3991 3727 4049 est,

2144 4099 2288 4155 sicut
2324 4092 2598 4168 promisit,
2628 4089 2819 4146 dicens
2853 4105 2865 4143 :
2924 4110 2943 4133 ι
2992 4086 3126 4141 ltem
3165 4089 3349 4139 autem
3400 4078 3601 4135 videbo
3627 4089 3727 4140 vos,

2144 4198 2199 4247 et
2224 4185 2480 4261 gaudebit
2509 4199 2604 4240 cor
2633 4189 2879 4238 vestrum
2908 4177 3090 4250 (Joan.
3125 4190 3247 4242 xvn,
3279 4171 3395 4243 22).
3432 4196 3452 4219 ι

2217 4296 2269 4353 6.
2311 4293 2416 4350 Sed
2451 4289 2709 4366 quoniam
2749 4286 2891 4341 hanc
2920 4280 3167 4340 eamdem
3224 4276 3547 4336 naviculam
3582 4268 3730 4336 Petri,

2144 4387 2212 4442 de
2242 4400 2347 4459 qua
2375 4398 2524 4438 nunc
2552 4376 2823 4435 Dominus
2852 4370 3089 4430 cmlestis
3119 4367 3396 4425 doctrina:
3424 4382 3539 4423 suae
3567 4376 3735 4420 sacra-

440 4466 650 4534 Rubro,
680 4462 904 4538 quando
925 4460 1191 4536 populum
1220 4459 1384 4517 Israel
1414 4475 1511 4531 per
1534 4456 1809 4512 undarum
1830 4454 2036 4510 ﬂuenta
2064 4459 2111 4517 D
2143 4454 2329 4532 men'm
2378 4467 2673 4541 depromit,
2719 4464 2953 4537 legimus
2994 4460 3053 4516 in
3083 4456 3347 4516 Mauhm
3380 4455 3596 4528 (Μαιω,
3627 4464 3732 4514 νηί,

442 4562 787 4622 transvexit:
821 4559 917 4618 sed
944 4558 1203 4633 gravibus
1246 4564 1328 4613 est
1358 4555 1583 4613 affectus
1613 4552 1854 4625 injuriis,
1897 4551 2042 4608 sicut

444 4655 560 4728 ipse
607 4653 687 4709 ait
734 4652 792 4708 in
836 4648 1139 4721 Evangelio
1188 4647 1257 4704 ad
1290 4644 1553 4703 Iudaeos:
1601 4667 1618 4690 ε
1658 4644 1714 4700 Si
1746 4641 2042 4699 crederetis

445 4745 645 4821 Moysi,
685 4751 739 4801 et
777 4742 918 4801 mihi
949 4739 1246 4799 crederetis
1294 4739 1477 4812 (Joan.
1508 4754 1568 4805 v,
1617 4735 1735 4809 46).
1775 4758 1794 4784 ι
1839 4732 2048 4806 Injuria

446 4843 628 4892 autem
677 4833 976 4891 Salvatoris
1006 4838 1088 4888 est
1139 4828 1500 4886 incredulitas
1540 4825 1859 4899 Synagogae.
1903 4824 2047 4895 Ergo

445 4926 593 4982 Petri
622 4941 818 4981 navem
848 4924 1032 4995 elegit,
1062 4920 1269 4994 Moysis
1308 4918 1533 4986 deserit,
1566 4916 1672 4973 hoc
1702 4923 1806 4982 est,
1837 4914 2048 4986 spernit

444 5016 784 5089 Synagogam
813 5013 1101 5087 perﬁdam,
1133 5010 1352 5067 ﬁdelem
1381 5007 1616 5066 assumit
1650 5003 1976 5063 Ecclesiam.

517 5122 569 5181 4.
612 5125 744 5179 Duae
799 5120 947 5178 enim
996 5118 1152 5193 quasi
1200 5117 1473 5174 naviculae
1520 5131 1551 5170 a
1596 5116 1710 5171 Deo
1768 5111 2053 5169 destinatae

447 5220 596 5282 sunt,
629 5227 750 5285 quae
778 5210 837 5265 in
890 5209 1014 5277 hoc,
1053 5216 1318 5280 tanquam
1347 5206 1406 5260 in
1453 5203 1613 5270 mari,
1660 5199 1872 5257 mundo
1910 5199 2054 5256 salu-

448 5310 559 5360 tem
589 5300 910 5358 bominibus
937 5298 1301 5372 piscarentur,
1329 5294 1474 5350 sicut
1522 5291 1601 5348 ait
1628 5290 1900 5347 Dominus
1932 5303 2057 5360 apo-

450 5391 607 5448 stolis
642 5407 654 5446 :
699 5415 718 5438 ι
759 5387 980 5457 Venite,
1026 5384 1222 5443 faciam
1272 5400 1372 5440 vos
1415 5382 1714 5455 piscatores
1761 5376 2056 5435 hominum

525 5571 643 5642 (l3)
685 5572 890 5642 Omnes
919 5567 1076 5642 edit.,
1125 5582 1287 5636 quam
1308 5561 1678 5642 adiuvandam
1723 5560 1787 5614 de
1811 5556 2059 5642 duabus;

455 5631 649 5701 omnes
671 5657 806 5698 mss.
836 5631 1160 5713 elegantius,
1189 5651 1351 5709 quam
1377 5634 1450 5690 ad
1467 5631 1782 5698 docendum,
1815 5634 1922 5685 etc.

2152 4563 2267 4635 24),
2298 4558 2608 4617 dormiente
2641 4555 2697 4610 in
2729 4553 2919 4610 eadem
2946 4548 3207 4615 Domino,
3241 4544 3427 4602 ventis
3458 4544 3735 4612 insurgen-

2153 4624 2303 4709 tibus
2357 4645 2751 4722 perturbatam,
2814 4643 2892 4699 ita
2952 4646 3013 4695 ut
3045 4636 3232 4695 cuncti
3292 4631 3536 4708 apostoli
3564 4624 3737 4685 mortis

2155 4720 2461 4814 periculum
2517 4730 2913 4797 formidarent;
2972 4726 3262 4783 videamus
3311 4720 3435 4796 qua)
3466 4734 3625 4777 causa
3648 4721 3735 4781 est,

2156 4805 2305 4903 quod
2333 4841 2444 4883 una
2481 4821 2779 4893 eademque
2827 4817 3086 4875 navicula
3121 4814 3215 4871 hic
3258 4811 3319 4868 in
3362 4805 3741 4884 tranquillitate

2157 4893 2467 4977 doctrinam
2496 4910 2717 4986 populis
2763 4907 2985 4976 tribuit,
3017 4903 3095 4962 ibi
3125 4904 3183 4959 in
3232 4907 3559 4974 tempestate
3583 4893 3740 4986 disci—-

2160 5008 2307 5083 pulis
2356 4981 2795 5063 metum—mortis
2856 4994 3088 5070 injicit:
3139 4992 3447 5064 praesertim
3502 5003 3628 5045 cum
3676 4981 3739 5039 ibi

2162 5080 2323 5158 etiam
2376 5113 2503 5153 cum
2549 5090 2762 5151 caeteris
2807 5083 3070 5162 apostolis
3118 5083 3313 5139 Simon
3361 5082 3557 5137 Petrus
3599 5080 3736 5134 esset.

2164 5192 2292 5247 Haec
2345 5194 2529 5244 autem
2587 5189 2668 5239 est
2724 5196 2889 5237 causa
2926 5174 3199 5250 periculi:
3260 5178 3379 5228 erat
3433 5169 3513 5227 ibi
3568 5166 3736 5224 Simon

2165 5281 2376 5346 Petrus,
2412 5276 2505 5333 sed
2536 5280 2653 5331 erat
2679 5270 2884 5345 pariter
2914 5274 2970 5324 et
2995 5263 3251 5339 proditor
3276 5260 3468 5319 ludas.
3503 5250 3737 5327 Quamvis

2165 5371 2313 5429 enim
2360 5368 2511 5425 illius
2541 5365 2676 5422 ﬁdes
2723 5359 2981 5418 fundaret
3011 5351 3353 5419 naviculam,
3382 5349 3549 5423 hujus
3576 5355 3736 5401 tamen

2243 5552 2359 5622 (14)
2390 5551 2533 5622 Μδε.
2570 5544 2817 5603 Valliscl.
2851 5549 2904 5598 et
2932 5539 3095 5607 Silv.,
3137 5526 3193 5593 in
3226 5534 3562 5609 profundum
3600 5539 3738 5601 geu-

2171 5620 2400 5682 rationis
2424 5620 2636 5680 dicitur.
