  <div class='ocr_page' id='page_1' title='image "/cluster/home/n/w/nwhite01/storage/ocr_20150623/17/uva.x000826553/358.png"; bbox 0 0 3864 6188; ppageno 0'>
   <div class='ocr_carea' id='block_1_1' title="bbox 221 283 329 338">
    <p class='ocr_par' dir='ltr' id='par_1_1' title="bbox 221 283 329 338">
     <span class='ocr_line' id='line_1_1' title="bbox 221 283 329 338; baseline 0 0"><span class='ocrx_word' id='word_1_1' title='bbox 221 283 329 338; x_wconf 89' lang='grc'><strong>701</strong></span> 
     </span>
    </p>
   </div>
   <div class='ocr_carea' id='block_1_2' title="bbox 1041 283 2685 345">
    <p class='ocr_par' dir='ltr' id='par_1_2' title="bbox 1041 283 2685 345">
     <span class='ocr_line' id='line_1_2' title="bbox 1041 283 2685 345; baseline 0.002 -5"><span class='ocrx_word' id='word_1_2' title='bbox 1041 283 1411 342; x_wconf 82' lang='lat' dir='ltr'><strong>SEBMONES</strong></span> <span class='ocrx_word' id='word_1_3' title='bbox 1449 285 1505 340; x_wconf 91' lang='lat' dir='ltr'><strong>S.</strong></span> <span class='ocrx_word' id='word_1_4' title='bbox 1547 283 1900 342; x_wconf 81' lang='lat' dir='ltr'><strong>AMBROSIO</strong></span> <span class='ocrx_word' id='word_1_5' title='bbox 1941 284 2310 342; x_wconf 43' lang='lat' dir='ltr'><strong>l‘IAC&#39;I‘ENUS</strong></span> <span class='ocrx_word' id='word_1_6' title='bbox 2348 286 2685 345; x_wconf 77' lang='lat' dir='ltr'><strong>ASCRIPTI.</strong></span> 
     </span>
    </p>
   </div>
   <div class='ocr_carea' id='block_1_3' title="bbox 3423 290 3526 348">
    <p class='ocr_par' dir='ltr' id='par_1_3' title="bbox 3423 290 3526 348">
     <span class='ocr_line' id='line_1_3' title="bbox 3423 290 3526 348; baseline 0.019 -2"><span class='ocrx_word' id='word_1_7' title='bbox 3423 290 3526 348; x_wconf 79' lang='lat'><strong>702</strong></span> 
     </span>
    </p>
   </div>
   <div class='ocr_carea' id='block_1_4' title="bbox 214 407 3523 488">
    <p class='ocr_par' dir='ltr' id='par_1_4' title="bbox 214 407 3523 488">
     <span class='ocr_line' id='line_1_4' title="bbox 214 407 3523 488; baseline 0.003 -24"><span class='ocrx_word' id='word_1_8' title='bbox 214 425 345 465; x_wconf 84' lang='lat' dir='ltr'><strong>eam</strong></span> <span class='ocrx_word' id='word_1_9' title='bbox 367 409 602 482; x_wconf 99' lang='lat' dir='ltr'><strong>perﬁdia</strong></span> <span class='ocrx_word' id='word_1_10' title='bbox 629 408 1015 467; x_wconf 85' lang='lat' dir='ltr'><strong>conturbabat.</strong></span> <span class='ocrx_word' id='word_1_11' title='bbox 1049 407 1446 482; x_wconf 82' lang='lat' dir='ltr'><strong>Tranquillitas</strong></span> <span class='ocrx_word' id='word_1_12' title='bbox 1487 416 1567 465; x_wconf 87' lang='lat' dir='ltr'><strong>est</strong></span> <span class='ocrx_word' id='word_1_13' title='bbox 1612 409 1705 465; x_wconf 92' lang='lat' dir='ltr'><strong>ubi</strong></span> <span class='ocrx_word' id='word_1_14' title='bbox 1727 427 1813 466; x_wconf 88' lang='lat' dir='ltr'><strong>so-</strong></span> <span class='ocrx_word' id='word_1_15' title='bbox 1849 413 1901 472; x_wconf 87' lang='grc' dir='ltr'><strong>Α</strong></span> <span class='ocrx_word' id='word_1_16' title='bbox 1925 412 2048 467; x_wconf 91' lang='lat' dir='ltr'><strong>dem</strong></span> <span class='ocrx_word' id='word_1_17' title='bbox 2077 411 2324 482; x_wconf 84' lang='lat' dir='ltr'><strong>vestigiis</strong></span> <span class='ocrx_word' id='word_1_18' title='bbox 2350 419 2512 485; x_wconf 88' lang='lat' dir='ltr'><strong>atque</strong></span> <span class='ocrx_word' id='word_1_19' title='bbox 2529 412 2831 486; x_wconf 84' lang='lat' dir='ltr'><strong>mysteriis,</strong></span> <span class='ocrx_word' id='word_1_20' title='bbox 2853 413 3054 488; x_wconf 83' lang='lat' dir='ltr'><strong>quibus</strong></span> <span class='ocrx_word' id='word_1_21' title='bbox 3073 414 3523 475; x_wconf 81' lang='lat' dir='ltr'><strong>benedictionem</strong></span> 
     </span>
    </p>
   </div>
   <div class='ocr_carea' id='block_1_5' title="bbox 215 497 1818 573">
    <p class='ocr_par' dir='ltr' id='par_1_5' title="bbox 215 497 1818 573">
     <span class='ocr_line' id='line_1_5' title="bbox 215 497 1818 573; baseline 0.002 -21"><span class='ocrx_word' id='word_1_22' title='bbox 215 497 314 554; x_wconf 90' lang='lat' dir='ltr'><strong>lus</strong></span> <span class='ocrx_word' id='word_1_23' title='bbox 343 499 536 556; x_wconf 78' lang='lat' dir='ltr'><strong>Petrus</strong></span> <span class='ocrx_word' id='word_1_24' title='bbox 557 500 802 573; x_wconf 84' lang='lat' dir='ltr'><strong>navigat,</strong></span> <span class='ocrx_word' id='word_1_25' title='bbox 822 507 1138 572; x_wconf 86' lang='lat' dir='ltr'><strong>tempestas,</strong></span> <span class='ocrx_word' id='word_1_26' title='bbox 1161 497 1258 554; x_wconf 91' lang='lat' dir='ltr'><strong>ubi</strong></span> <span class='ocrx_word' id='word_1_27' title='bbox 1279 498 1447 556; x_wconf 86' lang='lat' dir='ltr'><strong>Judas</strong></span> <span class='ocrx_word' id='word_1_28' title='bbox 1477 499 1818 572; x_wconf 88' lang='lat' dir='ltr'><strong>adjungitur.</strong></span> 
     </span>
    </p>
   </div>
   <div class='ocr_carea' id='block_1_6' title="bbox 214 588 1822 662">
    <p class='ocr_par' dir='ltr' id='par_1_6' title="bbox 214 588 1822 662">
     <span class='ocr_line' id='line_1_6' title="bbox 214 588 1822 662; baseline -0.001 -17"><span class='ocrx_word' id='word_1_29' title='bbox 214 589 380 647; x_wconf 86' lang='lat' dir='ltr'><strong>Licet</strong></span> <span class='ocrx_word' id='word_1_30' title='bbox 416 599 556 648; x_wconf 88' lang='lat' dir='ltr'><strong>esset</strong></span> <span class='ocrx_word' id='word_1_31' title='bbox 593 593 786 648; x_wconf 87' lang='lat' dir='ltr'><strong>Petrus</strong></span> <span class='ocrx_word' id='word_1_32' title='bbox 821 591 1014 646; x_wconf 89' lang='lat' dir='ltr'><strong>ﬁrmus</strong></span> <span class='ocrx_word' id='word_1_33' title='bbox 1043 591 1158 646; x_wconf 87' lang='lat' dir='ltr'><strong>suis</strong></span> <span class='ocrx_word' id='word_1_34' title='bbox 1187 588 1425 659; x_wconf 91' lang='lat' dir='ltr'><strong>meritis,</strong></span> <span class='ocrx_word' id='word_1_35' title='bbox 1467 589 1822 662; x_wconf 86' lang='lat' dir='ltr'><strong>perturbatur</strong></span> 
     </span>
    </p>
   </div>
   <div class='ocr_carea' id='block_1_7' title="bbox 214 679 1816 753">
    <p class='ocr_par' dir='ltr' id='par_1_7' title="bbox 214 679 1816 753">
     <span class='ocr_line' id='line_1_7' title="bbox 214 679 1816 753; baseline -0.001 -19"><span class='ocrx_word' id='word_1_36' title='bbox 214 685 410 736; x_wconf 82' lang='lat' dir='ltr'><strong>tamen</strong></span> <span class='ocrx_word' id='word_1_37' title='bbox 439 681 767 737; x_wconf 86' lang='lat' dir='ltr'><strong>criminibus</strong></span> <span class='ocrx_word' id='word_1_38' title='bbox 803 681 1100 753; x_wconf 90' lang='lat' dir='ltr'><strong>proditoris</strong></span> <span class='ocrx_word' id='word_1_39' title='bbox 1140 680 1217 751; x_wconf 90' lang='lat'><strong>(1,</strong></span> <span class='ocrx_word' id='word_1_40' title='bbox 1249 697 1301 753; x_wconf 88' lang='lat' dir='ltr'><strong>q.</strong></span> <span class='ocrx_word' id='word_1_41' title='bbox 1335 679 1390 748; x_wconf 77' lang='grc'><strong>4,</strong></span> <span class='ocrx_word' id='word_1_42' title='bbox 1423 697 1471 736; x_wconf 91' lang='lat' dir='ltr'><strong>c.</strong></span> <span class='ocrx_word' id='word_1_43' title='bbox 1513 679 1816 748; x_wconf 78' lang='lat' dir='ltr'><strong>Turbatur;</strong></span> 
     </span>
    </p>
   </div>
   <div class='ocr_carea' id='block_1_8' title="bbox 215 769 1821 844">
    <p class='ocr_par' dir='ltr' id='par_1_8' title="bbox 215 769 1821 844">
     <span class='ocr_line' id='line_1_8' title="bbox 215 769 1821 844; baseline -0.001 -18"><span class='ocrx_word' id='word_1_44' title='bbox 215 778 279 826; x_wconf 88' lang='lat' dir='ltr'><strong>et</strong></span> <span class='ocrx_word' id='word_1_45' title='bbox 307 771 397 838; x_wconf 78' lang='grc'><strong>24,</strong></span> <span class='ocrx_word' id='word_1_46' title='bbox 431 789 482 844; x_wconf 89' lang='lat' dir='ltr'><strong>q.</strong></span> <span class='ocrx_word' id='word_1_47' title='bbox 543 773 592 840; x_wconf 92' lang='lat'><strong>1,</strong></span> <span class='ocrx_word' id='word_1_48' title='bbox 643 788 691 828; x_wconf 92' lang='lat' dir='ltr'><strong>c.</strong></span> <span class='ocrx_word' id='word_1_49' title='bbox 753 773 872 828; x_wconf 86' lang='lat' dir='ltr'><strong>Non</strong></span> <span class='ocrx_word' id='word_1_50' title='bbox 929 771 1221 842; x_wconf 82' lang='lat' dir='ltr'><strong>turbatur).</strong></span> <span class='ocrx_word' id='word_1_51' title='bbox 1256 769 1627 827; x_wconf 89' lang='lat' dir='ltr'><strong>Metuentibus</strong></span> <span class='ocrx_word' id='word_1_52' title='bbox 1652 770 1821 842; x_wconf 87' lang='lat' dir='ltr'><strong>igitur</strong></span> 
     </span>
    </p>
   </div>
   <div class='ocr_carea' id='block_1_9' title="bbox 212 857 1816 932">
    <p class='ocr_par' dir='ltr' id='par_1_9' title="bbox 212 857 1816 932">
     <span class='ocr_line' id='line_1_9' title="bbox 212 857 1816 932; baseline 0.001 -20"><span class='ocrx_word' id='word_1_53' title='bbox 212 857 534 932; x_wconf 88' lang='lat' dir='ltr'><strong>discipulis,</strong></span> <span class='ocrx_word' id='word_1_54' title='bbox 594 860 856 916; x_wconf 81' lang='lat' dir='ltr'><strong>anxiante</strong></span> <span class='ocrx_word' id='word_1_55' title='bbox 913 860 1094 928; x_wconf 90' lang='lat' dir='ltr'><strong>Petro,</strong></span> <span class='ocrx_word' id='word_1_56' title='bbox 1162 858 1474 915; x_wconf 89' lang='lat' dir='ltr'><strong>dormiebat</strong></span> <span class='ocrx_word' id='word_1_57' title='bbox 1527 859 1816 915; x_wconf 90' lang='lat' dir='ltr'><strong>Dominus.</strong></span> 
     </span>
    </p>
   </div>
   <div class='ocr_carea' id='block_1_10' title="bbox 214 947 1820 1022">
    <p class='ocr_par' dir='ltr' id='par_1_10' title="bbox 214 947 1820 1022">
     <span class='ocr_line' id='line_1_10' title="bbox 214 947 1820 1022; baseline 0.001 -18"><span class='ocrx_word' id='word_1_58' title='bbox 214 949 436 1004; x_wconf 89' lang='lat' dir='ltr'><strong>Durum</strong></span> <span class='ocrx_word' id='word_1_59' title='bbox 470 950 610 1005; x_wconf 84' lang='lat' dir='ltr'><strong>forte</strong></span> <span class='ocrx_word' id='word_1_60' title='bbox 643 949 896 1006; x_wconf 88' lang='lat' dir='ltr'><strong>videatur</strong></span> <span class='ocrx_word' id='word_1_61' title='bbox 940 948 1108 1022; x_wconf 91' lang='lat' dir='ltr'><strong>quod,</strong></span> <span class='ocrx_word' id='word_1_62' title='bbox 1160 947 1421 1004; x_wconf 85' lang='lat' dir='ltr'><strong>anxiante</strong></span> <span class='ocrx_word' id='word_1_63' title='bbox 1460 949 1640 1017; x_wconf 89' lang='lat' dir='ltr'><strong>Petro,</strong></span> <span class='ocrx_word' id='word_1_64' title='bbox 1681 949 1820 1005; x_wconf 86' lang='lat' dir='ltr'><strong>dor-</strong></span> 
     </span>
    </p>
   </div>
   <div class='ocr_carea' id='block_1_11' title="bbox 217 1037 1813 1112">
    <p class='ocr_par' dir='ltr' id='par_1_11' title="bbox 217 1037 1813 1112">
     <span class='ocr_line' id='line_1_11' title="bbox 217 1037 1813 1112; baseline 0.001 -19"><span class='ocrx_word' id='word_1_65' title='bbox 217 1037 470 1094; x_wconf 89' lang='lat' dir='ltr'><strong>miebat:</strong></span> <span class='ocrx_word' id='word_1_66' title='bbox 514 1038 822 1094; x_wconf 87' lang='lat' dir='ltr'><strong>dormiebat</strong></span> <span class='ocrx_word' id='word_1_67' title='bbox 867 1038 1048 1106; x_wconf 91' lang='lat' dir='ltr'><strong>Petro,</strong></span> <span class='ocrx_word' id='word_1_68' title='bbox 1089 1054 1157 1094; x_wconf 91' lang='lat' dir='ltr'><strong>ne</strong></span> <span class='ocrx_word' id='word_1_69' title='bbox 1185 1037 1443 1110; x_wconf 83' lang='lat' dir='ltr'><strong>vigilaret</strong></span> <span class='ocrx_word' id='word_1_70' title='bbox 1470 1037 1622 1094; x_wconf 69' lang='lat' dir='ltr'><strong>Iudae</strong></span> <span class='ocrx_word' id='word_1_71' title='bbox 1657 1039 1813 1112; x_wconf 82' lang='lat'><strong>(15);</strong></span> 
     </span>
    </p>
   </div>
   <div class='ocr_carea' id='block_1_12' title="bbox 216 1127 1814 1202">
    <p class='ocr_par' dir='ltr' id='par_1_12' title="bbox 216 1127 1814 1202">
     <span class='ocr_line' id='line_1_12' title="bbox 216 1127 1814 1202; baseline 0.001 -19"><span class='ocrx_word' id='word_1_72' title='bbox 216 1127 390 1184; x_wconf 90' lang='lat' dir='ltr'><strong>unius</strong></span> <span class='ocrx_word' id='word_1_73' title='bbox 419 1127 586 1201; x_wconf 78' lang='lat' dir='ltr'><strong>igitur</strong></span> <span class='ocrx_word' id='word_1_74' title='bbox 610 1127 814 1185; x_wconf 90' lang='lat' dir='ltr'><strong>delicto</strong></span> <span class='ocrx_word' id='word_1_75' title='bbox 854 1136 1180 1185; x_wconf 89' lang='lat' dir='ltr'><strong>cunctorum</strong></span> <span class='ocrx_word' id='word_1_76' title='bbox 1229 1129 1428 1185; x_wconf 89' lang='lat' dir='ltr'><strong>merita</strong></span> <span class='ocrx_word' id='word_1_77' title='bbox 1469 1129 1814 1202; x_wconf 90' lang='lat' dir='ltr'><strong>quatiuntur.</strong></span> 
     </span>
    </p>
   </div>
   <div class='ocr_carea' id='block_1_13' title="bbox 216 1217 1818 1290">
    <p class='ocr_par' dir='ltr' id='par_1_13' title="bbox 216 1217 1818 1290">
     <span class='ocr_line' id='line_1_13' title="bbox 216 1217 1818 1290; baseline 0.001 -18"><span class='ocrx_word' id='word_1_78' title='bbox 216 1217 516 1273; x_wconf 90' lang='lat' dir='ltr'><strong>Obdormit</strong></span> <span class='ocrx_word' id='word_1_79' title='bbox 543 1217 818 1286; x_wconf 86' lang='lat' dir='ltr'><strong>Christus,</strong></span> <span class='ocrx_word' id='word_1_80' title='bbox 848 1226 1141 1275; x_wconf 85' lang='lat' dir='ltr'><strong>ventorum</strong></span> <span class='ocrx_word' id='word_1_81' title='bbox 1187 1217 1492 1290; x_wconf 86' lang='lat' dir='ltr'><strong>spiramina</strong></span> <span class='ocrx_word' id='word_1_82' title='bbox 1525 1219 1818 1276; x_wconf 83' lang='lat' dir='ltr'><strong>concitan—</strong></span> 
     </span>
    </p>
   </div>
   <div class='ocr_carea' id='block_1_14' title="bbox 215 1305 1819 1380">
    <p class='ocr_par' dir='ltr' id='par_1_14' title="bbox 215 1305 1819 1380">
     <span class='ocr_line' id='line_1_14' title="bbox 215 1305 1819 1380; baseline 0.001 -19"><span class='ocrx_word' id='word_1_83' title='bbox 215 1313 343 1372; x_wconf 86' lang='lat' dir='ltr'><strong>tur;</strong></span> <span class='ocrx_word' id='word_1_84' title='bbox 403 1305 655 1380; x_wconf 86' lang='lat' dir='ltr'><strong>quisquis</strong></span> <span class='ocrx_word' id='word_1_85' title='bbox 699 1307 848 1363; x_wconf 91' lang='lat' dir='ltr'><strong>enim</strong></span> <span class='ocrx_word' id='word_1_86' title='bbox 895 1317 1180 1380; x_wconf 89' lang='lat' dir='ltr'><strong>peccatum</strong></span> <span class='ocrx_word' id='word_1_87' title='bbox 1224 1307 1490 1375; x_wconf 89' lang='lat' dir='ltr'><strong>admittit,</strong></span> <span class='ocrx_word' id='word_1_88' title='bbox 1530 1307 1718 1363; x_wconf 87' lang='lat' dir='ltr'><strong>statim</strong></span> <span class='ocrx_word' id='word_1_89' title='bbox 1765 1315 1819 1363; x_wconf 87' lang='lat' dir='ltr'><strong>et</strong></span> 
     </span>
    </p>
   </div>
   <div class='ocr_carea' id='block_1_15' title="bbox 214 1393 1816 1470">
    <p class='ocr_par' dir='ltr' id='par_1_15' title="bbox 214 1393 1816 1470">
     <span class='ocr_line' id='line_1_15' title="bbox 214 1393 1816 1470; baseline 0.001 -21"><span class='ocrx_word' id='word_1_90' title='bbox 214 1393 466 1450; x_wconf 88' lang='lat' dir='ltr'><strong>dormire</strong></span> <span class='ocrx_word' id='word_1_91' title='bbox 495 1395 601 1450; x_wconf 88' lang='lat' dir='ltr'><strong>sibi</strong></span> <span class='ocrx_word' id='word_1_92' title='bbox 634 1395 766 1452; x_wconf 84' lang='lat' dir='ltr'><strong>facit</strong></span> <span class='ocrx_word' id='word_1_93' title='bbox 794 1397 1121 1465; x_wconf 90' lang='lat' dir='ltr'><strong>Dominum,</strong></span> <span class='ocrx_word' id='word_1_94' title='bbox 1152 1404 1207 1452; x_wconf 88' lang='lat' dir='ltr'><strong>et</strong></span> <span class='ocrx_word' id='word_1_95' title='bbox 1247 1395 1545 1470; x_wconf 87' lang='lat' dir='ltr'><strong>procellam</strong></span> <span class='ocrx_word' id='word_1_96' title='bbox 1575 1395 1692 1452; x_wconf 66' lang='lat' dir='ltr'><strong>sibi&#39;</strong></span> <span class='ocrx_word' id='word_1_97' title='bbox 1711 1396 1816 1468; x_wconf 91' lang='lat' dir='ltr'><strong>spi-</strong></span> 
     </span>
    </p>
   </div>
   <div class='ocr_carea' id='block_1_16' title="bbox 213 1483 1815 1544">
    <p class='ocr_par' dir='ltr' id='par_1_16' title="bbox 213 1483 1815 1544">
     <span class='ocr_line' id='line_1_16' title="bbox 213 1483 1815 1544; baseline 0.002 -5"><span class='ocrx_word' id='word_1_98' title='bbox 213 1483 430 1539; x_wconf 90' lang='lat' dir='ltr'><strong>rituum</strong></span> <span class='ocrx_word' id='word_1_99' title='bbox 458 1484 687 1542; x_wconf 88' lang='lat' dir='ltr'><strong>suscitat</strong></span> <span class='ocrx_word' id='word_1_100' title='bbox 716 1486 1139 1543; x_wconf 90' lang='lat' dir='ltr'><strong>immundorum</strong></span> <span class='ocrx_word' id='word_1_101' title='bbox 1173 1505 1186 1542; x_wconf 87' lang='lat'><strong>:</strong></span> <span class='ocrx_word' id='word_1_102' title='bbox 1237 1502 1459 1544; x_wconf 89' lang='lat' dir='ltr'><strong>necesse</strong></span> <span class='ocrx_word' id='word_1_103' title='bbox 1507 1493 1590 1542; x_wconf 90' lang='lat' dir='ltr'><strong>est</strong></span> <span class='ocrx_word' id='word_1_104' title='bbox 1633 1493 1815 1542; x_wconf 88' lang='lat' dir='ltr'><strong>autem</strong></span> 
     </span>
    </p>
   </div>
   <div class='ocr_carea' id='block_1_17' title="bbox 185 1575 1816 1660">
    <p class='ocr_par' dir='ltr' id='par_1_17' title="bbox 185 1575 1816 1660">
     <span class='ocr_line' id='line_1_17' title="bbox 185 1575 1816 1660; baseline 0.002 -29"><span class='ocrx_word' id='word_1_105' title='bbox 185 1575 494 1660; x_wconf 35' lang='lat' dir='ltr'><strong>3diabolica</strong></span> <span class='ocrx_word' id='word_1_106' title='bbox 522 1578 770 1651; x_wconf 81' lang='lat' dir='ltr'><strong>insurgat</strong></span> <span class='ocrx_word' id='word_1_107' title='bbox 799 1587 1118 1651; x_wconf 89' lang='lat' dir='ltr'><strong>tempestas,</strong></span> <span class='ocrx_word' id='word_1_108' title='bbox 1144 1595 1270 1636; x_wconf 91' lang='lat' dir='ltr'><strong>cum</strong></span> <span class='ocrx_word' id='word_1_109' title='bbox 1299 1577 1524 1636; x_wconf 88' lang='lat' dir='ltr'><strong>Domini</strong></span> <span class='ocrx_word' id='word_1_110' title='bbox 1553 1577 1816 1634; x_wconf 87' lang='lat' dir='ltr'><strong>serenitas</strong></span> 
     </span>
    </p>
   </div>
   <div class='ocr_carea' id='block_1_18' title="bbox 209 1667 585 1741">
    <p class='ocr_par' dir='ltr' id='par_1_18' title="bbox 209 1667 585 1741">
     <span class='ocr_line' id='line_1_18' title="bbox 209 1667 585 1741; baseline 0.011 -18"><span class='ocrx_word' id='word_1_111' title='bbox 209 1667 585 1741; x_wconf 87' lang='lat' dir='ltr'><strong>conquiescit.</strong></span> 
     </span>
    </p>
   </div>
   <div class='ocr_carea' id='block_1_19' title="bbox 294 1758 2824 1840">
    <p class='ocr_par' dir='ltr' id='par_1_19' title="bbox 294 1758 2824 1840">
     <span class='ocr_line' id='line_1_19' title="bbox 294 1758 2824 1840; baseline 0.003 -26"><span class='ocrx_word' id='word_1_112' title='bbox 294 1759 346 1814; x_wconf 94' lang='lat'><strong>7.</strong></span> <span class='ocrx_word' id='word_1_113' title='bbox 387 1758 560 1830; x_wconf 79' lang='lat' dir='ltr'><strong>Igitur</strong></span> <span class='ocrx_word' id='word_1_114' title='bbox 593 1759 639 1816; x_wconf 90' lang='lat' dir='ltr'><strong>si</strong></span> <span class='ocrx_word' id='word_1_115' title='bbox 677 1759 844 1816; x_wconf 90' lang='lat' dir='ltr'><strong>unius</strong></span> <span class='ocrx_word' id='word_1_116' title='bbox 889 1759 1043 1816; x_wconf 70' lang='lat' dir='ltr'><strong>Judaa</strong></span> <span class='ocrx_word' id='word_1_117' title='bbox 1087 1767 1308 1832; x_wconf 88' lang='lat' dir='ltr'><strong>peccato</strong></span> <span class='ocrx_word' id='word_1_118' title='bbox 1355 1759 1540 1816; x_wconf 91' lang='lat' dir='ltr'><strong>cuncti</strong></span> <span class='ocrx_word' id='word_1_119' title='bbox 1596 1758 1810 1831; x_wconf 86' lang='lat' dir='ltr'><strong>pericli-</strong></span> <span class='ocrx_word' id='word_1_120' title='bbox 1845 1779 1892 1840; x_wconf 81' lang='grc' dir='ltr'>Β</span> <span class='ocrx_word' id='word_1_121' title='bbox 1927 1762 2120 1831; x_wconf 84' lang='lat' dir='ltr'><strong>venit,</strong></span> <span class='ocrx_word' id='word_1_122' title='bbox 2180 1770 2234 1819; x_wconf 90' lang='lat' dir='ltr'><strong>et</strong></span> <span class='ocrx_word' id='word_1_123' title='bbox 2288 1772 2512 1821; x_wconf 86' lang='lat' dir='ltr'><strong>sanctus</strong></span> <span class='ocrx_word' id='word_1_124' title='bbox 2579 1765 2824 1823; x_wconf 88' lang='lat' dir='ltr'><strong>abscedit</strong></span> 
     </span>
    </p>
   </div>
   <div class='ocr_carea' id='block_1_20' title="bbox 208 1850 1808 1924">
    <p class='ocr_par' dir='ltr' id='par_1_20' title="bbox 208 1850 1808 1924">
     <span class='ocr_line' id='line_1_20' title="bbox 208 1850 1808 1924; baseline 0.002 -21"><span class='ocrx_word' id='word_1_125' title='bbox 208 1853 408 1906; x_wconf 87' lang='lat' dir='ltr'><strong>tantur</strong></span> <span class='ocrx_word' id='word_1_126' title='bbox 445 1851 700 1923; x_wconf 89' lang='lat' dir='ltr'><strong>apostoli,</strong></span> <span class='ocrx_word' id='word_1_127' title='bbox 733 1852 838 1908; x_wconf 89' lang='lat' dir='ltr'><strong>hoc</strong></span> <span class='ocrx_word' id='word_1_128' title='bbox 870 1853 1126 1923; x_wconf 87' lang='lat' dir='ltr'><strong>exemplo</strong></span> <span class='ocrx_word' id='word_1_129' title='bbox 1180 1865 1470 1908; x_wconf 87' lang='lat' dir='ltr'><strong>caveamus</strong></span> <span class='ocrx_word' id='word_1_130' title='bbox 1517 1850 1808 1924; x_wconf 89' lang='lat' dir='ltr'><strong>perﬁdum,</strong></span> 
     </span>
    </p>
   </div>
   <div class='ocr_carea' id='block_1_21' title="bbox 207 1941 1814 2014">
    <p class='ocr_par' dir='ltr' id='par_1_21' title="bbox 207 1941 1814 2014">
     <span class='ocr_line' id='line_1_21' title="bbox 207 1941 1814 2014; baseline 0.001 -21"><span class='ocrx_word' id='word_1_131' title='bbox 207 1953 509 1995; x_wconf 87' lang='lat' dir='ltr'><strong>caveamus</strong></span> <span class='ocrx_word' id='word_1_132' title='bbox 554 1941 887 2012; x_wconf 88' lang='lat' dir='ltr'><strong>proditorem</strong></span> <span class='ocrx_word' id='word_1_133' title='bbox 923 1941 1065 2014; x_wconf 85' lang='lat'><strong>(16),</strong></span> <span class='ocrx_word' id='word_1_134' title='bbox 1118 1957 1188 1997; x_wconf 89' lang='lat' dir='ltr'><strong>ne</strong></span> <span class='ocrx_word' id='word_1_135' title='bbox 1229 1956 1325 2014; x_wconf 90' lang='lat' dir='ltr'><strong>per</strong></span> <span class='ocrx_word' id='word_1_136' title='bbox 1363 1956 1538 1996; x_wconf 89' lang='lat' dir='ltr'><strong>unum</strong></span> <span class='ocrx_word' id='word_1_137' title='bbox 1586 1941 1814 2013; x_wconf 86' lang='lat' dir='ltr'><strong>plurimi</strong></span> 
     </span>
    </p>
   </div>
   <div class='ocr_carea' id='block_1_22' title="bbox 208 2024 1814 2103">
    <p class='ocr_par' dir='ltr' id='par_1_22' title="bbox 208 2024 1814 2103">
     <span class='ocr_line' id='line_1_22' title="bbox 208 2024 1814 2103; baseline 0.003 -22"><span class='ocrx_word' id='word_1_138' title='bbox 208 2024 570 2083; x_wconf 86' lang='lat' dir='ltr'><strong>ﬂuctuemus.</strong></span> <span class='ocrx_word' id='word_1_139' title='bbox 627 2028 773 2095; x_wconf 90' lang='lat' dir='ltr'><strong>Quin</strong></span> <span class='ocrx_word' id='word_1_140' title='bbox 819 2029 984 2084; x_wconf 90' lang='lat' dir='ltr'><strong>etiam</strong></span> <span class='ocrx_word' id='word_1_141' title='bbox 1028 2036 1170 2092; x_wconf 80' lang='lat'><strong>441</strong></span> <span class='ocrx_word' id='word_1_142' title='bbox 1224 2029 1546 2103; x_wconf 90' lang='lat' dir='ltr'><strong>hujusmodi</strong></span> <span class='ocrx_word' id='word_1_143' title='bbox 1593 2029 1814 2101; x_wconf 87' lang='lat' dir='ltr'><strong>abjicia-</strong></span> 
     </span>
    </p>
   </div>
   <div class='ocr_carea' id='block_1_23' title="bbox 207 2121 1848 2198">
    <p class='ocr_par' dir='ltr' id='par_1_23' title="bbox 207 2121 1848 2198">
     <span class='ocr_line' id='line_1_23' title="bbox 207 2121 1848 2198; baseline 0.005 -23"><span class='ocrx_word' id='word_1_144' title='bbox 207 2136 349 2177; x_wconf 90' lang='lat' dir='ltr'><strong>mus</strong></span> <span class='ocrx_word' id='word_1_145' title='bbox 386 2121 454 2178; x_wconf 91' lang='lat' dir='ltr'><strong>de</strong></span> <span class='ocrx_word' id='word_1_146' title='bbox 482 2131 670 2178; x_wconf 87' lang='lat' dir='ltr'><strong>nostra</strong></span> <span class='ocrx_word' id='word_1_147' title='bbox 695 2126 974 2195; x_wconf 86' lang='lat' dir='ltr'><strong>navicula,</strong></span> <span class='ocrx_word' id='word_1_148' title='bbox 1016 2135 1078 2182; x_wconf 91' lang='lat' dir='ltr'><strong>ut</strong></span> <span class='ocrx_word' id='word_1_149' title='bbox 1106 2143 1216 2183; x_wconf 92' lang='lat' dir='ltr'><strong>non</strong></span> <span class='ocrx_word' id='word_1_150' title='bbox 1243 2128 1579 2198; x_wconf 87' lang='lat' dir='ltr'><strong>obdormiat,</strong></span> <span class='ocrx_word' id='word_1_151' title='bbox 1608 2129 1704 2186; x_wconf 89' lang='lat' dir='ltr'><strong>sed</strong></span> <span class='ocrx_word' id='word_1_152' title='bbox 1734 2129 1813 2184; x_wconf 84' lang='lat' dir='ltr'><strong>vi-</strong></span> <span class='ocrx_word' id='word_1_153' title='bbox 1846 2163 1848 2165; x_wconf 63' lang='grc'><strong>›</strong></span> 
     </span>
    </p>
   </div>
   <div class='ocr_carea' id='block_1_24' title="bbox 208 2209 1817 2290">
    <p class='ocr_par' dir='ltr' id='par_1_24' title="bbox 208 2209 1817 2290">
     <span class='ocr_line' id='line_1_24' title="bbox 208 2209 1817 2290; baseline 0.007 -27"><span class='ocrx_word' id='word_1_154' title='bbox 208 2209 357 2281; x_wconf 85' lang='lat' dir='ltr'><strong>gilet</strong></span> <span class='ocrx_word' id='word_1_155' title='bbox 401 2210 461 2266; x_wconf 90' lang='lat' dir='ltr'><strong>in</strong></span> <span class='ocrx_word' id='word_1_156' title='bbox 511 2212 672 2269; x_wconf 90' lang='lat' dir='ltr'><strong>nobis</strong></span> <span class='ocrx_word' id='word_1_157' title='bbox 719 2215 1008 2284; x_wconf 88' lang='lat' dir='ltr'><strong>Dominus,</strong></span> <span class='ocrx_word' id='word_1_158' title='bbox 1042 2224 1203 2289; x_wconf 90' lang='lat' dir='ltr'><strong>atque</strong></span> <span class='ocrx_word' id='word_1_159' title='bbox 1241 2233 1304 2272; x_wconf 85' lang='lat' dir='ltr'><strong>eo</strong></span> <span class='ocrx_word' id='word_1_160' title='bbox 1339 2219 1629 2290; x_wconf 87' lang='lat' dir='ltr'><strong>vigilante,</strong></span> <span class='ocrx_word' id='word_1_161' title='bbox 1662 2218 1817 2274; x_wconf 89' lang='lat' dir='ltr'><strong>nulla</strong></span> 
     </span>
    </p>
   </div>
   <div class='ocr_carea' id='block_1_25' title="bbox 207 2300 1814 2378">
    <p class='ocr_par' dir='ltr' id='par_1_25' title="bbox 207 2300 1814 2378">
     <span class='ocr_line' id='line_1_25' title="bbox 207 2300 1814 2378; baseline 0.006 -25"><span class='ocrx_word' id='word_1_162' title='bbox 207 2315 322 2354; x_wconf 89' lang='lat' dir='ltr'><strong>nos</strong></span> <span class='ocrx_word' id='word_1_163' title='bbox 350 2300 619 2372; x_wconf 89' lang='lat' dir='ltr'><strong>spiritalis</strong></span> <span class='ocrx_word' id='word_1_164' title='bbox 648 2305 910 2377; x_wconf 64' lang='lat' dir='ltr'><strong>nequitia;</strong></span> <span class='ocrx_word' id='word_1_165' title='bbox 939 2306 1180 2378; x_wconf 86' lang='lat' dir='ltr'><strong>procella</strong></span> <span class='ocrx_word' id='word_1_166' title='bbox 1213 2307 1513 2363; x_wconf 89' lang='lat' dir='ltr'><strong>concutiat.</strong></span> <span class='ocrx_word' id='word_1_167' title='bbox 1535 2307 1638 2362; x_wconf 89' lang='lat' dir='ltr'><strong>Ubi</strong></span> <span class='ocrx_word' id='word_1_168' title='bbox 1664 2309 1814 2363; x_wconf 90' lang='lat' dir='ltr'><strong>enim</strong></span> 
     </span>
    </p>
   </div>
   <div class='ocr_carea' id='block_1_26' title="bbox 207 2389 1817 2471">
    <p class='ocr_par' dir='ltr' id='par_1_26' title="bbox 207 2389 1817 2471">
     <span class='ocr_line' id='line_1_26' title="bbox 207 2389 1817 2471; baseline 0.006 -27"><span class='ocrx_word' id='word_1_169' title='bbox 207 2389 357 2446; x_wconf 86' lang='lat' dir='ltr'><strong>ﬁdes</strong></span> <span class='ocrx_word' id='word_1_170' title='bbox 394 2390 606 2465; x_wconf 89' lang='lat' dir='ltr'><strong>integra</strong></span> <span class='ocrx_word' id='word_1_171' title='bbox 652 2403 752 2463; x_wconf 90' lang='lat' dir='ltr'><strong>est,</strong></span> <span class='ocrx_word' id='word_1_172' title='bbox 806 2397 885 2452; x_wconf 91' lang='lat' dir='ltr'><strong>ibi</strong></span> <span class='ocrx_word' id='word_1_173' title='bbox 947 2398 1200 2454; x_wconf 89' lang='lat' dir='ltr'><strong>Salvator</strong></span> <span class='ocrx_word' id='word_1_174' title='bbox 1249 2398 1433 2468; x_wconf 89' lang='lat' dir='ltr'><strong>docet,</strong></span> <span class='ocrx_word' id='word_1_175' title='bbox 1492 2398 1705 2471; x_wconf 87' lang='lat' dir='ltr'><strong>vigilat,</strong></span> <span class='ocrx_word' id='word_1_176' title='bbox 1765 2406 1817 2454; x_wconf 90' lang='lat' dir='ltr'><strong>et</strong></span> 
     </span>
    </p>
   </div>
   <div class='ocr_carea' id='block_1_27' title="bbox 210 2489 1816 2570">
    <p class='ocr_par' dir='ltr' id='par_1_27' title="bbox 210 2489 1816 2570">
     <span class='ocr_line' id='line_1_27' title="bbox 210 2489 1816 2570; baseline 0.006 -27"><span class='ocrx_word' id='word_1_177' title='bbox 210 2489 503 2558; x_wconf 85' lang='lat' dir='ltr'><strong>exsultat;</strong></span> <span class='ocrx_word' id='word_1_178' title='bbox 554 2491 631 2548; x_wconf 91' lang='lat' dir='ltr'><strong>ibi</strong></span> <span class='ocrx_word' id='word_1_179' title='bbox 667 2494 905 2566; x_wconf 90' lang='lat' dir='ltr'><strong>requies,</strong></span> <span class='ocrx_word' id='word_1_180' title='bbox 928 2495 1007 2553; x_wconf 92' lang='lat' dir='ltr'><strong>ibi</strong></span> <span class='ocrx_word' id='word_1_181' title='bbox 1029 2496 1428 2570; x_wconf 87' lang='lat' dir='ltr'><strong>tranquillitas,</strong></span> <span class='ocrx_word' id='word_1_182' title='bbox 1467 2496 1544 2552; x_wconf 91' lang='lat' dir='ltr'><strong>ibi</strong></span> <span class='ocrx_word' id='word_1_183' title='bbox 1577 2504 1816 2554; x_wconf 84' lang='lat' dir='ltr'><strong>cuncto-</strong></span> 
     </span>
    </p>
   </div>
   <div class='ocr_carea' id='block_1_28' title="bbox 135 2581 1818 2644">
    <p class='ocr_par' dir='ltr' id='par_1_28' title="bbox 135 2581 1818 2644">
     <span class='ocr_line' id='line_1_28' title="bbox 135 2581 1818 2644; baseline 0.004 -6"><span class='ocrx_word' id='word_1_184' title='bbox 135 2633 143 2638; x_wconf 90' lang='lat'><strong>.</strong></span> <span class='ocrx_word' id='word_1_185' title='bbox 215 2593 346 2634; x_wconf 89' lang='lat' dir='ltr'><strong>rum</strong></span> <span class='ocrx_word' id='word_1_186' title='bbox 375 2589 464 2638; x_wconf 91' lang='lat' dir='ltr'><strong>est</strong></span> <span class='ocrx_word' id='word_1_187' title='bbox 494 2581 814 2640; x_wconf 89' lang='lat' dir='ltr'><strong>medicina:</strong></span> <span class='ocrx_word' id='word_1_188' title='bbox 874 2584 970 2640; x_wconf 92' lang='lat' dir='ltr'><strong>ubi</strong></span> <span class='ocrx_word' id='word_1_189' title='bbox 1029 2593 1214 2642; x_wconf 88' lang='lat' dir='ltr'><strong>autem</strong></span> <span class='ocrx_word' id='word_1_190' title='bbox 1272 2586 1401 2642; x_wconf 88' lang='lat' dir='ltr'><strong>ﬁdei</strong></span> <span class='ocrx_word' id='word_1_191' title='bbox 1458 2597 1540 2644; x_wconf 90' lang='lat' dir='ltr'><strong>est</strong></span> <span class='ocrx_word' id='word_1_192' title='bbox 1585 2586 1818 2644; x_wconf 85' lang='lat' dir='ltr'><strong>admista</strong></span> 
     </span>
    </p>
   </div>
   <div class='ocr_carea' id='block_1_29' title="bbox 218 2671 1812 2750">
    <p class='ocr_par' dir='ltr' id='par_1_29' title="bbox 218 2671 1812 2750">
     <span class='ocr_line' id='line_1_29' title="bbox 218 2671 1812 2750; baseline 0.004 -23"><span class='ocrx_word' id='word_1_193' title='bbox 218 2671 476 2744; x_wconf 85' lang='lat' dir='ltr'><strong>perﬁdia,</strong></span> <span class='ocrx_word' id='word_1_194' title='bbox 507 2672 585 2729; x_wconf 88' lang='lat' dir='ltr'><strong>ibi</strong></span> <span class='ocrx_word' id='word_1_195' title='bbox 619 2673 872 2733; x_wconf 87' lang='lat' dir='ltr'><strong>Christus</strong></span> <span class='ocrx_word' id='word_1_196' title='bbox 914 2683 1112 2748; x_wconf 86' lang='lat' dir='ltr'><strong>torpet,</strong></span> <span class='ocrx_word' id='word_1_197' title='bbox 1162 2676 1388 2746; x_wconf 90' lang='lat' dir='ltr'><strong>dormit,</strong></span> <span class='ocrx_word' id='word_1_198' title='bbox 1431 2685 1485 2734; x_wconf 90' lang='lat' dir='ltr'><strong>et</strong></span> <span class='ocrx_word' id='word_1_199' title='bbox 1513 2679 1667 2750; x_wconf 89' lang='lat' dir='ltr'><strong>piger</strong></span> <span class='ocrx_word' id='word_1_200' title='bbox 1694 2685 1812 2733; x_wconf 89' lang='lat' dir='ltr'><strong>est:</strong></span> 
     </span>
    </p>
   </div>
   <div class='ocr_carea' id='block_1_30' title="bbox 216 2759 1810 2838">
    <p class='ocr_par' dir='ltr' id='par_1_30' title="bbox 216 2759 1810 2838">
     <span class='ocr_line' id='line_1_30' title="bbox 216 2759 1810 2838; baseline 0.004 -22"><span class='ocrx_word' id='word_1_201' title='bbox 216 2759 300 2816; x_wconf 89' lang='lat' dir='ltr'><strong>ibi</strong></span> <span class='ocrx_word' id='word_1_202' title='bbox 324 2769 524 2831; x_wconf 90' lang='lat' dir='ltr'><strong>metus,</strong></span> <span class='ocrx_word' id='word_1_203' title='bbox 550 2762 628 2820; x_wconf 89' lang='lat' dir='ltr'><strong>ibi</strong></span> <span class='ocrx_word' id='word_1_204' title='bbox 656 2771 970 2838; x_wconf 85' lang='lat' dir='ltr'><strong>tempestas,</strong></span> <span class='ocrx_word' id='word_1_205' title='bbox 989 2766 1064 2822; x_wconf 91' lang='lat' dir='ltr'><strong>ibi</strong></span> <span class='ocrx_word' id='word_1_206' title='bbox 1086 2767 1337 2822; x_wconf 89' lang='lat' dir='ltr'><strong>omnium</strong></span> <span class='ocrx_word' id='word_1_207' title='bbox 1371 2775 1454 2824; x_wconf 88' lang='lat' dir='ltr'><strong>est</strong></span> <span class='ocrx_word' id='word_1_208' title='bbox 1481 2767 1810 2824; x_wconf 89' lang='lat' dir='ltr'><strong>discrimen:</strong></span> 
     </span>
    </p>
   </div>
   <div class='ocr_carea' id='block_1_31' title="bbox 214 2854 1818 2925">
    <p class='ocr_par' dir='ltr' id='par_1_31' title="bbox 214 2854 1818 2925">
     <span class='ocr_line' id='line_1_31' title="bbox 214 2854 1818 2925; baseline 0.004 -18"><span class='ocrx_word' id='word_1_209' title='bbox 214 2869 322 2925; x_wconf 90' lang='lat' dir='ltr'><strong>pro</strong></span> <span class='ocrx_word' id='word_1_210' title='bbox 373 2854 594 2911; x_wconf 87' lang='lat' dir='ltr'><strong>actibus</strong></span> <span class='ocrx_word' id='word_1_211' title='bbox 635 2856 785 2912; x_wconf 90' lang='lat' dir='ltr'><strong>enim</strong></span> <span class='ocrx_word' id='word_1_212' title='bbox 817 2857 1020 2914; x_wconf 87' lang='lat' dir='ltr'><strong>nostris</strong></span> <span class='ocrx_word' id='word_1_213' title='bbox 1047 2858 1320 2915; x_wconf 88' lang='lat' dir='ltr'><strong>Dominus</strong></span> <span class='ocrx_word' id='word_1_214' title='bbox 1347 2859 1510 2917; x_wconf 92' lang='lat' dir='ltr'><strong>nobis</strong></span> <span class='ocrx_word' id='word_1_215' title='bbox 1537 2858 1818 2917; x_wconf 87' lang='lat' dir='ltr'><strong>Obdormit</strong></span> 
     </span>
    </p>
   </div>
   <div class='ocr_carea' id='block_1_32' title="bbox 210 2943 546 3018">
    <p class='ocr_par' dir='ltr' id='par_1_32' title="bbox 210 2943 546 3018">
     <span class='ocr_line' id='line_1_32' title="bbox 210 2943 546 3018; baseline 0 -18"><span class='ocrx_word' id='word_1_216' title='bbox 210 2950 315 3000; x_wconf 87' lang='lat' dir='ltr'><strong>aut</strong></span> <span class='ocrx_word' id='word_1_217' title='bbox 334 2943 546 3018; x_wconf 87' lang='lat' dir='ltr'><strong>vigilat.</strong></span> 
     </span>
    </p>
   </div>
   <div class='ocr_carea' id='block_1_33' title="bbox 723 3045 1309 3104">
    <p class='ocr_par' dir='ltr' id='par_1_33' title="bbox 723 3045 1309 3104">
     <span class='ocr_line' id='line_1_33' title="bbox 723 3045 1309 3104; baseline 0.005 -3"><span class='ocrx_word' id='word_1_218' title='bbox 723 3045 958 3103; x_wconf 78' lang='lat' dir='ltr'><strong>SERMO</strong></span> <span class='ocrx_word' id='word_1_219' title='bbox 996 3046 1309 3104; x_wconf 87' lang='lat' dir='ltr'><strong>XXXVIII.</strong></span> 
     </span>
    </p>
   </div>
   <div class='ocr_carea' id='block_1_34' title="bbox 689 3138 1345 3211">
    <p class='ocr_par' dir='ltr' id='par_1_34' title="bbox 689 3138 1345 3211">
     <span class='ocr_line' id='line_1_34' title="bbox 689 3138 1345 3211; baseline 0.002 -18"><span class='ocrx_word' id='word_1_220' title='bbox 689 3138 769 3194; x_wconf 89' lang='lat' dir='ltr'><strong>De</strong></span> <span class='ocrx_word' id='word_1_221' title='bbox 821 3138 993 3210; x_wconf 88' lang='lat' dir='ltr'><strong>gratia</strong></span> <span class='ocrx_word' id='word_1_222' title='bbox 1059 3138 1345 3211; x_wconf 90' lang='lat' dir='ltr'><strong>Baptismi.</strong></span> 
     </span>
    </p>
   </div>
   <div class='ocr_carea' id='block_1_35' title="bbox 215 3232 1807 3307">
    <p class='ocr_par' dir='ltr' id='par_1_35' title="bbox 215 3232 1807 3307">
     <span class='ocr_line' id='line_1_35' title="bbox 215 3232 1807 3307; baseline 0.003 -21"><span class='ocrx_word' id='word_1_223' title='bbox 215 3233 341 3307; x_wconf 81' lang='lat' dir='ltr'><strong>Hoc</strong></span> <span class='ocrx_word' id='word_1_224' title='bbox 351 3232 506 3307; x_wconf 83' lang='lat' dir='ltr'><strong>titulo</strong></span> <span class='ocrx_word' id='word_1_225' title='bbox 535 3251 640 3289; x_wconf 84' lang='lat' dir='ltr'><strong>non</strong></span> <span class='ocrx_word' id='word_1_226' title='bbox 677 3237 848 3291; x_wconf 88' lang='lat' dir='ltr'><strong>solum</strong></span> <span class='ocrx_word' id='word_1_227' title='bbox 888 3236 945 3290; x_wconf 82' lang='lat' dir='ltr'><strong>in</strong></span> <span class='ocrx_word' id='word_1_228' title='bbox 989 3242 1086 3291; x_wconf 85' lang='lat' dir='ltr'><strong>vet.</strong></span> <span class='ocrx_word' id='word_1_229' title='bbox 1119 3237 1268 3304; x_wconf 85' lang='lat' dir='ltr'><strong>edit.,</strong></span> <span class='ocrx_word' id='word_1_230' title='bbox 1301 3236 1389 3291; x_wconf 89' lang='lat' dir='ltr'><strong>sed</strong></span> <span class='ocrx_word' id='word_1_231' title='bbox 1415 3235 1572 3291; x_wconf 89' lang='lat' dir='ltr'><strong>etiam</strong></span> <span class='ocrx_word' id='word_1_232' title='bbox 1608 3236 1663 3290; x_wconf 82' lang='lat' dir='ltr'><strong>in</strong></span> <span class='ocrx_word' id='word_1_233' title='bbox 1685 3237 1807 3307; x_wconf 87' lang='lat' dir='ltr'><strong>plu-</strong></span> 
     </span>
    </p>
   </div>
   <div class='ocr_carea' id='block_1_36' title="bbox 285 3303 1808 3378">
    <p class='ocr_par' dir='ltr' id='par_1_36' title="bbox 285 3303 1808 3378">
     <span class='ocr_line' id='line_1_36' title="bbox 285 3303 1808 3378; baseline 0.003 -20"><span class='ocrx_word' id='word_1_234' title='bbox 285 3303 439 3378; x_wconf 80' lang='lat' dir='ltr'><strong>ribus</strong></span> <span class='ocrx_word' id='word_1_235' title='bbox 479 3307 977 3378; x_wconf 85' lang='lat' dir='ltr'><strong>probatioribusque</strong></span> <span class='ocrx_word' id='word_1_236' title='bbox 1026 3325 1149 3364; x_wconf 85' lang='lat' dir='ltr'><strong>mss.</strong></span> <span class='ocrx_word' id='word_1_237' title='bbox 1170 3303 1483 3364; x_wconf 69' lang='lat' dir='ltr'><strong>inscribitur</strong></span> <span class='ocrx_word' id='word_1_238' title='bbox 1503 3307 1584 3362; x_wconf 89' lang='lat' dir='ltr'><strong>hic</strong></span> <span class='ocrx_word' id='word_1_239' title='bbox 1617 3303 1808 3363; x_wconf 71' lang='lat' dir='ltr'><strong>sermo:</strong></span> 
     </span>
    </p>
   </div>
   <div class='ocr_carea' id='block_1_37' title="bbox 284 3376 1804 3450">
    <p class='ocr_par' dir='ltr' id='par_1_37' title="bbox 284 3376 1804 3450">
     <span class='ocr_line' id='line_1_37' title="bbox 284 3376 1804 3450; baseline 0.003 -20"><span class='ocrx_word' id='word_1_240' title='bbox 284 3383 346 3450; x_wconf 80' lang='lat' dir='ltr'><strong>at</strong></span> <span class='ocrx_word' id='word_1_241' title='bbox 375 3376 428 3430; x_wconf 83' lang='lat' dir='ltr'><strong>in</strong></span> <span class='ocrx_word' id='word_1_242' title='bbox 454 3376 650 3450; x_wconf 80' lang='lat' dir='ltr'><strong>Remig.</strong></span> <span class='ocrx_word' id='word_1_243' title='bbox 683 3379 846 3434; x_wconf 83' lang='lat' dir='ltr'><strong>eidem</strong></span> <span class='ocrx_word' id='word_1_244' title='bbox 879 3376 1204 3450; x_wconf 62' lang='lat' dir='ltr'><strong>prae/igitur,</strong></span> <span class='ocrx_word' id='word_1_245' title='bbox 1255 3379 1321 3434; x_wconf 90' lang='lat' dir='ltr'><strong>de</strong></span> <span class='ocrx_word' id='word_1_246' title='bbox 1375 3379 1515 3434; x_wconf 88' lang='lat' dir='ltr'><strong>festo</strong></span> <span class='ocrx_word' id='word_1_247' title='bbox 1563 3379 1804 3450; x_wconf 87' lang='lat' dir='ltr'><strong>Epipha-</strong></span> 
     </span>
    </p>
   </div>
   <div class='ocr_carea' id='block_1_38' title="bbox 285 3447 1807 3506">
    <p class='ocr_par' dir='ltr' id='par_1_38' title="bbox 285 3447 1807 3506">
     <span class='ocr_line' id='line_1_38' title="bbox 285 3447 1807 3506; baseline 0.001 -4"><span class='ocrx_word' id='word_1_248' title='bbox 285 3447 415 3504; x_wconf 73' lang='lat' dir='ltr'><strong>niae.</strong></span> <span class='ocrx_word' id='word_1_249' title='bbox 465 3451 540 3505; x_wconf 89' lang='lat' dir='ltr'><strong>Et</strong></span> <span class='ocrx_word' id='word_1_250' title='bbox 596 3447 728 3505; x_wconf 79' lang='lat' dir='ltr'><strong>certe</strong></span> <span class='ocrx_word' id='word_1_251' title='bbox 777 3447 897 3505; x_wconf 63' lang='lat' dir='ltr'><strong>noui</strong></span> <span class='ocrx_word' id='word_1_252' title='bbox 929 3447 1205 3505; x_wconf 77' lang='lat' dir='ltr'><strong>obscurum</strong></span> <span class='ocrx_word' id='word_1_253' title='bbox 1258 3451 1466 3505; x_wconf 84' lang='lat' dir='ltr'><strong>videtur</strong></span> <span class='ocrx_word' id='word_1_254' title='bbox 1520 3447 1807 3506; x_wconf 46' lang='lat' dir='ltr'><strong>iltu—m&#39;non</strong></span> 
     </span>
    </p>
   </div>
   <div class='ocr_carea' id='block_1_39' title="bbox 284 3520 1806 3591">
    <p class='ocr_par' dir='ltr' id='par_1_39' title="bbox 284 3520 1806 3591">
     <span class='ocr_line' id='line_1_39' title="bbox 284 3520 1806 3591; baseline 0.003 -19"><span class='ocrx_word' id='word_1_255' title='bbox 284 3521 452 3574; x_wconf 85' lang='lat' dir='ltr'><strong>multo</strong></span> <span class='ocrx_word' id='word_1_256' title='bbox 476 3528 597 3591; x_wconf 90' lang='lat' dir='ltr'><strong>post</strong></span> <span class='ocrx_word' id='word_1_257' title='bbox 641 3523 734 3576; x_wconf 84' lang='lat' dir='ltr'><strong>hoc</strong></span> <span class='ocrx_word' id='word_1_258' title='bbox 776 3522 912 3576; x_wconf 85' lang='lat' dir='ltr'><strong>idem</strong></span> <span class='ocrx_word' id='word_1_259' title='bbox 954 3520 1144 3591; x_wconf 80' lang='lat' dir='ltr'><strong>festum</strong></span> <span class='ocrx_word' id='word_1_260' title='bbox 1185 3523 1255 3577; x_wconf 90' lang='lat' dir='ltr'><strong>ad</strong></span> <span class='ocrx_word' id='word_1_261' title='bbox 1299 3523 1684 3577; x_wconf 84' lang='lat' dir='ltr'><strong>catechumenos</strong></span> <span class='ocrx_word' id='word_1_262' title='bbox 1714 3523 1806 3577; x_wconf 89' lang='lat' dir='ltr'><strong>ha-</strong></span> 
     </span>
    </p>
   </div>
   <div class='ocr_carea' id='block_1_40' title="bbox 283 3591 1805 3664">
    <p class='ocr_par' dir='ltr' id='par_1_40' title="bbox 283 3591 1805 3664">
     <span class='ocr_line' id='line_1_40' title="bbox 283 3591 1805 3664; baseline 0.003 -20"><span class='ocrx_word' id='word_1_263' title='bbox 283 3591 452 3645; x_wconf 87' lang='lat' dir='ltr'><strong>bitum</strong></span> <span class='ocrx_word' id='word_1_264' title='bbox 481 3609 605 3661; x_wconf 89' lang='lat' dir='ltr'><strong>esse,</strong></span> <span class='ocrx_word' id='word_1_265' title='bbox 636 3599 694 3647; x_wconf 92' lang='lat' dir='ltr'><strong>ut</strong></span> <span class='ocrx_word' id='word_1_266' title='bbox 737 3595 810 3649; x_wconf 87' lang='lat' dir='ltr'><strong>ad</strong></span> <span class='ocrx_word' id='word_1_267' title='bbox 856 3594 1090 3648; x_wconf 86' lang='lat' dir='ltr'><strong>studium</strong></span> <span class='ocrx_word' id='word_1_268' title='bbox 1135 3594 1449 3664; x_wconf 65' lang='lat' dir='ltr'><strong>accipienda:</strong></span> <span class='ocrx_word' id='word_1_269' title='bbox 1475 3593 1805 3664; x_wconf 87' lang='lat' dir='ltr'><strong>baptismatis</strong></span> 
     </span>
    </p>
   </div>
   <div class='ocr_carea' id='block_1_41' title="bbox 281 3664 1802 3736">
    <p class='ocr_par' dir='ltr' id='par_1_41' title="bbox 281 3664 1802 3736">
     <span class='ocr_line' id='line_1_41' title="bbox 281 3664 1802 3736; baseline 0.001 -18"><span class='ocrx_word' id='word_1_270' title='bbox 281 3664 473 3736; x_wconf 76' lang='lat' dir='ltr'><strong>gratia:</strong></span> <span class='ocrx_word' id='word_1_271' title='bbox 518 3665 894 3736; x_wconf 65' lang='lat' dir='ltr'><strong>excitarentur.</strong></span> <span class='ocrx_word' id='word_1_272' title='bbox 927 3665 1080 3721; x_wconf 85' lang='lat' dir='ltr'><strong>Nihil</strong></span> <span class='ocrx_word' id='word_1_273' title='bbox 1111 3665 1382 3721; x_wconf 81' lang='lat' dir='ltr'><strong>Ambrosii</strong></span> <span class='ocrx_word' id='word_1_274' title='bbox 1405 3664 1630 3736; x_wconf 74' lang='lat' dir='ltr'><strong>prazfert</strong></span> <span class='ocrx_word' id='word_1_275' title='bbox 1659 3682 1670 3719; x_wconf 90' lang='lat'><strong><em>:</em></strong></span> <span class='ocrx_word' id='word_1_276' title='bbox 1713 3666 1802 3720; x_wconf 82' lang='lat' dir='ltr'><strong>sed</strong></span> 
     </span>
    </p>
   </div>
   <div class='ocr_carea' id='block_1_42' title="bbox 281 3735 1802 3808">
    <p class='ocr_par' dir='ltr' id='par_1_42' title="bbox 281 3735 1802 3808">
     <span class='ocr_line' id='line_1_42' title="bbox 281 3735 1802 3808; baseline 0.001 -20"><span class='ocrx_word' id='word_1_277' title='bbox 281 3735 510 3808; x_wconf 70' lang='lat' dir='ltr'><strong>requiori</strong></span> <span class='ocrx_word' id='word_1_278' title='bbox 553 3735 680 3805; x_wconf 83' lang='lat' dir='ltr'><strong>jure</strong></span> <span class='ocrx_word' id='word_1_279' title='bbox 722 3736 955 3808; x_wconf 83' lang='lat' dir='ltr'><strong>attribui</strong></span> <span class='ocrx_word' id='word_1_280' title='bbox 980 3737 1217 3794; x_wconf 71' lang='lat' dir='ltr'><strong>Maximo</strong></span> <span class='ocrx_word' id='word_1_281' title='bbox 1241 3735 1452 3808; x_wconf 77' lang='lat' dir='ltr'><strong>potest;</strong></span> <span class='ocrx_word' id='word_1_282' title='bbox 1481 3743 1529 3791; x_wconf 86' lang='lat' dir='ltr'><strong>et</strong></span> <span class='ocrx_word' id='word_1_283' title='bbox 1556 3754 1672 3791; x_wconf 86' lang='lat' dir='ltr'><strong>cum</strong></span> <span class='ocrx_word' id='word_1_284' title='bbox 1697 3754 1802 3792; x_wconf 84' lang='lat' dir='ltr'><strong>ser-</strong></span> 
     </span>
    </p>
   </div>
   <div class='ocr_carea' id='block_1_43' title="bbox 283 3806 1800 3880">
    <p class='ocr_par' dir='ltr' id='par_1_43' title="bbox 283 3806 1800 3880">
     <span class='ocr_line' id='line_1_43' title="bbox 283 3806 1800 3880; baseline 0.003 -21"><span class='ocrx_word' id='word_1_285' title='bbox 283 3806 431 3861; x_wconf 85' lang='lat' dir='ltr'><strong>moni</strong></span> <span class='ocrx_word' id='word_1_286' title='bbox 455 3824 493 3880; x_wconf 66' lang='grc' dir='ltr'><strong>χ</strong></span> <span class='ocrx_word' id='word_1_287' title='bbox 521 3814 567 3863; x_wconf 87' lang='lat' dir='ltr'><strong>et</strong></span> <span class='ocrx_word' id='word_1_288' title='bbox 596 3825 654 3863; x_wconf 76' lang='lat' dir='ltr'><strong>x1</strong></span> <span class='ocrx_word' id='word_1_289' title='bbox 682 3824 851 3879; x_wconf 84' lang='lat' dir='ltr'><strong>supra</strong></span> <span class='ocrx_word' id='word_1_290' title='bbox 876 3807 1026 3862; x_wconf 85' lang='lat' dir='ltr'><strong>editis</strong></span> <span class='ocrx_word' id='word_1_291' title='bbox 1050 3806 1271 3880; x_wconf 74' lang='lat' dir='ltr'><strong>pulchre</strong></span> <span class='ocrx_word' id='word_1_292' title='bbox 1298 3809 1589 3876; x_wconf 83' lang='lat' dir='ltr'><strong>conveniat,</strong></span> <span class='ocrx_word' id='word_1_293' title='bbox 1621 3809 1800 3863; x_wconf 67' lang='lat' dir='ltr'><strong>existi-</strong></span> 
     </span>
    </p>
   </div>
   <div class='ocr_carea' id='block_1_44' title="bbox 280 3879 1802 3951">
    <p class='ocr_par' dir='ltr' id='par_1_44' title="bbox 280 3879 1802 3951">
     <span class='ocr_line' id='line_1_44' title="bbox 280 3879 1802 3951; baseline 0.001 -19"><span class='ocrx_word' id='word_1_294' title='bbox 280 3895 432 3951; x_wconf 84' lang='lat' dir='ltr'><strong>mare</strong></span> <span class='ocrx_word' id='word_1_295' title='bbox 460 3879 575 3934; x_wconf 87' lang='lat' dir='ltr'><strong>licet</strong></span> <span class='ocrx_word' id='word_1_296' title='bbox 601 3885 703 3934; x_wconf 88' lang='lat' dir='ltr'><strong>tres</strong></span> <span class='ocrx_word' id='word_1_297' title='bbox 730 3881 820 3934; x_wconf 89' lang='lat' dir='ltr'><strong>hos</strong></span> <span class='ocrx_word' id='word_1_298' title='bbox 853 3895 1114 3934; x_wconf 83' lang='lat' dir='ltr'><strong>sermones</strong></span> <span class='ocrx_word' id='word_1_299' title='bbox 1141 3881 1434 3951; x_wconf 85' lang='lat' dir='ltr'><strong>designatos</strong></span> <span class='ocrx_word' id='word_1_300' title='bbox 1463 3897 1566 3935; x_wconf 86' lang='lat' dir='ltr'><strong>esse</strong></span> <span class='ocrx_word' id='word_1_301' title='bbox 1595 3898 1630 3934; x_wconf 91' lang='lat' dir='ltr'><strong>a</strong></span> <span class='ocrx_word' id='word_1_302' title='bbox 1656 3882 1802 3936; x_wconf 85' lang='lat' dir='ltr'><strong>Gen-</strong></span> 
     </span>
    </p>
   </div>
   <div class='ocr_carea' id='block_1_45' title="bbox 279 3950 1801 4023">
    <p class='ocr_par' dir='ltr' id='par_1_45' title="bbox 279 3950 1801 4023">
     <span class='ocr_line' id='line_1_45' title="bbox 279 3950 1801 4023; baseline 0.003 -20"><span class='ocrx_word' id='word_1_303' title='bbox 279 3950 466 4023; x_wconf 84' lang='lat' dir='ltr'><strong>nadio,</strong></span> <span class='ocrx_word' id='word_1_304' title='bbox 496 3952 586 4023; x_wconf 82' lang='lat' dir='ltr'><strong>ubi</strong></span> <span class='ocrx_word' id='word_1_305' title='bbox 607 3951 847 4022; x_wconf 80' lang='lat' dir='ltr'><strong>prodidit</strong></span> <span class='ocrx_word' id='word_1_306' title='bbox 870 3952 1101 4023; x_wconf 82' lang='lat' dir='ltr'><strong>eumdem</strong></span> <span class='ocrx_word' id='word_1_307' title='bbox 1120 3950 1420 4022; x_wconf 81' lang='lat' dir='ltr'><strong>episcopum</strong></span> <span class='ocrx_word' id='word_1_308' title='bbox 1439 3951 1505 4007; x_wconf 90' lang='lat' dir='ltr'><strong>de</strong></span> <span class='ocrx_word' id='word_1_309' title='bbox 1533 3951 1801 4023; x_wconf 88' lang='lat' dir='ltr'><strong>Baptismi</strong></span> 
     </span>
    </p>
   </div>
   <div class='ocr_carea' id='block_1_46' title="bbox 281 4021 1493 4092">
    <p class='ocr_par' dir='ltr' id='par_1_46' title="bbox 281 4021 1493 4092">
     <span class='ocr_line' id='line_1_46' title="bbox 281 4021 1493 4092; baseline 0.003 -16"><span class='ocrx_word' id='word_1_310' title='bbox 281 4021 456 4092; x_wconf 85' lang='lat' dir='ltr'><strong>gratia</strong></span> <span class='ocrx_word' id='word_1_311' title='bbox 486 4021 712 4090; x_wconf 84' lang='lat' dir='ltr'><strong>librum,</strong></span> <span class='ocrx_word' id='word_1_312' title='bbox 743 4022 1002 4078; x_wconf 84' lang='lat' dir='ltr'><strong>vetustiss.</strong></span> <span class='ocrx_word' id='word_1_313' title='bbox 1036 4022 1228 4092; x_wconf 89' lang='lat' dir='ltr'><strong>libros,</strong></span> <span class='ocrx_word' id='word_1_314' title='bbox 1254 4021 1493 4080; x_wconf 79' lang='lat' dir='ltr'><strong>edidisse.</strong></span> 
     </span>
    </p>
   </div>
   <div class='ocr_carea' id='block_1_47' title="bbox 282 4122 1798 4195">
    <p class='ocr_par' dir='ltr' id='par_1_47' title="bbox 282 4122 1798 4195">
     <span class='ocr_line' id='line_1_47' title="bbox 282 4122 1798 4195; baseline 0.004 -19"><span class='ocrx_word' id='word_1_315' title='bbox 282 4122 333 4177; x_wconf 92' lang='lat'><strong>1.</strong></span> <span class='ocrx_word' id='word_1_316' title='bbox 369 4122 509 4190; x_wconf 88' lang='lat' dir='ltr'><strong>Quia</strong></span> <span class='ocrx_word' id='word_1_317' title='bbox 535 4131 767 4192; x_wconf 86' lang='lat' dir='ltr'><strong>constat,</strong></span> <span class='ocrx_word' id='word_1_318' title='bbox 799 4123 943 4180; x_wconf 89' lang='lat' dir='ltr'><strong>sicut</strong></span> <span class='ocrx_word' id='word_1_319' title='bbox 973 4131 1100 4180; x_wconf 89' lang='lat' dir='ltr'><strong>ante</strong></span> <span class='ocrx_word' id='word_1_320' title='bbox 1127 4123 1244 4180; x_wconf 91' lang='lat' dir='ltr'><strong>dies</strong></span> <span class='ocrx_word' id='word_1_321' title='bbox 1287 4124 1562 4195; x_wconf 90' lang='lat' dir='ltr'><strong>prosecuti</strong></span> <span class='ocrx_word' id='word_1_322' title='bbox 1588 4141 1798 4194; x_wconf 90' lang='lat' dir='ltr'><strong>sumus,</strong></span> 
     </span>
    </p>
   </div>
   <div class='ocr_carea' id='block_1_48' title="bbox 202 4213 1797 4286">
    <p class='ocr_par' dir='ltr' id='par_1_48' title="bbox 202 4213 1797 4286">
     <span class='ocr_line' id='line_1_48' title="bbox 202 4213 1797 4286; baseline 0.002 -18"><span class='ocrx_word' id='word_1_323' title='bbox 202 4213 394 4268; x_wconf 85' lang='lat' dir='ltr'><strong>Jcsum</strong></span> <span class='ocrx_word' id='word_1_324' title='bbox 442 4213 722 4270; x_wconf 87' lang='lat' dir='ltr'><strong>Christum</strong></span> <span class='ocrx_word' id='word_1_325' title='bbox 778 4230 890 4270; x_wconf 92' lang='lat' dir='ltr'><strong>non</strong></span> <span class='ocrx_word' id='word_1_326' title='bbox 935 4214 1021 4270; x_wconf 90' lang='lat' dir='ltr'><strong>sui</strong></span> <span class='ocrx_word' id='word_1_327' title='bbox 1070 4229 1233 4270; x_wconf 89' lang='lat' dir='ltr'><strong>causa</strong></span> <span class='ocrx_word' id='word_1_328' title='bbox 1279 4214 1614 4286; x_wconf 88' lang='lat' dir='ltr'><strong>baptizatum</strong></span> <span class='ocrx_word' id='word_1_329' title='bbox 1664 4232 1797 4284; x_wconf 90' lang='lat' dir='ltr'><strong>esse,</strong></span> 
     </span>
    </p>
   </div>
   <div class='ocr_carea' id='block_1_49' title="bbox 204 4302 1798 4377">
    <p class='ocr_par' dir='ltr' id='par_1_49' title="bbox 204 4302 1798 4377">
     <span class='ocr_line' id='line_1_49' title="bbox 204 4302 1798 4377; baseline 0.003 -19"><span class='ocrx_word' id='word_1_330' title='bbox 204 4302 305 4358; x_wconf 88' lang='lat' dir='ltr'><strong>sed</strong></span> <span class='ocrx_word' id='word_1_331' title='bbox 337 4304 534 4373; x_wconf 87' lang='lat' dir='ltr'><strong>nostri,</strong></span> <span class='ocrx_word' id='word_1_332' title='bbox 567 4303 850 4373; x_wconf 85' lang='lat' dir='ltr'><strong>debemus,</strong></span> <span class='ocrx_word' id='word_1_333' title='bbox 883 4304 1078 4360; x_wconf 88' lang='lat' dir='ltr'><strong>fratres</strong></span> <span class='ocrx_word' id='word_1_334' title='bbox 1111 4303 1456 4361; x_wconf 90' lang='lat' dir='ltr'><strong>dilectissimi</strong></span> <span class='ocrx_word' id='word_1_335' title='bbox 1489 4305 1672 4377; x_wconf 89' lang='lat' dir='ltr'><strong>(vobis</strong></span> <span class='ocrx_word' id='word_1_336' title='bbox 1697 4322 1798 4362; x_wconf 90' lang='lat' dir='ltr'><strong>ca-</strong></span> 
     </span>
    </p>
   </div>
   <div class='ocr_carea' id='block_1_50' title="bbox 205 4395 1799 4470">
    <p class='ocr_par' dir='ltr' id='par_1_50' title="bbox 205 4395 1799 4470">
     <span class='ocr_line' id='line_1_50' title="bbox 205 4395 1799 4470; baseline 0.004 -19"><span class='ocrx_word' id='word_1_337' title='bbox 205 4395 557 4452; x_wconf 89' lang='lat' dir='ltr'><strong>techumenis</strong></span> <span class='ocrx_word' id='word_1_338' title='bbox 584 4397 825 4470; x_wconf 87' lang='lat' dir='ltr'><strong>loquor),</strong></span> <span class='ocrx_word' id='word_1_339' title='bbox 858 4396 1086 4470; x_wconf 87' lang='lat' dir='ltr'><strong>gratiam</strong></span> <span class='ocrx_word' id='word_1_340' title='bbox 1117 4397 1468 4469; x_wconf 89' lang='lat' dir='ltr'><strong>baptismatis</strong></span> <span class='ocrx_word' id='word_1_341' title='bbox 1499 4397 1617 4470; x_wconf 90' lang='lat' dir='ltr'><strong>ejus</strong></span> <span class='ocrx_word' id='word_1_342' title='bbox 1647 4401 1799 4458; x_wconf 92' lang='lat' dir='ltr'><strong>omni</strong></span> 
     </span>
    </p>
   </div>
   <div class='ocr_carea' id='block_1_51' title="bbox 205 4484 1874 4574">
    <p class='ocr_par' dir='ltr' id='par_1_51' title="bbox 205 4484 1874 4574">
     <span class='ocr_line' id='line_1_51' title="bbox 205 4484 1874 4574; baseline 0.006 -34"><span class='ocrx_word' id='word_1_343' title='bbox 205 4484 562 4544; x_wconf 84' lang='lat' dir='ltr'><strong>festinatione</strong></span> <span class='ocrx_word' id='word_1_344' title='bbox 604 4488 898 4561; x_wconf 90' lang='lat' dir='ltr'><strong>suscipere,</strong></span> <span class='ocrx_word' id='word_1_345' title='bbox 930 4495 985 4543; x_wconf 88' lang='lat' dir='ltr'><strong>et</strong></span> <span class='ocrx_word' id='word_1_346' title='bbox 1013 4489 1080 4545; x_wconf 93' lang='lat' dir='ltr'><strong>de</strong></span> <span class='ocrx_word' id='word_1_347' title='bbox 1114 4489 1264 4545; x_wconf 89' lang='lat' dir='ltr'><strong>fonte</strong></span> <span class='ocrx_word' id='word_1_348' title='bbox 1293 4490 1546 4547; x_wconf 86' lang='lat' dir='ltr'><strong>Jordanis</strong></span> <span class='ocrx_word' id='word_1_349' title='bbox 1573 4493 1790 4563; x_wconf 83' lang='lat' dir='ltr'><strong>(Matth.</strong></span> <span class='ocrx_word' id='word_1_350' title='bbox 1826 4515 1874 4574; x_wconf 78' lang='grc' dir='ltr'><strong>Ι)</strong></span> 
     </span>
    </p>
   </div>
   <div class='ocr_carea' id='block_1_52' title="bbox 204 4576 1798 4650">
    <p class='ocr_par' dir='ltr' id='par_1_52' title="bbox 204 4576 1798 4650">
     <span class='ocr_line' id='line_1_52' title="bbox 204 4576 1798 4650; baseline 0.006 -20"><span class='ocrx_word' id='word_1_351' title='bbox 204 4591 291 4644; x_wconf 84' lang='lat' dir='ltr'><strong>in,</strong></span> <span class='ocrx_word' id='word_1_352' title='bbox 327 4576 439 4648; x_wconf 86' lang='lat' dir='ltr'><strong>l3),</strong></span> <span class='ocrx_word' id='word_1_353' title='bbox 473 4593 634 4650; x_wconf 92' lang='lat' dir='ltr'><strong>quem</strong></span> <span class='ocrx_word' id='word_1_354' title='bbox 673 4577 768 4633; x_wconf 90' lang='lat' dir='ltr'><strong>ille</strong></span> <span class='ocrx_word' id='word_1_355' title='bbox 819 4577 1126 4647; x_wconf 82' lang='lat' dir='ltr'><strong>benedixit,</strong></span> <span class='ocrx_word' id='word_1_356' title='bbox 1171 4579 1609 4638; x_wconf 89' lang='lat' dir='ltr'><strong>benedictionem</strong></span> <span class='ocrx_word' id='word_1_357' title='bbox 1654 4599 1798 4638; x_wconf 89' lang='lat' dir='ltr'><strong>con-</strong></span> 
     </span>
    </p>
   </div>
   <div class='ocr_carea' id='block_1_53' title="bbox 201 4667 1798 4746">
    <p class='ocr_par' dir='ltr' id='par_1_53' title="bbox 201 4667 1798 4746">
     <span class='ocr_line' id='line_1_53' title="bbox 201 4667 1798 4746; baseline 0.004 -24"><span class='ocrx_word' id='word_1_358' title='bbox 201 4667 529 4723; x_wconf 86' lang='lat' dir='ltr'><strong>secrationis</strong></span> <span class='ocrx_word' id='word_1_359' title='bbox 575 4667 834 4737; x_wconf 90' lang='lat' dir='ltr'><strong>haurire;</strong></span> <span class='ocrx_word' id='word_1_360' title='bbox 879 4677 942 4725; x_wconf 87' lang='lat' dir='ltr'><strong>ut</strong></span> <span class='ocrx_word' id='word_1_361' title='bbox 981 4668 1039 4724; x_wconf 89' lang='lat' dir='ltr'><strong>in</strong></span> <span class='ocrx_word' id='word_1_362' title='bbox 1070 4686 1196 4726; x_wconf 90' lang='lat' dir='ltr'><strong>eum</strong></span> <span class='ocrx_word' id='word_1_363' title='bbox 1227 4670 1514 4744; x_wconf 84' lang='lat' dir='ltr'><strong>gurgitem,</strong></span> <span class='ocrx_word' id='word_1_364' title='bbox 1548 4671 1606 4727; x_wconf 92' lang='lat' dir='ltr'><strong>in</strong></span> <span class='ocrx_word' id='word_1_365' title='bbox 1637 4688 1798 4746; x_wconf 87' lang='lat' dir='ltr'><strong>quem</strong></span> 
     </span>
    </p>
   </div>
   <div class='ocr_carea' id='block_1_54' title="bbox 204 4755 1791 4834">
    <p class='ocr_par' dir='ltr' id='par_1_54' title="bbox 204 4755 1791 4834">
     <span class='ocr_line' id='line_1_54' title="bbox 204 4755 1791 4834; baseline 0.003 -24"><span class='ocrx_word' id='word_1_366' title='bbox 204 4755 361 4812; x_wconf 90' lang='lat' dir='ltr'><strong>illius</strong></span> <span class='ocrx_word' id='word_1_367' title='bbox 382 4760 644 4813; x_wconf 88' lang='lat' dir='ltr'><strong>sanctitas</strong></span> <span class='ocrx_word' id='word_1_368' title='bbox 675 4758 885 4827; x_wconf 90' lang='lat' dir='ltr'><strong>mersit,</strong></span> <span class='ocrx_word' id='word_1_369' title='bbox 917 4766 1104 4815; x_wconf 91' lang='lat' dir='ltr'><strong>nostra</strong></span> <span class='ocrx_word' id='word_1_370' title='bbox 1150 4768 1373 4832; x_wconf 86' lang='lat' dir='ltr'><strong>peccata</strong></span> <span class='ocrx_word' id='word_1_371' title='bbox 1431 4769 1751 4834; x_wconf 87' lang='lat' dir='ltr'><strong>mergantur</strong></span> <span class='ocrx_word' id='word_1_372' title='bbox 1781 4777 1791 4815; x_wconf 92' lang='lat'>:</span> 
     </span>
    </p>
   </div>
   <div class='ocr_carea' id='block_1_55' title="bbox 199 4846 1796 4920">
    <p class='ocr_par' dir='ltr' id='par_1_55' title="bbox 199 4846 1796 4920">
     <span class='ocr_line' id='line_1_55' title="bbox 199 4846 1796 4920; baseline 0.003 -19"><span class='ocrx_word' id='word_1_373' title='bbox 199 4846 416 4903; x_wconf 89' lang='lat' dir='ltr'><strong>scilicet</strong></span> <span class='ocrx_word' id='word_1_374' title='bbox 446 4854 504 4902; x_wconf 92' lang='lat' dir='ltr'><strong>ut</strong></span> <span class='ocrx_word' id='word_1_375' title='bbox 534 4847 722 4903; x_wconf 89' lang='lat' dir='ltr'><strong>eadem</strong></span> <span class='ocrx_word' id='word_1_376' title='bbox 746 4863 906 4920; x_wconf 91' lang='lat' dir='ltr'><strong>aqua,</strong></span> <span class='ocrx_word' id='word_1_377' title='bbox 931 4864 1051 4920; x_wconf 84' lang='lat' dir='ltr'><strong>quae</strong></span> <span class='ocrx_word' id='word_1_378' title='bbox 1080 4849 1380 4906; x_wconf 90' lang='lat' dir='ltr'><strong>Dominum</strong></span> <span class='ocrx_word' id='word_1_379' title='bbox 1409 4850 1796 4918; x_wconf 88' lang='lat' dir='ltr'><strong>circumdedit,</strong></span> 
     </span>
    </p>
   </div>
   <div class='ocr_carea' id='block_1_56' title="bbox 201 4935 1798 5009">
    <p class='ocr_par' dir='ltr' id='par_1_56' title="bbox 201 4935 1798 5009">
     <span class='ocr_line' id='line_1_56' title="bbox 201 4935 1798 5009; baseline 0.003 -19"><span class='ocrx_word' id='word_1_380' title='bbox 201 4945 256 4992; x_wconf 87' lang='lat' dir='ltr'><strong>et</strong></span> <span class='ocrx_word' id='word_1_381' title='bbox 301 4937 551 4992; x_wconf 78' lang='lat' dir='ltr'><strong>servulos</strong></span> <span class='ocrx_word' id='word_1_382' title='bbox 601 4935 1007 5009; x_wconf 88' lang='lat' dir='ltr'><strong>circumpurget</strong></span> <span class='ocrx_word' id='word_1_383' title='bbox 1042 4954 1053 4991; x_wconf 91' lang='lat'>:</span> <span class='ocrx_word' id='word_1_384' title='bbox 1101 4945 1372 5008; x_wconf 89' lang='lat' dir='ltr'><strong>quatenus</strong></span> <span class='ocrx_word' id='word_1_385' title='bbox 1397 4957 1467 4996; x_wconf 82' lang='lat' dir='ltr'><strong>ex</strong></span> <span class='ocrx_word' id='word_1_386' title='bbox 1497 4941 1798 4997; x_wconf 77' lang='lat' dir='ltr'><strong>venerabili</strong></span> 
     </span>
    </p>
   </div>
   <div class='ocr_carea' id='block_1_57' title="bbox 201 5025 1800 5099">
    <p class='ocr_par' dir='ltr' id='par_1_57' title="bbox 201 5025 1800 5099">
     <span class='ocr_line' id='line_1_57' title="bbox 201 5025 1800 5099; baseline 0.001 -16"><span class='ocrx_word' id='word_1_387' title='bbox 201 5025 414 5083; x_wconf 89' lang='lat' dir='ltr'><strong>Christi</strong></span> <span class='ocrx_word' id='word_1_388' title='bbox 466 5026 686 5083; x_wconf 91' lang='lat' dir='ltr'><strong>lavacro</strong></span> <span class='ocrx_word' id='word_1_389' title='bbox 720 5027 880 5082; x_wconf 89' lang='lat' dir='ltr'><strong>nobis</strong></span> <span class='ocrx_word' id='word_1_390' title='bbox 911 5025 1060 5081; x_wconf 87' lang='lat' dir='ltr'><strong>unda</strong></span> <span class='ocrx_word' id='word_1_391' title='bbox 1089 5035 1276 5083; x_wconf 90' lang='lat' dir='ltr'><strong>sancta</strong></span> <span class='ocrx_word' id='word_1_392' title='bbox 1308 5029 1578 5099; x_wconf 87' lang='lat' dir='ltr'><strong>proﬁciat,</strong></span> <span class='ocrx_word' id='word_1_393' title='bbox 1612 5038 1664 5085; x_wconf 90' lang='lat' dir='ltr'><strong>et</strong></span> <span class='ocrx_word' id='word_1_394' title='bbox 1695 5029 1800 5085; x_wconf 88' lang='lat' dir='ltr'><strong>iis—</strong></span> 
     </span>
    </p>
   </div>
   <div class='ocr_carea' id='block_1_58' title="bbox 275 5141 1798 5215">
    <p class='ocr_par' dir='ltr' id='par_1_58' title="bbox 275 5141 1798 5215">
     <span class='ocr_line' id='line_1_58' title="bbox 275 5141 1798 5215; baseline -0.001 -15"><span class='ocrx_word' id='word_1_395' title='bbox 275 5145 392 5215; x_wconf 82' lang='grc'><strong>(15)</strong></span> <span class='ocrx_word' id='word_1_396' title='bbox 425 5144 516 5201; x_wconf 88' lang='lat' dir='ltr'><strong>Sic</strong></span> <span class='ocrx_word' id='word_1_397' title='bbox 551 5144 719 5201; x_wconf 88' lang='lat' dir='ltr'><strong>iidem</strong></span> <span class='ocrx_word' id='word_1_398' title='bbox 757 5143 867 5200; x_wconf 90' lang='lat' dir='ltr'><strong>duo</strong></span> <span class='ocrx_word' id='word_1_399' title='bbox 897 5159 1024 5198; x_wconf 89' lang='lat' dir='ltr'><strong>mss.</strong></span> <span class='ocrx_word' id='word_1_400' title='bbox 1054 5159 1066 5207; x_wconf 92' lang='lat'><strong>;</strong></span> <span class='ocrx_word' id='word_1_401' title='bbox 1117 5141 1210 5195; x_wconf 88' lang='lat' dir='ltr'><strong>alii</strong></span> <span class='ocrx_word' id='word_1_402' title='bbox 1259 5159 1392 5215; x_wconf 89' lang='lat' dir='ltr'><strong>vero</strong></span> <span class='ocrx_word' id='word_1_403' title='bbox 1422 5153 1474 5199; x_wconf 91' lang='lat' dir='ltr'><strong>et</strong></span> <span class='ocrx_word' id='word_1_404' title='bbox 1501 5153 1609 5199; x_wconf 87' lang='lat' dir='ltr'><strong>vet.</strong></span> <span class='ocrx_word' id='word_1_405' title='bbox 1639 5145 1798 5211; x_wconf 85' lang='lat' dir='ltr'><strong>edit.,</strong></span> 
     </span>
    </p>
   </div>
   <div class='ocr_carea' id='block_1_59' title="bbox 197 5214 1800 5282">
    <p class='ocr_par' dir='ltr' id='par_1_59' title="bbox 197 5214 1800 5282">
     <span class='ocr_line' id='line_1_59' title="bbox 197 5214 1800 5282; baseline -0.001 -11"><span class='ocrx_word' id='word_1_406' title='bbox 197 5214 496 5272; x_wconf 74' lang='lat' dir='ltr'><strong>dormiebat</strong></span> <span class='ocrx_word' id='word_1_407' title='bbox 540 5235 551 5272; x_wconf 87' lang='lat'>:</span> <span class='ocrx_word' id='word_1_408' title='bbox 611 5216 904 5270; x_wconf 81' lang='lat' dir='ltr'><strong>dormiebat</strong></span> <span class='ocrx_word' id='word_1_409' title='bbox 958 5215 1139 5278; x_wconf 89' lang='lat' dir='ltr'><strong>Petro,</strong></span> <span class='ocrx_word' id='word_1_410' title='bbox 1171 5214 1455 5282; x_wconf 83' lang='lat' dir='ltr'><strong>navigabat</strong></span> <span class='ocrx_word' id='word_1_411' title='bbox 1495 5216 1696 5278; x_wconf 76' lang='lat' dir='ltr'><strong>Judce;</strong></span> <span class='ocrx_word' id='word_1_412' title='bbox 1746 5224 1800 5270; x_wconf 90' lang='lat' dir='ltr'><strong>at</strong></span> 
     </span>
    </p>
   </div>
   <div class='ocr_carea' id='block_1_60' title="bbox 197 5285 1802 5356">
    <p class='ocr_par' dir='ltr' id='par_1_60' title="bbox 197 5285 1802 5356">
     <span class='ocr_line' id='line_1_60' title="bbox 197 5285 1802 5356; baseline -0.002 -12"><span class='ocrx_word' id='word_1_413' title='bbox 197 5290 358 5345; x_wconf 81' lang='lat' dir='ltr'><strong>Rom.</strong></span> <span class='ocrx_word' id='word_1_414' title='bbox 393 5287 554 5356; x_wconf 90' lang='lat' dir='ltr'><strong>edit.,</strong></span> <span class='ocrx_word' id='word_1_415' title='bbox 604 5287 864 5343; x_wconf 86' lang='lat' dir='ltr'><strong>Dominus</strong></span> <span class='ocrx_word' id='word_1_416' title='bbox 909 5285 1224 5342; x_wconf 82' lang='lat' dir='ltr'><strong>dormiebat.</strong></span> <span class='ocrx_word' id='word_1_417' title='bbox 1287 5287 1471 5344; x_wconf 81' lang='lat' dir='ltr'><strong>Verum</strong></span> <span class='ocrx_word' id='word_1_418' title='bbox 1512 5286 1802 5340; x_wconf 71' lang='lat' dir='ltr'><strong>dormiebat</strong></span> 
     </span>
    </p>
   </div>
   <div class='ocr_carea' id='block_1_61' title="bbox 195 5356 1157 5425">
    <p class='ocr_par' dir='ltr' id='par_1_61' title="bbox 195 5356 1157 5425">
     <span class='ocr_line' id='line_1_61' title="bbox 195 5356 1157 5425; baseline -0.006 -9"><span class='ocrx_word' id='word_1_419' title='bbox 195 5361 381 5425; x_wconf 86' lang='lat' dir='ltr'><strong>Petro,</strong></span> <span class='ocrx_word' id='word_1_420' title='bbox 413 5359 500 5414; x_wconf 86' lang='lat' dir='ltr'><strong>sed</strong></span> <span class='ocrx_word' id='word_1_421' title='bbox 528 5377 676 5414; x_wconf 84' lang='lat' dir='ltr'><strong>mare</strong></span> <span class='ocrx_word' id='word_1_422' title='bbox 707 5359 956 5414; x_wconf 87' lang='lat' dir='ltr'><strong>turbabat</strong></span> <span class='ocrx_word' id='word_1_423' title='bbox 987 5356 1157 5413; x_wconf 67' lang='lat' dir='ltr'><strong>Iudae.</strong></span> 
     </span>
    </p>
   </div>
   <div class='ocr_carea' id='block_1_62' title="bbox 272 5427 1799 5502">
    <p class='ocr_par' dir='ltr' id='par_1_62' title="bbox 272 5427 1799 5502">
     <span class='ocr_line' id='line_1_62' title="bbox 272 5427 1799 5502; baseline -0.004 -15"><span class='ocrx_word' id='word_1_424' title='bbox 272 5431 392 5502; x_wconf 88' lang='lat'><strong>(16)</strong></span> <span class='ocrx_word' id='word_1_425' title='bbox 424 5430 696 5487; x_wconf 87' lang='lat' dir='ltr'><strong>Nonnulli</strong></span> <span class='ocrx_word' id='word_1_426' title='bbox 749 5446 906 5496; x_wconf 91' lang='lat' dir='ltr'><strong>mss.,</strong></span> <span class='ocrx_word' id='word_1_427' title='bbox 939 5431 1033 5485; x_wconf 89' lang='lat' dir='ltr'><strong>hoc</strong></span> <span class='ocrx_word' id='word_1_428' title='bbox 1059 5429 1294 5499; x_wconf 69' lang='lat' dir='ltr'><strong>exempto</strong></span> <span class='ocrx_word' id='word_1_429' title='bbox 1314 5427 1580 5498; x_wconf 84' lang='lat' dir='ltr'><strong>perﬁdum</strong></span> <span class='ocrx_word' id='word_1_430' title='bbox 1606 5444 1799 5481; x_wconf 70' lang='lat' dir='ltr'><strong>cauca-</strong></span> 
     </span>
    </p>
   </div>
   <div class='ocr_carea' id='block_1_63' title="bbox 200 5501 687 5557">
    <p class='ocr_par' dir='ltr' id='par_1_63' title="bbox 200 5501 687 5557">
     <span class='ocr_line' id='line_1_63' title="bbox 200 5501 687 5557; baseline -0.002 0"><span class='ocrx_word' id='word_1_431' title='bbox 200 5519 313 5557; x_wconf 83' lang='lat' dir='ltr'><strong>mus</strong></span> <span class='ocrx_word' id='word_1_432' title='bbox 341 5501 687 5557; x_wconf 72' lang='lat' dir='ltr'><strong>proditorem.</strong></span> 
     </span>
    </p>
   </div>
   <div class='ocr_carea' id='block_1_64' title="bbox 272 5520 1796 5643">
    <p class='ocr_par' dir='ltr' id='par_1_64' title="bbox 272 5520 1796 5643">
     <span class='ocr_line' id='line_1_64' title="bbox 272 5520 687 5556; baseline 0 0"><span class='ocrx_word' id='word_1_433' title='bbox 272 5521 313 5556; x_wconf 67' lang='grc' dir='ltr'><strong>ιδ</strong></span> <span class='ocrx_word' id='word_1_434' title='bbox 381 5520 687 5556; x_wconf 76' lang='lat' dir='ltr'><strong>roauorem.</strong></span> 
     </span>
     <span class='ocr_line' id='line_1_65' title="bbox 272 5520 1796 5643; baseline -0.003 -15"><span class='ocrx_word' id='word_1_435' title='bbox 272 5520 392 5643; x_wconf 54' lang='grc' dir='ltr'><strong>(ιζ)</strong></span> <span class='ocrx_word' id='word_1_436' title='bbox 433 5576 640 5629; x_wconf 89' lang='lat' dir='ltr'><strong>Omnes</strong></span> <span class='ocrx_word' id='word_1_437' title='bbox 673 5570 833 5640; x_wconf 90' lang='lat' dir='ltr'><strong>edit.,</strong></span> <span class='ocrx_word' id='word_1_438' title='bbox 865 5589 959 5627; x_wconf 82' lang='lat' dir='ltr'><strong>uos</strong></span> <span class='ocrx_word' id='word_1_439' title='bbox 989 5570 1121 5643; x_wconf 70' lang='lat' dir='ltr'><strong>fretu</strong></span> <span class='ocrx_word' id='word_1_440' title='bbox 1147 5570 1406 5634; x_wconf 83' lang='lat' dir='ltr'><strong>beatiore;</strong></span> <span class='ocrx_word' id='word_1_441' title='bbox 1426 5583 1615 5625; x_wconf 88' lang='lat' dir='ltr'><strong>omnes</strong></span> <span class='ocrx_word' id='word_1_442' title='bbox 1643 5583 1796 5637; x_wconf 88' lang='lat' dir='ltr'><strong>mss.,</strong></span> 
     </span>
    </p>
   </div>
   <div class='ocr_carea' id='block_1_65' title="bbox 199 5642 1262 5717">
    <p class='ocr_par' dir='ltr' id='par_1_65' title="bbox 199 5642 1262 5717">
     <span class='ocr_line' id='line_1_66' title="bbox 199 5642 1262 5717; baseline 0 -19"><span class='ocrx_word' id='word_1_443' title='bbox 199 5662 292 5700; x_wconf 81' lang='lat' dir='ltr'><strong>nos</strong></span> <span class='ocrx_word' id='word_1_444' title='bbox 321 5642 454 5717; x_wconf 68' lang='lat' dir='ltr'><strong>fretu</strong></span> <span class='ocrx_word' id='word_1_445' title='bbox 483 5644 713 5700; x_wconf 84' lang='lat' dir='ltr'><strong>beatiore</strong></span> <span class='ocrx_word' id='word_1_446' title='bbox 746 5660 757 5699; x_wconf 91' lang='lat'>:</span> <span class='ocrx_word' id='word_1_447' title='bbox 795 5659 957 5712; x_wconf 87' lang='lat' dir='ltr'><strong>unus,</strong></span> <span class='ocrx_word' id='word_1_448' title='bbox 990 5642 1262 5698; x_wconf 86' lang='lat' dir='ltr'><strong>beatiores.</strong></span> 
     </span>
    </p>
   </div>
   <div class='ocr_carea' id='block_1_66' title="bbox 1930 491 3516 578">
    <p class='ocr_par' dir='ltr' id='par_1_66' title="bbox 1930 491 3516 578">
     <span class='ocr_line' id='line_1_67' title="bbox 1930 491 3516 578; baseline 0.005 -24"><span class='ocrx_word' id='word_1_449' title='bbox 1930 515 1961 554; x_wconf 89' lang='lat' dir='ltr'><strong>a</strong></span> <span class='ocrx_word' id='word_1_450' title='bbox 2005 491 2285 556; x_wconf 56' lang='lat' dir='ltr'><strong>Salvatore</strong></span> <span class='ocrx_word' id='word_1_451' title='bbox 2339 509 2419 556; x_wconf 90' lang='lat' dir='ltr'><strong>est</strong></span> <span class='ocrx_word' id='word_1_452' title='bbox 2463 510 2728 571; x_wconf 89' lang='lat' dir='ltr'><strong>mutuata,</strong></span> <span class='ocrx_word' id='word_1_453' title='bbox 2783 520 2885 560; x_wconf 88' lang='lat' dir='ltr'><strong>nos</strong></span> <span class='ocrx_word' id='word_1_454' title='bbox 2933 505 3053 560; x_wconf 86' lang='lat' dir='ltr'><strong>fotu</strong></span> <span class='ocrx_word' id='word_1_455' title='bbox 3100 504 3345 561; x_wconf 89' lang='lat' dir='ltr'><strong>beatiore</strong></span> <span class='ocrx_word' id='word_1_456' title='bbox 3394 507 3516 578; x_wconf 89' lang='lat'><strong>(17)</strong></span> 
     </span>
    </p>
   </div>
   <div class='ocr_carea' id='block_1_67' title="bbox 1931 587 3521 666">
    <p class='ocr_par' dir='ltr' id='par_1_67' title="bbox 1931 587 3521 666">
     <span class='ocr_line' id='line_1_68' title="bbox 1931 587 3521 666; baseline 0.006 -23"><span class='ocrx_word' id='word_1_457' title='bbox 1931 587 2203 661; x_wconf 88' lang='lat' dir='ltr'><strong>puriﬁcet,</strong></span> <span class='ocrx_word' id='word_1_458' title='bbox 2236 589 2572 663; x_wconf 88' lang='lat' dir='ltr'><strong>gratiamque</strong></span> <span class='ocrx_word' id='word_1_459' title='bbox 2626 607 2790 663; x_wconf 90' lang='lat' dir='ltr'><strong>quam</strong></span> <span class='ocrx_word' id='word_1_460' title='bbox 2841 609 2874 648; x_wconf 92' lang='lat' dir='ltr'><strong>a</strong></span> <span class='ocrx_word' id='word_1_461' title='bbox 2910 593 3134 650; x_wconf 88' lang='lat' dir='ltr'><strong>Christo</strong></span> <span class='ocrx_word' id='word_1_462' title='bbox 3163 593 3422 666; x_wconf 87' lang='lat' dir='ltr'><strong>suscepit,</strong></span> <span class='ocrx_word' id='word_1_463' title='bbox 3465 593 3521 653; x_wconf 91' lang='lat' dir='ltr'><strong>in</strong></span> 
     </span>
    </p>
   </div>
   <div class='ocr_carea' id='block_1_68' title="bbox 1931 677 2580 735">
    <p class='ocr_par' dir='ltr' id='par_1_68' title="bbox 1931 677 2580 735">
     <span class='ocr_line' id='line_1_69' title="bbox 1931 677 2580 735; baseline 0.002 -1"><span class='ocrx_word' id='word_1_464' title='bbox 1931 677 2274 735; x_wconf 88' lang='lat' dir='ltr'><strong>Christianos</strong></span> <span class='ocrx_word' id='word_1_465' title='bbox 2305 678 2580 735; x_wconf 87' lang='lat' dir='ltr'><strong>refundat.</strong></span> 
     </span>
    </p>
   </div>
   <div class='ocr_carea' id='block_1_69' title="bbox 2001 778 3520 853">
    <p class='ocr_par' dir='ltr' id='par_1_69' title="bbox 2001 778 3520 853">
     <span class='ocr_line' id='line_1_70' title="bbox 2001 778 3520 853; baseline 0.005 -18"><span class='ocrx_word' id='word_1_466' title='bbox 2001 779 2053 835; x_wconf 85' lang='lat'><strong>2.</strong></span> <span class='ocrx_word' id='word_1_467' title='bbox 2085 779 2251 851; x_wconf 90' lang='lat' dir='ltr'><strong>Ergo,</strong></span> <span class='ocrx_word' id='word_1_468' title='bbox 2309 779 2526 850; x_wconf 86' lang='lat' dir='ltr'><strong>fratres,</strong></span> <span class='ocrx_word' id='word_1_469' title='bbox 2574 778 2715 851; x_wconf 89' lang='lat' dir='ltr'><strong>tingi</strong></span> <span class='ocrx_word' id='word_1_470' title='bbox 2771 779 3036 837; x_wconf 90' lang='lat' dir='ltr'><strong>debemus</strong></span> <span class='ocrx_word' id='word_1_471' title='bbox 3091 781 3281 838; x_wconf 90' lang='lat' dir='ltr'><strong>eodem</strong></span> <span class='ocrx_word' id='word_1_472' title='bbox 3339 783 3520 853; x_wconf 88' lang='lat' dir='ltr'><strong>fonte,</strong></span> 
     </span>
    </p>
   </div>
   <div class='ocr_carea' id='block_1_70' title="bbox 1929 866 3518 943">
    <p class='ocr_par' dir='ltr' id='par_1_70' title="bbox 1929 866 3518 943">
     <span class='ocr_line' id='line_1_71' title="bbox 1929 866 3518 943; baseline 0.004 -21"><span class='ocrx_word' id='word_1_473' title='bbox 1929 881 2038 939; x_wconf 88' lang='lat' dir='ltr'><strong>quo</strong></span> <span class='ocrx_word' id='word_1_474' title='bbox 2095 867 2366 935; x_wconf 87' lang='lat' dir='ltr'><strong>Christus,</strong></span> <span class='ocrx_word' id='word_1_475' title='bbox 2416 875 2478 922; x_wconf 89' lang='lat' dir='ltr'><strong>ut</strong></span> <span class='ocrx_word' id='word_1_476' title='bbox 2533 866 2806 939; x_wconf 88' lang='lat' dir='ltr'><strong>possimus</strong></span> <span class='ocrx_word' id='word_1_477' title='bbox 2858 884 2992 936; x_wconf 85' lang='lat' dir='ltr'><strong>esse,</strong></span> <span class='ocrx_word' id='word_1_478' title='bbox 3034 869 3181 943; x_wconf 89' lang='lat' dir='ltr'><strong>quod</strong></span> <span class='ocrx_word' id='word_1_479' title='bbox 3238 869 3518 928; x_wconf 88' lang='lat' dir='ltr'><strong>Christus.</strong></span> 
     </span>
    </p>
   </div>
   <div class='ocr_carea' id='block_1_71' title="bbox 1926 956 3518 1031">
    <p class='ocr_par' dir='ltr' id='par_1_71' title="bbox 1926 956 3518 1031">
     <span class='ocr_line' id='line_1_72' title="bbox 1926 956 3518 1031; baseline 0.003 -20"><span class='ocrx_word' id='word_1_480' title='bbox 1926 957 2085 1025; x_wconf 86' lang='lat' dir='ltr'><strong>Nam,</strong></span> <span class='ocrx_word' id='word_1_481' title='bbox 2136 957 2284 1030; x_wconf 90' lang='lat' dir='ltr'><strong>quod</strong></span> <span class='ocrx_word' id='word_1_482' title='bbox 2322 956 2474 1012; x_wconf 87' lang='lat' dir='ltr'><strong>salva</strong></span> <span class='ocrx_word' id='word_1_483' title='bbox 2529 956 2636 1013; x_wconf 90' lang='lat' dir='ltr'><strong>ﬁde</strong></span> <span class='ocrx_word' id='word_1_484' title='bbox 2692 956 2952 1026; x_wconf 86' lang='lat' dir='ltr'><strong>dixerim,</strong></span> <span class='ocrx_word' id='word_1_485' title='bbox 3000 958 3129 1014; x_wconf 89' lang='lat' dir='ltr'><strong>licet</strong></span> <span class='ocrx_word' id='word_1_486' title='bbox 3183 957 3518 1031; x_wconf 89' lang='lat' dir='ltr'><strong>baptismum</strong></span> 
     </span>
    </p>
   </div>
   <div class='ocr_carea' id='block_1_72' title="bbox 1929 1045 3520 1120">
    <p class='ocr_par' dir='ltr' id='par_1_72' title="bbox 1929 1045 3520 1120">
     <span class='ocr_line' id='line_1_73' title="bbox 1929 1045 3520 1120; baseline 0.003 -18"><span class='ocrx_word' id='word_1_487' title='bbox 1929 1054 2224 1120; x_wconf 90' lang='lat' dir='ltr'><strong>utrumque</strong></span> <span class='ocrx_word' id='word_1_488' title='bbox 2262 1045 2334 1103; x_wconf 91' lang='lat' dir='ltr'><strong>sit</strong></span> <span class='ocrx_word' id='word_1_489' title='bbox 2383 1046 2626 1115; x_wconf 91' lang='lat' dir='ltr'><strong>Domini,</strong></span> <span class='ocrx_word' id='word_1_490' title='bbox 2660 1055 2844 1103; x_wconf 90' lang='lat' dir='ltr'><strong>tamen</strong></span> <span class='ocrx_word' id='word_1_491' title='bbox 2895 1047 3101 1120; x_wconf 88' lang='lat' dir='ltr'><strong>gratius</strong></span> <span class='ocrx_word' id='word_1_492' title='bbox 3139 1055 3270 1120; x_wconf 89' lang='lat' dir='ltr'><strong>puto</strong></span> <span class='ocrx_word' id='word_1_493' title='bbox 3297 1048 3403 1105; x_wconf 91' lang='lat' dir='ltr'><strong>hoc</strong></span> <span class='ocrx_word' id='word_1_494' title='bbox 3431 1050 3520 1106; x_wconf 84' lang='lat' dir='ltr'><strong>ha-</strong></span> 
     </span>
    </p>
   </div>
   <div class='ocr_carea' id='block_1_73' title="bbox 1927 1136 3521 1212">
    <p class='ocr_par' dir='ltr' id='par_1_73' title="bbox 1927 1136 3521 1212">
     <span class='ocr_line' id='line_1_74' title="bbox 1927 1136 3521 1212; baseline 0.003 -21"><span class='ocrx_word' id='word_1_495' title='bbox 1927 1136 2189 1208; x_wconf 89' lang='lat' dir='ltr'><strong>ptismum</strong></span> <span class='ocrx_word' id='word_1_496' title='bbox 2233 1152 2366 1205; x_wconf 88' lang='lat' dir='ltr'><strong>esse,</strong></span> <span class='ocrx_word' id='word_1_497' title='bbox 2419 1154 2526 1210; x_wconf 91' lang='lat' dir='ltr'><strong>quo</strong></span> <span class='ocrx_word' id='word_1_498' title='bbox 2574 1154 2674 1192; x_wconf 91' lang='lat' dir='ltr'><strong>nos</strong></span> <span class='ocrx_word' id='word_1_499' title='bbox 2719 1137 3019 1206; x_wconf 88' lang='lat' dir='ltr'><strong>abluimur,</strong></span> <span class='ocrx_word' id='word_1_500' title='bbox 3049 1155 3212 1211; x_wconf 90' lang='lat' dir='ltr'><strong>quam</strong></span> <span class='ocrx_word' id='word_1_501' title='bbox 3245 1138 3383 1196; x_wconf 91' lang='lat' dir='ltr'><strong>illud</strong></span> <span class='ocrx_word' id='word_1_502' title='bbox 3413 1157 3521 1212; x_wconf 93' lang='lat' dir='ltr'><strong>quo</strong></span> 
     </span>
    </p>
   </div>
   <div class='ocr_carea' id='block_1_74' title="bbox 1927 1223 3522 1298">
    <p class='ocr_par' dir='ltr' id='par_1_74' title="bbox 1927 1223 3522 1298">
     <span class='ocr_line' id='line_1_75' title="bbox 1927 1223 3522 1298; baseline 0.001 -19"><span class='ocrx_word' id='word_1_503' title='bbox 1927 1223 2177 1280; x_wconf 86' lang='lat' dir='ltr'><strong>Salvator</strong></span> <span class='ocrx_word' id='word_1_504' title='bbox 2259 1225 2563 1298; x_wconf 85' lang='lat' dir='ltr'><strong>baptizatus</strong></span> <span class='ocrx_word' id='word_1_505' title='bbox 2643 1233 2741 1281; x_wconf 88' lang='lat' dir='ltr'><strong>est.</strong></span> <span class='ocrx_word' id='word_1_506' title='bbox 2813 1227 2927 1281; x_wconf 88' lang='lat' dir='ltr'><strong>Hoc</strong></span> <span class='ocrx_word' id='word_1_507' title='bbox 2992 1226 3140 1281; x_wconf 90' lang='lat' dir='ltr'><strong>enim</strong></span> <span class='ocrx_word' id='word_1_508' title='bbox 3214 1226 3522 1283; x_wconf 87' lang='lat' dir='ltr'><strong>celebratur</strong></span> 
     </span>
    </p>
   </div>
   <div class='ocr_carea' id='block_1_75' title="bbox 1928 1313 3520 1389">
    <p class='ocr_par' dir='ltr' id='par_1_75' title="bbox 1928 1313 3520 1389">
     <span class='ocr_line' id='line_1_76' title="bbox 1928 1313 3520 1389; baseline 0.002 -21"><span class='ocrx_word' id='word_1_509' title='bbox 1928 1329 2023 1385; x_wconf 90' lang='lat' dir='ltr'><strong>per</strong></span> <span class='ocrx_word' id='word_1_510' title='bbox 2095 1313 2400 1382; x_wconf 88' lang='lat' dir='ltr'><strong>Christum,</strong></span> <span class='ocrx_word' id='word_1_511' title='bbox 2460 1313 2601 1370; x_wconf 92' lang='lat' dir='ltr'><strong>illud</strong></span> <span class='ocrx_word' id='word_1_512' title='bbox 2661 1314 2995 1371; x_wconf 89' lang='lat' dir='ltr'><strong>celebratum</strong></span> <span class='ocrx_word' id='word_1_513' title='bbox 3069 1323 3150 1372; x_wconf 88' lang='lat' dir='ltr'><strong>est</strong></span> <span class='ocrx_word' id='word_1_514' title='bbox 3209 1332 3306 1389; x_wconf 88' lang='lat' dir='ltr'><strong>per</strong></span> <span class='ocrx_word' id='word_1_515' title='bbox 3361 1317 3520 1371; x_wconf 84' lang='lat' dir='ltr'><strong>Joan-</strong></span> 
     </span>
    </p>
   </div>
   <div class='ocr_carea' id='block_1_76' title="bbox 1929 1403 3521 1476">
    <p class='ocr_par' dir='ltr' id='par_1_76' title="bbox 1929 1403 3521 1476">
     <span class='ocr_line' id='line_1_77' title="bbox 1929 1403 3521 1476; baseline 0.002 -19"><span class='ocrx_word' id='word_1_516' title='bbox 1929 1419 2098 1458; x_wconf 90' lang='lat' dir='ltr'><strong>nem:</strong></span> <span class='ocrx_word' id='word_1_517' title='bbox 2157 1403 2213 1458; x_wconf 91' lang='lat' dir='ltr'><strong>in</strong></span> <span class='ocrx_word' id='word_1_518' title='bbox 2267 1403 2365 1458; x_wconf 94' lang='lat' dir='ltr'><strong>illo</strong></span> <span class='ocrx_word' id='word_1_519' title='bbox 2417 1419 2473 1459; x_wconf 93' lang='lat' dir='ltr'><strong>se</strong></span> <span class='ocrx_word' id='word_1_520' title='bbox 2526 1403 2784 1476; x_wconf 90' lang='lat' dir='ltr'><strong>magister</strong></span> <span class='ocrx_word' id='word_1_521' title='bbox 2840 1412 3086 1474; x_wconf 85' lang='lat' dir='ltr'><strong>excusat,</strong></span> <span class='ocrx_word' id='word_1_522' title='bbox 3143 1405 3201 1460; x_wconf 90' lang='lat' dir='ltr'><strong>in</strong></span> <span class='ocrx_word' id='word_1_523' title='bbox 3259 1406 3369 1462; x_wconf 88' lang='lat' dir='ltr'><strong>isto</strong></span> <span class='ocrx_word' id='word_1_524' title='bbox 3418 1421 3521 1461; x_wconf 92' lang='lat' dir='ltr'><strong>nos</strong></span> 
     </span>
    </p>
   </div>
   <div class='ocr_carea' id='block_1_77' title="bbox 1927 1490 3518 1569">
    <p class='ocr_par' dir='ltr' id='par_1_77' title="bbox 1927 1490 3518 1569">
     <span class='ocr_line' id='line_1_78' title="bbox 1927 1490 3518 1569; baseline 0.002 -22"><span class='ocrx_word' id='word_1_525' title='bbox 1927 1490 2178 1547; x_wconf 90' lang='lat' dir='ltr'><strong>Salvator</strong></span> <span class='ocrx_word' id='word_1_526' title='bbox 2233 1491 2436 1550; x_wconf 90' lang='lat' dir='ltr'><strong>invitat</strong></span> <span class='ocrx_word' id='word_1_527' title='bbox 2488 1509 2500 1548; x_wconf 92' lang='lat'><strong>:</strong></span> <span class='ocrx_word' id='word_1_528' title='bbox 2567 1493 2624 1550; x_wconf 93' lang='lat' dir='ltr'><strong>in</strong></span> <span class='ocrx_word' id='word_1_529' title='bbox 2672 1495 2769 1550; x_wconf 93' lang='lat' dir='ltr'><strong>illo</strong></span> <span class='ocrx_word' id='word_1_530' title='bbox 2819 1493 3037 1566; x_wconf 90' lang='lat' dir='ltr'><strong>justitia</strong></span> <span class='ocrx_word' id='word_1_531' title='bbox 3086 1495 3409 1569; x_wconf 89' lang='lat' dir='ltr'><strong>semiplena,</strong></span> <span class='ocrx_word' id='word_1_532' title='bbox 3460 1494 3518 1550; x_wconf 91' lang='lat' dir='ltr'><strong>in</strong></span> 
     </span>
    </p>
   </div>
   <div class='ocr_carea' id='block_1_78' title="bbox 1928 1579 3520 1656">
    <p class='ocr_par' dir='ltr' id='par_1_78' title="bbox 1928 1579 3520 1656">
     <span class='ocr_line' id='line_1_79' title="bbox 1928 1579 3520 1656; baseline 0.002 -20"><span class='ocrx_word' id='word_1_533' title='bbox 1928 1580 2034 1636; x_wconf 86' lang='lat' dir='ltr'><strong>isto</strong></span> <span class='ocrx_word' id='word_1_534' title='bbox 2115 1579 2356 1637; x_wconf 89' lang='lat' dir='ltr'><strong>Trinitas</strong></span> <span class='ocrx_word' id='word_1_535' title='bbox 2420 1591 2502 1639; x_wconf 89' lang='lat' dir='ltr'><strong>est</strong></span> <span class='ocrx_word' id='word_1_536' title='bbox 2556 1584 2797 1656; x_wconf 89' lang='lat' dir='ltr'><strong>perfecta</strong></span> <span class='ocrx_word' id='word_1_537' title='bbox 2859 1602 2872 1640; x_wconf 91' lang='lat'><strong><em>:</em></strong></span> <span class='ocrx_word' id='word_1_538' title='bbox 2961 1584 3029 1640; x_wconf 88' lang='lat' dir='ltr'><strong>ad</strong></span> <span class='ocrx_word' id='word_1_539' title='bbox 3108 1583 3248 1640; x_wconf 91' lang='lat' dir='ltr'><strong>illud</strong></span> <span class='ocrx_word' id='word_1_540' title='bbox 3299 1590 3520 1640; x_wconf 89' lang='lat' dir='ltr'><strong>sanctus</strong></span> 
     </span>
    </p>
   </div>
   <div class='ocr_carea' id='block_1_79' title="bbox 1927 1670 3522 1744">
    <p class='ocr_par' dir='ltr' id='par_1_79' title="bbox 1927 1670 3522 1744">
     <span class='ocr_line' id='line_1_80' title="bbox 1927 1670 3522 1744; baseline 0.003 -21"><span class='ocrx_word' id='word_1_541' title='bbox 1927 1670 2119 1738; x_wconf 83' lang='lat' dir='ltr'><strong>venit,</strong></span> <span class='ocrx_word' id='word_1_542' title='bbox 2178 1679 2398 1727; x_wconf 90' lang='lat' dir='ltr'><strong>sanctus</strong></span> <span class='ocrx_word' id='word_1_543' title='bbox 2486 1671 2764 1743; x_wconf 83' lang='lat' dir='ltr'><strong>egreditur</strong></span> <span class='ocrx_word' id='word_1_544' title='bbox 2827 1689 2838 1726; x_wconf 90' lang='lat'>:</span> <span class='ocrx_word' id='word_1_545' title='bbox 2897 1673 2965 1730; x_wconf 89' lang='lat' dir='ltr'><strong>ad</strong></span> <span class='ocrx_word' id='word_1_546' title='bbox 3050 1673 3190 1728; x_wconf 87' lang='lat' dir='ltr'><strong>illud</strong></span> <span class='ocrx_word' id='word_1_547' title='bbox 3270 1681 3522 1744; x_wconf 84' lang='lat' dir='ltr'><strong>peccator</strong></span> 
     </span>
    </p>
   </div>
   <div class='ocr_carea' id='block_1_80' title="bbox 2880 1763 3520 1823">
    <p class='ocr_par' dir='ltr' id='par_1_80' title="bbox 2880 1763 3520 1823">
     <span class='ocr_line' id='line_1_81' title="bbox 2880 1763 3520 1823; baseline 0.002 -2"><span class='ocrx_word' id='word_1_548' title='bbox 2880 1783 2891 1821; x_wconf 90' lang='lat'><strong>:</strong></span> <span class='ocrx_word' id='word_1_549' title='bbox 2944 1768 3002 1822; x_wconf 93' lang='lat' dir='ltr'><strong>in</strong></span> <span class='ocrx_word' id='word_1_550' title='bbox 3056 1767 3154 1821; x_wconf 91' lang='lat' dir='ltr'><strong>illo</strong></span> <span class='ocrx_word' id='word_1_551' title='bbox 3206 1763 3520 1823; x_wconf 89' lang='lat' dir='ltr'><strong>benedictio</strong></span> 
     </span>
    </p>
   </div>
   <div class='ocr_carea' id='block_1_81' title="bbox 1925 1853 3516 1930">
    <p class='ocr_par' dir='ltr' id='par_1_81' title="bbox 1925 1853 3516 1930">
     <span class='ocr_line' id='line_1_82' title="bbox 1925 1853 3516 1930; baseline 0.001 -21"><span class='ocrx_word' id='word_1_552' title='bbox 1925 1853 2206 1910; x_wconf 84' lang='lat' dir='ltr'><strong>confertur</strong></span> <span class='ocrx_word' id='word_1_553' title='bbox 2284 1855 2602 1927; x_wconf 87' lang='lat' dir='ltr'><strong>mysteriis,</strong></span> <span class='ocrx_word' id='word_1_554' title='bbox 2685 1857 2742 1911; x_wconf 92' lang='lat' dir='ltr'><strong>in</strong></span> <span class='ocrx_word' id='word_1_555' title='bbox 2827 1857 2938 1913; x_wconf 90' lang='lat' dir='ltr'><strong>isto</strong></span> <span class='ocrx_word' id='word_1_556' title='bbox 3015 1873 3111 1930; x_wconf 91' lang='lat' dir='ltr'><strong>per</strong></span> <span class='ocrx_word' id='word_1_557' title='bbox 3190 1856 3516 1928; x_wconf 89' lang='lat' dir='ltr'><strong>mysterium</strong></span> 
     </span>
    </p>
   </div>
   <div class='ocr_carea' id='block_1_82' title="bbox 1923 1941 3519 2018">
    <p class='ocr_par' dir='ltr' id='par_1_82' title="bbox 1923 1941 3519 2018">
     <span class='ocr_line' id='line_1_83' title="bbox 1923 1941 3519 2018; baseline 0.003 -21"><span class='ocrx_word' id='word_1_558' title='bbox 1923 1941 2126 1999; x_wconf 90' lang='lat' dir='ltr'><strong>delicta</strong></span> <span class='ocrx_word' id='word_1_559' title='bbox 2172 1943 2469 2000; x_wconf 90' lang='lat' dir='ltr'><strong>donantur.</strong></span> <span class='ocrx_word' id='word_1_560' title='bbox 2503 1945 2774 2017; x_wconf 90' lang='lat' dir='ltr'><strong>Baptizari</strong></span> <span class='ocrx_word' id='word_1_561' title='bbox 2823 1962 2968 2018; x_wconf 88' lang='lat' dir='ltr'><strong>ergo,</strong></span> <span class='ocrx_word' id='word_1_562' title='bbox 3012 1945 3227 2013; x_wconf 86' lang='lat' dir='ltr'><strong>fratres,</strong></span> <span class='ocrx_word' id='word_1_563' title='bbox 3258 1944 3519 2001; x_wconf 89' lang='lat' dir='ltr'><strong>debemus</strong></span> 
     </span>
    </p>
   </div>
   <div class='ocr_carea' id='block_1_83' title="bbox 1923 2031 3514 2106">
    <p class='ocr_par' dir='ltr' id='par_1_83' title="bbox 1923 2031 3514 2106">
     <span class='ocr_line' id='line_1_84' title="bbox 1923 2031 3514 2106; baseline 0.001 -20"><span class='ocrx_word' id='word_1_564' title='bbox 1923 2031 2111 2087; x_wconf 90' lang='lat' dir='ltr'><strong>eodem</strong></span> <span class='ocrx_word' id='word_1_565' title='bbox 2173 2035 2383 2104; x_wconf 83' lang='lat' dir='ltr'><strong>gurgite</strong></span> <span class='ocrx_word' id='word_1_566' title='bbox 2410 2077 2425 2102; x_wconf 92' lang='lat'><strong>,</strong></span> <span class='ocrx_word' id='word_1_567' title='bbox 2513 2051 2621 2106; x_wconf 89' lang='lat' dir='ltr'><strong>quo</strong></span> <span class='ocrx_word' id='word_1_568' title='bbox 2685 2035 2936 2091; x_wconf 86' lang='lat' dir='ltr'><strong>Salvator</strong></span> <span class='ocrx_word' id='word_1_569' title='bbox 2991 2051 3002 2088; x_wconf 92' lang='lat'><em>:</em></span> <span class='ocrx_word' id='word_1_570' title='bbox 3055 2035 3150 2092; x_wconf 91' lang='lat' dir='ltr'><strong>sed</strong></span> <span class='ocrx_word' id='word_1_571' title='bbox 3204 2041 3266 2089; x_wconf 90' lang='lat' dir='ltr'><strong>ut</strong></span> <span class='ocrx_word' id='word_1_572' title='bbox 3323 2033 3514 2089; x_wconf 91' lang='lat' dir='ltr'><strong>eodem</strong></span> 
     </span>
    </p>
   </div>
   <div class='ocr_carea' id='block_1_84' title="bbox 1924 2121 3519 2196">
    <p class='ocr_par' dir='ltr' id='par_1_84' title="bbox 1924 2121 3519 2196">
     <span class='ocr_line' id='line_1_85' title="bbox 1924 2121 3519 2196; baseline 0.001 -20"><span class='ocrx_word' id='word_1_573' title='bbox 1924 2121 2075 2177; x_wconf 85' lang='lat' dir='ltr'><strong>fonte</strong></span> <span class='ocrx_word' id='word_1_574' title='bbox 2132 2139 2483 2194; x_wconf 87' lang='lat' dir='ltr'><strong>mergamur,</strong></span> <span class='ocrx_word' id='word_1_575' title='bbox 2541 2140 2654 2179; x_wconf 91' lang='lat' dir='ltr'><strong>non</strong></span> <span class='ocrx_word' id='word_1_576' title='bbox 2719 2123 2878 2180; x_wconf 91' lang='lat' dir='ltr'><strong>nobis</strong></span> <span class='ocrx_word' id='word_1_577' title='bbox 2943 2124 3228 2180; x_wconf 91' lang='lat' dir='ltr'><strong>orientalis</strong></span> <span class='ocrx_word' id='word_1_578' title='bbox 3282 2122 3519 2196; x_wconf 87' lang='lat' dir='ltr'><strong>petenda</strong></span> 
     </span>
    </p>
   </div>
   <div class='ocr_carea' id='block_1_85' title="bbox 1925 2211 3514 2298">
    <p class='ocr_par' dir='ltr' id='par_1_85' title="bbox 1925 2211 3514 2298">
     <span class='ocr_line' id='line_1_86' title="bbox 1925 2211 3514 2298; baseline 0.001 -32"><span class='ocrx_word' id='word_1_579' title='bbox 1925 2218 2007 2267; x_wconf 87' lang='lat' dir='ltr'><strong>est</strong></span> <span class='ocrx_word' id='word_1_580' title='bbox 2049 2211 2220 2284; x_wconf 89' lang='lat' dir='ltr'><strong>regio,</strong></span> <span class='ocrx_word' id='word_1_581' title='bbox 2247 2229 2359 2269; x_wconf 91' lang='lat' dir='ltr'><strong>non</strong></span> <span class='ocrx_word' id='word_1_582' title='bbox 2387 2213 2591 2269; x_wconf 88' lang='lat' dir='ltr'><strong>ﬂuvius</strong></span> <span class='ocrx_word' id='word_1_583' title='bbox 2613 2221 2779 2298; x_wconf 57' lang='grc' dir='ltr'><strong>ξονι-ω</strong></span> <span class='ocrx_word' id='word_1_584' title='bbox 2812 2213 3051 2270; x_wconf 65' lang='lat' dir='ltr'><strong>Iudaicae</strong></span> <span class='ocrx_word' id='word_1_585' title='bbox 3086 2232 3098 2270; x_wconf 88' lang='grc'>;</span> <span class='ocrx_word' id='word_1_586' title='bbox 3131 2214 3336 2287; x_wconf 88' lang='lat' dir='ltr'><strong>ubique</strong></span> <span class='ocrx_word' id='word_1_587' title='bbox 3367 2213 3514 2269; x_wconf 89' lang='lat' dir='ltr'><strong>enim</strong></span> 
     </span>
    </p>
   </div>
   <div class='ocr_carea' id='block_1_86' title="bbox 1925 2301 3514 2376">
    <p class='ocr_par' dir='ltr' id='par_1_86' title="bbox 1925 2301 3514 2376">
     <span class='ocr_line' id='line_1_87' title="bbox 1925 2301 3514 2376; baseline 0.003 -22"><span class='ocrx_word' id='word_1_588' title='bbox 1925 2317 2073 2356; x_wconf 91' lang='lat' dir='ltr'><strong>nunc</strong></span> <span class='ocrx_word' id='word_1_589' title='bbox 2125 2301 2397 2370; x_wconf 91' lang='lat' dir='ltr'><strong>Christus,</strong></span> <span class='ocrx_word' id='word_1_590' title='bbox 2458 2302 2662 2376; x_wconf 89' lang='lat' dir='ltr'><strong>ubique</strong></span> <span class='ocrx_word' id='word_1_591' title='bbox 2719 2303 2972 2359; x_wconf 90' lang='lat' dir='ltr'><strong>Jordanis</strong></span> <span class='ocrx_word' id='word_1_592' title='bbox 3017 2311 3098 2360; x_wconf 90' lang='lat' dir='ltr'><strong>est</strong></span> <span class='ocrx_word' id='word_1_593' title='bbox 3129 2303 3266 2376; x_wconf 88' lang='lat'><strong>(18).</strong></span> <span class='ocrx_word' id='word_1_594' title='bbox 3310 2302 3514 2358; x_wconf 89' lang='lat' dir='ltr'><strong>Eadem</strong></span> 
     </span>
    </p>
   </div>
   <div class='ocr_carea' id='block_1_87' title="bbox 1925 2390 3516 2463">
    <p class='ocr_par' dir='ltr' id='par_1_87' title="bbox 1925 2390 3516 2463">
     <span class='ocr_line' id='line_1_88' title="bbox 1925 2390 3516 2463; baseline 0.001 -18"><span class='ocrx_word' id='word_1_595' title='bbox 1925 2390 2284 2456; x_wconf 89' lang='lat' dir='ltr'><strong>consecratio,</strong></span> <span class='ocrx_word' id='word_1_596' title='bbox 2333 2408 2455 2463; x_wconf 64' lang='lat' dir='ltr'><strong>qua;</strong></span> <span class='ocrx_word' id='word_1_597' title='bbox 2501 2392 2730 2447; x_wconf 89' lang='lat' dir='ltr'><strong>orientis</strong></span> <span class='ocrx_word' id='word_1_598' title='bbox 2759 2392 2989 2448; x_wconf 89' lang='lat' dir='ltr'><strong>ﬂumina</strong></span> <span class='ocrx_word' id='word_1_599' title='bbox 3019 2392 3329 2458; x_wconf 83' lang='lat' dir='ltr'><strong>benedixit,</strong></span> <span class='ocrx_word' id='word_1_600' title='bbox 3359 2391 3516 2447; x_wconf 79' lang='lat' dir='ltr'><strong>occi~</strong></span> 
     </span>
    </p>
   </div>
   <div class='ocr_carea' id='block_1_88' title="bbox 1926 2477 3515 2538">
    <p class='ocr_par' dir='ltr' id='par_1_88' title="bbox 1926 2477 3515 2538">
     <span class='ocr_line' id='line_1_89' title="bbox 1926 2477 3515 2538; baseline 0.001 -4"><span class='ocrx_word' id='word_1_601' title='bbox 1926 2477 2106 2534; x_wconf 88' lang='lat' dir='ltr'><strong>dentis</strong></span> <span class='ocrx_word' id='word_1_602' title='bbox 2143 2479 2349 2535; x_wconf 88' lang='lat' dir='ltr'><strong>ﬂuenta</strong></span> <span class='ocrx_word' id='word_1_603' title='bbox 2394 2480 2718 2538; x_wconf 88' lang='lat' dir='ltr'><strong>sanctiﬁcat.</strong></span> <span class='ocrx_word' id='word_1_604' title='bbox 2753 2482 2908 2538; x_wconf 90' lang='lat' dir='ltr'><strong>Unde</strong></span> <span class='ocrx_word' id='word_1_605' title='bbox 2955 2490 3008 2538; x_wconf 88' lang='lat' dir='ltr'><strong>et</strong></span> <span class='ocrx_word' id='word_1_606' title='bbox 3044 2481 3088 2537; x_wconf 91' lang='lat' dir='ltr'><strong>si</strong></span> <span class='ocrx_word' id='word_1_607' title='bbox 3140 2482 3278 2537; x_wconf 90' lang='lat' dir='ltr'><strong>forte</strong></span> <span class='ocrx_word' id='word_1_608' title='bbox 3312 2497 3515 2536; x_wconf 90' lang='lat' dir='ltr'><strong>nomen</strong></span> 
     </span>
    </p>
   </div>
   <div class='ocr_carea' id='block_1_89' title="bbox 1926 2567 3512 2642">
    <p class='ocr_par' dir='ltr' id='par_1_89' title="bbox 1926 2567 3512 2642">
     <span class='ocr_line' id='line_1_90' title="bbox 1926 2567 3512 2642; baseline 0 -19"><span class='ocrx_word' id='word_1_609' title='bbox 1926 2568 2098 2624; x_wconf 90' lang='lat' dir='ltr'><strong>ﬂuvio</strong></span> <span class='ocrx_word' id='word_1_610' title='bbox 2126 2567 2278 2624; x_wconf 88' lang='lat' dir='ltr'><strong>aliud</strong></span> <span class='ocrx_word' id='word_1_611' title='bbox 2297 2568 2417 2626; x_wconf 92' lang='lat' dir='ltr'><strong>site</strong></span> <span class='ocrx_word' id='word_1_612' title='bbox 2435 2570 2656 2638; x_wconf 73' lang='lat' dir='ltr'><strong>saeculo,</strong></span> <span class='ocrx_word' id='word_1_613' title='bbox 2681 2568 2825 2625; x_wconf 90' lang='lat' dir='ltr'><strong>inest</strong></span> <span class='ocrx_word' id='word_1_614' title='bbox 2857 2579 3040 2627; x_wconf 88' lang='lat' dir='ltr'><strong>tamen</strong></span> <span class='ocrx_word' id='word_1_615' title='bbox 3069 2569 3152 2624; x_wconf 93' lang='lat' dir='ltr'><strong>illi</strong></span> <span class='ocrx_word' id='word_1_616' title='bbox 3184 2569 3512 2642; x_wconf 87' lang='lat' dir='ltr'><strong>mysterium</strong></span> 
     </span>
    </p>
   </div>
   <div class='ocr_carea' id='block_1_90' title="bbox 1926 2659 2237 2715">
    <p class='ocr_par' dir='ltr' id='par_1_90' title="bbox 1926 2659 2237 2715">
     <span class='ocr_line' id='line_1_91' title="bbox 1926 2659 2237 2715; baseline 0 0"><span class='ocrx_word' id='word_1_617' title='bbox 1926 2676 1954 2715; x_wconf 89' lang='lat' dir='ltr'><strong>e</strong></span> <span class='ocrx_word' id='word_1_618' title='bbox 1983 2659 2237 2715; x_wconf 75' lang='lat' dir='ltr'><strong>Iordane.</strong></span> 
     </span>
    </p>
   </div>
   <div class='ocr_carea' id='block_1_91' title="bbox 1997 2757 3515 2832">
    <p class='ocr_par' dir='ltr' id='par_1_91' title="bbox 1997 2757 3515 2832">
     <span class='ocr_line' id='line_1_92' title="bbox 1997 2757 3515 2832; baseline 0 -18"><span class='ocrx_word' id='word_1_619' title='bbox 1997 2758 2050 2814; x_wconf 93' lang='lat'><strong>3.</strong></span> <span class='ocrx_word' id='word_1_620' title='bbox 2079 2758 2327 2830; x_wconf 90' lang='lat' dir='ltr'><strong>Denique</strong></span> <span class='ocrx_word' id='word_1_621' title='bbox 2353 2757 2550 2814; x_wconf 88' lang='lat' dir='ltr'><strong>iisdem</strong></span> <span class='ocrx_word' id='word_1_622' title='bbox 2581 2759 2936 2816; x_wconf 89' lang='lat' dir='ltr'><strong>sacramentis</strong></span> <span class='ocrx_word' id='word_1_623' title='bbox 2966 2775 3051 2815; x_wconf 89' lang='lat' dir='ltr'><strong>res</strong></span> <span class='ocrx_word' id='word_1_624' title='bbox 3081 2758 3281 2831; x_wconf 89' lang='lat' dir='ltr'><strong>agitur,</strong></span> <span class='ocrx_word' id='word_1_625' title='bbox 3313 2757 3515 2832; x_wconf 90' lang='lat' dir='ltr'><strong>quibus</strong></span> 
     </span>
    </p>
   </div>
   <div class='ocr_carea' id='block_1_92' title="bbox 1925 2848 3516 2940">
    <p class='ocr_par' dir='ltr' id='par_1_92' title="bbox 1925 2848 3516 2940">
     <span class='ocr_line' id='line_1_93' title="bbox 1925 2848 3516 2940; baseline 0.001 -38"><span class='ocrx_word' id='word_1_626' title='bbox 1925 2853 1979 2902; x_wconf 88' lang='lat' dir='ltr'><strong>et</strong></span> <span class='ocrx_word' id='word_1_627' title='bbox 2025 2854 2160 2903; x_wconf 90' lang='lat' dir='ltr'><strong>tunc</strong></span> <span class='ocrx_word' id='word_1_628' title='bbox 2183 2856 2330 2940; x_wconf 69' lang='lat' dir='ltr'><strong>gesta</strong></span> <span class='ocrx_word' id='word_1_629' title='bbox 2358 2855 2460 2914; x_wconf 90' lang='lat' dir='ltr'><strong>est,</strong></span> <span class='ocrx_word' id='word_1_630' title='bbox 2492 2848 2599 2903; x_wconf 92' lang='lat' dir='ltr'><strong>nisi</strong></span> <span class='ocrx_word' id='word_1_631' title='bbox 2631 2849 2776 2922; x_wconf 90' lang='lat' dir='ltr'><strong>quod</strong></span> <span class='ocrx_word' id='word_1_632' title='bbox 2816 2848 2988 2922; x_wconf 86' lang='lat' dir='ltr'><strong>gratia</strong></span> <span class='ocrx_word' id='word_1_633' title='bbox 3040 2848 3324 2921; x_wconf 91' lang='lat' dir='ltr'><strong>pleniore;</strong></span> <span class='ocrx_word' id='word_1_634' title='bbox 3383 2855 3516 2904; x_wconf 90' lang='lat' dir='ltr'><strong>tunc</strong></span> 
     </span>
    </p>
   </div>
   <div class='ocr_carea' id='block_1_93' title="bbox 1926 2935 3514 3006">
    <p class='ocr_par' dir='ltr' id='par_1_93' title="bbox 1926 2935 3514 3006">
     <span class='ocr_line' id='line_1_94' title="bbox 1926 2935 3514 3006; baseline 0.001 -16"><span class='ocrx_word' id='word_1_635' title='bbox 1926 2935 2072 2990; x_wconf 88' lang='lat' dir='ltr'><strong>enim</strong></span> <span class='ocrx_word' id='word_1_636' title='bbox 2105 2935 2431 2992; x_wconf 82' lang='lat' dir='ltr'><strong>Trihitatem</strong></span> <span class='ocrx_word' id='word_1_637' title='bbox 2484 2938 2795 2993; x_wconf 90' lang='lat' dir='ltr'><strong>carnalibus</strong></span> <span class='ocrx_word' id='word_1_638' title='bbox 2825 2938 3002 2994; x_wconf 92' lang='lat' dir='ltr'><strong>oculis</strong></span> <span class='ocrx_word' id='word_1_639' title='bbox 3053 2937 3314 3006; x_wconf 90' lang='lat' dir='ltr'><strong>vidimus,</strong></span> <span class='ocrx_word' id='word_1_640' title='bbox 3350 2936 3514 2992; x_wconf 93' lang='lat' dir='ltr'><strong>modo</strong></span> 
     </span>
    </p>
   </div>
   <div class='ocr_carea' id='block_1_94' title="bbox 1925 3025 3506 3099">
    <p class='ocr_par' dir='ltr' id='par_1_94' title="bbox 1925 3025 3506 3099">
     <span class='ocr_line' id='line_1_95' title="bbox 1925 3025 3506 3099; baseline 0.001 -19"><span class='ocrx_word' id='word_1_641' title='bbox 1925 3025 2172 3081; x_wconf 90' lang='lat' dir='ltr'><strong>eamdem</strong></span> <span class='ocrx_word' id='word_1_642' title='bbox 2229 3027 2552 3084; x_wconf 87' lang='lat' dir='ltr'><strong>Trinitatem</strong></span> <span class='ocrx_word' id='word_1_643' title='bbox 2610 3028 2739 3084; x_wconf 83' lang='lat' dir='ltr'><strong>ﬁdei</strong></span> <span class='ocrx_word' id='word_1_644' title='bbox 2793 3029 2970 3084; x_wconf 87' lang='lat' dir='ltr'><strong>oculis</strong></span> <span class='ocrx_word' id='word_1_645' title='bbox 3019 3029 3506 3099; x_wconf 88' lang='lat' dir='ltr'><strong>contemplamur:</strong></span> 
     </span>
    </p>
   </div>
   <div class='ocr_carea' id='block_1_95' title="bbox 1843 3114 3509 3203">
    <p class='ocr_par' dir='ltr' id='par_1_95' title="bbox 1843 3114 3509 3203">
     <span class='ocr_line' id='line_1_96' title="bbox 1843 3114 3509 3203; baseline 0.002 -35"><span class='ocrx_word' id='word_1_646' title='bbox 1843 3142 1887 3203; x_wconf 67' lang='grc' dir='ltr'>Ο</span> <span class='ocrx_word' id='word_1_647' title='bbox 1924 3120 2058 3170; x_wconf 89' lang='lat' dir='ltr'><strong>tunc</strong></span> <span class='ocrx_word' id='word_1_648' title='bbox 2084 3114 2367 3172; x_wconf 87' lang='lat' dir='ltr'><strong>Christum</strong></span> <span class='ocrx_word' id='word_1_649' title='bbox 2399 3117 2496 3171; x_wconf 81' lang='lat' dir='ltr'><strong>vix</strong></span> <span class='ocrx_word' id='word_1_650' title='bbox 2525 3116 2800 3174; x_wconf 88' lang='lat' dir='ltr'><strong>humanus</strong></span> <span class='ocrx_word' id='word_1_651' title='bbox 2849 3118 3038 3173; x_wconf 87' lang='lat' dir='ltr'><strong>vultus</strong></span> <span class='ocrx_word' id='word_1_652' title='bbox 3083 3117 3317 3188; x_wconf 84' lang='lat' dir='ltr'><strong>aspexit,</strong></span> <span class='ocrx_word' id='word_1_653' title='bbox 3361 3133 3509 3173; x_wconf 89' lang='lat' dir='ltr'><strong>nunc</strong></span> 
     </span>
    </p>
   </div>
   <div class='ocr_carea' id='block_1_96' title="bbox 1922 3205 3509 3279">
    <p class='ocr_par' dir='ltr' id='par_1_96' title="bbox 1922 3205 3509 3279">
     <span class='ocr_line' id='line_1_97' title="bbox 1922 3205 3509 3279; baseline 0.001 -19"><span class='ocrx_word' id='word_1_654' title='bbox 1922 3205 2175 3260; x_wconf 90' lang='lat' dir='ltr'><strong>eumdem</strong></span> <span class='ocrx_word' id='word_1_655' title='bbox 2205 3223 2360 3262; x_wconf 90' lang='lat' dir='ltr'><strong>mens</strong></span> <span class='ocrx_word' id='word_1_656' title='bbox 2388 3207 2630 3263; x_wconf 89' lang='lat' dir='ltr'><strong>humana</strong></span> <span class='ocrx_word' id='word_1_657' title='bbox 2659 3207 3042 3279; x_wconf 87' lang='lat' dir='ltr'><strong>complectitur</strong></span> <span class='ocrx_word' id='word_1_658' title='bbox 3066 3223 3077 3260; x_wconf 90' lang='lat'>:</span> <span class='ocrx_word' id='word_1_659' title='bbox 3109 3215 3243 3262; x_wconf 88' lang='lat' dir='ltr'><strong>tunc</strong></span> <span class='ocrx_word' id='word_1_660' title='bbox 3272 3207 3509 3278; x_wconf 88' lang='lat' dir='ltr'><strong>Spiritus</strong></span> 
     </span>
    </p>
   </div>
   <div class='ocr_carea' id='block_1_97' title="bbox 1917 3293 3506 3368">
    <p class='ocr_par' dir='ltr' id='par_1_97' title="bbox 1917 3293 3506 3368">
     <span class='ocr_line' id='line_1_98' title="bbox 1917 3293 3506 3368; baseline 0.001 -20"><span class='ocrx_word' id='word_1_661' title='bbox 1917 3303 2139 3350; x_wconf 90' lang='lat' dir='ltr'><strong>sanctus</strong></span> <span class='ocrx_word' id='word_1_662' title='bbox 2194 3297 2346 3351; x_wconf 90' lang='lat' dir='ltr'><strong>velut</strong></span> <span class='ocrx_word' id='word_1_663' title='bbox 2393 3296 2662 3352; x_wconf 66' lang='lat' dir='ltr'><strong>columbae</strong></span> <span class='ocrx_word' id='word_1_664' title='bbox 2714 3296 2892 3368; x_wconf 90' lang='lat' dir='ltr'><strong>specie</strong></span> <span class='ocrx_word' id='word_1_665' title='bbox 2946 3293 3227 3350; x_wconf 88' lang='lat' dir='ltr'><strong>hominem</strong></span> <span class='ocrx_word' id='word_1_666' title='bbox 3273 3293 3506 3350; x_wconf 89' lang='lat' dir='ltr'><strong>circum-</strong></span> 
     </span>
    </p>
   </div>
   <div class='ocr_carea' id='block_1_98' title="bbox 1918 3383 3506 3456">
    <p class='ocr_par' dir='ltr' id='par_1_98' title="bbox 1918 3383 3506 3456">
     <span class='ocr_line' id='line_1_99' title="bbox 1918 3383 3506 3456; baseline 0.002 -19"><span class='ocrx_word' id='word_1_667' title='bbox 1918 3383 2082 3453; x_wconf 88' lang='lat' dir='ltr'><strong>fudit,</strong></span> <span class='ocrx_word' id='word_1_668' title='bbox 2117 3385 2280 3441; x_wconf 86' lang='lat' dir='ltr'><strong>inodo</strong></span> <span class='ocrx_word' id='word_1_669' title='bbox 2317 3402 2373 3442; x_wconf 89' lang='lat' dir='ltr'><strong>se</strong></span> <span class='ocrx_word' id='word_1_670' title='bbox 2421 3385 2480 3440; x_wconf 89' lang='lat' dir='ltr'><strong>in</strong></span> <span class='ocrx_word' id='word_1_671' title='bbox 2533 3385 2796 3442; x_wconf 91' lang='lat' dir='ltr'><strong>interiora</strong></span> <span class='ocrx_word' id='word_1_672' title='bbox 2850 3385 3094 3441; x_wconf 89' lang='lat' dir='ltr'><strong>hominis</strong></span> <span class='ocrx_word' id='word_1_673' title='bbox 3148 3383 3265 3456; x_wconf 88' lang='lat' dir='ltr'><strong>ipsa</strong></span> <span class='ocrx_word' id='word_1_674' title='bbox 3301 3383 3506 3440; x_wconf 87' lang='lat' dir='ltr'><strong>virtute</strong></span> 
     </span>
    </p>
   </div>
   <div class='ocr_carea' id='block_1_99' title="bbox 1915 3471 3507 3546">
    <p class='ocr_par' dir='ltr' id='par_1_99' title="bbox 1915 3471 3507 3546">
     <span class='ocr_line' id='line_1_100' title="bbox 1915 3471 3507 3546; baseline 0 -18"><span class='ocrx_word' id='word_1_675' title='bbox 1915 3471 2228 3530; x_wconf 89' lang='lat' dir='ltr'><strong>divinitatis</strong></span> <span class='ocrx_word' id='word_1_676' title='bbox 2257 3474 2504 3530; x_wconf 78' lang='lat' dir='ltr'><strong>infundit</strong></span> <span class='ocrx_word' id='word_1_677' title='bbox 2529 3492 2540 3530; x_wconf 92' lang='lat'>:</span> <span class='ocrx_word' id='word_1_678' title='bbox 2575 3485 2708 3532; x_wconf 90' lang='lat' dir='ltr'><strong>tunc</strong></span> <span class='ocrx_word' id='word_1_679' title='bbox 2736 3476 2895 3530; x_wconf 90' lang='lat' dir='ltr'><strong>Pater</strong></span> <span class='ocrx_word' id='word_1_680' title='bbox 2922 3473 2990 3529; x_wconf 91' lang='lat' dir='ltr'><strong>ad</strong></span> <span class='ocrx_word' id='word_1_681' title='bbox 3012 3489 3112 3529; x_wconf 91' lang='lat' dir='ltr'><strong>nos</strong></span> <span class='ocrx_word' id='word_1_682' title='bbox 3140 3474 3256 3545; x_wconf 90' lang='lat'><strong>(19)</strong></span> <span class='ocrx_word' id='word_1_683' title='bbox 3284 3480 3507 3546; x_wconf 90' lang='lat' dir='ltr'><strong>propter</strong></span> 
     </span>
    </p>
   </div>
   <div class='ocr_carea' id='block_1_100' title="bbox 1915 3561 3504 3636">
    <p class='ocr_par' dir='ltr' id='par_1_100' title="bbox 1915 3561 3504 3636">
     <span class='ocr_line' id='line_1_101' title="bbox 1915 3561 3504 3636; baseline 0.001 -20"><span class='ocrx_word' id='word_1_684' title='bbox 1915 3561 2118 3618; x_wconf 88' lang='lat' dir='ltr'><strong>Filium</strong></span> <span class='ocrx_word' id='word_1_685' title='bbox 2174 3565 2336 3636; x_wconf 86' lang='lat' dir='ltr'><strong>longo</strong></span> <span class='ocrx_word' id='word_1_686' title='bbox 2380 3563 2573 3621; x_wconf 89' lang='lat' dir='ltr'><strong>auditu</strong></span> <span class='ocrx_word' id='word_1_687' title='bbox 2629 3565 2780 3620; x_wconf 91' lang='lat' dir='ltr'><strong>vocis</strong></span> <span class='ocrx_word' id='word_1_688' title='bbox 2836 3563 3080 3632; x_wconf 90' lang='lat' dir='ltr'><strong>advenit,</strong></span> <span class='ocrx_word' id='word_1_689' title='bbox 3113 3561 3278 3618; x_wconf 90' lang='lat' dir='ltr'><strong>modo</strong></span> <span class='ocrx_word' id='word_1_690' title='bbox 3323 3570 3504 3618; x_wconf 90' lang='lat' dir='ltr'><strong>autem</strong></span> 
     </span>
    </p>
   </div>
   <div class='ocr_carea' id='block_1_101' title="bbox 1913 3650 3506 3727">
    <p class='ocr_par' dir='ltr' id='par_1_101' title="bbox 1913 3650 3506 3727">
     <span class='ocr_line' id='line_1_102' title="bbox 1913 3650 3506 3727; baseline 0 -21"><span class='ocrx_word' id='word_1_691' title='bbox 1913 3650 2195 3708; x_wconf 89' lang='lat' dir='ltr'><strong>descendit</strong></span> <span class='ocrx_word' id='word_1_692' title='bbox 2247 3653 2314 3710; x_wconf 89' lang='lat' dir='ltr'><strong>ad</strong></span> <span class='ocrx_word' id='word_1_693' title='bbox 2364 3669 2464 3711; x_wconf 91' lang='lat' dir='ltr'><strong>nos</strong></span> <span class='ocrx_word' id='word_1_694' title='bbox 2509 3653 2712 3727; x_wconf 88' lang='lat' dir='ltr'><strong>pariter</strong></span> <span class='ocrx_word' id='word_1_695' title='bbox 2761 3653 2876 3726; x_wconf 91' lang='lat' dir='ltr'><strong>ipse</strong></span> <span class='ocrx_word' id='word_1_696' title='bbox 2923 3669 3049 3709; x_wconf 91' lang='lat' dir='ltr'><strong>cum</strong></span> <span class='ocrx_word' id='word_1_697' title='bbox 3092 3651 3254 3708; x_wconf 90' lang='lat' dir='ltr'><strong>Filio.</strong></span> <span class='ocrx_word' id='word_1_698' title='bbox 3283 3651 3506 3706; x_wconf 90' lang='lat' dir='ltr'><strong>Plenior</strong></span> 
     </span>
    </p>
   </div>
   <div class='ocr_carea' id='block_1_102' title="bbox 1913 3742 3502 3815">
    <p class='ocr_par' dir='ltr' id='par_1_102' title="bbox 1913 3742 3502 3815">
     <span class='ocr_line' id='line_1_103' title="bbox 1913 3742 3502 3815; baseline 0 -19"><span class='ocrx_word' id='word_1_699' title='bbox 1913 3756 2039 3815; x_wconf 87' lang='lat' dir='ltr'><strong>ergo</strong></span> <span class='ocrx_word' id='word_1_700' title='bbox 2072 3744 2244 3815; x_wconf 90' lang='lat' dir='ltr'><strong>gratia</strong></span> <span class='ocrx_word' id='word_1_701' title='bbox 2271 3753 2372 3814; x_wconf 90' lang='lat' dir='ltr'><strong>est,</strong></span> <span class='ocrx_word' id='word_1_702' title='bbox 2413 3744 2510 3800; x_wconf 91' lang='lat' dir='ltr'><strong>ubi</strong></span> <span class='ocrx_word' id='word_1_703' title='bbox 2550 3746 2696 3801; x_wconf 91' lang='lat' dir='ltr'><strong>Deus</strong></span> <span class='ocrx_word' id='word_1_704' title='bbox 2734 3760 2848 3800; x_wconf 93' lang='lat' dir='ltr'><strong>non</strong></span> <span class='ocrx_word' id='word_1_705' title='bbox 2898 3751 3176 3813; x_wconf 87' lang='lat' dir='ltr'><strong>assumpta</strong></span> <span class='ocrx_word' id='word_1_706' title='bbox 3203 3742 3381 3813; x_wconf 91' lang='lat' dir='ltr'><strong>specie</strong></span> <span class='ocrx_word' id='word_1_707' title='bbox 3411 3742 3502 3796; x_wconf 89' lang='lat' dir='ltr'><strong>de-</strong></span> 
     </span>
    </p>
   </div>
   <div class='ocr_carea' id='block_1_103' title="bbox 1911 3832 3505 3908">
    <p class='ocr_par' dir='ltr' id='par_1_103' title="bbox 1911 3832 3505 3908">
     <span class='ocr_line' id='line_1_104' title="bbox 1911 3832 3505 3908; baseline -0.001 -21"><span class='ocrx_word' id='word_1_708' title='bbox 1911 3833 2126 3889; x_wconf 89' lang='lat' dir='ltr'><strong>scendit</strong></span> <span class='ocrx_word' id='word_1_709' title='bbox 2153 3834 2222 3890; x_wconf 89' lang='lat' dir='ltr'><strong>ad</strong></span> <span class='ocrx_word' id='word_1_710' title='bbox 2253 3835 2526 3904; x_wconf 90' lang='lat' dir='ltr'><strong>homines,</strong></span> <span class='ocrx_word' id='word_1_711' title='bbox 2554 3836 2650 3892; x_wconf 88' lang='lat' dir='ltr'><strong>sed</strong></span> <span class='ocrx_word' id='word_1_712' title='bbox 2681 3835 2903 3908; x_wconf 87' lang='lat' dir='ltr'><strong>propria</strong></span> <span class='ocrx_word' id='word_1_713' title='bbox 2937 3833 3245 3889; x_wconf 89' lang='lat' dir='ltr'><strong>substantia</strong></span> <span class='ocrx_word' id='word_1_714' title='bbox 3264 3832 3505 3888; x_wconf 88' lang='lat' dir='ltr'><strong>descen—</strong></span> 
     </span>
    </p>
   </div>
   <div class='ocr_carea' id='block_1_104' title="bbox 1911 3920 3504 3996">
    <p class='ocr_par' dir='ltr' id='par_1_104' title="bbox 1911 3920 3504 3996">
     <span class='ocr_line' id='line_1_105' title="bbox 1911 3920 3504 3996; baseline -0.001 -18"><span class='ocrx_word' id='word_1_715' title='bbox 1911 3922 2038 3978; x_wconf 90' lang='lat' dir='ltr'><strong>dere</strong></span> <span class='ocrx_word' id='word_1_716' title='bbox 2067 3923 2324 3996; x_wconf 85' lang='lat' dir='ltr'><strong>dignatur</strong></span> <span class='ocrx_word' id='word_1_717' title='bbox 2365 3925 2432 3980; x_wconf 92' lang='lat' dir='ltr'><strong>ad</strong></span> <span class='ocrx_word' id='word_1_718' title='bbox 2480 3925 2662 3993; x_wconf 88' lang='lat' dir='ltr'><strong>ﬁlios;</strong></span> <span class='ocrx_word' id='word_1_719' title='bbox 2721 3925 2798 3981; x_wconf 91' lang='lat' dir='ltr'><strong>ibi</strong></span> <span class='ocrx_word' id='word_1_720' title='bbox 2829 3923 2992 3993; x_wconf 35' lang='lat' dir='ltr'><strong>‘enim</strong></span> <span class='ocrx_word' id='word_1_721' title='bbox 3025 3929 3284 3993; x_wconf 90' lang='lat' dir='ltr'><strong>tanquam</strong></span> <span class='ocrx_word' id='word_1_722' title='bbox 3316 3920 3504 3976; x_wconf 90' lang='lat' dir='ltr'><strong>incre—</strong></span> 
     </span>
    </p>
   </div>
   <div class='ocr_carea' id='block_1_105' title="bbox 1910 4010 3503 4088">
    <p class='ocr_par' dir='ltr' id='par_1_105' title="bbox 1910 4010 3503 4088">
     <span class='ocr_line' id='line_1_106' title="bbox 1910 4010 3503 4088; baseline -0.002 -20"><span class='ocrx_word' id='word_1_723' title='bbox 1910 4013 2056 4069; x_wconf 92' lang='lat' dir='ltr'><strong>dulis</strong></span> <span class='ocrx_word' id='word_1_724' title='bbox 2086 4013 2251 4070; x_wconf 88' lang='lat' dir='ltr'><strong>ﬁdem</strong></span> <span class='ocrx_word' id='word_1_725' title='bbox 2274 4017 2395 4071; x_wconf 91' lang='lat' dir='ltr'><strong>vult</strong></span> <span class='ocrx_word' id='word_1_726' title='bbox 2426 4015 2596 4088; x_wconf 88' lang='lat' dir='ltr'><strong>signis</strong></span> <span class='ocrx_word' id='word_1_727' title='bbox 2619 4013 3004 4088; x_wconf 88' lang='lat' dir='ltr'><strong>corporalibus</strong></span> <span class='ocrx_word' id='word_1_728' title='bbox 3033 4011 3380 4085; x_wconf 87' lang='lat' dir='ltr'><strong>persuadere,</strong></span> <span class='ocrx_word' id='word_1_729' title='bbox 3411 4010 3503 4066; x_wconf 80' lang='lat' dir='ltr'><strong>hic</strong></span> 
     </span>
    </p>
   </div>
   <div class='ocr_carea' id='block_1_106' title="bbox 1910 4102 3502 4178">
    <p class='ocr_par' dir='ltr' id='par_1_106' title="bbox 1910 4102 3502 4178">
     <span class='ocr_line' id='line_1_107' title="bbox 1910 4102 3502 4178; baseline 0 -20"><span class='ocrx_word' id='word_1_730' title='bbox 1910 4111 2166 4176; x_wconf 90' lang='lat' dir='ltr'><strong>tanquam</strong></span> <span class='ocrx_word' id='word_1_731' title='bbox 2201 4103 2457 4162; x_wconf 87' lang='lat' dir='ltr'><strong>ﬁdelibus</strong></span> <span class='ocrx_word' id='word_1_732' title='bbox 2513 4105 2740 4178; x_wconf 86' lang='lat' dir='ltr'><strong>gratiam</strong></span> <span class='ocrx_word' id='word_1_733' title='bbox 2789 4102 3064 4178; x_wconf 82' lang='lat' dir='ltr'><strong>Spirituali</strong></span> <span class='ocrx_word' id='word_1_734' title='bbox 3113 4102 3321 4159; x_wconf 88' lang='lat' dir='ltr'><strong>virtute</strong></span> <span class='ocrx_word' id='word_1_735' title='bbox 3374 4118 3502 4158; x_wconf 89' lang='lat' dir='ltr'><strong>con-</strong></span> 
     </span>
    </p>
   </div>
   <div class='ocr_carea' id='block_1_107' title="bbox 1910 4189 3500 4266">
    <p class='ocr_par' dir='ltr' id='par_1_107' title="bbox 1910 4189 3500 4266">
     <span class='ocr_line' id='line_1_108' title="bbox 1910 4189 3500 4266; baseline 0.001 -21"><span class='ocrx_word' id='word_1_736' title='bbox 1910 4190 2071 4247; x_wconf 90' lang='lat' dir='ltr'><strong>ferre.</strong></span> <span class='ocrx_word' id='word_1_737' title='bbox 2105 4192 2374 4248; x_wconf 88' lang='lat' dir='ltr'><strong>Plenioris</strong></span> <span class='ocrx_word' id='word_1_738' title='bbox 2403 4210 2531 4266; x_wconf 88' lang='lat' dir='ltr'><strong>ergo</strong></span> <span class='ocrx_word' id='word_1_739' title='bbox 2561 4193 2745 4266; x_wconf 67' lang='lat' dir='ltr'><strong>gratim</strong></span> <span class='ocrx_word' id='word_1_740' title='bbox 2791 4201 2872 4250; x_wconf 90' lang='lat' dir='ltr'><strong>est</strong></span> <span class='ocrx_word' id='word_1_741' title='bbox 2916 4194 3090 4249; x_wconf 90' lang='lat' dir='ltr'><strong>Deum</strong></span> <span class='ocrx_word' id='word_1_742' title='bbox 3120 4191 3328 4260; x_wconf 90' lang='lat' dir='ltr'><strong>videre,</strong></span> <span class='ocrx_word' id='word_1_743' title='bbox 3357 4189 3500 4247; x_wconf 90' lang='lat' dir='ltr'><strong>sicut</strong></span> 
     </span>
    </p>
   </div>
   <div class='ocr_carea' id='block_1_108' title="bbox 1911 4283 3499 4357">
    <p class='ocr_par' dir='ltr' id='par_1_108' title="bbox 1911 4283 3499 4357">
     <span class='ocr_line' id='line_1_109' title="bbox 1911 4283 3499 4357; baseline 0 -21"><span class='ocrx_word' id='word_1_744' title='bbox 1911 4288 1992 4336; x_wconf 90' lang='lat' dir='ltr'><strong>est</strong></span> <span class='ocrx_word' id='word_1_745' title='bbox 2019 4283 2183 4350; x_wconf 90' lang='lat' dir='ltr'><strong>Deus,</strong></span> <span class='ocrx_word' id='word_1_746' title='bbox 2216 4300 2379 4357; x_wconf 89' lang='lat' dir='ltr'><strong>quam</strong></span> <span class='ocrx_word' id='word_1_747' title='bbox 2410 4283 2597 4341; x_wconf 89' lang='lat' dir='ltr'><strong>videre</strong></span> <span class='ocrx_word' id='word_1_748' title='bbox 2642 4301 2767 4340; x_wconf 89' lang='lat' dir='ltr'><strong>eum</strong></span> <span class='ocrx_word' id='word_1_749' title='bbox 2811 4285 2912 4353; x_wconf 92' lang='lat' dir='ltr'><strong>sic,</strong></span> <span class='ocrx_word' id='word_1_750' title='bbox 2957 4290 3017 4339; x_wconf 91' lang='lat' dir='ltr'><strong>ut</strong></span> <span class='ocrx_word' id='word_1_751' title='bbox 3053 4283 3299 4356; x_wconf 89' lang='lat' dir='ltr'><strong>requiras</strong></span> <span class='ocrx_word' id='word_1_752' title='bbox 3348 4297 3499 4337; x_wconf 90' lang='lat' dir='ltr'><strong>eum-</strong></span> 
     </span>
    </p>
   </div>
   <div class='ocr_carea' id='block_1_109' title="bbox 1910 4369 3499 4446">
    <p class='ocr_par' dir='ltr' id='par_1_109' title="bbox 1910 4369 3499 4446">
     <span class='ocr_line' id='line_1_110' title="bbox 1910 4369 3499 4446; baseline 0 -21"><span class='ocrx_word' id='word_1_753' title='bbox 1910 4369 2012 4427; x_wconf 90' lang='lat' dir='ltr'><strong>Hic</strong></span> <span class='ocrx_word' id='word_1_754' title='bbox 2031 4379 2111 4426; x_wconf 88' lang='lat' dir='ltr'><strong>est</strong></span> <span class='ocrx_word' id='word_1_755' title='bbox 2141 4372 2380 4446; x_wconf 85' lang='lat' dir='ltr'><strong>perfecta</strong></span> <span class='ocrx_word' id='word_1_756' title='bbox 2407 4375 2669 4443; x_wconf 89' lang='lat' dir='ltr'><strong>Trinitas,</strong></span> <span class='ocrx_word' id='word_1_757' title='bbox 2698 4373 2777 4429; x_wconf 92' lang='lat' dir='ltr'><strong>ibi</strong></span> <span class='ocrx_word' id='word_1_758' title='bbox 2816 4373 2998 4430; x_wconf 89' lang='lat' dir='ltr'><strong>adhuc</strong></span> <span class='ocrx_word' id='word_1_759' title='bbox 3025 4378 3172 4434; x_wconf 78' lang='lat'><strong>442</strong></span> <span class='ocrx_word' id='word_1_760' title='bbox 3201 4370 3499 4428; x_wconf 82' lang='lat' dir='ltr'><strong>scrutanda</strong></span> 
     </span>
    </p>
   </div>
   <div class='ocr_carea' id='block_1_110' title="bbox 1908 4466 3497 4544">
    <p class='ocr_par' dir='ltr' id='par_1_110' title="bbox 1908 4466 3497 4544">
     <span class='ocr_line' id='line_1_111' title="bbox 1908 4466 3497 4544; baseline -0.003 -21"><span class='ocrx_word' id='word_1_761' title='bbox 1908 4467 2190 4526; x_wconf 89' lang='lat' dir='ltr'><strong>divinitas.</strong></span> <span class='ocrx_word' id='word_1_762' title='bbox 2225 4471 2446 4527; x_wconf 88' lang='lat' dir='ltr'><strong>Plenior</strong></span> <span class='ocrx_word' id='word_1_763' title='bbox 2486 4471 2655 4544; x_wconf 90' lang='lat' dir='ltr'><strong>igitur</strong></span> <span class='ocrx_word' id='word_1_764' title='bbox 2694 4480 2775 4528; x_wconf 90' lang='lat' dir='ltr'><strong>est</strong></span> <span class='ocrx_word' id='word_1_765' title='bbox 2823 4470 2997 4544; x_wconf 88' lang='lat' dir='ltr'><strong>gratia</strong></span> <span class='ocrx_word' id='word_1_766' title='bbox 3055 4472 3230 4526; x_wconf 91' lang='lat' dir='ltr'><strong>Deum</strong></span> <span class='ocrx_word' id='word_1_767' title='bbox 3275 4466 3497 4540; x_wconf 90' lang='lat' dir='ltr'><strong>propria</strong></span> 
     </span>
    </p>
   </div>
   <div class='ocr_carea' id='block_1_111' title="bbox 1908 4554 3493 4635">
    <p class='ocr_par' dir='ltr' id='par_1_111' title="bbox 1908 4554 3493 4635">
     <span class='ocr_line' id='line_1_112' title="bbox 1908 4554 3493 4635; baseline -0.003 -23"><span class='ocrx_word' id='word_1_768' title='bbox 1908 4558 2135 4615; x_wconf 87' lang='lat' dir='ltr'><strong>veritate</strong></span> <span class='ocrx_word' id='word_1_769' title='bbox 2156 4576 2476 4632; x_wconf 85' lang='lat' dir='ltr'><strong>cognoscere</strong></span> <span class='ocrx_word' id='word_1_770' title='bbox 2509 4562 2652 4634; x_wconf 83' lang='grc'>(20),</span> <span class='ocrx_word' id='word_1_771' title='bbox 2681 4577 2845 4635; x_wconf 88' lang='lat' dir='ltr'><strong>quam</strong></span> <span class='ocrx_word' id='word_1_772' title='bbox 2900 4559 2959 4615; x_wconf 92' lang='lat' dir='ltr'><strong>in</strong></span> <span class='ocrx_word' id='word_1_773' title='bbox 3005 4565 3286 4629; x_wconf 91' lang='lat' dir='ltr'><strong>assumpta</strong></span> <span class='ocrx_word' id='word_1_774' title='bbox 3314 4554 3493 4626; x_wconf 88' lang='lat' dir='ltr'><strong>specie</strong></span> 
     </span>
    </p>
   </div>
   <div class='ocr_carea' id='block_1_112' title="bbox 1908 4651 2192 4722">
    <p class='ocr_par' dir='ltr' id='par_1_112' title="bbox 1908 4651 2192 4722">
     <span class='ocr_line' id='line_1_113' title="bbox 1908 4651 2192 4722; baseline 0.014 -18"><span class='ocrx_word' id='word_1_775' title='bbox 1908 4651 2192 4722; x_wconf 87' lang='lat' dir='ltr'><strong>suspicari.</strong></span> 
     </span>
    </p>
   </div>
   <div class='ocr_carea' id='block_1_113' title="bbox 1979 4749 3494 4830">
    <p class='ocr_par' dir='ltr' id='par_1_113' title="bbox 1979 4749 3494 4830">
     <span class='ocr_line' id='line_1_114' title="bbox 1979 4749 3494 4830; baseline -0.007 -17"><span class='ocrx_word' id='word_1_776' title='bbox 1979 4758 2030 4813; x_wconf 78' lang='grc'><strong>4.</strong></span> <span class='ocrx_word' id='word_1_777' title='bbox 2066 4759 2351 4816; x_wconf 86' lang='lat' dir='ltr'><strong>Faciamus</strong></span> <span class='ocrx_word' id='word_1_778' title='bbox 2388 4775 2515 4830; x_wconf 84' lang='lat' dir='ltr'><strong>ergo</strong></span> <span class='ocrx_word' id='word_1_779' title='bbox 2572 4756 2677 4828; x_wconf 88' lang='lat' dir='ltr'><strong>ipsi</strong></span> <span class='ocrx_word' id='word_1_780' title='bbox 2730 4772 2828 4827; x_wconf 92' lang='lat' dir='ltr'><strong>pro</strong></span> <span class='ocrx_word' id='word_1_781' title='bbox 2882 4752 3059 4816; x_wconf 90' lang='lat' dir='ltr'><strong>nobis,</strong></span> <span class='ocrx_word' id='word_1_782' title='bbox 3119 4749 3266 4823; x_wconf 90' lang='lat' dir='ltr'><strong>quod</strong></span> <span class='ocrx_word' id='word_1_783' title='bbox 3320 4750 3494 4805; x_wconf 90' lang='lat' dir='ltr'><strong>Deum</strong></span> 
     </span>
    </p>
   </div>
   <div class='ocr_carea' id='block_1_114' title="bbox 1909 4838 3492 4917">
    <p class='ocr_par' dir='ltr' id='par_1_114' title="bbox 1909 4838 3492 4917">
     <span class='ocr_line' id='line_1_115' title="bbox 1909 4838 3492 4917; baseline -0.007 -15"><span class='ocrx_word' id='word_1_784' title='bbox 1909 4846 2161 4902; x_wconf 88' lang='lat' dir='ltr'><strong>videmus</strong></span> <span class='ocrx_word' id='word_1_785' title='bbox 2210 4847 2401 4902; x_wconf 85' lang='lat' dir='ltr'><strong>fecisse</strong></span> <span class='ocrx_word' id='word_1_786' title='bbox 2457 4861 2554 4917; x_wconf 89' lang='lat' dir='ltr'><strong>pro</strong></span> <span class='ocrx_word' id='word_1_787' title='bbox 2612 4843 2812 4898; x_wconf 79' lang='lat' dir='ltr'><strong>nobis:</strong></span> <span class='ocrx_word' id='word_1_788' title='bbox 2857 4841 3121 4898; x_wconf 87' lang='lat' dir='ltr'><strong>faciamus</strong></span> <span class='ocrx_word' id='word_1_789' title='bbox 3177 4838 3324 4895; x_wconf 90' lang='lat' dir='ltr'><strong>circa</strong></span> <span class='ocrx_word' id='word_1_790' title='bbox 3371 4853 3492 4906; x_wconf 91' lang='lat' dir='ltr'><strong>nos,</strong></span> 
     </span>
    </p>
   </div>
   <div class='ocr_carea' id='block_1_115' title="bbox 1909 4924 3496 5008">
    <p class='ocr_par' dir='ltr' id='par_1_115' title="bbox 1909 4924 3496 5008">
     <span class='ocr_line' id='line_1_116' title="bbox 1909 4924 3496 5008; baseline -0.006 -17"><span class='ocrx_word' id='word_1_791' title='bbox 1909 4934 2056 5008; x_wconf 88' lang='lat' dir='ltr'><strong>quod</strong></span> <span class='ocrx_word' id='word_1_792' title='bbox 2089 4935 2205 4990; x_wconf 84' lang='lat' dir='ltr'><strong>ﬁeri</strong></span> <span class='ocrx_word' id='word_1_793' title='bbox 2245 4934 2391 4990; x_wconf 89' lang='lat' dir='ltr'><strong>circa</strong></span> <span class='ocrx_word' id='word_1_794' title='bbox 2419 4951 2474 4989; x_wconf 90' lang='lat' dir='ltr'><strong>se</strong></span> <span class='ocrx_word' id='word_1_795' title='bbox 2503 4934 2738 4988; x_wconf 81' lang='lat' dir='ltr'><strong>Joannes</strong></span> <span class='ocrx_word' id='word_1_796' title='bbox 2767 4929 2998 5003; x_wconf 85' lang='lat' dir='ltr'><strong>optavit.</strong></span> <span class='ocrx_word' id='word_1_797' title='bbox 3030 4928 3087 4985; x_wconf 92' lang='lat' dir='ltr'><strong>Si</strong></span> <span class='ocrx_word' id='word_1_798' title='bbox 3115 4924 3210 4983; x_wconf 87' lang='lat' dir='ltr'><strong>ille</strong></span> <span class='ocrx_word' id='word_1_799' title='bbox 3249 4925 3345 5001; x_wconf 89' lang='lat' dir='ltr'><strong>qui</strong></span> <span class='ocrx_word' id='word_1_800' title='bbox 3380 4933 3496 4982; x_wconf 87' lang='lat' dir='ltr'><strong>erat</strong></span> 
     </span>
    </p>
   </div>
   <div class='ocr_carea' id='block_1_116' title="bbox 1910 5019 3491 5098">
    <p class='ocr_par' dir='ltr' id='par_1_116' title="bbox 1910 5019 3491 5098">
     <span class='ocr_line' id='line_1_117' title="bbox 1910 5019 3491 5098; baseline -0.004 -17"><span class='ocrx_word' id='word_1_801' title='bbox 1910 5025 2171 5098; x_wconf 85' lang='lat' dir='ltr'><strong>prOpheta</strong></span> <span class='ocrx_word' id='word_1_802' title='bbox 2201 5033 2255 5081; x_wconf 90' lang='lat' dir='ltr'><strong>et</strong></span> <span class='ocrx_word' id='word_1_803' title='bbox 2284 5033 2525 5091; x_wconf 87' lang='lat' dir='ltr'><strong>sanctus,</strong></span> <span class='ocrx_word' id='word_1_804' title='bbox 2557 5022 2858 5079; x_wconf 86' lang='lat' dir='ltr'><strong>Salvatoris</strong></span> <span class='ocrx_word' id='word_1_805' title='bbox 2904 5019 3236 5092; x_wconf 86' lang='lat' dir='ltr'><strong>baptismum</strong></span> <span class='ocrx_word' id='word_1_806' title='bbox 3293 5035 3491 5076; x_wconf 85' lang='lat' dir='ltr'><strong>concu-</strong></span> 
     </span>
    </p>
   </div>
   <div class='ocr_carea' id='block_1_117' title="bbox 1981 5138 3495 5216">
    <p class='ocr_par' dir='ltr' id='par_1_117' title="bbox 1981 5138 3495 5216">
     <span class='ocr_line' id='line_1_118' title="bbox 1981 5138 3495 5216; baseline -0.006 -15"><span class='ocrx_word' id='word_1_807' title='bbox 1981 5144 2099 5216; x_wconf 89' lang='lat'><strong>(18)</strong></span> <span class='ocrx_word' id='word_1_808' title='bbox 2131 5145 2212 5200; x_wconf 86' lang='lat' dir='ltr'><strong>Ita</strong></span> <span class='ocrx_word' id='word_1_809' title='bbox 2243 5159 2370 5197; x_wconf 89' lang='lat' dir='ltr'><strong>mss.</strong></span> <span class='ocrx_word' id='word_1_810' title='bbox 2399 5160 2412 5210; x_wconf 92' lang='lat'><strong>;</strong></span> <span class='ocrx_word' id='word_1_811' title='bbox 2445 5149 2509 5216; x_wconf 73' lang='lat' dir='ltr'><strong>at</strong></span> <span class='ocrx_word' id='word_1_812' title='bbox 2529 5139 2686 5216; x_wconf 86' lang='lat' dir='ltr'><strong>edit.,</strong></span> <span class='ocrx_word' id='word_1_813' title='bbox 2713 5156 2838 5216; x_wconf 90' lang='lat' dir='ltr'><strong>non_</strong></span> <span class='ocrx_word' id='word_1_814' title='bbox 2857 5139 3029 5216; x_wconf 80' lang='lat' dir='ltr'><strong>etiam</strong></span> <span class='ocrx_word' id='word_1_815' title='bbox 3051 5138 3211 5206; x_wconf 87' lang='lat' dir='ltr'><strong>male,</strong></span> <span class='ocrx_word' id='word_1_816' title='bbox 3238 5138 3327 5194; x_wconf 86' lang='lat' dir='ltr'><strong>ubi</strong></span> <span class='ocrx_word' id='word_1_817' title='bbox 3356 5139 3495 5194; x_wconf 76' lang='lat' dir='ltr'><strong>enim</strong></span> 
     </span>
    </p>
   </div>
   <div class='ocr_carea' id='block_1_118' title="bbox 1907 5211 3176 5282">
    <p class='ocr_par' dir='ltr' id='par_1_118' title="bbox 1907 5211 3176 5282">
     <span class='ocr_line' id='line_1_119' title="bbox 1907 5211 3176 5282; baseline -0.003 -13"><span class='ocrx_word' id='word_1_818' title='bbox 1907 5211 2044 5271; x_wconf 72' lang='lat' dir='ltr'><strong>nunc</strong></span> <span class='ocrx_word' id='word_1_819' title='bbox 2077 5211 2318 5271; x_wconf 69' lang='lat' dir='ltr'><strong>Christus</strong></span> <span class='ocrx_word' id='word_1_820' title='bbox 2347 5221 2438 5280; x_wconf 88' lang='lat' dir='ltr'><strong>est,</strong></span> <span class='ocrx_word' id='word_1_821' title='bbox 2473 5214 2544 5268; x_wconf 89' lang='lat' dir='ltr'><strong>ibi</strong></span> <span class='ocrx_word' id='word_1_822' title='bbox 2571 5228 2774 5282; x_wconf 86' lang='lat' dir='ltr'><strong>quoque</strong></span> <span class='ocrx_word' id='word_1_823' title='bbox 2800 5211 3055 5266; x_wconf 81' lang='lat' dir='ltr'><strong>Jordanis</strong></span> <span class='ocrx_word' id='word_1_824' title='bbox 3084 5217 3176 5265; x_wconf 86' lang='lat' dir='ltr'><strong>est.</strong></span> 
     </span>
    </p>
   </div>
   <div class='ocr_carea' id='block_1_119' title="bbox 1981 5281 3493 5359">
    <p class='ocr_par' dir='ltr' id='par_1_119' title="bbox 1981 5281 3493 5359">
     <span class='ocr_line' id='line_1_120' title="bbox 1981 5281 3493 5359; baseline -0.003 -16"><span class='ocrx_word' id='word_1_825' title='bbox 1981 5289 2098 5359; x_wconf 91' lang='lat'><strong>(19)</strong></span> <span class='ocrx_word' id='word_1_826' title='bbox 2129 5289 2332 5359; x_wconf 87' lang='lat' dir='ltr'><strong>Omnes</strong></span> <span class='ocrx_word' id='word_1_827' title='bbox 2388 5285 2543 5359; x_wconf 83' lang='lat' dir='ltr'><strong>edit.,</strong></span> <span class='ocrx_word' id='word_1_828' title='bbox 2582 5281 2748 5359; x_wconf 66' lang='lat' dir='ltr'><strong>Tunc</strong></span> <span class='ocrx_word' id='word_1_829' title='bbox 2802 5286 2960 5359; x_wconf 84' lang='lat' dir='ltr'><strong>Pater</strong></span> <span class='ocrx_word' id='word_1_830' title='bbox 3005 5301 3038 5337; x_wconf 93' lang='lat' dir='ltr'><strong>a</strong></span> <span class='ocrx_word' id='word_1_831' title='bbox 3067 5281 3338 5359; x_wconf 65' lang='lat' dir='ltr'><strong>Domina:</strong></span> <span class='ocrx_word' id='word_1_832' title='bbox 3369 5282 3493 5359; x_wconf 88' lang='lat' dir='ltr'><strong>co_d.</strong></span> 
     </span>
    </p>
   </div>
   <div class='ocr_carea' id='block_1_120' title="bbox 1909 5353 3494 5427">
    <p class='ocr_par' dir='ltr' id='par_1_120' title="bbox 1909 5353 3494 5427">
     <span class='ocr_line' id='line_1_121' title="bbox 1909 5353 3494 5427; baseline -0.001 -15"><span class='ocrx_word' id='word_1_833' title='bbox 1909 5353 2117 5427; x_wconf 78' lang='lat' dir='ltr'><strong>Remig.</strong></span> <span class='ocrx_word' id='word_1_834' title='bbox 2156 5366 2209 5414; x_wconf 89' lang='lat' dir='ltr'><strong>et</strong></span> <span class='ocrx_word' id='word_1_835' title='bbox 2237 5358 2579 5415; x_wconf 84' lang='lat' dir='ltr'><strong>Valliscl.....</strong></span> <span class='ocrx_word' id='word_1_836' title='bbox 2608 5357 2680 5410; x_wconf 88' lang='lat' dir='ltr'><strong>ad</strong></span> <span class='ocrx_word' id='word_1_837' title='bbox 2704 5355 3025 5419; x_wconf 88' lang='lat' dir='ltr'><strong>Dominum;</strong></span> <span class='ocrx_word' id='word_1_838' title='bbox 3060 5353 3268 5426; x_wconf 85' lang='lat' dir='ltr'><strong>optime</strong></span> <span class='ocrx_word' id='word_1_839' title='bbox 3296 5353 3494 5427; x_wconf 86' lang='lat' dir='ltr'><strong>Lugd.,</strong></span> 
     </span>
    </p>
   </div>
   <div class='ocr_carea' id='block_1_121' title="bbox 1911 5431 2590 5496">
    <p class='ocr_par' dir='ltr' id='par_1_121' title="bbox 1911 5431 2590 5496">
     <span class='ocr_line' id='line_1_122' title="bbox 1911 5431 2590 5496; baseline 0.001 -15"><span class='ocrx_word' id='word_1_840' title='bbox 1911 5436 2028 5482; x_wconf 81' lang='lat' dir='ltr'><strong>tunc</strong></span> <span class='ocrx_word' id='word_1_841' title='bbox 2063 5431 2222 5484; x_wconf 84' lang='lat' dir='ltr'><strong>Pater</strong></span> <span class='ocrx_word' id='word_1_842' title='bbox 2241 5431 2312 5484; x_wconf 89' lang='lat' dir='ltr'><strong>ad</strong></span> <span class='ocrx_word' id='word_1_843' title='bbox 2341 5447 2454 5496; x_wconf 82' lang='lat' dir='ltr'><strong>nos,</strong></span> <span class='ocrx_word' id='word_1_844' title='bbox 2485 5435 2590 5483; x_wconf 86' lang='lat' dir='ltr'><strong>etc.</strong></span> 
     </span>
    </p>
   </div>
   <div class='ocr_carea' id='block_1_122' title="bbox 1982 5497 3490 5569">
    <p class='ocr_par' dir='ltr' id='par_1_122' title="bbox 1982 5497 3490 5569">
     <span class='ocr_line' id='line_1_123' title="bbox 1982 5497 3490 5569; baseline -0.001 -16"><span class='ocrx_word' id='word_1_845' title='bbox 1982 5499 2098 5566; x_wconf 80' lang='grc'><strong>(20)</strong></span> <span class='ocrx_word' id='word_1_846' title='bbox 2133 5502 2256 5555; x_wconf 86' lang='lat' dir='ltr'><strong>Vet.</strong></span> <span class='ocrx_word' id='word_1_847' title='bbox 2288 5499 2444 5561; x_wconf 88' lang='lat' dir='ltr'><strong>edit.,</strong></span> <span class='ocrx_word' id='word_1_848' title='bbox 2477 5500 2645 5569; x_wconf 83' lang='lat' dir='ltr'><strong>Deum</strong></span> <span class='ocrx_word' id='word_1_849' title='bbox 2667 5497 2897 5569; x_wconf 80' lang='lat' dir='ltr'><strong>propria</strong></span> <span class='ocrx_word' id='word_1_850' title='bbox 2936 5498 3128 5551; x_wconf 83' lang='lat' dir='ltr'><strong>virtute</strong></span> <span class='ocrx_word' id='word_1_851' title='bbox 3155 5515 3490 5569; x_wconf 84' lang='lat' dir='ltr'><strong>cognoscere;</strong></span> 
     </span>
    </p>
   </div>
   <div class='ocr_carea' id='block_1_123' title="bbox 1909 5566 3208 5634">
    <p class='ocr_par' dir='ltr' id='par_1_123' title="bbox 1909 5566 3208 5634">
     <span class='ocr_line' id='line_1_124' title="bbox 1909 5566 3208 5634; baseline 0.001 -11"><span class='ocrx_word' id='word_1_852' title='bbox 1909 5570 2065 5625; x_wconf 82' lang='lat' dir='ltr'><strong>llom.</strong></span> <span class='ocrx_word' id='word_1_853' title='bbox 2098 5579 2152 5626; x_wconf 91' lang='lat' dir='ltr'><strong>et</strong></span> <span class='ocrx_word' id='word_1_854' title='bbox 2185 5587 2314 5626; x_wconf 89' lang='lat' dir='ltr'><strong>mss.</strong></span> <span class='ocrx_word' id='word_1_855' title='bbox 2345 5566 2711 5634; x_wconf 87' lang='lat' dir='ltr'><strong>commodius,</strong></span> <span class='ocrx_word' id='word_1_856' title='bbox 2739 5566 2801 5622; x_wconf 57' lang='lat' dir='ltr'><strong>u&#39;t</strong></span> <span class='ocrx_word' id='word_1_857' title='bbox 2830 5566 2886 5622; x_wconf 89' lang='lat' dir='ltr'><strong>in</strong></span> <span class='ocrx_word' id='word_1_858' title='bbox 2917 5575 3208 5625; x_wconf 79' lang='lat' dir='ltr'><strong>contextu.</strong></span> 
     </span>
    </p>
   </div>
  </div>
