3864 6188
407 288 508 346 703

1421 291 1516 344 AD
1555 288 1788 344 OPEBA
1826 288 1882 344 S.
1920 288 2250 347 AMBROSII
2287 287 2666 346 APPENDIX.

3607 296 3712 355 7M

401 415 580 488 pivit;
612 423 816 489 quanto
865 414 1039 486 magis
1077 429 1178 471 nos
1210 421 1515 486 peccatores
1548 421 1601 469 et
1630 414 1846 487 indigni
1877 431 1994 487 gra-
2020 417 2072 477 Α
2101 414 2323 471 videtur
2367 413 2510 472 hanc
2535 414 2934 474 diformitatem
2986 417 3235 492 corporis
3263 418 3550 494 propheta
3590 423 3714 495 spi-

401 505 701 562 tiamhanc
723 504 986 562 debemus
1031 504 1276 560 ambire!
1335 504 1531 562 Videte
1560 504 1995 564 misericordiam

401 594 701 651 Salvatoris
738 610 749 648 :
809 593 916 649 hoc
971 593 1133 649 nobis
1169 601 1362 663 sponte
1393 593 1656 662 defertur,
1688 595 1835 666 quod
1865 613 2000 668 pro-

401 683 566 756 pheta
589 685 872 756 postulans
899 699 1004 737 non
1042 688 1280 737 meretur
1305 682 1570 753 accipere.

470 774 524 830 ὅ.
559 772 703 841 Quid
739 780 920 827 autem
972 787 1146 826 causae
1190 771 1262 826 sit
1303 771 1449 844 quod
1495 773 1734 830 Joannes
1777 775 1996 849 petierit

399 861 608 920 Christi
639 861 995 934 baptismum,
1029 877 1129 916 nec
1167 861 1457 934 acceperit,
1497 863 1760 920 debemus
1790 865 1996 922 adver-

398 961 533 1010 tere.
585 951 677 1006 Ait
718 951 864 1007 enim
915 951 999 1005 illi
1064 951 1333 1007 Dominus
1401 954 1746 1024 postulanti:
1803 978 1821 1002 ι
1866 956 1996 1012 Sine

399 1040 597 1106 modo;
629 1039 709 1096 sic
737 1038 884 1094 enim
912 1037 1068 1094 decet
1099 1038 1443 1112 nosimplere
1473 1059 1692 1099 omnem
1717 1043 1992 1116 justitiam

401 1131 614 1199 (Matth.
658 1146 740 1197 iu,
796 1128 908 1200 15).
950 1151 968 1176 ›
1009 1127 1256 1184 ‘Scimus
1331 1140 1511 1187 autem
1565 1133 1712 1206 quod
1761 1136 1994 1193 Joannes

401 1221 647 1294 Baptista
676 1228 871 1291 typum
919 1218 1053 1290 legis
1082 1218 1318 1291 gerebat.
1353 1221 1574 1281 Justum
1606 1239 1736 1296 ergo
1765 1233 1900 1294 erat,
1933 1233 1995 1282 ut

399 1314 514 1385 ipse
542 1310 844 1384 baptizaret
888 1310 1222 1378 Dominum;
1269 1311 1479 1369 scilicet
1525 1321 1587 1368 ut
1635 1314 1994 1388 quemadmo-

397 1405 530 1462 dum
557 1399 860 1458 secundum
889 1415 1109 1456 carnem
1140 1400 1207 1456 de
1259 1400 1462 1458 Iudaeis
1491 1402 1744 1459 Salvator
1773 1411 1854 1461 est
1886 1421 1992 1477 ge—

399 1493 568 1561 nitus,
592 1492 670 1548 ita
689 1497 743 1547 et
761 1488 1062 1546 secundum
1094 1489 1359 1560 Spiritum
1389 1489 1455 1546 de
1485 1491 1601 1564 lege
1627 1493 1991 1566 Evangelium

399 1591 731 1650 nasceretur;
763 1587 824 1636 ut
851 1579 997 1636 unde
1026 1580 1427 1636 successionem
1477 1581 1713 1639 ducebat
1739 1583 1989 1656 originis,

397 1674 600 1732 exinde
626 1679 681 1728 et
708 1669 1064 1726 traditionem
1105 1671 1533 1728 consecrationis
1552 1673 1842 1744 acciperet.
1876 1675 1993 1732 Hoc

397 1773 479 1820 est
511 1762 705 1834 igitur,
737 1759 883 1833 quod
912 1759 994 1815 ait
1025 1778 1036 1816 :
1085 1784 1101 1806 ι
1130 1759 1220 1818 Sic
1249 1761 1395 1817 enim
1427 1761 1584 1819 decet
1625 1778 1725 1818 nos
1764 1762 1992 1836 implere
2024 1776 2071 1837 Β

398 1868 616 1909 omnem
641 1850 938 1923 justitiam.
974 1874 991 1898 ι
1036 1851 1252 1907 Justum
1283 1852 1430 1908 enim
1471 1861 1610 1921 erat,
1643 1861 1705 1910 ut
1736 1853 1994 1911 mandata

398 1943 552 2014 legis,
585 1958 706 2014 quae
754 1941 868 2012 ipse
914 1939 1260 2009 condiderat,
1316 1942 1429 2012 ipse
1477 1942 1797 2016 compleret,
1848 1943 1994 2000 sicut

396 2032 531 2088 alibi
561 2031 726 2089 dicit:
762 2055 780 2078 ι
799 2031 922 2088 Non
948 2030 1076 2086 veni
1107 2031 1279 2104 legem
1311 2033 1548 2100 solvere,
1571 2032 1666 2089 sed
1690 2033 1992 2107 adimplere

399 2123 613 2194 (Matth.
644 2138 701 2191 ν,
745 2121 856 2194 17).
889 2145 907 2167 ι

909 2265 1146 2324 SERMO
1201 2265 1466 2323 XXXIX.

1007 2381 1086 2436 De
1125 2379 1368 2438 Camelo.

395 2506 547 2561 Rom.
587 2503 708 2558 edit.
748 2509 808 2558 ut
842 2503 978 2559 hunc
1033 2521 1322 2560 sermonem
1365 2505 1655 2576 Evangelia
1701 2505 1990 2561 Dominicce

465 2593 562 2649 xxv
588 2581 710 2647 post
737 2577 1065 2649 Pentecosten
1098 2577 1399 2648 adaptaret,
1429 2577 1514 2632 illi
1543 2578 1824 2632 exordium
1847 2596 1989 2649 pro~

459 2648 587 2721 pria
619 2648 936 2721 auctoritate
979 2650 1312 2721 prteﬁxerat.
1348 2651 1518 2716 Quam
1547 2656 1722 2704 autem
1760 2648 1988 2704 absurde

462 2719 522 2791 id
560 2719 808 2786 voluerit,
840 2720 960 2774 inde
980 2719 1330 2791 cognoscitur,
1362 2721 1502 2789 quod
1531 2721 1667 2774 hunc
1697 2737 1988 2775 sermonem

465 2789 610 2845 haud
652 2792 818 2844 multo
887 2797 1007 2860 post
1047 2789 1423 2861 Epiphaniam
1479 2791 1714 2845 habitum
1770 2799 1982 2848 constet.

466 2861 717 2934 Quaedam
746 2877 914 2930 porro
943 2861 1000 2913 in
1045 2861 1138 2934 illo
1187 2861 1483 2934 reperimus
1528 2867 1734 2916 tantum
1782 2881 1985 2934 cogna-

465 2930 622 2986 tionis
650 2947 766 3005 cum
793 2947 1027 3005 sermone
1055 2930 1122 2986 20
1150 2949 1184 3005 ᾳ
1219 2930 1366 3005 nobis
1403 2931 1593 3000 rejeclo
1618 2930 1981 3005 pmferentia,

464 3005 525 3054 ut
551 2999 826 3070 utriusque
871 3001 1104 3055 eumdem
1145 3001 1310 3070 fuisse
1338 2999 1979 3060 auctorem-arbitremur:

465 3071 567 3127 Nec
588 3069 1057 3144 profecto_desunt
1084 3069 1202 3144 qua:
1241 3074 1396 3128 illum
1424 3075 1664 3134 Maximo
1701 3077 1985 3132 videantur

460 3156 694 3198 asserere
723 3159 740 3196 :
769 3142 858 3198 sed
883 3144 1038 3200 nulla
1065 3142 1362 3218 suppetunt,
1393 3163 1510 3218 qua:
1537 3147 1838 3204 Ambrosio.

463 3281 512 3338 1.
545 3280 692 3339 Dicit
723 3281 841 3354 (2i)
881 3281 936 3338 in
977 3283 1282 3360 Evangelio
1327 3285 1595 3343 Dominus
1623 3287 1778 3345 Iesus
1810 3287 1984 3346 Chri-

393 3378 511 3428 stus
541 3389 553 3428 :
602 3397 619 3419 ι
648 3374 891 3431 Facilius
920 3382 1000 3430 est
1031 3375 1263 3431 transire
1305 3378 1577 3434 camelum
1607 3395 1704 3450 per
1733 3379 1982 3437 foramen

390 3477 538 3530 acus,
579 3477 740 3533 quam
786 3463 1017 3518 divitem
1075 3464 1279 3520 intrare
1332 3464 1389 3520 in
1443 3483 1670 3538 regnum
1716 3469 1980 3524 caelorum

390 3550 730 3618 (Matth.xix,
745 3549 860 3620 24).
887 3574 903 3596 ι
921 3549 1052 3616 Quae
1074 3553 1347 3607 sententia
1368 3570 1561 3610 vereor
1580 3573 1647 3611 ne
1663 3556 1804 3612 forte
1825 3556 1983 3612 vobis

388 3635 700 3705 conveniat,
748 3637 843 3710 qui
901 3636 1127 3694 divitias
1165 3639 1354 3695 saeculi
1399 3641 1563 3713 hujus
1606 3652 1700 3699 aut
1745 3645 1979 3714 habetis,

387 3732 480 3782 aut
510 3725 775 3800 quaeritis.
825 3726 981 3784 Sicut
1019 3728 1164 3784 enim
1205 3729 1399 3786 cameli
1446 3731 1674 3801 animal,
1715 3734 1861 3805 quod
1902 3744 1984 3792 est

387 3823 693 3875 tortuosum
723 3824 885 3891 atque
915 3816 1182 3887 deforme,
1215 3820 1543 3891 perversitas
1573 3822 1691 3894 ipsa
1736 3823 1982 3896 corporis

387 3922 482 3979 per
508 3907 950 3980 augustissimam
977 3903 1106 3965 acus
1139 3925 1430 3966 cavernam
1453 3913 1733 3983 praeterire
1759 3930 1869 3969 non
1893 3931 1980 3986 pa-

386 3996 556 4053 titur:
592 3997 668 4053 ita
696 4006 749 4055 et
779 3998 981 4055 divites
1010 4009 1265 4057 oneratos
1295 4001 1551 4071 avaritia,
1594 4010 1648 4058 et
1679 4003 1981 4076 cupiditate

387 4085 638 4153 fuadatos,
660 4089 777 4158 ipsa
797 4087 926 4144 vitae
946 4088 1270 4146 deformitas
1290 4107 1387 4162 per
1412 4099 1618 4147 arctam
1650 4092 1796 4148 viam
1827 4092 1980 4164 regni

386 4173 615 4228 minime
644 4175 874 4232 introire
906 4178 1210 4247 permittit;
1234 4179 1314 4234 ait
1333 4181 1478 4236 enim
1504 4181 1649 4237 idem
1670 4183 1940 4240 Dominus
1965 4200 1975 4237 :

400 4283 418 4307 ι
453 4263 624 4316 Arcta
661 4270 715 4317 et
744 4272 974 4334 angusta
1020 4265 1112 4320 via
1162 4275 1262 4335 est,
1323 4285 1443 4341 qua
1493 4271 1647 4327 ducit
1688 4271 1756 4327 ad
1807 4271 1980 4327 vitam

388 4349 599 4420 (Matth.
623 4368 724 4418 v11,
754 4351 865 4423 14).
899 4376 916 4399 ι

455 4438 507 4495 2.
543 4437 718 4511 Igitur
747 4439 804 4495 in
850 4441 1060 4496 camelo
1103 4441 1484 4500 difﬁcultatem
1539 4447 1806 4504 transitus
1859 4449 1977 4519 (22)

387 4535 609 4599 praestat
644 4528 912 4585 habitudo
943 4530 1338 4600 membrorum,
1375 4529 1433 4587 in
1461 4533 1635 4590 divite
1663 4543 1844 4590 autem
1875 4537 1976 4592 im-

383 4617 758 4689 pedimentum
785 4617 1110 4690 magnitudo
1154 4618 1323 4674 eiiicit
1352 4629 1740 4692 peccatorum;
1774 4625 1972 4696 gibbus

381 4705 528 4762 enim
560 4706 784 4780 quidam
828 4713 910 4763 est
941 4706 1138 4763 anima:
1192 4714 1350 4780 turpe
1395 4709 1529 4782 quid
1577 4712 1663 4767 vel
1711 4713 1968 4784 cogitare,

381 4793 467 4849 vel
496 4794 673 4850 facere
708 4813 719 4851 :
753 4812 817 4852 ac
844 4795 1047 4852 mentis
1076 4795 1326 4869 quaedam
1360 4805 1605 4856 tortuosa
1627 4799 1967 4870 deformitas,

380 4881 438 4937 in
469 4883 664 4940 mundi
726 4883 888 4940 rebus
916 4901 1130 4958 semper
1167 4885 1472 4956 intendere,
1504 4896 1558 4944 et
1598 4889 1666 4946 ab
1713 4891 1971 4948 Ecclesia

379 4981 576 5031 sanctae
605 4975 799 5032 limine
826 4977 976 5034 curis
999 4978 1356 5036 saecularibus
1376 4980 1616 5036 avocari.
1642 4981 1796 5037 Unde
1831 4982 1969 5036 mihi

444 5156 570 5238 (
606 5158 762 5238 item.
797 5156 958 5224 edit,
983 5158 1312 5238 mammona.
1333 5162 1480 5238 apud
1529 5163 1776 5238 Hebra'os
1813 5162 1972 5232 hujus

372 5228 550 5300 seaculi
590 5228 789 5284 divitiae
838 5231 1201 5300 appellantur.
1240 5228 1455 5287 Dicitur
1492 5251 1612 5288 vero
1656 5228 1967 5292 Mammdna

377 5299 610 5374 iniquus,
641 5300 768 5370 quia
786 5299 1035 5374 nonnisi
1066 5301 1238 5372 iniqui
1267 5303 1325 5356 in
1354 5304 1426 5358 eis
1447 5321 1588 5374 spem
1617 5306 1965 5360 constituunt:

363 5369 506 5438 justi
531 5369 725 5437 autem,
779 5372 895 5426 licet
921 5388 982 5426 ea
1017 5369 1342 5441 possideant,
1369 5369 1485 5428 non-
1502 5381 1625 5428 sunt
1662 5377 1772 5431 illis
1802 5384 1974 5431 tamen

373 5441 608 5518 divitiis,
664 5441 771 5496 nisi
818 5443 1063 5518 _c_wlestes
1128 5451 1177 5518 et
1214 5446 1518 5518 spiritales.
1550 5447 1751 5518 “Serpit
1811 5447 1972 5518 igitur

372 5511 830 5588 ﬂammeumhqui
851 5512 1182 5588 _in__terrenis
1209 5511 1370 5584 hujus
1404 5517 1581 5570 saeculi
1617 5517 1768 5570 rebus
1816 5511 1972 5588 don/i-

595 5581 739 5658 alibi
755 5582 861 5634 viri
890 5582 1207 5658 divitiarum
1236 5580 1291 5639 α’
1312 5589 1574 5657 propheta
1602 5580 1967 5658 appellantur.

374 5650 566 5719 Nolite,
624 5650 847 5720 fratres,
897 5652 1113 5708 divitias
1155 5650 1432 5727 appellare
1474 5650 1840 5725 illas,"nolite
1884 5675 1973 5714 eas

2105 505 2339 561 ritaliter
2366 506 2636 576 elocutus,
2671 507 2973 565 foeditatem
3015 525 3234 565 morum
3257 510 3451 582 potius
3473 511 3712 570 indicas-

2105 611 2183 663 se,
2217 612 2340 650 cum
2372 595 2509 652 dicit
2541 615 2552 652 :
2600 619 2618 643 ι
2665 597 2783 653 Non
2829 597 3095 670 glorietur
3141 597 3405 672 gibbosus
3437 599 3590 656 sicut
3620 618 3714 658 re-

2106 694 2226 741 ctus
2245 685 2366 758 (III
2389 688 2510 758 Reg.
2530 703 2629 754 xx,
2656 687 2745 759 11)
2772 705 2784 755 ;
2820 710 2837 734 ι
2882 687 3038 761 quasi
3067 689 3148 745 sic
3167 688 3377 746 diceret
3403 707 3415 744 :
3441 691 3574 748 Non
3603 693 3711 766 glo-

2108 774 2281 830 rietur
2309 785 2559 847 peccator
2597 775 2863 832 vitiorum
2911 795 3133 834 suorum
3185 781 3466 852 pravitate
3497 781 3710 838 distor-

2106 871 2213 932 tus,
2245 863 2389 921 sicut
2414 865 2678 937 gloriatur
2701 865 2888 938 justus
2917 867 3268 924 conscientiae
3299 869 3466 926 bonae
3499 871 3706 944 simpli-

2104 953 2268 1011 citate
2292 953 2550 1023 directus.
2584 955 2846 1022 Quamvis
2876 956 3046 1025 enim,
3077 973 3109 1012 ο
3138 965 3414 1030 peccator,
3449 961 3706 1032 proceri-

2103 1049 2212 1099 tate
2242 1044 2485 1115 corporis
2511 1043 2764 1116 gaudeas,
2797 1045 3050 1118 quamvis
3077 1047 3430 1119 scapularum
3482 1056 3706 1107 tuarum

2103 1136 2416 1208 aequalitate
2446 1137 2686 1205 laeteris;
2719 1137 2905 1194 anima
2932 1146 3114 1196 tamen
3145 1147 3242 1197 tua
3271 1157 3495 1199 morum
3528 1144 3707 1216 pravi-

2103 1232 2211 1282 tate
2230 1225 2495 1282 deformis
2516 1234 2619 1282 est.

2173 1336 2225 1392 3.
2259 1337 2422 1394 Recte
2445 1352 2575 1410 ergo
2603 1337 2814 1394 camelo
2863 1346 3210 1411 comparatus
3260 1344 3343 1396 est
3389 1339 3594 1409 dives;
3641 1344 3703 1400 si-

2102 1425 2324 1500 quidem
2369 1426 2529 1483 illum
2579 1444 2610 1483 a
2655 1427 2893 1484 transitu
2938 1445 3068 1485 acus
3110 1430 3358 1503 corporis
3395 1432 3704 1489 crassitudo

2103 1524 2342 1586 revocat,
2374 1517 2524 1575 hunc
2565 1518 2632 1574 ab
2661 1517 2912 1591 ingressu
2942 1519 3201 1577 Ecclesiae
3233 1521 3574 1593 patrimonii
3603 1523 3700 1578 sol-

2101 1605 2333 1664 licitudo
2363 1607 2649 1664 detentat:
2698 1617 2750 1665 et
2778 1609 2922 1665 sicut
2963 1608 3126 1665 illum
3175 1626 3412 1683 parvum
3458 1611 3701 1670 foramen

2101 1717 2215 1757 non
2243 1701 2390 1773 capit
2422 1709 2712 1758 oneratum
2745 1702 2894 1758 mole
2923 1702 3325 1769 membrorum;
3362 1703 3444 1760 ita
3473 1713 3532 1761 et
3560 1707 3700 1763 hunc

2103 1791 2364 1848 introitus
2414 1800 2637 1850 sanctus
2692 1809 2803 1848 non
2850 1793 3085 1864 suscipit
3130 1803 3418 1865 gravatum
3479 1799 3698 1853 cumulo

2103 1880 2452 1937 delictorum.
2472 1881 2709 1954 Uterque
2731 1880 2897 1939 habet
2913 1883 3192 1956 propriam
3215 1885 3493 1941 sarcinam
3524 1903 3693 1955 suam,

2102 1973 2199 2028 ille
2227 1979 2486 2028 oneratus
2524 1981 2605 2028 est
2640 1973 2923 2042 carnibus,
2975 1973 3078 2031 iste
3116 1975 3355 2047 peccatis
3389 1993 3400 2031 :
3455 1986 3512 2033 et
3558 1979 3694 2036 sicut

2101 2061 2194 2117 ille
2224 2061 2488 2118 inhabilis
2517 2069 2598 2118 est
2629 2064 3032 2135 angustissimae
3062 2081 3192 2122 acus
3211 2082 3503 2134 cavernae;
3547 2069 3623 2125 ita
3643 2078 3692 2126 et

2101 2150 2193 2208 hic
2223 2151 2622 2208 inconveniens
2647 2161 2730 2209 est
2757 2153 3074 2211 beatissimo
3095 2155 3195 2211 Dei
3215 2172 3416 2228 regno:
3451 2157 3518 2213 ad
3553 2157 3692 2232 quod

2100 2242 2370 2298 camelum
2405 2257 2631 2315 corpore
2659 2241 3090 2316 incompositum
3135 2253 3331 2303 natura
3371 2247 3518 2320 (23),
3550 2248 3691 2307 hunc

2098 2341 2282 2389 autem
2305 2350 2536 2406 pravum
2558 2334 2814 2393 voluntas
2835 2335 3021 2393 efﬁcit.

2177 2448 2322 2505 443
2351 2443 2404 2502 4.
2431 2444 2557 2501 Haec
2585 2453 2768 2501 autem
2811 2443 2957 2513 dico,
2990 2424 3206 2514 fratres,
3243 2444 3309 2502 de
3340 2445 3412 2503 iis
3461 2447 3560 2521 qui
3607 2448 3690 2504 fe-

2098 2541 2457 2598 stivissimam
2488 2543 2635 2600 diem
2658 2551 2859 2600 sancte
2881 2543 3228 2617 Epiphaniae,
3263 2559 3329 2600 ne
3369 2544 3428 2600 in
3451 2545 3689 2602 Ecclesia

2097 2640 2473 2704 procurarent,
2539 2633 3002 2704 patrimoniorum
3057 2649 3285 2690 suorum
3331 2634 3689 2707 compedibus

2095 2728 2226 2776 sunt
2264 2721 2493 2790 detenti,
2535 2730 2589 2778 et
2621 2730 2838 2779 terreno
2867 2723 3104 2796 quodam
3135 2723 3366 2796 obligati
3395 2732 3530 2780 sunt
3561 2723 3687 2781 vin-

2094 2813 2242 2880 culo,
2275 2821 2336 2868 ut
2369 2813 2554 2870 venire
2584 2814 2664 2870 eis
2710 2814 2778 2870 ad
2825 2813 3052 2870 domum
3081 2813 3307 2870 Domini
3335 2829 3451 2871 non
3484 2814 3684 2872 liceret.

2093 2901 2214 2958 Non
2261 2901 2409 2974 quod
2465 2918 2558 2957 eos
2626 2901 2913 2975 quidpiam
2977 2901 3242 2972 detineat,
3284 2903 3380 2960 sed
3419 2904 3574 2977 quod
3619 2905 3687 2960 ita

2095 2993 2330 3066 propriis
2373 2993 2485 3050 sint
2531 2993 2745 3050 actibus
2793 2993 3084 3067 implicati,
3132 3001 3195 3051 ut
3231 2993 3348 3066 jam
3396 2993 3684 3050 arbitrium

2096 3082 2324 3140 vivendi
2347 3101 2457 3140 suae
2491 3083 2778 3156 potestatis
2807 3084 3094 3140 amiserint
3121 3101 3134 3151 ;
3176 3091 3232 3140 et
3259 3084 3394 3141 dum
3421 3083 3684 3140 sollicitu-

2023 3142 2067 3202 δ
2095 3171 2282 3227 dinem
2336 3173 2656 3245 patrimonii
2685 3171 2972 3242 exhibent,
3002 3172 3313 3230 animarum
3349 3171 3681 3230 medicinam

2094 3261 2314 3333 penitus
2340 3279 2452 3320 non
2477 3263 2778 3338 requirant.

2163 3361 2216 3419 5.
2252 3363 2396 3431 Quid
2428 3363 2588 3432 mihi,
2619 3381 2651 3420 ο
2679 3364 2856 3434 dives,
2887 3364 3267 3422 difﬁcultatem
3293 3363 3570 3437 temporis
3597 3362 3680 3418 ob~

2087 3449 2262 3524 jicis?
2312 3453 2461 3520 Quid
2507 3454 2886 3512 necessitatem
2931 3453 3135 3527 ingeris
3182 3453 3578 3526 repentinam?
3631 3451 3681 3508 Si

2093 3559 2188 3601 cor
2231 3541 2416 3610 habes,
2461 3543 2706 3617 intellige
2750 3543 2880 3617 quia
2923 3545 3076 3600 omni
3124 3542 3450 3600 necessitate
3510 3540 3675 3613 major

2094 3634 2388 3691 necessitas
2437 3643 2520 3691 est
2563 3634 2760 3690 salutis
2794 3651 2806 3689 :
2865 3642 2919 3690 et
2961 3633 3153 3690 utilior
3197 3639 3280 3689 est
3323 3647 3492 3688 causa
3539 3631 3682 3704 prius

2092 3741 2284 3781 curare
2313 3723 2507 3792 vitam,
2535 3731 2670 3781 tunc
2696 3723 2897 3796 peculii
2939 3723 3142 3780 damna
3170 3721 3408 3788 sarcire;
3456 3737 3530 3776 ne
3558 3720 3679 3776 dum

2093 3821 2448 3886 augmentum
2483 3812 2800 3883 patrimonii
2847 3812 3168 3885 quaerimus,
3217 3810 3524 3866 sentiamus
3575 3810 3679 3866 ani-

2094 3920 2195 3959 mae
2224 3901 2638 3958 detrimentum.
2674 3900 2779 3958 Sed
2817 3900 2960 3956 forte
2987 3899 3232 3972 judicem
3264 3900 3493 3967 metuis,
3527 3917 3680 3974 quem

2093 3993 2151 4048 in
2211 3991 2505 4050 secretario
2555 3990 2850 4065 reliquisti.
2901 3989 3035 4046 Mihi
3097 3989 3260 4046 crede
3316 3989 3469 4062 quod
3521 3988 3681 4061 magis

2092 4084 2266 4138 Deum
2292 4081 2536 4153 judicem
2568 4089 2809 4136 metuere
2839 4078 3024 4146 debes,
3059 4078 3155 4150 qui
3197 4078 3266 4134 de
3297 4077 3418 4151 ipso
3465 4085 3562 4134 tuo
3600 4076 3677 4150 ju-

2092 4171 2214 4229 dice
2237 4170 2530 4243 judicabit.
2551 4170 2717 4227 Illum
2748 4187 2878 4242 ergo
2906 4167 3131 4235 metuis,
3165 4167 3261 4241 qui
3291 4183 3428 4223 mox
3453 4166 3679 4240 accipiet

2093 4277 2465 4318 successorem
2515 4260 2862 4318 :Dominum
2925 4275 3037 4315 non
3094 4257 3331 4326 metuis,
3372 4257 3466 4314 cui
3533 4271 3683 4313 nemo

2091 4350 2388 4424 aliquando
2447 4349 2740 4406 succedit?
2787 4347 3086 4404 Considera
3132 4345 3317 4419 itaque
3339 4345 3548 4418 judicii
3577 4345 3683 4401 im-

2093 4441 2392 4496 minentem
2423 4441 2592 4509 diem,
2620 4448 2674 4496 et
2719 4438 3199 4513 inexstinguibilis
3242 4437 3512 4512 gehennae
3541 4437 3680 4492 ﬂam-

2089 4545 2222 4599 mas,
2273 4529 2567 4588 stridorem
2616 4528 2956 4586 horrendum
3000 4528 3276 4596 dentium,
3328 4528 3676 4585 tenebrarum

2086 4619 2343 4676 ultimum
2389 4617 2733 4686 cruciatum;
2781 4627 2834 4674 et
2875 4619 2922 4675 si
2964 4626 3144 4691 potes,
3189 4617 3383 4674 relicta
3417 4614 3676 4681 Ecclesia,

2079 4707 2434 4765 saecularibus
2473 4706 2949 4764 sollicitudinibus
2969 4706 3279 4779 implicare.
3306 4706 3518 4764 Vereor
3537 4705 3676 4762 enini

2080 4814 2166 4866 ne,
2200 4796 2332 4853 dum
2364 4795 2559 4852 mundi
2583 4796 2812 4854 divitias
2851 4795 3116 4869 quaeritis,
3151 4793 3461 4852 inveniatis
3490 4795 3674 4867 potius

2078 4888 2306 4944 divitias
2333 4894 2710 4959 peccatorum;
2763 4892 2817 4941 et
2859 4885 3088 4958 repertis
3141 4885 3419 4942 thesauris
3476 4883 3676 4942 saeculi.

2079 4979 2324 5035 ccelestes
2353 4976 2640 5035 thesauros
2675 4973 2962 5030 amittatis.

2078 5178 2280 5229 amare,
2316 5161 2442 5233 quia
2496 5159 2543 5213 si
2597 5157 2840 5233 servietis
2875 5156 3006 5233 illis,
3038 5161 3084 5211 et
3106 5171 3233 5233 pum
3262 5153 3379 5209 illis
3412 5149 3670 5233 peribitis.

2082 5235 2204 5291 Ideo
2235 5223 2295 5288 de
2323 5223 2650 5300 'hujusmodi
2694 5228 2851 5285 divite
2889 5229 3040 5284 Iesus
3093 5225 3338 5284 Christus
3367 5223 3503 5281 alibi
3531 5223 3669 5284 dicit,

2080 5315 2273 5447 eu:(22)
2306 5376 2506 5447 Omnes
2543 5371 2699 5440 edit,
2733 5372 3092 5447 difﬁcultatem
3119 5374 3350 5447 quaestus
3368 5385 3388 5432 ;
3419 5375 3472 5422 et
3513 5363 3664 5447 infra,

2084 5438 2369 5502 immundis
2410 5445 2560 5501 rebus
2597 5438 2840 5514 semper,
2888 5442 3182 5513 utrobique
3222 5438 3408 5511 aptius
3446 5454 3573 5492 mss.
3615 5439 3668 5487 ut

2081 5517 2136 5572 in
2168 5527 2451 5574 contextu.
2692 5586 2725 5588 μ
3547 5578 3558 5588 ,

2156 5589 2271 5659 (23)
2306 5589 2385 5644 Ila
2423 5605 2588 5653 mss.;
2643 5586 2776 5659 edit.
2823 5592 3026 5653 autem,
3079 5599 3297 5654 corpore
3327 5584 3667 5653 compositum

2081 5657 2304 5716 natura.
2342 5661 2540 5715 Parum
2570 5657 2862 5717 concinne.
