3864 6188
133 327 236 384 705

739 471 975 530 SERMO
1014 472 1134 529 XL.

518 563 597 619 De
621 561 852 635 jejuniis
889 571 942 620 et
970 564 1354 637 eleemosynis.

136 669 201 725 Ut
229 685 402 724 sermo
443 670 499 724 in
529 669 806 741 epistolam
841 671 1130 726 Dominicce
1174 687 1317 726 χχιιι
1363 675 1483 741 post
1529 669 1730 741 Pente-

201 747 378 795 costen
404 757 470 795 ea:
504 740 596 796 hac
625 742 789 812 ﬁeret,
830 742 953 798 edit.
987 745 1138 799 Rom.
1194 749 1242 797 et
1281 740 1460 796 verum
1490 740 1606 809 ejus
1635 742 1730 795 in-

201 812 541 884 scriptionem
574 813 960 882 immutaverat,
1008 821 1054 868 et
1098 815 1152 868 in
1195 820 1390 868 textum
1416 813 1575 867 verba
1603 830 1731 866 non-

202 884 363 938 nulla
393 885 707 952 inseruerat,
741 885 880 954 quod
904 892 1184 955 utrumque
1211 885 1552 939 restituimus.
1603 886 1729 955 Ipsa

199 961 380 1034 autem
409 955 614 1038 dicendi
643 960 799 1038 ratio
813 962 1083 1036 tantopere
1111 957 1466 1038 oppositae“
1507 957 1728 1038 etvibra-

201 1025 392 1093 sianas,
424 1033 482 1080 ut
516 1027 682 1105 cuivis
705 1027 886 1098 potius
915 1025 1074 1098 quam
1104 1025 1191 1084 illi
1209 1027 1379 1099 possit
1403 1027 1618 1083 ascribi.

202 1154 253 1210 i.
297 1155 418 1211 Non
440 1154 658 1224 dubito,
682 1155 898 1225 fratres,
916 1157 1230 1214 contristari
1253 1173 1351 1213 vos
1370 1157 1728 1230 quotiescun-

128 1263 234 1320 que
275 1248 557 1306 absentem
603 1265 691 1306 me
745 1267 777 1306 a
831 1249 990 1306 vobis
1038 1251 1331 1308 necessitas
1377 1250 1546 1318 facit;
1594 1250 1728 1306 dum

128 1337 276 1393 enim
309 1354 470 1412 quem
503 1339 760 1412 diligitis,
805 1358 916 1397 non
948 1341 1170 1410 videtis,
1199 1349 1461 1414 tanquam
1489 1340 1622 1396 boni
1652 1339 1728 1395 ﬁ-

128 1427 188 1483 lii
222 1427 446 1501 pietatis
477 1431 722 1488 stimulis
758 1431 1041 1488 laboratis.
1084 1430 1190 1488 Sed
1219 1430 1473 1505 quamvis
1501 1444 1728 1502 corpore

128 1537 225 1577 vos
263 1537 364 1594 ego
391 1521 669 1578 interdum
701 1523 968 1594 deseram,
1018 1525 1218 1598 spiritu
1247 1533 1433 1580 tamen
1481 1541 1580 1580 vos
1616 1538 1728 1578 non

127 1610 387 1684 relinquo
412 1630 424 1679 ;
458 1628 787 1688 quocunque
815 1614 963 1671 enim
994 1615 1132 1685 iero,
1173 1614 1400 1671 dilectio
1433 1621 1613 1670 vestra
1642 1627 1728 1667 me

125 1700 412 1774 sequitur:
465 1701 782 1777 ubicunque
811 1704 987 1773 fuero,
1042 1704 1119 1761 ibi
1151 1721 1366 1762 mecum
1397 1711 1582 1761 vestra
1610 1703 1730 1758 fra-

945 327 1314 386 SEBMONES
1351 327 1408 386 S.
1451 327 1803 386 AMBROSIO
1841 325 2211 386 HACTENUS
2247 331 2587 393 ASCRIPTI.

3329 337 3434 394 706

1757 464 1807 523 Α
1837 455 2142 512 trudendus
2169 474 2224 513 es
2241 458 2268 514 ?
2297 459 2359 514 lu
2389 461 2688 516 exteriores
2716 461 2863 517 enim
2884 460 3142 518 tenebras
3163 461 3436 534 abjicient

1841 555 1934 604 tur
1961 559 2272 622 peccatores
2306 571 2317 608 :
2362 577 2380 599 ‹
2410 553 2490 608 Ibi
2529 553 2636 610 erit
2663 554 2823 611 ﬂetus
2859 563 2915 611 et
2943 553 3151 612 stridor
3181 553 3433 611 dentium

1843 642 2054 712 (Matth.
2088 660 2211 711 VIII,
2269 643 2384 715 12),
2416 667 2434 690 ›
2503 645 2646 700 sicut
2703 646 2780 700 ait
2829 645 3148 701 Dominus:
3209 644 3434 713 stridor,

1841 728 2088 802 inquam,
2122 731 2372 787 dentium
2405 733 2471 788 ad
2493 732 2668 788 instar
2693 733 2910 788 hiberni
2931 733 3200 804 temporis
3221 749 3435 806 semper

1839 819 1944 874 erit
1974 819 2030 874 in
2064 819 2179 876 illis
2205 821 2468 876 tenebris.
2510 822 2655 895 Ergo
2702 821 2844 877 sicut
2891 829 3207 893 penetrante
3253 825 3435 894 algore

1840 906 2060 976 hiemis,
2122 916 2238 966 toto
2293 910 2547 967 homines
2603 927 2831 983 corpore
2877 910 3330 979 contremiscunt,
3360 910 3435 966 ita

1841 1004 1894 1052 et
1949 995 2351 1054 interveniente
2417 1000 2753 1056 conscientia
2819 998 3019 1071 frigida
3084 998 3432 1067 delictorum,

1840 1087 1992 1158 gravi
2026 1097 2332 1160 peccatores
2388 1090 2637 1147 dentium
2689 1090 2924 1147 stridore
2975 1089 3310 1163 quatientur.
3356 1091 3436 1145 Ita

1841 1176 2007 1232 miser
2036 1189 2305 1250 peccator,
2335 1179 2467 1235 dum
2499 1179 2592 1237 hic
2622 1180 2918 1236 hibernum
2951 1180 3183 1252 rigorem
3217 1178 3434 1246 metuit,

1841 1263 1915 1319 ibi
1952 1266 2304 1322 tenebrarum
2348 1268 2523 1341 frigus
2580 1269 2854 1325 incurrit:
2906 1268 3039 1324 dum
3099 1268 3192 1324 hic
3243 1274 3432 1324 aestum

1840 1355 1972 1410 solis
2001 1355 2192 1424 evitat,
2226 1356 2304 1411 ibi
2331 1357 2592 1430 gehenuaa
2619 1357 2915 1414 sustinebit
2943 1357 3219 1413 ardorem.

1909 1444 1963 1500 5.
2007 1443 2105 1499 His
2151 1453 2332 1501 autem
2393 1446 2525 1518 ipsis
2573 1447 2895 1503 hominibus
2935 1463 3061 1502 cum
3099 1443 3326 1513 dixerit,
3378 1449 3438 1499 ut

1840 1532 2053 1605 aliquid
2108 1533 2438 1606 pauperibus
2495 1535 2817 1608 largiantur,
2875 1535 3060 1592 statim
3113 1532 3432 1605 objiciunt:

1839 1620 2203 1678 Necessitates
2246 1622 2480 1680 inﬁnitae
2527 1633 2677 1688 sunt,
2718 1623 2928 1680 tributa
2957 1630 3087 1678 sunt
3135 1626 3342 1695 gravia,
3378 1620 3440 1675 ﬁ-

1839 1711 2006 1766 scalia
2035 1712 2311 1784 explicare
2341 1729 2452 1769 non
2494 1729 2804 1787 possumus.
2852 1714 2923 1768 Et
2950 1721 3102 1770 tanta
3131 1713 3234 1768 tibi
3275 1712 3439 1784 inge-

126 1789 367 1884 terni-tas
411 1801 804 1851 commoratur.
882 1793 1142 1867 Quisquis
1197 1793 1343 1850 enim
1401 1794 1459 1849 in
1520 1791 1728 1851 Christi
1763 1822 1810 1884 B
1841 1806 1994 1868 runt,
2025 1807 2088 1856 ut
2117 1801 2273 1874 quasi
2313 1817 2467 1858 reum
2503 1811 2556 1858 te
2595 1808 2859 1870 statuant,
2889 1817 2988 1858 cur
3027 1800 3132 1858 hoc
3162 1803 3342 1873 ipsum
3373 1799 3436 1854 i1.

127 1881 402 1940 mandatis
447 1895 750 1956 permanet,
787 1902 1005 1944 necesse
1052 1894 1134 1943 est
1181 1894 1243 1944 ut
1290 1885 1497 1944 Christi
1545 1885 1725 1942 adhae-

128 1981 242 2029 reat
270 1973 574 2032 sacerdoti:
629 1984 683 2032 et
713 1975 842 2034 licet
881 1978 1043 2050 longe
1087 1978 1300 2050 positus
1328 1975 1605 2046 videatur,
1664 1975 1728 2033 ﬁt

126 2072 311 2122 tamen
343 2066 654 2139 proximus,
703 2067 835 2124 dum
869 2069 1028 2124 illum
1059 2071 1226 2126 unius
1260 2069 1385 2126 ﬁdei
1421 2069 1594 2142 gratia
1631 2085 1729 2125 re-

126 2164 446 2228 praesentat.
495 2157 598 2212 Ille
635 2173 692 2212 se
737 2174 865 2214 sane
912 2167 1222 2230 separatum
1269 2175 1300 2214 a
1352 2157 1730 2216 sacerdotibus

125 2252 306 2316 putet,
359 2245 455 2318 qui
495 2245 709 2303 actibus
749 2247 909 2303 malis
950 2256 1230 2320 separatus
1273 2264 1304 2304 a
1358 2248 1580 2306 Christo
1625 2255 1726 2321 est.

128 2335 308 2406 Atque
344 2335 494 2401 ideo,
543 2337 759 2406 fratres,
805 2354 904 2394 vos
946 2339 1040 2411 qui
1077 2337 1396 2394 mandatum
1431 2337 1731 2395 Salvatoris

131 2425 333 2496 facitis,
367 2428 624 2502 quamvis
656 2429 907 2486 absentes
933 2445 964 2485 a
993 2446 1081 2486 me
1112 2429 1333 2486 fueritis
1361 2446 1610 2503 corpore,
1653 2427 1732 2485 di-

136 2516 367 2573 lectione
400 2525 584 2574 tamen
625 2518 762 2574 mihi
794 2519 1024 2576 minime
1055 2519 1328 2576 defuistis.
1377 2521 1459 2576 Ita
1488 2536 1625 2593 quos
1653 2536 1731 2577 se-

137 2605 357 2677 parabat
385 2607 675 2680 longitudo
699 2617 993 2678 terrarum,
1041 2609 1248 2668 Christi
1297 2609 1471 2682 gratia
1519 2625 1734 2668 conne-

135 2695 328 2752 ctebat.

203 2795 253 2852 2.
294 2797 440 2854 Sunt
467 2805 650 2854 autem
685 2799 942 2855 nonnulli
973 2799 1118 2855 inter
1147 2814 1265 2867 vos,
1321 2797 1537 2867 fratres,
1587 2813 1736 2871 quo-

141 2901 252 2941 rum
285 2887 418 2944 licet
448 2887 638 2944 vultus
685 2889 742 2944 in
790 2890 1021 2947 ecclesia
1048 2889 1355 2958 videamus,
1411 2906 1507 2946 cor
1551 2898 1734 2945 tamen

141 2991 318 3033 eorum
356 2977 417 3033 in
467 2979 611 3050 agris
657 2995 772 3036 esse
802 2979 1221 3052 cognoscimus:
1275 2988 1330 3036 et
1383 2979 1733 3052 praesentiam

144 3065 352 3138 quidem
387 3085 584 3125 eorum
615 3070 1026 3129 consideramus
1052 3072 1110 3128 in
1143 3071 1322 3144 plebe,
1368 3071 1461 3128 sed
1494 3087 1738 3128 conver-

145 3157 400 3216 sationem
434 3176 626 3240 eorum
668 3161 985 3219 invenimus
1015 3162 1074 3218 in
1103 3179 1248 3220 rure.
1276 3163 1354 3218 De
1377 3161 1578 3235 quibus
1599 3159 1735 3216 dicit
1765 3190 1810 3251 Ο

146 3246 465 3319 Apostolus:
533 3275 552 3299 ι
587 3252 658 3307 Et
689 3251 858 3324 gloria
908 3253 967 3307 in
1015 3250 1288 3324 pudendis
1316 3250 1583 3322 ipsorum,
1637 3247 1732 3320 qui

148 3345 346 3397 terrena
375 3341 606 3414 sapiunt
637 3341 898 3414 (Philipp.
929 3359 1015 3412 ιιι,
1048 3342 1137 3414 19)
1175 3359 1188 3409 ;
1223 3365 1240 3387 ι
1276 3339 1315 3395 ii
1337 3340 1483 3395 enim
1506 3338 1572 3396 de
1596 3347 1738 3396 terra

148 3444 345 3503 semper
374 3431 627 3503 cogitant
679 3431 820 3504 (24),
872 3431 939 3488 de
979 3439 1122 3487 terra
1150 3436 1409 3498 tractant,
1455 3445 1574 3502 quae
1617 3434 1739 3484 ter-

152 3534 270 3576 rena
297 3529 456 3590 sunt,
489 3521 728 3594 sapiunt.
764 3521 862 3577 His
890 3521 1151 3578 convenit
1180 3520 1372 3577 divina
1397 3520 1494 3574 illa
1525 3527 1738 3575 senten-

152 3608 240 3678 tia,
286 3618 406 3685 qua'
423 3611 670 3668 dicitur:
729 3635 746 3660 ι
777 3612 941 3668 Terra
970 3628 1048 3679 es,
1099 3619 1153 3666 et
1198 3610 1255 3665 in
1288 3616 1488 3664 terram
1537 3607 1740 3665 redibis

156 3698 298 3768 (Gen.
350 3721 439 3772 ιιι,
492 3702 581 3774 19)
613 3721 627 3770 ;
661 3727 680 3752 ι
731 3701 825 3776 qui
856 3702 979 3758 ideo
1011 3701 1308 3774 aliquando
1337 3700 1404 3756 ad
1435 3698 1740 3756 Ecclesiam

157 3789 391 3862 veniunt,
457 3808 570 3847 non
599 3793 729 3864 quia
758 3808 827 3848 ex
858 3791 964 3848 ﬁde
996 3789 1294 3850 Christiani
1325 3797 1475 3858 sunt,
1534 3788 1629 3844 sed
1675 3804 1743 3843 ne

158 3876 446 3938 Christiani
473 3881 542 3937 ab
571 3879 892 3937 hominibus
923 3897 1034 3937 non
1067 3889 1349 3954 putentur.

221 3971 270 4028 3.
304 3973 524 4041 Quibus
549 3989 675 4029 cum
697 3972 974 4044 jejunium
1005 3972 1291 4040 indicitur,
1325 3970 1392 4025 de
1419 3967 1745 4040 intemperie

161 4076 210 4117 se
237 4063 499 4138 temporis
530 4080 742 4137 semper
770 4073 1033 4122 excusant
1062 4083 1075 4133 ;
1127 4065 1322 4120 dicunt
1351 4063 1501 4119 enim
1540 4059 1748 4118 aestivis

163 4161 466 4220 mensibus:
518 4161 646 4218 Dies
673 4161 834 4234 longa
863 4169 964 4230 est,
996 4161 1295 4218 torrentior
1325 4161 1403 4216 sol
1436 4167 1517 4215 est
1546 4177 1560 4227 ;
1595 4156 1747 4214 sitim

165 4247 292 4308 ferre
320 4269 429 4309 non
466 4268 778 4324 possumus,
819 4251 1032 4323 poculis
1071 4267 1170 4306 nos
1217 4249 1539 4322 refrigerare
1591 4245 1749 4302 debe-

167 4355 308 4409 mus;
356 4341 562 4399 hiemis
590 4359 722 4398 vero
751 4349 1033 4413 tempore:
1097 4339 1273 4396 Grave
1301 4337 1476 4411 frigus
1505 4343 1605 4405 est,
1663 4335 1751 4391 ri-

172 4445 310 4501 gores
359 4440 494 4490 sunt
549 4431 794 4505 pessimi,
848 4432 1089 4504 algorem
1147 4431 1383 4486 tolerare
1435 4426 1750 4501 nequimus,

173 4521 295 4578 escis
337 4523 576 4580 caleﬁeri
630 4539 732 4580 nos
787 4529 1020 4596 oportet.
1071 4523 1152 4579 Ita
1208 4520 1462 4577 homines
1517 4531 1750 4592 quorum

173 4617 373 4678 animus
402 4638 620 4695 semper
655 4629 736 4678 est
768 4622 825 4677 in
853 4620 1104 4694 prandio,
1141 4618 1445 4693 prandendi
1475 4616 1582 4674 sibi
1612 4634 1753 4674 cau-

176 4721 253 4764 sas
300 4709 626 4784 inquirunt:
685 4719 740 4770 et
795 4711 928 4776 dum
981 4727 1038 4768 se
1096 4727 1128 4767 a
1177 4709 1408 4782 jejuniis
1463 4713 1750 4774 excusant,

178 4803 407 4872 tempora
434 4801 710 4860 Creatoris
737 4809 995 4860 accusant
1025 4800 1167 4872 (25).

243 4888 292 4946 4.
332 4893 433 4949 Dic
471 4893 630 4964 mihi,
649 4911 683 4950 o
703 4892 936 4950 delicate
954 4890 1284 4958 Christiane,
1303 4890 1398 4962 qui
1417 4897 1609 4945 aestum
1633 4887 1751 4959 (26)

183 4978 301 5035 solis
333 4980 634 5054 jejunando
679 4989 831 5046 444
889 4981 1030 5038 ferre
1086 4996 1196 5036 non
1254 4987 1428 5051 potes,
1485 4973 1758 5048 numquid

185 5084 356 5148 aestus,
391 5097 553 5154 quem
589 5091 938 5140 sustenturus
965 5097 1040 5149 es,
1072 5078 1368 5136 torrentior
1383 5085 1463 5133 est
1483 5073 1760 5150 gehenna?

187 5169 441 5242 numquid
470 5170 646 5230 hiems
688 5171 968 5230 horridior
1014 5176 1097 5228 est
1141 5165 1403 5234 tenebris,
1436 5165 1638 5238 quibus
1666 5179 1762 5219 re-

254 5348 366 5474 (ﬁ)
408 5352 530 5410 Vet.
557 5354 692 5412 edit.
736 5371 798 5410 ac
821 5369 974 5423 mss.,
1008 5353 1086 5410 De
1133 5357 1278 5405 terra
1308 5347 1443 5403 enim
1471 5345 1599 5402 dicit
1619 5343 1765 5426 Ἀρο-

254 5437 382 5474 ius:
422 5440 520 5474 mn-
566 5427 721 5474 Περ--
771 5427 832 5474 de
879 5433 1023 5474 terra
1069 5423 1207 5474 enim
1262 5435 1463 5474 semper
1519 5421 1765 5474 comtant.

190 5421 382 5546 gaius;
422 5440 520 5482 ms.
565 5427 722 5499 Reg.,
771 5427 832 5481 de
879 5421 1023 5483 terra
1069 5423 1207 5480 enim
1262 5435 1463 5491 semper
1519 5421 1765 5489 cogitant.

225 5535 372 5641 Itis)
412 5566 592 5641 Verbo
621 5575 871 5626 accusant
900 5567 1103 5641 adjecit
1127 5567 1287 5623 Rom.
1321 5561 1455 5632 edit,
1491 5561 1567 5618 De
1593 5559 1663 5616 iis
1691 5558 1769 5613 di-

193 5635 254 5686 σει
273 5635 563 5710 gpostotus
589 5660 599 5697 :
639 5644 877 5710 Quorum
906 5635 1048 5697 Deus
1079 5643 1258 5694 venter
1289 5641 1380 5692 est.

262 5705 378 5781 (26)
417 5709 619 5769 Omnes
651 5705 808 5782 edit,
855 5712 948 5784 qui
977 5718 1182 5778 aestum,
1231 5714 1378 5776 etc.;
1434 5723 1564 5765 mss.
1619 5718 1772 5772 vero,

1841 1890 1922 1946 los
1960 1891 2204 1948 volueris
2245 1908 2619 1961 commonere,
2660 1907 2772 1948 non
2821 1891 3190 1962 intelligentes
3219 1887 3367 1962 quod
3396 1887 3437 1944 ii

1835 1989 1964 2038 sunt
2016 1980 2231 2039 inimici
2284 1981 2464 2040 crucis
2513 1980 2720 2040 Christi
2768 1980 2910 2052 (27),
2950 1979 3045 2053 qui
3075 1995 3186 2036 non
3216 1975 3437 2033 intelli-

1839 2079 1973 2143 guut
2001 2071 2145 2144 quod
2175 2072 2436 2128 omnibus
2465 2070 2885 2129 necessitatibus
2913 2069 3106 2126 salutis
3149 2069 3222 2125 sit
3255 2083 3436 2124 neces-

1838 2160 1971 2216 sitas
2028 2160 2386 2233 praeferenda,
2433 2169 2488 2218 et
2548 2161 2694 2236 quod
2754 2161 3027 2218 tributum
3085 2157 3314 2217 reddere
3340 2155 3435 2212 alii

1839 2249 2078 2322 prodest,
2145 2251 2550 2323 eleemosynam
2617 2251 2793 2307 facere
2855 2250 2962 2323 ipsi
2999 2247 3272 2322 proﬁciat,
3341 2244 3436 2319 qui

1841 2339 2073 2410 largitur
2105 2359 2119 2408 ;
2171 2341 2368 2396 tributi
2396 2341 2541 2396 enim
2576 2341 2816 2397 redditio
2850 2341 2935 2396 illi
2963 2347 3187 2412 praestat
3215 2335 3435 2394 beneﬁ-

1842 2428 2011 2495 cium,
2061 2429 2156 2500 qui
2196 2428 2419 2502 accipit,
2467 2431 2829 2502 eleemosynai
2872 2438 3055 2485 autem
3097 2426 3344 2500 operatio
3386 2424 3438 2482 ei

1843 2517 2058 2574 confert
2089 2518 2368 2585 meritum,
2419 2518 2513 2590 qui
2552 2517 2850 2574 ministrat.
2898 2515 3136 2584 Trihuti,
3189 2516 3436 2586 inquam,

1844 2606 2085 2664 redditio
2123 2607 2517 2665 detrimentum
2569 2607 2738 2662 infert
2767 2605 3025 2673 solventi,
3075 2604 3440 2674 eleemosynai

1843 2697 2086 2771 erogatio
2131 2697 2346 2754 lucrum
2405 2695 2604 2753 tribuit
2659 2694 2944 2768 eroganti;
2999 2692 3172 2750 ditior
3199 2693 3346 2748 enim
3378 2690 3441 2746 ﬁt

1844 2787 1933 2843 vir
1961 2785 2293 2855 misericors,
2348 2793 2701 2859 posteaquam
2759 2783 2946 2841 minus
2997 2781 3202 2839 habere
3244 2778 3443 2852 incipit

1845 2875 2179 2952 pauperibus
2210 2875 2512 2948 largiendo.

1917 2979 1969 3034 6.
2011 2979 2175 3034 Beata
2205 2975 2376 3048 igitur
2419 2982 2500 3031 est
2528 2976 2900 3047 eleemosyna,
2935 2987 3055 3045 quae
3086 2977 3140 3028 et
3169 2968 3440 3042 accipien.

1847 3076 1955 3126 tem
1991 3069 2192 3137 reﬁcit,
2220 3076 2274 3123 et
2305 3066 2548 3122 laetiﬁcat
2578 3071 2892 3137 erogantem
2923 3079 2934 3118 :
2980 3085 2998 3110 ‹
3028 3059 3267 3116 Hilarem
3290 3059 3440 3115 enim

1845 3158 2090 3215 datorem
2121 3157 2303 3228 diligit
2349 3158 2494 3212 Deus
2529 3155 2620 3226 (II
2653 3154 2779 3210 Cor.
2814 3168 2892 3220 Ix,
2924 3151 2978 3223 7)
3008 3167 3019 3205 :
3051 3172 3070 3197 ι
3115 3157 3278 3221 atque
3319 3147 3442 3204 ideo

1845 3251 2044 3307 melius
2072 3256 2153 3305 est
2182 3249 2265 3304 illi
2296 3249 2421 3320 plus
2449 3245 2578 3302 dare
2611 3245 2750 3318 (28).
2785 3243 2967 3298 Latus
3004 3257 3132 3312 ergo
3164 3246 3218 3295 et
3247 3239 3444 3295 hilaris

1846 3349 1948 3410 est,
1989 3339 2085 3413 qui
2132 3337 2465 3412 pauperibus
2503 3333 2905 3392 subministrat.
2968 3332 3130 3388 Recte
3164 3329 3325 3401 plane
3354 3328 3444 3384 lae-

1847 3441 1938 3489 tus
1966 3439 2066 3500 est,
2129 3430 2258 3504 quia
2305 3445 2400 3502 per
2438 3427 2758 3484 nummulos
2801 3439 3003 3496 paucos
3050 3427 3284 3476 aeternos
3324 3419 3442 3476 the-

1849 3538 2038 3578 sauros
2071 3520 2176 3577 sibi
2225 3520 2473 3576 cmlestes
2529 3513 2786 3587 acquirit.
2836 3513 2907 3568 Et
2967 3517 3180 3578 contra,
3233 3524 3445 3581 semper

1849 3613 2024 3669 tristis
2043 3619 2124 3667 est
2154 3617 2207 3667 et
2237 3616 2481 3675 mmstus,
2516 3604 2610 3679 qui
2641 3603 2847 3660 tributa
2874 3600 3152 3658 dissolvit.
3191 3600 3301 3656 Nec
3329 3599 3445 3654 im-

1853 3702 2050 3757 merito
2083 3699 2258 3758 tristis
2285 3705 2388 3766 est,
2429 3695 2524 3771 qui
2547 3693 2616 3752 ad
2646 3693 2980 3750 solutionem
3009 3706 3122 3746 non
3151 3687 3446 3745 dilectione

1852 3792 2165 3861 adducitur,
2208 3790 2305 3847 sed
2345 3797 2549 3846 terrore
2583 3783 2984 3855 constringitur
3017 3799 3028 3835 :
3062 3779 3268 3834 Christi
3297 3777 3444 3833 enim

1854 3883 2069 3940 debitor
2098 3883 2276 3948 laetus,
2307 3878 2535 3936 Caesaris
2563 3875 2740 3930 tristis
2765 3880 2884 3939 est;
2919 3870 3049 3942 quia
3078 3868 3228 3924 hunc
3255 3865 3321 3921 ad
3344 3866 3449 3920 sol-

1854 3974 2098 4032 vendum
2125 3988 2280 4028 amor
2307 3969 2474 4042 cogit,
2497 3967 2655 4022 illum
2679 3978 2838 4036 paena
2867 3959 3169 4032 compellit.
3195 3957 3296 4014 Hic
3317 3973 3448 4029 prai-

1856 4065 1985 4121 miis
2023 4068 2378 4136 provocatur,
2411 4058 2504 4113 ille
2530 4053 2820 4126 suppliciis
2843 4057 3177 4109 coarctatur.

1931 4166 1983 4221 7.
2024 4162 2172 4220 Dicit
2210 4166 2430 4217 sanctus
2484 4155 2825 4230 Apostolus:
2892 4175 2910 4201 ι
2955 4146 3237 4207 Divitibus
3285 4143 3454 4218 hujus

1859 4253 2046 4311 saeculi
2079 4251 2313 4326 praecipe
2341 4265 2452 4306 non
2492 4245 2729 4304 sublime
2757 4257 2962 4316 sapere,
2993 4245 3049 4295 et
3077 4251 3254 4310 neque
3371 4235 3453 4326 iu-

1859 4352 2008 4400 certo
2063 4323 2385 4398 divitiarum
2435 4351 2654 4410 sperare
2688 4333 2746 4406 (Ι
2785 4333 2918 4390 Tim.
2963 4345 3041 4397 vi,
3077 4327 3190 4400 17).
3225 4352 3244 4376 ι
3284 4323 3455 4382 Vides

1861 4450 2008 4506 ergo,
2039 4450 2072 4489 ο
2111 4432 2287 4500 dives,
2326 4428 2456 4504 quia
2493 4433 2622 4484 sunt
2652 4432 2762 4481 tua:
2791 4423 3015 4481 incerta
3043 4416 3281 4506 divitiae.
3309 4412 3454 4506 Quid

1861 4503 1989 4599 ergo
2022 4541 2217 4582 aurum
2265 4503 2583 4594 congregas,
2636 4517 2694 4572 in
2725 4531 2834 4588 quo
2872 4511 3026 4569 nulla
3079 4514 3226 4564 certa
3254 4503 3455 4562 ﬁducia

1860 4623 1940 4672 est
1962 4615 1991 4671 ‘i
2015 4613 2151 4670 Auri
2182 4612 2264 4669 tui
2295 4608 2530 4668 avaritia
2560 4606 2677 4678 (29)
2710 4609 2906 4671 cesset,
2937 4607 2992 4656 et
3021 4605 3167 4653 terra
3212 4602 3295 4650 est
3327 4612 3338 4649 :
3373 4609 3455 4648 so-

1809 4695 1812 4698 ’
1864 4703 1964 4762 lidi
1993 4703 2076 4760 tui
2104 4702 2378 4775 cupiditas
2405 4697 2704 4762 auferatur,
2746 4699 2801 4747 et
2837 4688 3025 4746 sordes
3053 4693 3222 4775 sunt.‘
3242 4683 3456 4775 Aurum

1865 4794 2013 4850 enim
2043 4801 2097 4848 et
2125 4769 2412 4862 argentum
2440 4785 2572 4841 vilis
2601 4791 2685 4839 est
2711 4789 2766 4836 et
2793 4777 3004 4848 abjecta
3033 4772 3287 4862 materies
3315 4789 3326 4826 :
3360 4769 3456 4826 ubi

1867 4898 2063 4938 aurum
2117 4861 2354 4934 increvit
2400 4875 2645 4930 humana
2700 4861 3188 4937 concupiscieutia,
3247 4868 3380 4918 tunc
3406 4868 3461 4916 et

1867 4973 1955 5028 his
1983 4969 2265 5042 speciebus
2294 4963 2535 5022 accrevit
2561 4959 2792 5016 ambitio
2817 4977 2830 5027 ;
2874 4970 3069 5013 aurum
3117 4951 3264 5042 enim
3290 4959 3348 5042 et
3378 4967 3460 5042 ar-

1871 5040 2092 5136 gentum
2123 5073 2235 5113 non
2267 5053 2566 5129 pretiosum
2619 5058 2817 5108 natura
2867 5044 3133 5115 instituit,
3162 5040 3257 5101 sed
3287 5041 3462 5097 homi-

1872 5168 2005 5208 num
2037 5149 2295 5206 voluntas
2324 5143 2525 5202 eﬁ'ecit.

1874 5340 2222 5414 quiﬁi‘ﬁum
2243 5329 2560 5414 Mendetis:
2583 5335 2689 5414 (ἶφι
2782 5403 2794 5414 .
2828 5397 2842 5414 .
2874 5413 2880 5414 ,

1976 5410 2067 5482 27)
2100 5396 2262 5482 130m:
2288 5396 2707 5482 edit:,Christi,
2738 5396 2976 5482 ut'hodi‘e
3004 5396 3188 5482 lectu‘m
3215 5399 3341 5482 est.‘

1978 5463 2310 5554 2.8,)770mnes
2363 5463 2619 5554 edit.__ac
2667 5463 2772 5527 ms.
2807 5467 3006 5554 L‘ugd?
3037 5467 3241 5554 meliust
3267 5463 3471 5554 est'iitti

1876 5535 2038 5630 prius
2051 5535 2239 5630 [darei
2277 5543 2640 5630 com'mod‘ius
2666 5558 2818 5630 vvere.
2843 5535 3141 5630 ᾞιιιίπιτ-
3166 5537 3292 5609 Plus
3318 5535 3467 5630 eff;

1956 5626 2085 5698 (29)
2107 5610 2335 5698 Codices
2385 5615 2560 5698 Lugd.
2593 5610 2970 5698 et-Vfall‘iscl...
3009 5629 3020 5667 :
3076 5611 3276 5666 Aurem
3325 5612 3471 5658 tuum

1885 5685 2121 5758 avaritia
2144 5713 2160 5763 ;
2189 5691 2390 5748 melius
2417 5685 2580 5752 edit.,
2608 5695 2672 5745 ut
2700 5685 2760 5742 in
2789 5690 2969 5740 textu.
