3864 6188
454 333 554 391 707

1040 475 1274 533 SERMO
1322 476 1466 533 XLI.

614 589 693 644 De
722 600 787 642 eo
818 583 967 658 quod
994 582 1133 639 dicit
1172 584 1441 638 Dominus
1465 581 1521 635 in
1554 581 1857 651 Evangelio
1890 597 1902 636 :

877 675 1066 745 Vulpes
1094 671 1273 742 foveas
1306 671 1512 738 habent,
1544 677 1647 726 etc.

457 784 557 842 Hic
601 783 791 838 titulus
829 786 903 835 est
955 796 1107 850 quem
1158 779 1279 833 huic
1307 777 1539 832 sermoni
1573 777 1810 848 antiqua:
1835 777 1958 833 edit.
1990 795 2053 833 ac

525 872 651 911 mss.
684 852 924 908 indidere
956 849 978 905 ξ
1028 857 1087 905 at
1138 852 1290 906 Rom.
1341 850 1464 904 edit.
1496 866 1612 903 eum
1639 849 1877 904 habitum
1899 866 2054 920 prte—

525 924 733 981 notavit
781 923 844 979 In
893 922 1032 978 festo
1062 922 1119 977 S.
1157 920 1348 977 Basilii
1382 938 1394 975 :
1437 920 1527 976 ubi
1563 938 1670 975 non
1720 921 2056 976 attendemnt

527 996 757 1066 ejusdem
810 994 934 1049 edit.
965 999 1299 1066 curatores
1338 1010 1535 1065 parum
1587 992 1833 1066 credibile
1884 992 2053 1066 videri

525 1062 675 1123 (etate
702 1065 995 1130 Ambrosii,
1026 1081 1177 1135 quem
1207 1062 1366 1134 hujus
1396 1065 1651 1119 sermonis
1688 1069 1953 1118 auctorem
1979 1062 2052 1133 fe-

524 1145 674 1203 runt,
707 1137 904 1193 Basilii
931 1138 1109 1192 natale
1130 1135 1250 1205 jam
1281 1143 1391 1191 tum
1418 1135 1671 1191 celebrari
1708 1136 1921 1191 solitum
1949 1151 2055 1190 esse

515 1209 832 1270 Mediolani.
889 1210 1000 1265 Hoc
1042 1207 1210 1278 igitur
1248 1225 1415 1262 unum
1460 1207 1627 1262 asseri
1649 1213 1818 1279 potest
1858 1214 2055 1279 printer

524 1282 789 1337 nonnulla
819 1297 935 1351 qua:
971 1298 1035 1335 ea:
1066 1280 1376 1337 Comment.
1403 1279 1461 1335 in
1485 1279 1619 1335 Luc.
1653 1279 1742 1334 lib.
1774 1296 1877 1351 vii,
1904 1296 2051 1351 num.

526 1353 701 1481 33nd
744 1352 834 1419 31,
872 1353 971 1409 huc
1027 1352 1292 1409 translata
1347 1357 1488 1420 sunt,
1532 1350 1946 1407 Ambrosianum
1973 1350 2055 1407 hic

526 1442 560 1479 η
618 1442 639 1479 ι
682 1440 805 1480 esse.

523 1440 661 1480 mnu
682 1440 805 1480 8888.

526 1550 579 1607 l.
614 1548 672 1606 Si
701 1548 998 1622 diligenter
1042 1546 1283 1606 advertit
1309 1547 1619 1621 capitulum
1650 1545 2053 1620 evangelicum,

454 1643 603 1718 quod
632 1640 799 1699 hodie
836 1641 1039 1699 lectum
1076 1650 1179 1709 est,
1220 1648 1403 1698 vestra
1429 1640 1655 1698 dilectio
1692 1640 1836 1712 (30),
1866 1656 2057 1697 sensus

455 1739 666 1789 vestros
692 1730 751 1787 id
793 1729 974 1802 ipsum
1013 1730 1315 1802 capitulum
1366 1729 1546 1803 potuit
1583 1746 1920 1804 permovere,
1959 1746 2057 1787 cur

1474 331 1569 386 AD
1609 329 1843 386 OPERA
1881 328 1936 383 S.
1966 325 2303 387 AMBROSII
2361 324 2741 384 APPENDIX.

2074 458 2123 516 A
2162 464 2275 512 tem
2308 471 2437 529 ergo
2470 471 2571 511 nec
2604 453 2922 526 opinantem
2950 451 3198 509 assumit.
3258 450 3501 508 Tacebat
3544 452 3763 524 quidem

3668 325 3768 383 7m

2164 547 2367 619 lingua,
2423 544 2517 602 sed
2540 544 2738 616 spiritu
2772 540 3134 616 loquebatur;
3192 540 3572 612 intelligimus
3622 542 3764 598 enim

2160 653 2322 710 quam
2352 636 2583 693 devotus
2612 632 2798 703 fuerit,
2821 630 2917 705 qui
2956 630 3102 687 sicut
3131 628 3247 703 ipse
3274 622 3534 699 asseruit,
3558 639 3763 704 patrem

2162 726 2385 799 reliquit
2410 734 2710 791 mortuum,
2758 730 2820 778 ut
2844 720 2975 777 vitae
3002 719 3301 777 Dominum
3331 721 3628 794 reperiret.
3674 722 3764 778 Ait

2161 815 2308 872 enim
2335 833 2346 871 :
2396 838 2413 861 ι
2442 813 2708 869 Permitte
2739 809 2880 866 mihi
2912 809 3065 882 prius
3095 808 3195 877 ire,
3219 816 3274 863 et
3296 809 3532 881 sepelire
3560 818 3759 883 patrem

2160 920 2345 962 meum
2377 905 2530 977 (Luc.
2563 920 2644 973 1x,
2675 902 2792 973 59).
2826 927 2845 951 ι
2887 902 3164 958 Mortuum
3190 916 3320 974 ergo
3345 901 3508 958 illum
3531 903 3762 977 relique-

2161 1003 2265 1063 rat,
2303 1010 2464 1068 quem
2511 1000 2573 1050 ut
2608 1000 2887 1049 revertens
2933 991 3193 1064 sepeliret
3218 999 3432 1048 exorat.
3476 992 3607 1050 Non
3642 1011 3759 1051 eum

2161 1087 2320 1144 dolor
2350 1087 2670 1155 retinuerat,
2717 1102 2829 1141 non
2862 1101 3009 1141 mors
3045 1084 3445 1149 retardaverat,
3490 1086 3627 1158 quia
3680 1086 3763 1142 fe-

2161 1177 2399 1236 stinabat
2451 1177 2520 1234 ad
2566 1177 2759 1233 vitam.
2839 1174 3085 1232 Necdum
3150 1173 3443 1231 morientis
3494 1175 3763 1233 clauserat

2161 1271 2373 1339 oculos,
2396 1269 2632 1326 necdum
2654 1268 2892 1341 rigentia
2920 1265 3168 1323 membra
3194 1264 3556 1333 condiderat;
3579 1266 3761 1324 statim

2160 1370 2223 1420 ut
2264 1362 2535 1434 comperit
2574 1360 2862 1418 advenisse
2901 1360 3227 1430 Dominum,
3269 1357 3482 1416 oblitus
3527 1366 3760 1433 paterna

2162 1452 2401 1525 pietatis,
2424 1452 2679 1509 affectum
2702 1449 2965 1523 majorem
2986 1449 3186 1522 pietate
3201 1448 3442 1506 credidit
3467 1450 3597 1522 plus
3612 1448 3759 1506 Chri-

2163 1550 2309 1600 stum
2350 1542 2599 1615 diligere,
2650 1556 2812 1615 quam
2862 1546 3162 1612 parentem.
3217 1538 3445 1610 Legerat
3477 1537 3633 1594 enim
3662 1538 3760 1594 for-

2162 1641 2305 1691 tasse
2335 1630 2713 1705 propheticam
2742 1629 3056 1697 lectionem,
3113 1644 3235 1701 quae
3266 1627 3441 1684 dicit:
3507 1652 3528 1675 ι
3558 1626 3761 1685 Oblivi-

2162 1739 2313 1780 scere
2340 1722 2605 1795 populum
2652 1729 2834 1790 tuum,
2887 1727 2943 1776 et
2971 1718 3200 1776 domum
3230 1716 3403 1789 patris
3443 1718 3535 1773 tui
3593 1717 3756 1790 (Psal.

451 1818 747 1888 Dominus,
787 1819 932 1875 sicut
969 1819 1252 1891 Scriptura
1280 1802 1468 1889 refert,
1510 1802 1639 1878 cum
1668 1819 1737 1876 ab
1763 1821 1935 1876 altero
1971 1819 2055 1876 in-
2083 1825 2129 1887 B
2164 1828 2317 1880 XLIV,
2352 1810 2442 1883 11)
2465 1828 2477 1867 :
2504 1837 2522 1859 ι
2565 1802 3090 1882 propterea-oblitus
3115 1815 3200 1863 est
3226 1813 3467 1880 patrem,
3496 1805 3635 1863 dum
3660 1824 3757 1864 me-

452 1910 776 1982 terpellatus
803 1908 991 1977 fuerit,
1036 1919 1098 1968 ut
1143 1928 1270 1969 eum
1314 1928 1643 1986 quocunque
1684 1912 1857 1980 iisset,
1889 1927 2052 1969 causa

454 1995 698 2068 religiosi
736 1997 952 2053 servitii
981 2006 1341 2072 sequeretur:
1394 1998 1554 2056 alteri
1589 1998 1761 2071 magis
1788 1997 1995 2055 dixerit
2033 2016 2046 2056 :

468 2112 488 2136 ι
517 2087 755 2161 Sequere
781 2104 869 2144 me
902 2088 1060 2161 (Luc.
1100 2106 1180 2158 ix,
1211 2091 1305 2162 59)
1330 2108 1344 2158 ;
1404 2115 1422 2138 ι
1467 2097 1521 2147 et
1549 2091 1650 2147 illo
1678 2098 1861 2162 spreto
1887 2097 2050 2164 atque

453 2176 731 2251 despecto,
763 2177 934 2235 alium
983 2177 1168 2250 potius
1193 2185 1465 2236 tacentem
1496 2195 1597 2236 nec
1623 2179 2050 2253 opinantemque

453 2267 717 2340 delegerit
743 2268 773 2326 7
820 2269 893 2324 Et
934 2285 1062 2325 cum
1121 2269 1309 2343 utique
1359 2268 1636 2342 acceptius
1672 2268 2047 2325 voluntarium

451 2356 778 2430 obsequium
807 2372 921 2415 esse
953 2358 1145 2426 soleat,
1167 2374 1330 2431 quam
1360 2365 1647 2427 coactum;
1681 2366 1735 2414 et
1759 2357 2048 2415 servitium

454 2448 579 2521 plus
609 2448 819 2520 placeat
874 2464 987 2504 non
1015 2448 1161 2521 quod
1190 2447 1425 2520 imperio
1455 2447 1719 2521 exigitur,
1776 2448 1871 2505 sed
1903 2447 2051 2521 quod

453 2546 649 2612 sponte
687 2537 969 2596 defertur:
1002 2556 1101 2596 cur
1135 2554 1265 2610 ergo
1294 2538 1397 2595 iste
1423 2539 1722 2611 respuitur,
1763 2555 1862 2596 cur
1899 2537 2053 2593 velut

454 2626 715 2700 indiguus
747 2628 915 2683 etiam
956 2636 1240 2685 recusatur
1266 2628 1295 2685 ‘l
1325 2628 1421 2685 Ait
1468 2628 1616 2685 enim
1645 2628 1714 2685 ad
1750 2645 1876 2684 eum
1904 2632 2051 2689 445

460 2727 732 2785 Dominus
758 2745 770 2784 :
818 2752 837 2775 ι
865 2726 1076 2798 Vulpes
1094 2728 1282 2785 foveas
1310 2728 1535 2796 habent,
1571 2737 1627 2785 et
1655 2728 1907 2784 volucres
1926 2724 2051 2782 cmli

454 2816 618 2872 nidos
651 2835 661 2871 :
697 2816 874 2872 Filius
901 2824 1086 2871 autem
1118 2817 1361 2874 hominis
1389 2834 1502 2875 non
1541 2816 1727 2887 habet,
1758 2816 1854 2874 ubi
1887 2822 2053 2888 caput

456 2902 687 2958 reclinet
720 2903 883 2973 (Ibid.
909 2903 1026 2973 58).
1058 2927 1076 2950 ι

523 2991 600 3063 2.-
636 2991 886 3045 Primum
939 2990 1122 3063 itaque
1178 2990 1285 3048 hoc
1338 2991 1686 3063 considerare
1762 2992 2048 3062 debemus,

456 3061 605 3134 quod
652 3077 765 3117 non
795 3070 878 3118 est
932 3061 1184 3133 acceptor
1229 3062 1500 3119 Dominus
1550 3080 1905 3135 personarum
1948 3061 2053 3137 (est

2158 1917 2279 1957 mor
2306 1907 2390 1956 est
2411 1898 2735 1957 Salvatoris.
2767 1896 3037 1955 Audierat
3070 1896 3235 1953 etiam
3267 1895 3753 1968 EvangeliumDo-

2158 1989 2297 2046 mini
2321 2006 2333 2046 :
2384 2014 2402 2037 ι
2430 1988 2536 2056 Qui
2566 1988 2690 2061 plus
2718 1986 2980 2045 dilexerit
3008 1993 3216 2059 patrem
3244 1994 3342 2043 aut
3372 1995 3635 2054 matrem,
3656 2002 3750 2043 non

2158 2088 2241 2136 est
2271 2094 2353 2135 me
2382 2077 2584 2150 dignus
2616 2077 2828 2149 (Matth.
2869 2092 2929 2145 x,
2958 2075 3073 2148 37).
3106 2102 3125 2124 ι

2229 2166 2283 2225 lt.
2326 2168 2408 2224 Ita
2461 2183 2589 2225 cum
2644 2165 2845 2222 Tobias
2893 2162 3255 2236 justiﬁcetur,
3313 2180 3414 2224 cur
3466 2165 3751 2240 sepulturae

2159 2274 2321 2316 causa
2355 2256 2650 2330 prandium
2679 2255 3041 2329 dereliquerit
3075 2254 3230 2328 (Tob.
3262 2271 3323 2324 ii,
3358 2254 3459 2326 3);
3511 2254 3607 2313 hic
3643 2273 3752 2329 pro-

2158 2348 2339 2416 batur,
2390 2364 2515 2405 cum
2548 2363 2709 2404 causa
2739 2345 2946 2405 Christi
2978 2345 3151 2418 patris
3188 2343 3483 2417 reliquerit
3522 2346 3752 2418 sepultu-

2160 2455 2298 2495 ram.
2322 2438 2420 2494 Ille
2452 2436 2600 2494 enim
2630 2453 2744 2493 non
2770 2442 2991 2491 veretur
3022 2450 3113 2504 ne,
3138 2433 3552 2491 interveniente
3579 2452 3750 2508 opere,

2160 2528 2365 2586 terreni
2406 2527 2625 2601 prandii
2668 2526 2855 2600 epulas
2885 2523 3366 2599 printermitteret:
3419 2523 3517 2582 hic
3568 2526 3750 2581 metuit

2161 2635 2249 2689 ne,
2300 2618 2705 2676 interveniente
2734 2633 2906 2685 mora,
2950 2614 3306 2672 refectionem
3336 2614 3501 2685 panis
3528 2615 3751 2671 ctelestis

2162 2707 2397 2767 amittat.
2449 2706 2603 2763 Unde
2640 2721 2767 2762 cum
2812 2703 3019 2762 Christi
3067 2702 3540 2774 contemplatione
3587 2704 3749 2776 sepul-

2161 2807 2342 2856 turam
2373 2795 2633 2853 omnibus
2660 2793 2977 2864 debeamus,
3007 2792 3101 2853 hic
3128 2809 3315 2849 amore
3344 2790 3562 2850 Christi
3591 2794 3748 2866 patris

2160 2887 2402 2945 deseruit
2434 2886 2792 2958 sepulturam.

2232 2978 2285 3034 5.
2327 2976 2699 3034 Discutiamus
2726 2975 2909 3048 itaque
2939 2972 3120 3046 primo
3158 2971 3311 3029 illius
3347 2971 3742 3046 interpellatio-

2160 3083 2284 3123 nem
2317 3065 2837 3140 responsionemque
2865 3062 3091 3119 Domini
3120 3061 3441 3119 Salvatoris.
3487 3063 3585 3118 Ait
3611 3063 3746 3119 enim

454 3156 604 3212 enim
629 3172 821 3251 aequus
852 3154 1026 3251 judes
1057 3164 1111 3212 et
1132 3154 1364 3251 ustus),
1391 3155 1487 3251 sed
1517 3173 1613 3229 pro
1643 3158 1906 3232 qualitate
1936 3175 2050 3214 ino-
2082 3190 2126 3251 C
2164 3158 2258 3213 ille
2285 3176 2296 3214 :
2361 3183 2379 3205 ι
2411 3157 2616 3251 Sequar
2644 3163 2697 3212 te
2725 3170 3053 3251 qupcunque
3078 3152 3534 3251 ieris-(Lucilii,
3581 3153 3693 3251 b7).
3720 3178 3737 3201 ι

454 3262 580 3304 rum
643 3246 759 3320 (31)
818 3244 1082 3320 rependat
1131 3246 1450 3305 dilectionis
1499 3248 1757 3305 aﬂ'ectum
1793 3265 1804 3304 :
1838 3256 1893 3305 et
1920 3265 2047 3306 eum
2088 3242 2126 3251 “”
2161 3248 2420 3320 Prompta
2448 3245 2695 3321 quidem,
2726 3245 2819 3302 sed
2849 3244 3081 3318 superba
3109 3242 3378 3316 professio
3402 3242 3549 3316 (33).
3578 3244 3745 3299 [turus

452 3339 619 3413 eligat
671 3355 785 3396 non
842 3339 937 3413 qui
968 3339 1153 3396 verbis
1188 3348 1497 3414 promptus,
1542 3339 1839 3397 devotione
1870 3341 2044 3414 piger,

453 3428 547 3486 sed
576 3428 670 3501 qui
717 3427 888 3485 fuerit
943 3429 1133 3502 lingua
1185 3430 1407 3500 tacitus,
1449 3438 1633 3487 mente
1681 3430 1933 3499 devotus,
1982 3429 2050 3487 de

453 3533 563 3589 quo
592 3515 730 3573 dicit
785 3517 1051 3589 propheta
1084 3537 1095 3573 :
1144 3544 1162 3567 ι
1191 3521 1441 3579 Tacitum
1493 3529 1548 3577 te
1577 3521 1805 3591 faciens,
1836 3520 2049 3593 sapiens

459 3604 736 3661 videberis
767 3606 953 3678 (Prov.
987 3622 1131 3676 xvii,
1161 3607 1278 3680 28).
1307 3634 1325 3657 ι
1368 3611 1449 3665 De
1490 3608 1591 3665 illo
1619 3617 1803 3667 autem
1835 3609 1929 3683 qui
1962 3625 2049 3681 pe-

454 3695 695 3753 tulanter
736 3695 1005 3769 loquitur,
1062 3696 1227 3754 refert
1275 3698 1559 3771 Scriptura
1592 3717 1603 3755 :
1655 3723 1673 3747 ι
1704 3702 1825 3757 Non
1868 3700 2050 3758 omnis

452 3781 716 3857 quidicit
772 3784 933 3855 mihi,
970 3786 1229 3857 Domine,
1286 3788 1545 3854 Domine,
1602 3787 1833 3845 intrabit
1880 3788 1939 3845 in
1968 3806 2049 3846 reo

453 3891 625 3951 gnum
668 3879 975 3936 oculorum:
1008 3878 1104 3936 sed
1152 3877 1248 3953 qui
1276 3878 1468 3937 fecerit
1496 3870 1837 3937 voluntatem
1870 3898 2048 3938 meam

455 3965 670 4039 (Matth.
731 3984 832 4038 vn,
864 3966 981 4042 2i).
1021 3993 1040 4017 ι
1093 3967 1236 4025 Hinc
1290 3983 1418 4041 ergo
1469 3965 1735 4027 discimus
1776 3968 1925 4043 quod
1980 3969 2049 4026 ad

450 4054 754 4114 Dominum
812 4072 924 4113 non
982 4065 1093 4114 tam
1146 4074 1239 4116 ore
1290 4074 1456 4132 quam
1504 4057 1667 4117 corde
1698 4058 2047 4117 clamandum

450 4153 552 4205 Θὸι.

522 4236 577 4293 3.
609 4236 790 4309 Igitur
815 4237 1067 4297 Salvator
1117 4249 1323 4314 noster,
1356 4243 1450 4316 qui
1483 4243 1844 4317 cogitationes
1870 4242 2046 4301 homi-

451 4337 589 4382 num
643 4341 944 4398 sensusque
997 4330 1279 4401 pervideat
1323 4332 1466 4405 (32),
1535 4331 1765 4390 audiens
1821 4332 2045 4407 quidem

451 4414 609 4491 vocis
639 4411 987 4489 obsequium,
1020 4418 1219 4474 mentis
1247 4428 1431 4476 autem
1456 4422 1754 4478 versutiam
1785 4438 2045 4495 recogno-

449 4517 627 4573 scens,
656 4504 758 4560 tali
784 4503 942 4561 illum
966 4502 1194 4563 animali
1219 4518 1517 4581 comparat,
1548 4512 1694 4584 quod
1715 4512 1867 4568 aliud
1908 4530 2043 4570 voce

446 4590 676 4663 indicet,
695 4592 848 4651 aliud
868 4593 1116 4652 moribus
1145 4605 1426 4669 operetur;
1450 4598 1642 4671 vulpes
1667 4601 1814 4657 enim
1840 4602 2045 4661 latratu

447 4684 601 4742 canis
630 4692 869 4756 resonat,
900 4683 1032 4744 dolo
1059 4686 1306 4760 rapinam
1337 4686 1547 4745 fraudis
1579 4698 1814 4748 exercet.
1847 4691 2048 4750 Tacen-

527 4843 652 4929 (30)
676 4845 835 4905 Rom.
888 4847 1046 4929 edit.,
1094 4848 1324 4906 advertit
1348 4856 1521 4929 vestra
1563 4850 1789 4929 dilectio,
1824 4853 2046 4929 fratres,

449 4921 742 4998 capitulum
799 4921 1218 4998 evangelicum...
1274 4924 1533 4998 quomodo
1562 4921 1840 4996 Dominus,
1871 4928 1965 4998 qui
1990 4921 2048 4983 in

454 4989 580 5071 lege,
610 4997 672 5045 ut
700 4989 986 5071 Scriptura
1014 4993 1201 5063 refert,
1239 4989 1550 5071 mandavit;
1593 4998 1813 5071 Honora
1825 4989 2046 5071 patrem

454 5066 635 5144 trium,
692 5071 747 5144 et
797 5069 1225 5144 matremgtuam
1251 5084 1265 5131 ;
1294 5069 1750 5144 quemadmodum
1800 5066 2049 5144 iii-recepit

574 5133 837 5214 Dominus
866 5136 1008 5214 Deus
1037 5142 1177 5205 tuus,
1199 5145 1261 5192 ut
1289 5131 1556 5214 bene_tibi
1588 5139 1689 5208 sit;
1721 5131 1859 5196 nunc
1885 5131 2047 5197 dicat:

449 5200 506 5257 Si
540 5204 665 5283 quis
691 5205 846 5261 venit
874 5206 943 5263 ad
991 5223 1077 5263 me
1118 5200 1173 5263 et
1229 5225 1341 5265 non
1384 5210 1503 5266 odit
1547 5200 1754 5283 patrem
1804 5229 1964 5268 suum
1994 5220 2047 5269 et

448 5281 702 5359 matrem,
760 5284 889 5359 etc.,
946 5293 1059 5359 non
1114 5286 1300 5359 potest
1352 5298 1506 5337 meus
1548 5281 1674 5359 esse
1720 5283 2043 5359 discipulus.

453 5345 554 5402 Cui
582 5347 852 5427 congruit_
847 5345 988 5427 quod
1028 5350 1087 5404 in
1114 5345 1233 5406 alio
1270 5352 1414 5427 loco,
1451 5370 1569 5427 cum
1619 5345 2047 5427 interpellaretur

450 5417 744 5506 a‘quqdam
764 5436 784 5473 :
808 5417 1069 5506 Domine,
1110 5423 1363 5493 permitte
1395 5417 1832 5506 Vmihihprimiim
1861 5426 1959 5494 ire,
1993 5434 2047 5506 et

453 5489 687 5569 sepelire
712 5498 941 5569 patrem
970 5489 1179 5561 meum,
1209 5495 1479 5565 respondit
1515 5513 1527 5550 :
1560 5489 1691 5569 Sine
1729 5504 1792 5553 ut
1841 5489 2043 5554 mortui

454 5559 1002 5637 sepeliant—mortuos
1039 5559 1203 5637 sum;
1249 5559 1310 5623 tu
1347 5573 1532 5637 autem
1562 5567 1719 5637 vade,
1754 5577 1807 5625 et
1834 5585 2045 5626 annun-

452 5633 531 5682 tia
584 5644 819 5711 regnum
870 5633 993 5712 Dei.
1050 5634 1148 5690 Illi
1173 5652 1294 5712 vero
1318 5636 1439 5712 _qui
1498 5637 1639 5712 dicit
1666 5633 1936 5712 {sequar
1995 5648 2045 5697 te

454 5712 787 5770 quocunque
804 5706 962 5770 ieris;
990 5706 1291 5774 respondit:
1318 5706 1528 5781 Vulpes
1547 5708 1734 5766 foveas
1751 5706 1975 5779 habent,
1992 5718 2047 5769 et

2074 4552 2125 4612 D

2149 5501 2431 5569 provideat
2450 5519 2463 5568 ;
2500 5502 2681 5570 Rom.,

2157 3336 2305 3393 enim
2335 3335 2404 3393 ad
2433 3336 2742 3410 passionem
2784 3342 2901 3392 erat
2928 3332 3218 3402 Dominus,
3274 3331 3643 3390 descensurus
3684 3331 3743 3388 ad

2157 3425 2383 3496 inferos,
2437 3442 2761 3484 ascensurus
2789 3423 2857 3480 ad
2884 3424 3122 3492 coelum;
3170 3420 3449 3495 numquid
3493 3422 3554 3478 in
3583 3421 3743 3477 omni-

2157 3517 2262 3574 bus
2291 3515 2452 3573 illum
2485 3524 2664 3590 potest
2689 3514 2956 3589 fragilitas
2983 3513 3227 3571 humana
3254 3512 3742 3570 comitari?Stulta

2156 3616 2238 3664 est
2266 3606 2372 3664 ista
2395 3607 2752 3680 prtesumptio
2775 3607 2959 3679 potius
2987 3620 3150 3679 quam
3182 3603 3440 3677 religiosa
3460 3601 3739 3661 confessio.

2158 3697 2442 3772 Siquidem
2474 3705 2528 3753 et
2556 3698 2719 3754 Petro
2750 3698 2997 3770 apostolo
3025 3694 3233 3754 dicitur
3260 3710 3293 3749 a
3320 3695 3587 3763 Domino,
3627 3709 3739 3751 cum

2157 3789 2453 3848 aestimaret
2478 3807 2535 3847 se
2560 3789 2718 3863 sequi
2762 3806 2858 3863 per
2901 3789 3087 3846 omnia
3133 3788 3475 3846 Salvatorem
3505 3804 3518 3844 :
3590 3813 3609 3834 ι
3635 3786 3740 3854 Quo

2156 3897 2256 3954 ego
2276 3880 2441 3950 vado,
2464 3898 2575 3937 non
2592 3888 2746 3954 potes
2770 3895 2855 3937 me
2876 3879 3041 3936 modo
3063 3878 3221 3953 sequi
3238 3879 3424 3951 (Joan.
3449 3875 3724 3947 xm,33).-

2154 3974 2229 4032 Et
2253 3989 2381 4032 cum
2413 3974 2769 4048 pertinaciter
2789 3975 3093 4041 insisteret,
3114 3989 3178 4030 ac
3195 3988 3252 4030 se
3280 3971 3347 4028 ab
3369 3988 3436 4028 eo
3456 3989 3561 4029 nec
3580 3975 3736 4027 morte

2156 4061 2363 4121 diceret
2389 4064 2753 4137 separandum
2779 4083 2792 4132 ;
2824 4072 3088 4137 tauquam
3111 4060 3396 4135 jactantiae
3424 4060 3735 4118 condemna-

2155 4158 2245 4210 tus
2270 4151 2450 4223 audit,
2476 4154 2625 4229 quod
2655 4162 2795 4212 esset
2822 4153 3122 4210 Dominum
3148 4151 3311 4210 tertio
3329 4157 3644 4224 negaturus.
3666 4148 3735 4204 Ita

2156 4242 2251 4315 qui
2294 4242 2653 4316 promittebat
2697 4261 2728 4301 a
2771 4243 3116 4301 confessione
3158 4241 3369 4301 Christi
3418 4257 3524 4299 nec
3579 4243 3733 4296 morte

2154 4331 2369 4402 divelli,
2424 4334 2494 4391 ab
2542 4332 2659 4407 ejus
2701 4334 2960 4392 societate
3002 4332 3430 4405 interrogatione
3475 4329 3731 4388 ancillula

2154 4430 2469 4494 separatur:
2512 4432 2567 4481 et
2594 4424 2704 4480 nisi
2732 4424 2886 4482 velut
2916 4423 3142 4480 modum
3167 4419 3464 4497 quemdam
3484 4427 3731 4485 statuens,

2154 4511 2319 4568 tertio
2353 4528 2478 4568 eum
2510 4512 2743 4571 dixisset
2785 4513 3087 4570 Dominum
3119 4518 3472 4584 negaturum,
3521 4508 3731 4565 forsitan

2154 4599 2353 4672 saepius
2382 4600 2769 4675 interrogatus,
2802 4602 3144 4676 frequentius
3171 4600 3511 4675 denegasset.

2126 4782 2135 4791 .
2227 4691 2279 4749 6.
2315 4691 2460 4759 Quid
2488 4708 2615 4765 ergo
2642 4693 3003 4768 respondetur
3030 4691 3114 4749 illi
3150 4693 3474 4768 petulanti?
3509 4693 3733 4767 «Vulpes

2159 4854 2410 4912 volucres
2458 4855 2584 4912 (ισθιί
2640 4853 2838 4925 nidos;
2883 4856 3059 4914 Filius
3107 4866 3291 4914 autem
3346 4856 3597 4915 hominis
3640 4866 3730 4912 non

2157 4926 2324 5012 habet
2363 4926 2464 5012 ubi
2508 4936 2669 5012 caput
2715 4929 2964 5012 reclinet.
3000 4931 3114 4986 Cur
3157 4946 3444 5012 ergoucum
3486 4930 3557 4985 ab

2156 4999 2521 5079 interpellatus
2573 4999 2753 5071 ’fuerit
2807 5007 2864 5056 ut
2912 4999 3232 5072 quacunque
3271 5001 3440 5071 iisset,
3520 4999 3731 5076 νειίθίοᾴ

2157 5071 2359 5151 serpitii
2387 5079 2891 5151 causa_sequeretur
2925 5090 3041 5128 eum
3046 5090 3076 5151 _:
3124 5072 3285 5127 alteri
3335 5071 3731 5151 magisdix-grll

2156 5143 2249 5212 qui
2277 5159 2391 5197 eum
2432 5144 2580 5215 sequi
2615 5143 2997 5201 cunctabatur:
3044 5143 3281 5217 Sequere
3310 5143 3443 5212 me;
3490 5150 3543 5199 et
3573 5143 3727 5216 priori

2156 5221 2351 5359 φῖὲἒο)
2382 5221 2532 5343 Egit.
2565 5294 2700 5359 vet,
2730 5287 2987 5359 qualitate
3012 5288 3240 5355 horum;
3269 5289 3458 5356 Rom.,
3478 5286 3726 5359 qualitate

2154 5356 2446 5430 meriorum
2468 5376 2482 5426 ;
2506 5357 2680 5415 codex
2707 5356 2906 5430 Lugd,
2928 5360 3186 5429 qualitate
3213 5376 3444 5415 morum.

2229 5426 2346 5512 (3?)
2387 5430 2469 5512 Ita
2494 5446 2596 5512 ms.
2632 5426 2846 5501 Lugdf;
2871 5426 3000 5512 .vét.
3044 5439 3228 5487 autem
3256 5430 3419 5501 edit.,
3467 5436 3723 5498 sensuqu

2228 5501 2431 5556 ovideat
2450 5519 2463 5568 ;
2500 5502 2681 5570 Rom.,
2712 5501 2986 5572 prazvidet.

2228 5570 2345 5655 (33)
2381 5572 2585 5655 Omnes
2604 5571 2767 5655 edit.,
2817 5574 2906 5629 sed
2950 5574 3176 5647 superba
3204 5573 3522 5648 responsio;
3567 5568 3719 5631 codex

2155 5639 2354 5715 Lugd.,
2378 5643 2666 5716 professio.
