3864 6188
154 371 247 428 709

952 369 1322 428 SERMONES
1359 371 1414 427 S.
1455 369 1810 428 AMBROSIO
1855 369 2227 426 HACTENUS
2267 372 2608 428 ASCRIPTI.

3271 421 3292 440 ι
3337 377 3440 432 710

150 498 330 553 foveas
356 495 582 564 habent,
605 504 660 554 et
689 498 939 554 volucres
967 498 1094 554 caeli
1121 497 1302 565 nidos,
1335 505 1388 553 et
1418 496 1592 552 Filius
1622 496 1734 553 ho-
1762 504 1811 562 Α
1841 494 2012 550 fluam
2063 503 2180 563 est;
2211 514 2336 551 cum
2369 497 2426 552 id
2453 499 2636 554 anima
2681 508 2859 555 vestra
2889 498 3091 555 clausis
3132 499 3438 558 visceribus

149 587 312 644 minis
341 602 452 643 non
487 586 674 654 habet,
706 586 802 642 ubi
831 595 994 659 caput
1022 587 1252 643 reclinet
1280 587 1431 658 (Luc.
1464 603 1544 654 1x,
1575 586 1726 658 58)..

148 674 342 732 Videte
380 675 469 732 cui
515 674 593 731 rei
623 675 906 732 subtiliter
935 682 1312 748 comparetur:
1347 683 1426 732 est
1457 676 1603 732 enim
1635 676 1740 732 hoc

146 780 315 837 genus
341 764 596 821 animalis
623 764 815 833 fallax,
847 772 901 819 et
943 763 1162 821 insidiis
1199 781 1413 836 semper
1443 766 1734 833 intentum,

146 855 338 928 rapina
376 855 596 912 fraudes
636 871 918 924 exercens,
974 856 1120 928 quod
1168 855 1311 912 nihil
1346 865 1550 924 tutum,
1595 857 1737 911 nihil

146 944 406 1012 otiosum,
438 945 580 1000 nihil
612 945 818 1017 patitur
845 961 960 1000 esse
986 962 1260 1014 securum,
1285 946 1428 1018 quod
1457 946 1600 1001 inter
1625 947 1742 1018 ipsa

145 1051 363 1108 quoque
393 1035 681 1092 hominum
713 1037 996 1092 domicilia
1029 1038 1266 1108 praedam
1299 1037 1560 1109 requirat.

220 1124 270 1179 7.
304 1123 476 1190 Quam
507 1125 969 1196 comparationem
989 1141 1102 1182 non
1131 1126 1306 1180 solum
1335 1133 1556 1198 propter
1580 1125 1738 1180 illum

147 1216 402 1286 scriptam
441 1222 596 1286 puto,
627 1215 721 1271 sed
772 1223 993 1287 propter
1032 1217 1316 1289 plerosque
1365 1217 1528 1272 etiam
1569 1216 1742 1273 Chri-

147 1305 372 1374 stianos,
405 1306 498 1378 qui
527 1321 621 1362 ore
650 1304 872 1378 quidem
901 1307 1075 1362 Deum
1107 1307 1460 1375 confitentur,
1495 1307 1742 1363 moribus

145 1405 327 1452 autem
368 1395 621 1467 vulpium
669 1396 891 1453 fallacia
931 1395 1317 1464 diversantur;
1370 1397 1550 1453 omnis
1593 1397 1740 1452 enim

148 1487 512 1555 Christianus,
546 1487 638 1560 qui
667 1504 764 1544 sua
795 1489 917 1544 vult
941 1497 1159 1560 peccata
1187 1488 1383 1556 celare,
1408 1487 1499 1542 hic
1527 1487 1742 1559 spirita-

149 1577 272 1633 liter
315 1577 509 1650 vulpes
539 1585 638 1635 est.
675 1577 829 1633 Sicut
873 1576 1021 1632 enim
1054 1578 1248 1648 vulpes
1277 1584 1497 1648 propter
1527 1576 1744 1632 fraudes

147 1685 269 1725 suas
300 1668 361 1724 in
405 1667 652 1724 latibulis
700 1665 1053 1723 demoratur:
1089 1666 1166 1721 ita
1199 1673 1252 1721 et
1281 1673 1530 1738 peccator
1558 1671 1744 1720 tacens

146 1765 369 1832 propter
403 1756 800 1814 conscientiam
831 1772 986 1811 suam
1018 1762 1367 1827 peccatorum
1393 1753 1567 1808 foveis
1595 1751 1746 1821 deli-

1849 601 1959 640 non
2011 591 2122 638 tam
2184 583 2436 641 sitienter
2503 585 2740 654 hauriat,
2807 605 2972 661 quam
3025 589 3442 647 dissimulanter

1849 673 2095 730 effundat
2129 673 2266 745 (35).
2299 674 2505 730 Fundit
2533 674 2679 730 enim
2711 677 3027 734 mandatum
3068 679 3315 748 Domini,
3345 681 3443 753 qui

1851 762 1992 818 illud
2047 779 2176 818 aure
2233 780 2330 818 sua
2375 763 2629 835 percipit,
2674 766 2836 821 corde
2878 783 2988 822 non
3035 769 3323 837 continet;
3383 769 3443 825 in

1851 850 2138 923 superﬁcie
2175 852 2322 907 enim
2354 852 2584 923 quadam
2635 855 2880 925 corporis
2927 855 3066 910 illud
3116 865 3351 928 gestans,
3381 875 3444 914 ac

1852 940 2082 995 minime
2132 941 2198 996 ad
2250 941 2512 997 interiora
2573 943 2950 998 transmittens
3005 946 3151 1016 quod
3209 946 3442 1014 audivit,

1851 1030 1981 1087 dum
2017 1032 2388 1100 obliviscitur,
2421 1032 2614 1088 seriem
2663 1033 3071 1103 praedicationis
3099 1034 3355 1101 effundit,
3395 1043 3449 1090 et

1852 1122 1928 1177 ita
1975 1121 2202 1177 domum
2254 1138 2462 1178 vacuus
2504 1122 2726 1194 repedat
2769 1122 2908 1194 (36),
2951 1125 3048 1196 qui
3094 1123 3162 1180 de
3201 1123 3448 1180 Ecclesia

1851 1219 2084 1268 onustus
2113 1212 2342 1268 exierat.

1923 1319 1975 1374 2.
2029 1319 2206 1376 Dicite
2246 1320 2393 1374 enim
2427 1319 2586 1388 mihi,
2619 1320 2742 1393 quis
2786 1319 2853 1375 de
2883 1319 3041 1376 vobis
3079 1337 3202 1377 cum
3237 1322 3302 1377 ad
3339 1321 3449 1376 ho-

1852 1406 2078 1478 spitium
2109 1407 2354 1475 redierit,
2387 1407 2566 1464 dicet:
2598 1408 2772 1464 Hodie
2793 1409 3110 1464 audivimus
3131 1410 3446 1482 episcopum

1852 1495 1920 1552 de
1951 1497 2314 1570 eleemosynis
2335 1497 2728 1570 disputantem,
2762 1515 2875 1554 rem
2889 1499 3082 1554 utilem
3105 1499 3450 1571 praedicavit,

1853 1584 2116 1641 debemus
2146 1586 2477 1658 pauperibus
2505 1587 2801 1642 misereri?
2821 1587 3148 1644 Prosecutus
3178 1587 3343 1642 etiam
3365 1593 3451 1642 est

1851 1673 1921 1730 de
1985 1673 2264 1730 idolorum
2317 1675 2650 1732 exsecranda
2692 1676 2929 1744 cultura,
2988 1674 3332 1748 requiramus
3384 1689 3453 1729 ne

1853 1763 2240 1834 ignorantibus
2261 1766 2423 1822 nobis
2451 1767 2506 1822 in
2541 1768 2883 1839 possessione
2903 1776 3090 1824 nostra
3115 1768 3186 1824 sit
3214 1767 3449 1822 idolum.

145 1848 305 1905 ῐθεοίῐ
330 1865 342 1904 ἶ
376 1855 430 1903 Gl.
455 1846 599 1902 sicut
620 1845 717 1901 illa
731 1861 842 1901 non
863 1844 1027 1901 audet
1046 1844 1191 1900 inter
1216 1844 1424 1901 medias
1450 1843 1743 1898 hominum
1774 1869 1820 1930 Β
1854 1851 2161 1910 Admonuit
2192 1854 2357 1910 etiam
2387 1855 2647 1911 festinare
2673 1855 2871 1912 debere
2899 1856 3356 1913 catechumenum
3381 1854 3450 1910 ad

148 1937 334 1994 turbas
381 1953 598 1993 morum
639 1953 866 1992 suorum
908 1935 1194 1993 ostendere
1234 1934 1544 2001 fallaciam;
1588 1933 1665 1988 ita
1693 1939 1747 1988 et

146 2029 236 2088 hic
265 2029 542 2088 erubescit
577 2030 636 2086 in
682 2028 864 2086 media
891 2029 1138 2086 Ecclesia
1173 2027 1608 2086 conversationis
1635 2043 1745 2082 suae

145 2123 453 2196 nequitiam
507 2121 779 2178 confiteri.
825 2125 972 2183 446
1017 2120 1253 2193 Vulpem
1301 2121 1460 2193 plane
1507 2117 1746 2175 dixerim

143 2237 372 2278 omnem
403 2219 800 2288 Christianum,
832 2220 927 2292 qui
955 2237 1054 2275 suo
1087 2219 1382 2275 insidiatur
1413 2219 1619 2286 vicino,
1653 2218 1745 2291 qui

142 2311 404 2385 quotidie
449 2310 650 2367 nititur
690 2310 828 2366 ﬁnes
857 2310 1070 2366 alienos
1107 2310 1381 2377 arrodere,
1415 2311 1625 2366 fructus
1651 2310 1748 2363 in-

143 2403 371 2472 vadere,
413 2405 676 2460 animalia
723 2404 1007 2472 devorare,
1057 2411 1111 2459 et
1157 2402 1304 2478 quod
1353 2411 1433 2458 est
1481 2402 1751 2458 familiare

147 2492 278 2549 huic
319 2493 578 2565 tempori,
627 2510 736 2549 non
768 2493 882 2564 jam
927 2495 1178 2568 vulpium
1229 2510 1381 2550 more
1419 2493 1616 2565 pullos,
1658 2490 1753 2547 sed

147 2584 407 2657 luporum
441 2601 594 2640 more
625 2601 813 2657 rapere
861 2602 1090 2656 porcos:
1139 2585 1232 2658 qui
1275 2585 1406 2642 dum
1436 2601 1537 2640 suo
1568 2584 1753 2639 labore

150 2673 321 2745 possit
349 2689 408 2730 se
448 2671 645 2745 juvare
679 2673 821 2746 (34),
855 2675 1092 2732 ferarum
1123 2674 1275 2731 rabie
1305 2675 1543 2747 praedam
1573 2679 1754 2744 captat

151 2762 382 2818 alienam
394 2805 408 2817 .

219 2854 272 2909 8.
307 2855 608 2912 Haereticos
637 2856 800 2912 etiam
823 2873 1014 2913 omnes
1042 2857 1280 2914 arbitror
1298 2855 1559 2928 vulpibus
1593 2872 1755 2912 com-

153 2945 446 3014 parandos,
489 2947 740 3019 quicum
789 2947 849 3003 in
879 2947 1044 3004 domo
1094 2948 1319 3005 Domini
1366 2947 1614 3003 habitare
1644 2963 1756 3002 non

155 3035 381 3105 possint,
415 3039 808 3095 conventicula
828 3039 934 3095 sibi
963 3039 1212 3112 quaedam
1235 3040 1388 3096 velut
1416 3039 1602 3095 foveas
1624 3056 1756 3112 prae-

152 3135 340 3194 parant
387 3126 728 3196 tenebrosae,
770 3128 828 3184 in
877 3128 1079 3202 quibus
1117 3128 1472 3201 pertinaciter
1503 3130 1756 3198 latentes,

1856 1941 2086 2014 gratiam
2117 1942 2266 2012 ﬁdei,
2300 1944 2596 2000 offeramus
2621 1943 2905 2001 familiolaa
2934 1952 3134 2002 nostra
3179 1951 3241 2000 ut
3285 1943 3451 2000 ﬁdem

1855 2031 2107 2104 quisquis
2151 2040 2234 2088 est
2273 2031 2476 2101 fidelis,
2507 2033 2769 2106 accipiat;
2802 2049 2871 2090 ne
2916 2033 3059 2089 forte
3088 2032 3230 2090 ratio
3259 2033 3454 2090 salutis

1856 2136 2046 2178 eorum
2078 2123 2354 2194 quaeratur
2382 2140 2412 2178 a
2437 2123 2617 2192 nobis,
2649 2123 2779 2197 quia
2804 2125 2921 2181 vita
2949 2140 3138 2181 eorum
3169 2140 3240 2180 ex
3267 2130 3456 2181 nostro

1858 2213 2057 2286 pendet
2089 2214 2341 2272 arbitrio.
2370 2217 2542 2273 Nemo
2591 2215 2657 2273 de
2700 2217 2800 2273 Dei
2830 2216 2994 2273 rebus
3036 2217 3260 2290 cogitat,
3291 2233 3455 2273 nemo

1857 2303 1924 2360 de
1954 2303 2042 2360 die
2068 2303 2269 2376 judicii
2301 2305 2568 2378 loquitur,
2593 2305 2748 2378 quasi
2776 2314 2869 2362 aut
2889 2323 2985 2379 per
3012 2306 3199 2362 omnia
3227 2305 3455 2376 victuri,

1859 2402 1953 2449 aut
1993 2410 2088 2465 per
2132 2395 2324 2450 omnia
2357 2395 2636 2452 morituri.
2676 2396 2816 2452 Mihi
2848 2397 3074 2467 credite,
3106 2398 3184 2454 ita
3207 2397 3457 2454 vivimus

1863 2483 1921 2537 in
1950 2482 2055 2539 hoc
2086 2485 2311 2552 saculo,
2342 2491 2404 2540 ut
2432 2500 2660 2556 corpore
2689 2485 2990 2542 moriamur
3015 2504 3026 2541 :
3058 2486 3135 2542 ita
3164 2487 3456 2556 morimur,

1861 2579 1924 2626 ut
1953 2571 2155 2627 rationi
2176 2571 2466 2629 reddendae
2484 2573 2755 2629 vivamus.
2778 2574 3012 2630 Moritur
3029 2574 3251 2629 interim
3270 2574 3456 2641 homo,

1863 2663 1957 2719 sed
2012 2671 2236 2720 actuum
2293 2680 2456 2720 causa
2500 2680 2612 2719 non
2662 2664 2896 2720 moritur
2938 2684 2950 2720 :
3003 2665 3225 2721 vivente
3274 2674 3456 2722 autem

1862 2768 2045 2820 causa,
2081 2769 2298 2809 necesse
2336 2761 2417 2809 est
2460 2761 2523 2811 ut
2548 2769 2724 2809 causae
2752 2769 2862 2809 suae
2892 2769 3122 2826 persona
3150 2770 3262 2810 non
3291 2755 3454 2823 desit,

1862 2843 2008 2900 sicut
2059 2842 2136 2899 ait
2167 2843 2468 2915 propheta:
2541 2868 2560 2892 ‹
2601 2845 2742 2902 Ecce
2785 2844 2974 2914 homo,
3021 2853 3076 2902 et
3129 2861 3292 2918 opera
3337 2846 3456 2918 ejus

1867 2933 2004 3005 (13a.
2032 2949 2145 3000 xm,
2181 2933 2295 3002 24).
2331 2959 2348 2981 ι

1937 3041 1988 3096 3.
2049 3039 2345 3097 Volueram
2402 3057 2530 3113 ergo
2577 3041 2896 3098 subtrahere
2942 3043 3101 3100 vobis
3153 3044 3457 3101 Dominicae

1866 3128 2278 3203 praedicationis
2303 3129 2542 3200 eloquia,
2578 3147 2690 3186 non
2711 3130 2856 3203 quod
2881 3131 3053 3188 iratus
3072 3131 3179 3187 hoc
3199 3132 3457 3200 facerem,

153 3215 492 3276 insidiantur
510 3221 806 3290 Ecclesiae;
831 3229 895 3277 ut
924 3222 1094 3296 siqua
1124 3223 1390 3280 innocens
1419 3221 1603 3277 anima
1619 3222 1760 3280 forte
1787 3233 1838 3296 ρ
1866 3220 1960 3276 sed
2020 3228 2083 3276 ut
2135 3219 2507 3290 evangelicam
2563 3221 2891 3277 sententiam
2945 3221 3298 3278 custodirem.
3366 3221 3462 3276 Ait

153 3314 506 3383 processerit,
565 3315 720 3370 velut
771 3315 986 3388 pullum
1043 3315 1260 3388 gallinae
1317 3315 1510 3372 matris
1563 3315 1762 3372 absor-

154 3403 330 3464 beant.
366 3407 738 3476 Insidiantur,
789 3409 1038 3482 inquam,
1084 3409 1282 3480 vulpes
1323 3407 1608 3473 Ecclesiae,
1657 3407 1763 3463 hoc

155 3505 253 3566 est,
293 3498 554 3555 haeretici
611 3498 941 3572 evangelicae
991 3499 1076 3554 illi
1123 3500 1361 3572 gallinae,
1411 3498 1480 3554 de
1531 3515 1639 3572 qua
1685 3496 1764 3552 ait

153 3588 422 3646 Dominus
457 3607 468 3645 :
505 3589 801 3656 «Quoties
845 3590 998 3645 volui
1051 3607 1378 3663 congregare
1424 3590 1569 3646 ﬁlios
1616 3597 1762 3658 tuos,

153 3675 293 3734 sicut
351 3677 571 3751 gallina
631 3680 843 3752 colligit
898 3681 1082 3752 pullos
1133 3698 1261 3737 suos
1317 3681 1418 3737 sub
1475 3681 1586 3736 alas
1638 3694 1764 3734 suas

157 3766 364 3838 (Matth.
409 3786 592 3839 xxm,
624 3771 716 3843 37)
744 3773 755 3827 ε
782 3798 801 3820 ι
833 3772 937 3828 Sed
970 3772 1085 3844 ipsa
1102 3772 1244 3829 sicut
1265 3771 1492 3828 Samson
1512 3770 1765 3826 ardentes

155 3860 292 3921 faces
316 3864 597 3940 vulpibus
625 3857 900 3939 religavit.

753 3984 986 4043 SERMO
1015 3986 1184 4062 XLII.

167 4071 473 4160 Increpatio
521 4075 589 4132 ad
620 4078 861 4160 plebem
894 4078 977 4160 de.
1005 4096 1068 4160 eo
1099 4079 1245 4160 quod
1290 4080 1555 4160 scriptum
1599 4078 1765 4137 estin

382 4149 730 4221 Evangelio:
760 4150 861 4217 Qui
889 4151 1057 4218 habet,
1089 4152 1305 4206 dabitur
1329 4152 1376 4207 ei
1397 4149 1418 4218 ξ
1447 4159 1535 4208 et:

635 4238 978 4294 Cantanimus
1009 4239 1170 4307 vobis,
1197 4249 1301 4296 etc.

173 4327 281 4384 Cur
310 4331 448 4386 hunc
476 4348 765 4386 sermonem
796 4330 1106 4384 nominatim
1147 4329 1378 4400 cuipiam
1411 4328 1568 4384 Patri
1593 4327 1770 4399 potius

237 4418 398 4472 quam
447 4403 611 4459 alteri
662 4403 1006 4473 assignatum,
1051 4401 1186 4473 nihil
1225 4401 1489 4455 occurrit:
1544 4417 1609 4454 ne
1647 4417 1769 4456 vero

237 4475 659 4532 Ambrosianum
678 4472 786 4530 esse
803 4479 1064 4545 putemus,
1096 4472 1232 4527 nihil
1258 4490 1364 4527 non
1389 4474 1660 4530 reclamat.

1870 3309 2016 3365 enim
2048 3311 2353 3365 Dominus:
2412 3333 2429 3355 ε
2462 3309 2567 3376 Qui
2611 3310 2794 3378 habet,
2835 3309 3056 3366 dabitur
3087 3310 3158 3379 ei,
3193 3319 3247 3366 et
3274 3309 3463 3365 abun-

1871 3397 2059 3454 dabit:
2112 3406 2168 3454 et
2197 3397 2291 3470 qui
2330 3413 2441 3454 non
2486 3397 2668 3466 habet,
2702 3399 2760 3455 id
2789 3399 2935 3472 quod
2965 3399 3146 3467 habet,
3179 3398 3464 3454 auferetur

1871 3488 1938 3544 ab
1968 3505 2032 3544 eo
2064 3489 2216 3560 (Luc.
2251 3505 2370 3556 xxx,
2406 3488 2520 3560 26).
2557 3513 2576 3537 ι
2613 3490 2847 3546 Habenti
2878 3506 3005 3561 ergo
3034 3488 3152 3544 dari
3176 3487 3376 3560 jussit;
3409 3495 3464 3543 et

1872 3595 1985 3633 non
2015 3577 2241 3634 habenti
2270 3593 2382 3632 non
2412 3579 2590 3633 solum
2621 3594 2733 3634 non
2760 3577 2899 3646 dari,
2923 3578 3019 3634 sed
3047 3579 3210 3634 etiam
3235 3578 3292 3634 id
3319 3576 3466 3650 quod

1874 3669 2058 3738 habet,
2091 3668 2315 3724 auferri.
2351 3668 2483 3736 Quae
2513 3669 2787 3725 sententia
2822 3668 3099 3741 superﬂua
3123 3667 3282 3725 vobis
3310 3667 3466 3724 forsio

1873 3767 1965 3815 tan
2010 3758 2264 3815 videtur:
2308 3774 2406 3830 ego
2465 3765 2647 3814 autem
2703 3757 2828 3816 dico
2882 3767 3029 3816 recte
3081 3777 3144 3817 ac
3195 3759 3470 3832 sapienter

1873 3849 2176 3904 Dominum
2225 3847 2567 3919 praecepisse.
2615 3847 2852 3904 Habenti
2895 3864 3024 3920 ergo
3057 3847 3283 3918 jubetur
3325 3847 3466 3903 dari.

1872 3938 2113 3994 Meretur
2141 3937 2302 4007 plane
2323 3937 2592 4007 accipere,
2619 3935 2714 4008 qui
2737 3936 2814 3991 ita
2840 3934 3129 4002 laboravit,
3160 3943 3223 3990 ut
3251 3935 3471 4006 propria

1875 4027 2250 4085 sollicitudine
2288 4027 2489 4082 animae
2519 4044 2629 4083 suae
2657 4027 2880 4085 divitias
2911 4027 3184 4099 spiritales
3213 4027 3433 4101 acquire
3454 4053 3473 4066 ο

1876 4123 1960 4172 ret
1991 4135 2003 4172 :
2039 4126 2100 4173 ut
2130 4125 2262 4188 puta
2290 4116 2414 4189 quis
2441 4116 2802 4173 continentiae
2833 4117 2963 4174 forti
2996 4117 3278 4190 proposito
3306 4117 3474 4188 coepit

1877 4208 2216 4265 castimoniae
2247 4207 2528 4265 custodire
2547 4209 2832 4277 virtutem,
2865 4218 3107 4266 meretur
3133 4209 3324 4266 audire
3351 4224 3472 4281 quae

1877 4298 2150 4358 castitatis
2181 4299 2552 4354 remuneratio
2581 4299 2653 4355 sit
2676 4299 2892 4368 futura;
2918 4308 2980 4356 ut
3007 4299 3076 4356 ad
3110 4300 3335 4357 virtutis
3365 4298 3475 4355 ob-

1878 4388 2209 4446 servantiam
2262 4389 2492 4445 audiens
2537 4389 2654 4461 (37)
2712 4389 3174 4447 remunerationis
3220 4390 3474 4462 gloriam,

1879 4478 2098 4535 facilius
2125 4479 2298 4551 possit
2329 4496 2588 4552 pugnam,
2621 4496 2783 4552 quam
2810 4481 2997 4552 coepit,
3030 4488 3280 4537 atterere.
3318 4478 3476 4535 Alius

241 4586 292 4642 1.
327 4587 671 4660 Frequenter
703 4585 1018 4641 studueram
1037 4583 1181 4656 apud
1213 4599 1300 4639 me
1328 4583 1528 4657 ipsum,
1554 4583 1767 4650 fratres,
1797 4603 1846 4661 D
1882 4569 1950 4626 ad
1976 4569 2415 4627 misericordiam
2459 4576 2745 4661 promptus
2786 4569 2948 4625 debet
2977 4569 3166 4624 audire
3195 4567 3325 4661 quia
3372 4567 3475 4638 ipsi

171 4675 494 4733 subtrahere
549 4677 706 4733 vobis
748 4676 1050 4732 Dominicae
1097 4675 1504 4748 praedicationis
1532 4672 1770 4745 eloquia,

174 4779 234 4821 ac
259 4783 370 4824 non
416 4767 642 4841 elargiri
673 4767 872 4838 saepius
899 4782 1214 4823 sermonum
1245 4765 1551 4822 caelestium
1584 4780 1774 4820 sacra—

174 4863 378 4912 menta.
427 4856 715 4929 Siquidem
746 4856 889 4912 nihil
932 4856 1105 4929 prosit
1135 4857 1330 4912 offerre
1375 4854 1576 4928 pabula
1607 4873 1774 4914 recu-

174 4949 338 5017 santi,
377 4957 433 5006 et
467 4957 659 5022 potum
696 4950 973 5023 porrigere
1020 4948 1250 5003 minime
1289 4948 1536 5004 sitienti:
1587 4964 1686 5003 cur
1719 4945 1777 5002 id

175 5037 318 5108 quod
350 5039 573 5110 offeras,
608 5057 721 5097 non
751 5050 863 5098 tam
895 5041 1128 5096 libenter
1156 5039 1396 5107 hauriat,
1436 5055 1598 5111 quam
1631 5038 1778 5093 fasti-

177 5125 325 5182 diose
351 5130 514 5185 velut
553 5131 937 5187 turbulentum
978 5129 1169 5186 reddat
1196 5147 1210 5197 ;
1243 5136 1405 5200 atque
1437 5129 1513 5183 ita
1555 5130 1699 5185 sicut
1727 5137 1780 5185 et

178 5220 359 5288 poculi
417 5221 712 5279 sinceritas
757 5224 1008 5292 vitietur,
1056 5229 1110 5278 et
1153 5238 1343 5279 causas
1390 5220 1577 5277 delicti
1617 5221 1782 5277 fasti-

176 5313 364 5372 diosus
397 5325 624 5389 potator
654 5319 950 5376 inveniat?
973 5319 1062 5375 Sic
1082 5335 1209 5390 ergo
1235 5326 1288 5374 et
1308 5317 1562 5374 charitati
1587 5324 1782 5372 vestrae

176 5403 421 5480 ingerere
443 5410 732 5468 Dominici
748 5412 934 5485 poculi
955 5410 1401 5485 praedicationem
1422 5409 1562 5465 forte
1601 5426 1784 5482 super-

274 5517 367 5591 gi)
402 5515 832 5591 QodcxiLugdq
863 5537 957 5574 suo
988 5519 1162 5575 labora
1185 5517 1562 5591 possitrvivere.

217 5587 368 5667 ⁹(35)
400 5589 484 5667 ita
511 5590 646 5667 cod.
677 5587 851 5667 Lugd.
881 5587 1208 5667 et_Valliscl_.
1236 5609 1249 5657 ;
1283 5589 1415 5645 edit.
1447 5606 1598 5659 vero,
1629 5607 1789 5662 quam

172 5657 590 5731 dissimulanter
615 5657 884 5731 infundat.
916 5664 1036 5718 Non
1063 5671 1226 5719 recte.

242 5730 361 5803 (36)
397 5729 592 5802 Lugd.
625 5729 821 5802 codex,
852 5735 1065 5791 domum
1091 5750 1289 5791 vacuus
1327 5739 1546 5805 repetat.
1592 5735 1664 5791 Et
1693 5732 1791 5789 in—

1883 4661 2234 4718 miserebitur
2278 4663 2444 4730 Deus,
2482 4670 2536 4716 et
2583 4660 2678 4732 qui
2717 4659 2862 4716 hanc
2906 4669 3179 4715 terrenam
3227 4657 3476 4713 substan-

1881 4753 2014 4808 tiam
2044 4752 2358 4810 coelestibus
2377 4751 2592 4807 divitiis
2616 4749 2974 4821 respensabit,
2996 4764 3213 4804 necesse
3233 4755 3315 4803 est
3331 4755 3479 4812 447

1883 4859 1945 4905 ut
1964 4851 2280 4906 auscultans
2301 4847 2744 4904 vicissitudinem
2771 4846 3078 4903 caelestium
3102 4847 3478 4918 praemiorum,

1886 4929 2193 5010 promptior
2221 4954 2284 4992 ac
2311 4936 2572 4992 libentior
2601 4952 2738 5006 opus
2766 4935 2988 4991 Domini
3021 4943 3397 5008 prosequatur,
3426 4947 3482 4995 et

1889 5025 1956 5082 ad
1985 5025 2374 5082 misericordiae
2406 5023 2552 5096 quod
2582 5023 2746 5078 habet
2773 5024 3002 5094 bonum,
3027 5025 3296 5098 largitatis
3320 5027 3482 5084 addat

1889 5123 2264 5189 augmentum.
2291 5117 2420 5172 Ideo
2440 5116 2518 5172 ait
2549 5115 2836 5172 Dominus:
2886 5113 3014 5183 «Qui
3044 5115 3229 5186 habet,
3262 5117 3484 5174 dabitur

1894 5209 1964 5277 ei,
1998 5234 2016 5257 ι
2077 5207 2181 5262 hoc
2208 5215 2308 5275 est,
2358 5206 2453 5280 qui
2483 5205 2639 5262 dives
2684 5205 2853 5263 fuerit
2884 5206 3045 5265 bonis
3083 5207 3361 5281 operibus,
3393 5207 3484 5265 hic

1893 5298 2069 5372 magis
2101 5298 2416 5369 evangelica
2445 5296 2833 5371 pradicatione
2868 5298 3094 5358 ditetur.

1966 5409 2018 5466 4.
2043 5409 2313 5466 Caeterum
2336 5410 2382 5466 si
2408 5409 2732 5467 fornicatori
2767 5409 3049 5482 praedices,
3073 5418 3125 5466 et
3155 5408 3306 5467 dicas
3339 5407 3486 5484 quod

1897 5519 2000 5584 fra,
2031 5517 2122 5586 qui
2149 5515 2210 5570 de
2237 5517 2421 5573 vestris
2447 5535 2584 5586 cum,
2615 5525 2720 5576 etc.

1898 5589 2090 5718 dag37)
2124 5586 2310 5644 Codex
2336 5589 2611 5659 Valliscl.,
2645 5590 2716 5647 ad
2743 5589 2957 5646 virtutis
2984 5589 3367 5646 observantiam
3395 5587 3485 5642 ad-

1998 5679 2041 5717 s.

1998 5679 2041 5717 8.
