3864 6188
412 377 510 433 711

1433 375 1527 429 AD
1567 373 1804 429 OPERA
1841 372 1897 428 S.
1941 370 2275 429 AMBROSII
2313 366 2694 426 APPENDIX.

3617 360 3713 418 712

413 503 570 576 virgo
618 501 813 559 debeat
842 517 1200 573 permanere;
1240 507 1293 555 et
1322 515 1487 555 avaro
1523 498 1667 570 quod
1696 498 1882 554 omnia
1907 514 2006 553 sua
2036 514 2086 572 Α
2114 497 2291 553 facere
2357 494 2698 561 deberemus,
2758 506 2884 547 cum
2943 490 3037 546 ille
3096 495 3222 545 ante
3281 487 3513 559 nuptias
3565 492 3718 576 tanta

411 591 718 648 distrahere
764 590 957 646 debeat
1003 598 1164 661 atque
1205 588 1428 653 donare,
1474 587 1710 641 stultitia
1765 586 1848 640 illi
1905 594 2005 642 est.

413 681 567 738 Hanc
602 681 748 737 enim
777 678 1224 751 praedicationem
1257 675 1548 732 ridiculam
1573 683 1748 746 putat,
1771 675 1913 732 sicut
1932 674 2009 730 ait

412 772 748 843 Apostolus:
810 767 1126 822 cAnimalis
1169 772 1350 819 autem
1403 763 1569 818 homo
1624 780 1735 819 non
1776 762 2009 835 percipit

413 876 534 931 quae
553 865 682 914 sunt
702 855 930 925 spiritus
949 853 1048 908 Dei
1077 871 1090 918 ;
1125 851 1364 932 stultitia
1392 851 1539 907 enim
1575 862 1656 908 est
1686 852 1769 908 illi
1795 853 1852 923 (Ι
1881 853 2006 908 Cor.

415 965 478 1016 ιι,
502 947 614 1017 Ib).
648 971 666 993 ι
708 944 835 999 Tale
865 942 1010 998 enim
1025 949 1107 997 est
1136 941 1204 997 iis
1225 937 1521 1012 praedicare
1540 941 1686 1013 quod
1707 941 2008 1013 perfectum

412 1046 515 1105 est,
547 1035 707 1108 quale
754 1033 800 1088 si
835 1031 1148 1087 mendicum
1188 1032 1384 1102 pannis
1431 1031 1671 1086 obsitum
1705 1030 2012 1086 holoserica

413 1125 554 1181 velis
582 1122 831 1189 induere,
866 1129 918 1176 et
948 1120 1280 1176 esurientem
1324 1120 1589 1176 rusticum
1618 1121 1868 1192 placento
1906 1119 2013 1174 de-

416 1219 647 1282 lectare;
684 1229 907 1269 necesse
937 1219 1018 1266 est
1047 1211 1195 1266 enim
1228 1218 1290 1266 ut
1315 1209 1382 1266 ab
1413 1218 1648 1282 utroque
1671 1216 2013 1265 recusaretur

414 1306 640 1362 oblatio.
682 1302 772 1358 Illi
808 1301 957 1356 enim
1004 1300 1260 1373 displicet
1315 1299 1638 1367 holoserica,
1688 1300 1782 1372 qui
1832 1315 2012 1355 neces-

415 1397 558 1454 saria
599 1392 772 1465 magis
803 1391 997 1462 frigori
1028 1391 1358 1447 vestimenta
1384 1388 1691 1446 desiderat:
1730 1387 1862 1444 huic
1885 1389 2012 1461 pla—

414 1493 636 1544 centum
701 1497 975 1549 amarum,
1042 1480 1174 1537 dum
1237 1497 1414 1537 escam
1475 1479 1646 1552 magis
1710 1478 2012 1536 saturitatis

417 1574 680 1648 exquirit.
718 1571 845 1626 Istis
888 1587 1016 1643 ergo
1046 1570 1299 1642 personis
1326 1569 1624 1626 auferenda
1650 1568 1832 1641 potius
1861 1575 2009 1635 sunt,

418 1681 538 1738 quae
559 1678 658 1719 sua
683 1669 833 1728 sunt,
855 1659 1001 1716 sicut
1019 1660 1098 1715 ait
1116 1659 1480 1732 Evangelium
1509 1677 1520 1714 :
1569 1658 1779 1713 «Etiam
1799 1656 1853 1712 id
1867 1655 2015 1728 quod

418 1752 605 1820 habet,
639 1750 916 1806 auferetur
945 1747 1013 1804 ab
1054 1765 1148 1816 eo;
1185 1773 1202 1796 ι
1244 1748 1350 1805 hoc
1393 1755 1495 1817 est,
1525 1746 1800 1819 cogendus
1829 1745 2015 1801 forni-

419 1850 570 1901 cator
597 1855 807 1913 pannos
836 1855 948 1893 sua:
981 1837 1357 1910 corruptionis
1386 1835 1641 1908 abjicere,
1669 1835 2017 1907 compellen-

419 1932 524 1989 dus
551 1946 748 1987 avarus
775 1936 856 1984 est
885 1944 1081 2002 panem
1111 1945 1224 1984 suae
1253 1927 1574 2001 cupiditatis
1603 1941 1898 1999 exponere.

492 2039 548 2096 5.
591 2037 798 2096 Vereor
845 2045 1052 2104 autem,
1095 2037 1308 2104 fratres,
1360 2051 1428 2090 ne
1483 2034 1800 2106 evangelica
1855 2032 2017 2089 lectio

422 2130 696 2203 plerisque
724 2126 792 2182 de
820 2125 980 2181 vobis
1009 2132 1294 2196 congruat,
1327 2140 1447 2196 quae
1464 2124 1574 2180 ait:
1613 2148 1631 2169 ι
1662 2124 2019 2182 Cantavimus

423 2218 603 2286 vobis,
649 2225 704 2273 et
749 2232 860 2272 non
889 2214 1165 2270 saltastis:
1202 2214 1646 2282 lamentavimus,
1675 2222 1730 2269 et
1763 2229 1875 2269 non
1906 2213 2020 2285 plo-

425 2310 585 2366 rastis
633 2309 785 2381 (Luc.
835 2323 937 2374 vn,
992 2306 1104 2376 32).
1156 2331 1174 2353 ι
1227 2305 1643 2361 Annuntiamus
1685 2321 1814 2376 ergo
1861 2303 2020 2359 vobis

425 2401 578 2472 regni
625 2398 863 2456 caalestis
907 2396 1190 2469 gaudium,
1254 2404 1307 2451 et
1352 2395 1582 2451 minime
1627 2394 1792 2452 corda
1839 2402 2021 2449 vestra

427 2497 580 2546 motu
637 2488 875 2562 quodam
938 2485 1237 2543 alacritatis
1293 2486 1596 2542 exsultant:
1659 2482 2021 2557 praedicamus

427 2581 583 2638 triste
607 2579 906 2652 judicium,
940 2585 995 2632 et
1023 2594 1216 2634 sensus
1252 2577 1420 2633 vestri
1450 2576 1516 2632 ad
1551 2574 1927 2648 pcenitentiam
1963 2574 2019 2629 in

428 2672 700 2742 lacryntas
728 2684 839 2723 non
871 2673 1276 2738 prorumpunt;
1303 2665 1652 2721 infidelitatis
1677 2665 1824 2720 enim
1853 2681 2022 2736 genus

427 2769 510 2817 est
539 2759 596 2813 in
630 2757 842 2813 divinis
867 2756 1031 2812 rebus
1060 2773 1163 2812 nec
1189 2755 1422 2826 gaudere
1456 2754 1750 2826 prosperis,
1774 2770 1874 2810 nec
1894 2753 2022 2808 flere

429 2848 739 2906 contrariis.
771 2844 1126 2900 Saltationem
1159 2863 1286 2916 ergo
1325 2861 1356 2899 a
1386 2845 1547 2900 nobis
1578 2845 1810 2917 requirit
1839 2843 2022 2901 Domi-

432 2951 556 3000 nus,
588 2949 698 2988 non
724 2933 914 3002 utique
943 2931 1154 2986 sinuosi
1185 2931 1590 2987 volubilitatem
1621 2933 1889 3004 corporis,
1929 2931 2024 2988 sed

432 3019 752 3077 extollentis
776 3035 832 3073 se
866 3018 993 3074 fidei
1025 3019 1370 3076 sanctitatem
1401 3020 1540 3094 (38).
1575 3021 1727 3079 Sicut
1753 3023 1900 3078 enim
1931 3021 2026 3093 qui

432 3107 790 3181 corporaliter
831 3107 1015 3176 saltat,
1047 3125 1196 3164 nunc
1223 3125 1345 3164 aere
1374 3111 1748 3182 suspenditur,
1779 3114 1928 3168 nunc
1957 3109 2028 3167 ad

433 3198 633 3256 altiora
661 3197 924 3270 jactatur,
955 3215 1105 3255 nunc
1151 3199 1378 3255 alternis
1405 3199 1637 3256 saltibus
1667 3202 1785 3257 loca
1813 3200 2029 3256 diversa

435 3289 760 3347 collustrat:
809 3288 886 3344 ita
930 3295 984 3344 et
1035 3288 1130 3362 qui
1188 3288 1513 3360 spiritaliter
1563 3291 1744 3358 saltat,
1796 3289 2033 3346 interve-

435 3379 623 3436 niente
640 3379 768 3448 fide,
797 3377 961 3434 modo
983 3378 1040 3433 in
1061 3379 1206 3435 aeris
1223 3379 1565 3436 sublimitate
1594 3380 1845 3452 erigitur,
1868 3378 2032 3435 modo

436 3468 505 3525 ad
535 3468 778 3524 siderum
811 3467 1008 3521 altiora
1033 3469 1362 3537 sustollitur,
1382 3468 1546 3524 modo
1572 3468 1805 3524 diversis
1833 3467 2032 3539 cogita-

436 3559 654 3613 tionum
706 3555 938 3610 saltibus
999 3556 1314 3625 paradisum
1367 3559 1676 3629 coelumque
1723 3558 2031 3614 collustrat.

437 3645 510 3700 Et
531 3644 674 3699 sicut
694 3642 790 3714 qui
813 3641 1169 3713 corporaliter
1198 3644 1378 3711 saltat,
1402 3644 1751 3700 volubilitate
1767 3645 2036 3701 membro-

438 3749 560 3790 rum
610 3749 666 3789 se
707 3747 989 3800 exercens,
1041 3748 1237 3804 gyrum
1276 3732 1382 3788 sibi
1429 3733 1736 3790 saltationis
1779 3736 2034 3808 acquirit,

439 3823 519 3880 ita
545 3831 599 3880 et
640 3822 736 3896 qui
765 3820 1088 3894 spiritaliter
1133 3821 1314 3890 saltat,
1347 3821 1478 3878 ﬁdei
1505 3823 1787 3880 alacritate
1825 3840 2038 3899 semper

441 3932 498 3973 se
527 3930 776 3983 movens,
809 3929 1005 3986 gyrum
1036 3911 1143 3968 sibi
1171 3913 1344 3969 totius
1373 3913 1526 3970 orbis
1552 3914 1803 3972 assumit.

512 4025 565 4082 6.
598 4025 788 4082 Solent
816 4033 998 4082 autem
1043 4023 1315 4094 homines,
1361 4024 1504 4082 sicut
1547 4042 1666 4082 mos
1692 4035 1794 4096 est,
1827 4026 1884 4082 in
1925 4027 2039 4085 suis

442 4114 608 4182 votis,
641 4114 746 4170 hoc
777 4123 879 4183 est,
907 4115 1139 4186 nuptiis,
1168 4117 1441 4189 praecipue
1471 4116 1669 4174 saltare
1697 4119 1786 4173 vel
1814 4134 2035 4188 canere;

443 4201 591 4258 unde
620 4210 674 4258 et
701 4218 802 4258 nos
829 4201 1095 4260 habemus
1110 4205 1328 4261 votivas
1355 4205 1599 4278 nuptias,
1621 4206 1824 4280 quibus
1843 4208 2040 4265 saltare

444 4291 534 4346 vel
562 4305 756 4346 canere
785 4289 1101 4348 debeamus.
1148 4293 1291 4350 Vota
1335 4295 1482 4350 enim
1522 4305 1710 4354 nostra
1749 4298 2040 4355 celebran-

445 4387 557 4448 tur,
606 4378 826 4452 quando
871 4377 1091 4436 Christo
1140 4382 1388 4439 Ecclesia
1416 4387 1726 4456 copulatur,
1778 4388 1922 4444 sicut
1965 4389 2041 4444 ait

446 4469 716 4525 Joannes:
768 4493 786 4516 ε
830 4467 937 4535 Qui
982 4468 1147 4526 habet
1174 4487 1449 4544 sponsam,
1482 4489 1714 4544 sponsus
1743 4483 1826 4531 est
1856 4477 2038 4547 (Joan.

447 4577 530 4629 ιιι,
563 4558 678 4630 29).
710 4584 729 4606 ι
773 4559 1003 4632 Propter
1031 4559 1130 4616 has
1158 4576 1286 4632 ergo
1317 4562 1538 4633 nuptias
1567 4564 1762 4620 saltare
1785 4581 1886 4622 nos
1913 4582 2040 4622 con-

447 4649 619 4705 venit.
643 4649 927 4723 Siquidem
960 4649 1138 4705 David
1156 4665 1253 4705 rex
1285 4651 1489 4721 pariter
1517 4659 1570 4707 et
1598 4653 1886 4726 propheta,
1915 4673 2042 4713 cum

445 4741 624 4797 multa
651 4740 936 4808 cecinerit,
969 4747 1096 4796 ante
1139 4756 1319 4796 arcam
1369 4741 1700 4799 Testamenti
1729 4745 1892 4802 etiam
1941 4749 2042 4804 sal-

447 4839 588 4888 tasse
625 4830 835 4889 dicitur
875 4831 966 4902 (ΙΙ
999 4832 1125 4901 Reg.
1156 4847 1236 4899 v1,
1271 4831 1398 4904 14);
1433 4833 1608 4892 elatus
1645 4835 1793 4892 enim
1824 4837 2041 4910 gaudio,

447 4920 506 4976 in
533 4921 884 4978 saltationem
915 4920 1259 4993 prorumpit:
1293 4923 1628 4993 praevidebat
1661 4927 1805 4982 enim
1839 4927 1897 4982 in
1924 4929 2047 5000 spi—

449 5011 561 5066 ritu
607 5011 836 5066 Mariam
877 5009 945 5066 de
992 5011 1242 5084 germine
1283 5029 1382 5068 suo
1426 5011 1632 5070 Christi
1677 5016 1921 5072 thalamo
1965 5034 2046 5074 so-

447 5099 724 5160 ciandam.
752 5101 907 5158 Unde
936 5101 1013 5156 ait
1042 5101 1189 5172 ipse:
1234 5126 1252 5150 ι
1282 5102 1353 5157 Et
1382 5102 1497 5174 ipse
1525 5111 1789 5178 tanquam
1818 5123 2049 5178 sponsus

449 5189 755 5264 procedens
783 5188 850 5245 de
897 5187 1141 5245 thalamo
1188 5206 1288 5246 suo
1320 5191 1495 5262 (Psal.
1533 5210 1699 5263 xvm,
1730 5194 1810 5266 6).
1845 5221 1863 5243 ι
1922 5196 2050 5252 Ideo

450 5279 566 5354 ipse
635 5296 746 5352 prae
813 5278 1025 5334 caeteris
1081 5279 1498 5352 prophetiarum
1550 5284 1866 5341 auctoribus
1927 5286 2050 5358 plus

449 5370 733 5437 cantavit;
777 5369 908 5441 quia
943 5369 1122 5426 laetior
1167 5370 1382 5428 cunctis
1415 5387 1511 5442 per
1553 5371 1671 5431 haec
1702 5375 1898 5446 gaudia
1926 5393 2053 5430 suos

451 5464 698 5528 posteros
743 5454 1073 5528 conjugabat
1127 5473 1138 5512 :
1203 5465 1256 5512 et
1307 5457 1376 5514 ad
1433 5459 1654 5531 propria
1701 5469 1830 5516 vota
1889 5461 2054 5517 solito

453 5545 673 5604 dulcius
703 5546 977 5616 invitans,
1019 5547 1209 5605 docuit
1245 5564 1346 5604 nos
1388 5547 1522 5620 quid
1568 5548 1626 5604 in
1662 5549 1796 5621 ipsis
1843 5551 2054 5623 nuptiis

2043 1885 2090 1947 B

2064 3249 2107 3309 C

2118 585 2485 644 exsultatione
2539 582 2840 639 saltaverit.
2893 583 3037 636 Ante
3084 595 3266 635 arcam
3317 592 3452 648 ergo
3498 575 3720 631 saltavit

2119 676 2383 748 propheta
2429 673 2641 730 David:
2691 688 2869 728 arcam
2922 679 3102 726 autem
3156 669 3292 743 quid
3331 668 3444 724 nisi
3477 675 3718 724 sanctam

2118 765 2340 819 Mariam
2378 761 2685 818 dixerimus
2713 761 2742 816 ‘l
2771 759 3053 833 Siquidem
3077 775 3203 814 arca
3235 756 3582 812 intrinsecus
3611 771 3721 826 por-

2121 852 2270 909 tabat
2298 851 2628 907 Testamenti
2651 850 2885 917 tabulas,
2918 849 3090 905 Maria
3117 855 3301 902 autem
3334 846 3516 918 ipsius
3548 847 3721 901 Testa-

2120 941 2294 998 menti
2326 941 2566 1013 gestabat
2607 938 2920 994 haaredem:
2975 937 3072 993 illa
3113 938 3262 993 intra
3299 944 3480 992 semet
3531 936 3722 1007 legem,

2121 1031 2238 1087 haec
2259 1030 2624 1102 Evangelium
2654 1027 2962 1094 retinebat;
2993 1027 3089 1081 illa
3117 1027 3217 1081 Dei
3238 1040 3436 1081 vocem
3467 1022 3723 1090 habebat,

2121 1119 2238 1176 haec
2300 1120 2563 1177 Verbum.
2624 1118 3016 1174 Verumtamen
3087 1131 3213 1171 arca
3273 1115 3426 1170 intus
3489 1113 3728 1186 forisque

2120 1209 2240 1264 auri
2271 1210 2448 1265 nitore
2471 1207 2736 1275 radiabat,
2771 1206 2866 1262 sed
2896 1214 2950 1261 et
2977 1214 3164 1262 sancta
3185 1204 3359 1262 Maria
3390 1204 3549 1258 intus
3579 1203 3728 1258 foris-

2122 1315 2227 1371 que
2255 1298 2591 1371 virginitatis
2619 1297 2910 1370 splendore
2936 1295 3181 1368 fulgebat
3209 1311 3223 1351 :
3257 1294 3360 1350 illa
3388 1301 3620 1349 terreno
3647 1309 3728 1348 or-

2122 1388 2356 1444 nabatur
2383 1404 2538 1456 auro,
2572 1386 2678 1443 ista
2702 1385 2932 1442 caelesti.

2607 1527 2755 1586 448
2780 1521 3014 1579 SERMO
3048 1520 3242 1577 XLIII.

2123 1621 2430 1694 lncrepatio
2472 1620 2540 1677 ad
2589 1620 2854 1693 populum
2904 1617 3051 1747 qpeotd
3107 1617 3418 1676 Ecclesiam
3469 1631 3587 1672 non
3632 1612 3730 1670 fre-

2795 1707 2938 1747 uuen
3029 1735 3040 1747 .

2795 1707 3040 1763 quenter.

2123 1799 2306 1870 Magni
2333 1798 2442 1853 viri
2477 1798 2613 1853 hunc
2637 1814 2924 1870 sermonem
2964 1797 3237 1870 Ambrosii
3275 1813 3383 1852 esse
3409 1797 3735 1870 existimem

2196 1869 2285 1938 les,
2315 1870 2613 1936 concilium,
2649 1869 2801 1938 cujus
2831 1869 2887 1923 in
2914 1887 2970 1924 eo
3017 1869 3210 1924 mentio
3253 1875 3455 1936 exstat,
3497 1886 3608 1924 non
3637 1869 3733 1922 nisi

2199 1941 2532 2013 Aquileiense
2577 1941 2790 2013 ropinali
2845 1948 2986 1996 sunt.
3041 1941 3139 1998 Sed
3195 1949 3255 1996 ut
3287 1942 3472 2012 potius
3519 1941 3585 1995 de
3647 1941 3733 1994 hoc

2198 2012 2357 2084 quam
2404 2013 2466 2067 de
2506 2012 2615 2067 alio
2653 2013 2742 2083 agi
2782 2013 3053 2081 credatur,
3100 2013 3238 2067 nihil
3280 2013 3539 2067 occurrit.
3589 2013 3732 2084 Quod

2199 2083 2373 2141 autem
2437 2085 2669 2138 eumdem
2725 2101 3016 2139 sermonem
3083 2101 3186 2156 pro
3210 2084 3598 2156 Ambrosiam
3656 2083 3734 2137 illi

2201 2157 2515 2223 habuerunt,
2552 2156 2708 2226 ﬁdem
2744 2155 3031 2210 editionum
3069 2155 3168 2210 hac
3197 2155 3254 2210 in
3299 2173 3358 2211 re
3395 2158 3557 2211 secuti
3595 2161 3734 2209 sunt.

2204 2229 2461 2285 Craterum
2497 2233 2556 2281 ut
2599 2244 2703 2282 non
2747 2228 2984 2282 dicamus
3014 2228 3170 2282 illum
3201 2228 3432 2282 inveniri
3473 2227 3526 2281 in
3562 2226 3734 2296 antiq.

2200 2301 2313 2355 cod.
2349 2301 2492 2355 Gall.
2537 2297 2688 2369 cujus
2714 2316 2973 2354 sermones
3001 2316 3176 2354 omnes
3205 2300 3517 2354 tribuuntur
3539 2298 3739 2368 Augu-

2200 2372 2358 2439 stino,
2388 2371 2524 2425 nihil
2569 2375 2616 2424 ei
2639 2388 2801 2441 neque
2830 2372 2885 2425 in
2929 2373 3062 2441 stle
3105 2389 3269 2442 neque
3317 2372 3376 2426 in
3420 2375 3734 2442 argumento

2200 2444 2352 2511 inest,
2383 2443 2523 2513 quod
2550 2442 2832 2498 Ambrosio
2852 2451 3030 2498 nostro
3046 2444 3338 2499 conveniat.

2205 2575 2255 2630 1.
2304 2572 2592 2641 Deberem,
2650 2572 2865 2640 fratres,
2923 2579 3045 2644 post
3089 2572 3194 2628 hos
3256 2571 3572 2643 complures
3624 2569 3742 2625 dies

2132 2663 2343 2737 aliquid
2374 2662 2596 2718 uberius
2626 2661 2945 2734 praedicare,
2976 2671 3030 2718 et
3056 2669 3337 2718 revertens
3367 2677 3398 2715 a
3427 2667 3583 2716 tanto
3615 2675 3743 2714 exa-

2134 2754 2283 2810 mine
2313 2753 2682 2820 sacerdotum,
2714 2752 2866 2808 dulci
2896 2768 2996 2808 vos
3030 2767 3283 2807 sermone
3311 2748 3556 2806 reﬁcere.
3593 2749 3742 2803 Bene

2133 2842 2276 2910 dixi,
2305 2841 2560 2898 examine
2589 2839 2934 2896 sacerdotum
2961 2859 2972 2895 :
3004 2839 3133 2912 quia
3163 2840 3305 2896 sicut
3343 2853 3470 2910 apes
3496 2837 3567 2893 de
3599 2835 3743 2891 dui-

2135 2948 2332 2988 narum
2378 2932 2785 3004 Scripturarum
2838 2931 3080 2987 ﬂosculis
3109 2932 3300 2986 suavia
3346 2929 3507 2985 mella
3548 2928 3746 2986 conﬁ-

2135 3024 2312 3092 ciunt,
2361 3032 2416 3080 et
2446 3023 2717 3097 quidquid
2765 3023 2832 3078 ad
2873 3022 3206 3079 medicinam
3249 3021 3486 3094 pertinet
3524 3021 3746 3076 anima-

2138 3130 2282 3181 rum,
2313 3113 2425 3168 oris
2468 3114 2554 3169 sui
2595 3121 2708 3169 arte
2736 3120 3098 3184 componunt.
3139 3113 3303 3170 Recte
3349 3118 3752 3183 comparantur

2141 3206 2338 3278 apibus
2384 3204 2711 3272 sacerdotes,
2747 3205 2876 3278 quia
2919 3206 3063 3261 sicut
3105 3220 3232 3276 apes
3262 3203 3570 3260 castitatem
3613 3216 3754 3256 cor-

2142 3293 2290 3366 poris
2349 3293 2672 3366 praaferunt,
2729 3293 2914 3349 cibum
2971 3294 3100 3348 vitae
3154 3292 3389 3348 ccelestis
3443 3289 3753 3358 exhibent,

2141 3385 2390 3440 aculeum
2427 3384 2559 3456 legis
2610 3392 2897 3451 exercent;
2951 3383 3076 3456 puri
3122 3383 3270 3439 enim
3317 3382 3384 3438 ad
3419 3380 3749 3438 sanctiﬁca-

2142 3477 2372 3546 tionem,
2427 3494 2620 3533 suaves
2693 3478 2760 3533 ad
2817 3477 3194 3545 refectionem,
3251 3475 3422 3532 severi
3482 3481 3624 3529 sunt
3686 3473 3756 3529 ad

2143 3567 2433 3623 ultionem.
2464 3566 2680 3639 Apibus
2703 3568 2864 3640 plane
2893 3575 3024 3624 sunt
3054 3563 3427 3640 comparandi,
3461 3564 3558 3637 qui
3593 3564 3758 3619 velut

2144 3656 2385 3712 alvcario
2417 3656 2655 3729 quodam
2693 3656 2867 3727 gratia
2914 3656 3106 3712 matris
3152 3654 3408 3712 Ecclesiae
3451 3653 3756 3710 continen-

2145 3754 2256 3815 tur,
2286 3748 2345 3803 in
2389 3764 2498 3819 qua
2543 3748 2890 3803 diversorum
2923 3748 3245 3804 meritorum
3275 3745 3498 3802 cellulas
3522 3744 3756 3801 dulcis-

2146 3835 2302 3892 simis
2332 3835 2820 3908 praedicationibus
2863 3845 3273 3910 componentes,
3308 3833 3373 3891 de
3417 3850 3529 3890 uno
3558 3833 3754 3889 Salva.

2145 3925 2283 3981 toris
2320 3926 2574 3983 examine
2616 3925 3058 3985 Christianorum
3095 3924 3352 3982 examina
3397 3925 3574 3980 multa
3632 3940 3755 3998 pro-

2146 4015 2377 4073 ducunt.

2217 4103 2268 4161 2.
2313 4103 2450 4163 Cum
2483 4119 2719 4178 semper,
2750 4103 2965 4174 fratres,
3008 4119 3122 4160 non
3150 4100 3478 4161 cessaverim
3521 4117 3629 4159 vos
3660 4118 3754 4176 pa-

2147 4202 2303 4250 terna
2341 4194 2545 4268 pietate
2590 4194 2885 4267 corripere,
2934 4195 3108 4250 miror
3137 4194 3282 4250 nihil
3331 4210 3430 4250 vos
3483 4201 3568 4249 tot
3614 4193 3755 4250 meis

2148 4283 2680 4342 commonitionibus
2708 4283 3025 4357 profecisse,
3059 4292 3113 4340 et
3139 4283 3302 4340 doleo
3317 4281 3466 4357 quod
3492 4282 3758 4355 frequens

2151 4374 2470 4447 praedicatio
2523 4390 2643 4430 mea
2691 4391 2802 4430 non
2859 4390 2959 4430 vos
3010 4372 3261 4446 profectu
3312 4373 3502 4445 aliquo
3553 4373 3756 4428 salutis

2149 4463 2408 4536 corrigat,
2439 4463 2535 4519 sed
2574 4463 2809 4536 quadam
2839 4463 3259 4520 contestationis
3291 4478 3454 4535 poena
3480 4462 3760 4518 constrin-

2149 4561 2256 4626 gat.
2306 4552 2633 4609 Pradicatio
2665 4553 2813 4608 enim
2860 4552 3160 4610 sacerdotis
3189 4552 3248 4608 in
3285 4552 3446 4624 plebe
3474 4551 3762 4608 salvandis

2152 4650 2233 4698 est
2278 4641 2570 4710 correctio,
2615 4650 2669 4698 et
2719 4643 3046 4700 contestatio
3090 4641 3444 4714 judicandis;
3481 4649 3764 4699 contesta-

2153 4748 2278 4788 mur
2325 4731 2473 4788 enim
2522 4731 2636 4789 illis
2681 4741 2807 4789 ante
2829 4733 3132 4805 judicium,
3182 4732 3331 4805 quod
3372 4732 3505 4788 illos
3543 4738 3764 4787 maneat

2155 4822 2212 4878 in
2243 4822 2361 4894 ipso
2377 4820 2618 4893 judicio;
2653 4831 2715 4879 ut
2747 4831 2883 4879 tunc
2912 4823 3065 4880 omni
3090 4822 3452 4878 excusatione
3485 4821 3766 4889 submota,

2155 4922 2209 4968 et
2254 4913 2332 4967 rei
2381 4912 2494 4969 sint
2527 4912 2595 4969 de
2633 4913 2888 4985 peccatis,
2939 4923 2994 4970 et
3039 4913 3267 4969 obnoxii
3318 4912 3387 4968 de
3415 4920 3764 4985 contemptu.

2156 5002 2311 5059 Unde
2336 5010 2390 5057 et
2420 5018 2518 5074 ego
2547 5002 2828 5059 interdum
2877 5019 3104 5075 parcens
3133 5001 3294 5058 vobis
3337 5009 3521 5058 tacere
3552 5002 3717 5057 velim
3747 5020 3763 5056 :

2157 5091 2255 5148 sed
2287 5093 2432 5147 malo
2462 5109 2560 5148 vos
2589 5092 2950 5149 contumaciae
2978 5108 3166 5149 causas
3194 5092 3445 5160 reddere,
3480 5107 3648 5165 quam
3678 5105 3769 5144 me

2159 5178 2506 5252 negligentiae
2530 5181 2799 5236 sustinere
2825 5179 3122 5251 judicium.

2231 5282 2282 5337 3.
2341 5282 2596 5354 Comperi
2639 5283 2806 5351 enim,
2863 5282 3076 5351 fratres,
3124 5279 3273 5354 quod
3309 5297 3408 5352 per
3457 5278 3767 5336 absentiam

2161 5389 2337 5429 meam
2386 5372 2461 5430 ita
2503 5375 2611 5430 rari
2663 5376 2864 5448 quique
2919 5374 2988 5430 ad
3035 5373 3346 5430 Ecclesiam
3391 5371 3654 5440 veniatis,
3692 5373 3772 5427 ita

2163 5463 2320 5536 pauci
2352 5464 2653 5521 admodum
2684 5463 3013 5538 procedatis,
3045 5462 3205 5536 quasi
3231 5477 3320 5518 me
3348 5460 3764 5535 proﬁciscente,

2164 5569 2379 5611 mecum
2426 5555 2633 5628 pariter
2676 5554 2961 5623 veneritis,
2993 5561 3049 5612 et
3095 5553 3253 5627 quasi
3289 5569 3417 5611 cum
3474 5553 3776 5611 necessita-

526 5724 647 5799 (38)
677 5723 932 5785 Valliscl.
960 5726 1111 5796 cod.,
1141 5728 1230 5786 sed
1258 5727 1704 5788 extollentissimce
1729 5729 1853 5801 ﬁdei
1881 5730 2224 5789 sanctitatem.
