3864 6188
135 372 226 428 713
938 372 1308 431 SERMONES
1345 373 1400 430 S.
1441 373 1799 432 AMBROSIO
1839 375 2208 434 HACTENUS
2245 378 2580 437 ASCRIPTI.

3307 386 3411 442 714

126 495 264 553 tibus
293 511 393 568 ego
427 496 732 570 pertrahor,
787 511 886 552 vos
915 513 1129 555 mecum
1156 499 1389 556 traxerit
1436 500 1555 571 ipsa
1595 515 1703 556 ne-
1730 503 1782 562 Α
1810 499 2066 573 religiosa
2108 502 2416 575 castigatio,
2473 520 2636 577 quam
2679 503 2882 564 blanda
2933 507 3206 566 remissio.
3257 509 3413 568 Unde

126 585 359 641 cessitas.
418 585 630 640 Pariter
657 602 783 657 ergo
812 602 842 642 a
870 585 1035 642 domo
1073 588 1172 643 Dei
1201 589 1453 644 absentes
1495 604 1709 659 sumus,

126 672 213 728 sed
271 672 378 729 hoc
431 672 679 741 interest,
727 674 874 748 quod
929 692 1016 731 me
1071 676 1352 732 absentem
1417 678 1711 734 necessitas

125 761 308 830 eIIicit,
367 779 465 820 vos
525 765 803 821 voluntas.
861 765 1094 822 Nescitis
1153 766 1284 838 quia
1333 767 1433 822 etsi
1491 784 1589 839 ego
1643 767 1711 823 ab

125 851 368 908 Ecclesia
413 852 628 922 desum,
682 852 932 910 Christus
956 853 1023 910 ab
1061 855 1307 911 Ecclesia
1331 872 1447 926 sua,
1497 855 1591 929 qui
1630 863 1712 911 est

124 941 346 1014 ubique,
401 961 512 1000 non
539 945 738 1000 deest?
786 945 975 1014 Venis,
1034 946 1222 1015 frater,
1271 947 1338 1003 ad
1387 947 1710 1017 Ecclesiam,

123 1048 230 1086 non
262 1033 481 1090 invenis
527 1034 606 1090 ibi
655 1035 1009 1108 episcopum:
1057 1037 1150 1092 sed
1191 1039 1238 1093 si
1268 1038 1505 1094 ﬁdeliter
1534 1039 1708 1107 venis,

125 1121 368 1177 invenies
415 1122 491 1177 ibi
533 1123 913 1196 episcoporum
965 1127 1282 1198 episcOpum
1346 1128 1707 1184 Salvatorem.

121 1214 250 1269 Nam
306 1212 656 1271 Christianus
726 1215 822 1287 qui
877 1223 1012 1272 tunc
1061 1223 1275 1274 tantum
1348 1220 1596 1292 procedit
1643 1219 1712 1275 ad

123 1304 441 1372 Ecclesiam,
474 1303 693 1376 quando
722 1303 1011 1376 episcopus
1035 1321 1273 1377 praesens
1302 1314 1403 1377 est,
1459 1325 1572 1364 non
1598 1315 1711 1364 tam

118 1390 215 1447 Dei
245 1408 410 1448 causa
455 1391 675 1447 videtur
703 1393 1030 1464 processisse
1076 1410 1238 1466 quam
1279 1395 1558 1453 hominis:
1613 1412 1714 1453 nec

121 1480 372 1554 implesse
402 1480 694 1538 christiani
723 1481 976 1539 timentis
1006 1482 1272 1554 ofﬁcium,
1302 1485 1398 1542 sed
1426 1485 1592 1542 amici
1623 1483 1713 1542 de-

119 1569 346 1626 ferentis
373 1570 719 1643 obsequium.

185 1658 238 1715 4.
281 1659 428 1726 Quid
458 1668 640 1716 autem
682 1677 781 1733 ego
833 1679 934 1719 vos
976 1679 1169 1736 arguo,
1210 1679 1335 1721 cum
1376 1665 1597 1737 possitis
1625 1681 1713 1722 me

119 1764 225 1804 uno
253 1765 506 1805 sermone
544 1751 874 1808 convincere
924 1752 1001 1825 (q.
1053 1771 1116 1822 1.,
1160 1770 1209 1810 ο.
1268 1753 1408 1821 Quid
1454 1753 1713 1826 autem)?

1819 587 1895 645 ait
1927 589 2190 662 propheta
2222 608 2234 647 :
2282 617 2299 639 ι
2333 593 2592 649 Dulciora
2620 602 2748 650 sunt
2768 596 3001 652 vulnera
3028 597 3214 668 amici,
3245 615 3412 673 quam

1820 679 2134 737 voluntaria
2163 683 2350 738 oscula
2379 684 2593 741 inimici
2623 685 2808 756 (Prov.
2842 704 3023 760 xxvri,
3055 689 3135 761 6).
3171 714 3189 739 ι

1891 769 1943 824 3.
1993 771 2187 843 Igitur,
2244 774 2457 842 fratres,
2521 774 2651 848 quia
2713 785 2834 849 post
2885 786 2969 835 tot
3023 779 3414 854 increpationis

1823 873 1956 914 meae
2003 860 2166 915 utilia
2218 863 2386 919 verba
2429 865 2592 921 credo
2647 882 2744 922 vos
2771 865 3109 940 benignitate
3155 887 3413 928 sensuum

1823 946 2137 1017 profecisse,
2199 951 2268 1007 de
2321 953 2490 1010 sacris
2562 954 2761 1011 litteris
2808 956 2995 1030 aliqua
3047 960 3412 1016 conferamus.

1823 1035 1975 1092 Sicut
2003 1037 2151 1094 enim
2210 1039 2354 1106 fons,
2413 1042 2508 1115 qui
2567 1060 2676 1099 non
2707 1044 2872 1102 solito
2901 1044 3134 1103 humore
3163 1047 3415 1118 distillat,

1823 1126 2132 1198 exagitatur
2185 1130 2442 1199 surculis,
2496 1137 2548 1186 et
2607 1132 2685 1188 ita
2736 1134 2941 1206 largior
3000 1135 3307 1208 invenitur,
3355 1154 3419 1195 ac

1822 1215 2061 1286 primum
2092 1234 2162 1273 ex
2215 1235 2278 1274 eo
2329 1219 2552 1277 turbida
2595 1238 2738 1296 aqua
2787 1224 3131 1296 producitur,
3179 1234 3244 1284 ut
3270 1226 3419 1284 unda

1822 1305 2013 1376 purior
2057 1307 2461 1382 subsequatur:
2516 1311 2598 1370 sic
2653 1329 2780 1387 ergo
2823 1322 2878 1372 et
2922 1317 3184 1374 sanctitas
3237 1324 3419 1376 vestra

1823 1403 2142 1468 exasperata
2172 1397 2397 1470 quidem
2429 1399 2609 1458 fuerat
2657 1403 2977 1462 austeritate
3005 1405 3297 1475 sermonis,
3323 1405 3419 1465 sed

1823 1485 2075 1543 devotior
2102 1487 2248 1544 facta
2274 1496 2356 1545 est
2399 1488 2694 1549 dulcedine
2739 1494 2980 1567 pietatis.
3013 1495 3418 1554 Turbulentum

1823 1575 1972 1631 enim
2029 1575 2294 1649 quiddam
2342 1580 2512 1637 vestri
2564 1581 2736 1640 animi
2793 1583 3028 1642 forsitan
3083 1585 3416 1656 retinebant,

1821 1664 1916 1720 sed
1939 1664 2055 1737 jam
2077 1683 2148 1724 ex
2177 1668 2376 1726 vestris
2405 1671 2652 1730 moribus
2673 1672 2898 1747 proﬂuit
2921 1691 3087 1734 omne
3119 1676 3268 1751 quod
3306 1693 3419 1751 pu-

1821 1768 1945 1809 rum
1967 1761 2068 1811 est.

117 1839 432 1898 Convincor
473 1842 620 1898 enim
671 1860 796 1899 cum
841 1843 898 1899 in
936 1843 1037 1900 hac
1085 1853 1238 1916 parte
1279 1845 1509 1904 clericos
1553 1844 1713 1902 vobis
1741 1871 1788 1931 B
1891 1850 1945 1907 4.
1978 1851 2280 1911 Videamus
2317 1871 2445 1929 ergo
2475 1857 2607 1930 quid
2636 1859 2709 1915 sit
2733 1859 2880 1933 quod
2909 1861 2988 1918 ait
3011 1861 3080 1918 ad
3116 1861 3418 1936 discipulos

115 1930 286 2003 magis
342 1930 507 1989 video
549 1932 905 2004 negligentes.
954 1931 1240 1999 Quomodo
1297 1933 1443 1992 enim
1487 1951 1711 2007 possum

84 2091 88 2093 ἢ
113 2022 392 2095 corrigere
421 2022 586 2092 ﬁlios,
619 2039 744 2080 cum
778 2023 972 2080 fratres
1003 2024 1292 2082 emendare
1320 2043 1428 2082 non
1461 2027 1712 2099 possim?

113 2118 207 2166 aut
237 2127 349 2184 qua
380 2110 582 2168 ﬁducia
611 2128 958 2168 succenseam
993 2113 1170 2182 laicis,
1219 2132 1346 2171 cum
1399 2132 1430 2171 a
1475 2133 1714 2172 consor-

112 2200 263 2256 tibus
292 2199 524 2271 pudoris
551 2199 884 2256 verecundia
911 2201 1274 2259 conticescam
1296 2204 1324 2260 i
1355 2205 1472 2276 Ego
1502 2211 1716 2274 autem,

110 2290 334 2357 fratres,
365 2305 477 2343 non
502 2287 569 2344 de
597 2289 857 2344 omnibus
885 2290 1098 2361 loquor.
1141 2291 1283 2347 Sunt
1311 2300 1458 2350 certe
1484 2293 1711 2366 quidam

112 2380 326 2447 devoti,
381 2387 510 2436 sunt
539 2386 592 2435 et
622 2379 717 2434 alii
752 2380 1086 2452 negligentes
1110 2400 1121 2437 :
1169 2399 1267 2454 ego
1296 2383 1574 2440 neminem
1603 2401 1715 2442 no-

116 2470 288 2539 mino,
321 2468 668 2528 conscientia
689 2485 789 2525 sua
815 2486 1264 2544 unumquemque
1292 2473 1604 2531 conveniat.

685 2593 920 2652 SERMO
959 2596 1154 2654 XLIV.

275 2693 408 2752 Post
443 2692 874 2766 increpationem
906 2693 1127 2750 allectio
1157 2693 1225 2750 ad
1261 2697 1546 2768 populum.

121 2814 360 2871 Habetur
390 2814 476 2868 hic
505 2831 674 2869 sermo
704 2813 798 2868 sub
827 2814 922 2868 hac
950 2812 1290 2871 inscriptione
1321 2813 1379 2867 in
1406 2829 1531 2868 mss.
1569 2812 1712 2870 Gali.

185 2893 344 2956 atque
377 2886 588 2956 Lugd.;
630 2886 689 2940 in
715 2891 813 2940 vet.
862 2891 1036 2939 autem
1065 2884 1188 2940 edit.
1228 2902 1329 2956 pro
1367 2884 1586 2940 allectio
1620 2900 1715 2955 po-

183 2955 336 3012 nitur
363 2955 712 3014 consolatio:
765 2962 821 3011 at
850 2957 1005 3012 Rom.
1065 2958 1187 3012 edit.
1233 2957 1445 3011 titulum
1486 2955 1579 3026 qui
1611 2972 1716 3010 non

183 3036 289 3084 tam
315 3045 479 3107 sensu
507 3045 669 3099 quam
701 3028 874 3082 verbis
895 3027 1137 3107 distaret,
1168 3028 1518 3107 concinnavit.
1560 3027 1714 3107 Hanc

177 3117 300 3156 vero
325 3101 630 3155 concionem
658 3100 1062 3171 pronuntiatam
1107 3117 1212 3154 esse
1249 3105 1367 3170 post
1391 3100 1714 3170 superiorem

175 3189 282 3226 non
335 3170 707 3242 ambigimus;
753 3170 965 3241 ejusque
1009 3178 1276 3226 auctorem
1329 3171 1591 3226 nonnulla
1623 3187 1714 3242 ex

176 3240 511 3314 Hieronymo
536 3260 650 3314 cap.
702 3242 781 3314 627
816 3240 1229 3312 in'Mattheum,
1276 3243 1459 3314 plura,
1484 3259 1548 3314 ea;
1591 3240 1715 3296 Am-

174 3315 349 3371 brosio
385 3313 511 3370 ilib.
553 3313 613 3368 xi
661 3314 718 3369 in
765 3313 991 3382 Lucam,
1033 3331 1182 3371 num.
1233 3315 1268 3370 9

177 3392 385 3466 tuatum
414 3386 708 3466 cernimus,
753 3401 905 3466 quem
948 3391 1007 3466 ut
1047 3385 1216 3441 alium
1251 3385 1604 3441 existimemus
1648 3385 1715 3441 ab

183 3458 508 3526 Ambrosio,
540 3463 724 3512 cuncta
752 3457 1024 3513 inducunt.

170 3566 219 3623 1.
260 3565 538 3624 Amarior
566 3565 797 3622 fortasse
828 3565 996 3622 fuerit
1020 3563 1327 3638 increpatio
1374 3581 1496 3621 mea
1541 3581 1714 3640 supe-

99 3653 339 3713 rioribus
366 3653 891 3730 praedicationibus,
950 3654 1099 3728 quod
1148 3654 1439 3728 plerosque
1485 3655 1553 3711 de
1598 3672 1708 3711 vo-

98 3742 177 3800 bis
210 3745 328 3818 (39)
363 3745 567 3805 acrius
595 3743 893 3816 magisterii
925 3745 1217 3802 severitate
1247 3743 1625 3812 convenerim,
1655 3751 1711 3800 et

99 3832 195 3888 sim
226 3843 575 3908 prosecutus
613 3849 733 3907 quae
777 3838 924 3896 449
977 3833 1277 3907 aliquantis
1323 3849 1436 3889 non
1479 3830 1711 3888 blandi-

61 3999 74 4006 _
99 3942 279 3990 menta
320 3933 639 4001 deferrent,
670 3932 764 3989 sed
813 3931 1095 3989 tristitiam
1143 3932 1466 4005 irrogarent.
1499 3931 1707 3989 Verum

103 4021 241 4078 nihil
273 4041 401 4081 mea
428 4024 703 4090 interest;
754 4039 854 4095 ego
893 4021 1042 4079 enim
1073 4022 1280 4094 gaudeo
1325 4021 1504 4079 sciens
1530 4021 1705 4080 disci-

101 4115 214 4184 puli
242 4116 546 4173 tristitiam
579 4113 825 4188 magistri
868 4129 985 4171 esse
1024 4113 1297 4171 laetitiam.
1352 4114 1508 4171 Tunc
1557 4117 1706 4172 enim

100 4203 319 4262 auditor
348 4204 604 4279 proﬁcit,
648 4204 868 4278 quando
897 4205 1200 4262 austeriora
1227 4205 1522 4262 annuntiat
1558 4221 1706 4278 prae-

99 4292 350 4354 dicator:
387 4305 535 4355 tunc
594 4295 645 4351 ei
703 4297 852 4352 salus
907 4295 1170 4369 gignitur,
1207 4295 1426 4369 quando
1480 4294 1708 4351 tristitia

99 4386 513 4443 emendationis
545 4383 855 4457 ingeritur;
889 4383 1028 4440 dicit
1058 4383 1208 4440 enim
1233 4383 1426 4440 beatus
1456 4386 1706 4456 Aposto-

98 4471 220 4530 lus:
299 4475 493 4534 «Nam
549 4491 670 4548 quae
727 4474 1031 4531 secundum
1089 4475 1267 4530 Deum
1325 4479 1406 4530 est
1456 4473 1702 4543 tristitia,

1350 3320 1397 3368 et
1441 3313 1530 3380 97,
1587 3329 1718 3368 mu-

1779 3823 1782 3826 ’
1819 3832 2062 3890 nominis
2112 3833 2395 3890 Dominici
2441 3834 2756 3891 unitatem:

1820 1955 1948 1996 suos
1977 1941 2250 2000 Dominus
2283 1961 2296 1999 :
2338 1968 2357 1992 ι
2395 1944 2508 2002 Vos
2539 1955 2720 2004 autem
2768 1964 2930 2022 quem
2969 1966 3058 2006 me
3086 1965 3201 2008 esse
3230 1951 3418 2010 dicitis

1824 2027 2036 2099 (Matth.
2066 2046 2184 2100 xvr,
2239 2031 2384 2104 ιδῃ
2412 2055 2430 2080 ι
2489 2034 2606 2091 Non
2657 2035 2828 2108 igitur
2879 2045 3142 2112 tanquam
3196 2040 3418 2113 ignarus

1823 2116 2125 2192 interrogat
2156 2120 2448 2192 Dominus,
2478 2124 2614 2197 quid
2638 2125 2706 2182 de
2733 2142 2798 2182 eo
2827 2128 3016 2201 populi
3047 2127 3417 2204 discipulique

1822 2212 2091 2268 sentirent
2121 2231 2132 2269 :
2166 2213 2260 2271 sed
2287 2222 2551 2291 tanquam
2582 2218 2760 2276 sciens
2815 2219 3201 2278 universorum
3251 2238 3418 2279 men-

1822 2306 1922 2370 tes,
1955 2300 2119 2358 ﬁdem
2151 2305 2503 2362 manifestare
2531 2308 2709 2364 voluit
2737 2308 3082 2381 singulorum
3109 2329 3123 2378 ;
3174 2319 3237 2368 ut
3269 2312 3419 2386 quod

1822 2388 1987 2445 corde
2040 2390 2338 2448 credebant
2382 2395 2705 2465 Dominum,
2775 2397 2871 2453 alii
2947 2399 3262 2467 Jeremiam,
3321 2401 3417 2458 alii

1823 2479 2088 2537 Joannem
2147 2483 2471 2555 Baptistam,
2518 2486 2709 2544 Petrus
2773 2489 2921 2544 solus
2973 2489 3257 2547 Christum
3315 2492 3416 2549 Dei

1825 2569 2030 2626 Filium
2077 2573 2390 2631 conﬁtetur.
2439 2575 2653 2633 Gradus
2700 2577 2923 2649 quidam
2981 2587 3112 2637 sunt
3156 2581 3309 2651 ﬁdei,
3362 2589 3418 2640 et

1825 2659 1923 2732 qui
1951 2659 2208 2718 devotius
2235 2663 2432 2732 credit,
2459 2664 2772 2738 religiosius
2799 2669 3114 2725 conﬁtetur.

1895 2757 1948 2814 5.
1982 2757 2087 2814 Pro
2119 2757 2221 2815 hac
2257 2759 2552 2818 devotione
2603 2762 2809 2819 dicitur
2863 2765 3023 2822 Petro
3059 2785 3071 2823 :
3147 2792 3165 2816 ε
3219 2767 3418 2824 Beatus

1824 2860 1881 2901 es
1924 2854 2008 2916 tu,
2048 2847 2238 2904 Simon
2291 2848 2547 2921 Barjona,
2608 2852 2867 2924 quoniam
2919 2870 3046 2910 caro
3083 2861 3136 2911 et
3196 2857 3418 2930 sanguis

1823 2951 1935 2990 non
1993 2937 2260 2993 revelavit
2317 2937 2442 3007 tibi,
2498 2938 2593 2995 sed
2649 2940 2808 2996 Pater
2868 2958 3040 3011 meus,
3099 2943 3194 3016 qui
3248 2945 3416 3001 estin

1823 3025 1994 3081 caelis.
2045 3026 2116 3083 Et
2161 3044 2258 3100 ego
2309 3027 2434 3084 dico
2467 3027 2601 3084 tibi:
2665 3028 2748 3084 Tu
2802 3046 2859 3085 es
2906 3031 3118 3101 Petrus,
3172 3040 3226 3089 et
3254 3049 3419 3106 super

1822 3112 1964 3171 hanc
1997 3123 2207 3188 petram
2237 3115 2520 3173 aediﬁcabo
2560 3117 2866 3174 Ecclesiam
2917 3137 3093 3177 meam
3128 3122 3290 3196 (Ibid.
3327 3125 3415 3194 17⁹

1747 3226 1790 3288 C
1824 3203 1934 3274 18).
1966 3229 1984 3252 ι
2034 3204 2173 3263 Cum
2219 3214 2509 3262 vocaretur
2555 3222 2683 3278 ergo
2739 3206 2953 3277 Simon,
2998 3226 3094 3280 per
3141 3210 3284 3267 hanc
3311 3212 3417 3268 de-

1826 3293 2108 3350 votionem
2165 3303 2394 3352 vocatus
2450 3304 2532 3352 est
2599 3296 2812 3352 Petrus.
2875 3297 3152 3370 Legimus,
3200 3299 3417 3358 dicente

1823 3384 2090 3455 Apostolo
2120 3382 2187 3440 de
2215 3384 2335 3455 ipso
2366 3384 2604 3442 Domino
2637 3403 2648 3442 :
2713 3410 2732 3435 ι
2763 3385 3034 3444 Bibebant
3069 3389 3138 3445 de
3177 3389 3414 3462 spiritali

1823 3479 2190 3545 consequente
2224 3489 2317 3530 eos
2360 3479 2533 3545 petra,
2577 3481 2732 3544 petra
2772 3482 2955 3530 autem
2995 3483 3110 3532 erat
3165 3475 3416 3536 Christus

1825 3560 1883 3633 (Ι
1913 3562 2038 3618 Cor.
2073 3577 2130 3631 x,
2181 3561 2262 3633 4).
2295 3585 2313 3611 ι
2381 3562 2547 3619 Recte
2567 3561 2736 3634 igitur
2777 3562 2908 3636 quia
2949 3571 3102 3637 petra
3139 3563 3412 3638 Christus,

1821 3651 2011 3708 Simon
2043 3660 2394 3726 nuncupatus
2429 3661 2510 3710 est
2537 3653 2728 3710 Petrus
2751 3673 2766 3722 ;
2794 3661 2857 3711 ut
2884 3654 2979 3728 qui
3009 3672 3134 3712 cum
3175 3657 3414 3717 Domino

1819 3741 1949 3799 ﬁdei
1973 3743 2290 3802 societatem
2337 3743 2591 3813 habebat,
2641 3761 2767 3801 cum
2810 3745 3050 3802 Domino
3107 3746 3333 3805 haberet
3360 3757 3416 3806 et

2825 3841 2889 3892 ut
2929 3834 3074 3891 sicut
3120 3852 3152 3892 a
3191 3836 3414 3894 Christo

1819 3920 2164 3980 Christianus
2195 3922 2402 3980 dicitur
2422 3966 2437 3992 ,
2477 3923 2557 3980 ita
2600 3931 2654 3982 et
2704 3939 2736 3980 a
2773 3931 2926 3996 petra
2969 3923 3190 3982 Christo
3220 3924 3413 3998 Petrus

1817 4012 2096 4083 apostolus
2126 4020 2438 4070 vocaretur.

1889 4109 1942 4166 6.
1985 4109 2090 4167 Sed
2129 4127 2230 4167 nec
2270 4109 2599 4183 populorum
2645 4109 2964 4182 opinionem
3008 4127 3300 4184 possumus
3330 4128 3413 4172 re-

1816 4198 2069 4270 probare,
2113 4199 2209 4272 qui
2262 4214 2438 4255 unum
2493 4199 2562 4256 de
2610 4199 2894 4272 prophetis
2931 4199 3230 4257 Dominum
3253 4202 3414 4259 asti-

1817 4287 2040 4346 mabant
2071 4291 2284 4363 (Matth.
2317 4307 2439 4360 xvr,
2473 4289 2585 4364 14).
2629 4291 2762 4348 Nam
2795 4289 2920 4347 ideo
2947 4292 3206 4349 nonnulli
3257 4293 3412 4350 velut

1815 4379 1996 4435 Eliam
2045 4379 2383 4437 Salvatorem
2448 4379 2683 4437 forsitan
2738 4389 3091 4453 putaverunt,
3149 4382 3279 4456 quia
3340 4382 3411 4440 ad

1814 4469 1982 4526 οωιοε
2010 4469 2163 4527 Elias
2222 4469 2366 4527 sicut
2415 4469 2666 4528 Salvator
2721 4469 2970 4527 ascendit
3023 4471 3133 4544 (IV
3178 4473 3303 4544 Reg.
3345 4488 3406 4543 ιι,

98 4564 489 4633 paenitentiam
525 4564 586 4620 in
615 4564 848 4621 salutem
876 4561 1129 4622 stabilem
1156 4570 1413 4637 operatur
1453 4563 1543 4635 (II
1575 4563 1701 4620 Cor.
1732 4585 1783 4645 Ι)
1817 4561 1928 4632 11).
1967 4561 2074 4618 Sed
2101 4577 2209 4617 non
2239 4561 2382 4618 sicut
2418 4561 2570 4618 Elias
2598 4560 2853 4619 Christus
2882 4569 3001 4630 est;
3046 4561 3141 4617 ille
3169 4561 3318 4617 enim
3338 4561 3406 4617 ad

95 4673 192 4727 vn,
226 4659 344 4730 10).
381 4685 402 4710 ι

161 4750 215 4805 2.
261 4751 439 4808 Recte
470 4764 604 4821 ergo
635 4746 812 4816 laetor,
863 4747 993 4821 quia
1030 4748 1263 4804 salutem
1293 4763 1521 4820 operor:
1579 4761 1705 4802 cum

95 4835 346 4912 objurgo,
401 4845 641 4894 maereat
671 4837 799 4893 licet
827 4835 976 4892 ﬁlius
1011 4836 1118 4892 mei
1145 4837 1437 4908 asperitate
1487 4850 1706 4890 sermo-

94 4924 212 4994 nis;
267 4945 360 4984 me
389 4935 588 4983 tamen
619 4926 874 4994 delectat,
907 4925 1002 4997 qui
1033 4925 1296 4996 proﬁcere
1326 4925 1487 4980 illum
1529 4922 1706 4978 intel-

93 5014 197 5088 ligo
255 5033 358 5090 per
395 5032 720 5072 maerorem.
755 5014 852 5071 Ait
895 5022 1116 5070 sanctus
1156 5014 1485 5084 Apostolus:
1535 5010 1704 5078 «Quis

90 5113 167 5161 est
196 5106 350 5161 enim
399 5104 582 5173 ﬁlius,
635 5120 798 5176 quem
848 5117 958 5159 non
1005 5100 1256 5157 verberat
1304 5109 1458 5171 pater
1515 5099 1698 5169 (Hebr.

90 5209 187 5264 xu,
219 5195 276 5268 7)
303 5196 333 5252 7
363 5220 384 5243 ι
446 5195 577 5250 Non
601 5193 749 5250 enim
780 5194 1058 5250 osculatur
1081 5205 1295 5262 semper
1318 5197 1470 5261 pater
1499 5187 1700 5258 ﬁlium,

89 5285 176 5341 sed
204 5297 260 5344 et
290 5284 614 5359 aliquando
643 5285 892 5357 castigat.
945 5284 1091 5355 Ergo
1119 5279 1340 5354 quando
1382 5279 1696 5351 castigatur,

87 5376 175 5449 qui
231 5377 532 5451 diligitur,
599 5383 734 5434 tunc
784 5375 932 5433 circa
977 5390 1104 5430 eum
1162 5371 1337 5444 pietas
1390 5377 1696 5427 exercetur.

84 5467 254 5526 Habet
303 5470 468 5526 enim
523 5476 582 5524 et
628 5485 782 5526 amor
803 5469 988 5541 plagas
1046 5480 1193 5534 suas,
1248 5479 1368 5536 quae
1424 5460 1699 5518 dulciores

79 5567 202 5616 sunt
253 5576 390 5619 cum
444 5559 702 5617 amarius
753 5558 1103 5624 inferuntur;
1153 5554 1371 5612 dulcior
1422 5551 1571 5611 enim
1617 5560 1700 5610 est

1815 4651 1983 4707 caelos
2011 4651 2242 4724 rapitur,
2287 4651 2390 4707 iste
2436 4649 2785 4721 regreditur:
2828 4649 2924 4704 ille
2965 4657 3225 4721 tanquam
3254 4647 3408 4704 inﬁr-

1815 4757 1938 4796 mus
1967 4739 2125 4813 ignea
2155 4738 2419 4812 quadriga
2447 4736 2800 4804 subvehitur,
2825 4736 2918 4792 hic
2955 4743 3215 4808 tanquam
3259 4738 3407 4794 Deus

1815 4829 2034 4900 propria
2063 4829 2269 4884 virtute
2298 4833 2548 4899 portatur
2579 4842 2591 4881 :
2634 4825 2729 4879 ille
2774 4824 2919 4882 sicut
2954 4824 3120 4879 homo
3160 4823 3402 4895 ducitur,

1813 4917 1908 4973 hic
1938 4916 2082 4972 sicut
2109 4915 2358 4970 Salvator
2394 4911 2642 4970 ascendit
2674 4929 2686 4967 :
2725 4913 2818 4967 ille
2847 4911 3110 4969 ducentes
3155 4913 3406 4985 sequitur

1813 5005 2056 5078 angelos,
2111 5001 2438 5060 comitantes
2495 5001 2601 5058 sibi
2654 5001 2876 5072 angelos
2949 5001 3052 5058 iste
3121 5002 3399 5075 praecedit.

1811 5095 2059 5168 Denique
2099 5092 2266 5148 iidem
2321 5090 2500 5164 angeli
2548 5098 2853 5148 remeantes
2899 5092 2955 5148 in
2995 5099 3195 5149 terram
3225 5109 3258 5150 a
3281 5095 3403 5150 Do-

1814 5185 1966 5240 mino
2011 5183 2292 5240 Salvatore
2339 5180 2603 5238 dixerunt
2665 5180 2734 5237 ad
2788 5183 3111 5255 apostolos:
3204 5209 3221 5233 ε
3277 5183 3402 5242 Viri

1812 5276 2049 5345 Galilaei,
2104 5272 2239 5346 quid
2281 5273 2439 5329 statis
2500 5271 2827 5345 aspicientes
2869 5271 2928 5328 in
2995 5274 3196 5330 coelum
3224 5274 3253 5332 ?
3299 5273 3403 5333 Hic

1809 5368 1962 5424 Jesus
1991 5365 2087 5440 qui
2117 5371 2368 5436 receptus
2396 5371 2478 5421 est
2506 5380 2539 5421 a
2566 5362 2744 5435 vobis,
2789 5363 2869 5422 sic
2912 5365 3099 5422 veniet
3127 5365 3402 5440 quemad-

1807 5457 2035 5517 modum
2065 5453 2285 5512 vidistis
2339 5470 2466 5512 eum
2523 5461 2743 5511 euntem
2796 5453 2856 5511 in
2911 5455 3112 5514 malum
3171 5454 3313 5528 (Act.
3355 5471 3395 5524 ι,

1808 5551 1970 5623 11)..

138 5747 259 5824 (39)
281 5748 484 5810 Codex
510 5745 1037 5822 Lugd.,prwdicatio
1056 5743 1409 5817 mea....quod
1423 5741 1702 5813 plerosque
1730 5737 1794 5794 de
1823 5736 2031 5795 vestris.

395 5848 666 5906 Ρλνηιοι..
706 5846 884 5907 XVII.

3084 5823 3155 5882 23
