3864 6188
545 384 654 443 715

1116 508 1350 567 SERMO
1401 508 1573 566 XLV.

908 600 987 655 De
1016 597 1196 670 primo
1228 597 1400 653 Adam
1440 605 1495 653 et
1529 597 1789 654 secundo.

547 708 703 763 Hunc
734 721 1024 761 sermonem
1068 706 1164 776 vel
1190 705 1369 776 potius
1412 705 1666 760 sermonis
1720 703 2096 776 fragmentum,
2124 723 2150 761 e

628 779 744 835 Vat.
778 778 890 831 cod.
924 776 1120 845 scripto
1135 774 1295 844 jussu
1342 776 1635 832 cardinalis
1666 774 2013 831 Bononiensis
2053 794 2144 833 an.

620 848 758 903 1470
781 849 1108 919 desumptum
1136 848 1453 913 exhibe-mus,
1500 865 1607 902 non
1652 848 1863 917 quidem
1907 849 2047 919 quod
2091 849 2149 903 in

618 935 676 973 eo
707 918 996 987 quidquam
1034 918 1479 989 deprehendamus
1508 920 1873 985 Ambrosiani,
1903 918 1992 975 sed
2019 920 2147 989 quia

621 988 842 1061 scriptio
873 1005 978 1042 non
1022 988 1307 1061 inelegans,
1358 997 1403 1045 et
1450 992 1617 1046 sancti
1658 991 1902 1047 Doctoris
1942 988 2150 1047 nomine

619 1060 679 1114 in
707 1076 806 1114 ms.
836 1060 1171 1134 praenotata,
1188 1079 1303 1117 cum
1332 1062 1537 1133 alioqui
1564 1080 1821 1133 nusquam
1852 1063 1992 1134 quod
2017 1063 2146 1119 scia-

621 1148 760 1207 mus.
794 1126 931 1186 edita
982 1126 1167 1201 fuerit,
1214 1135 1399 1207 saltem
1453 1126 1519 1207 ut
1548 1135 1614 1207 in
1662 1126 1942 1207 appetat-ise
1979 1137 2149 1192 locum

623 1202 828 1271 habeat,
861 1219 1194 1276 nequaquam
1220 1206 1441 1278 indigna
1468 1202 1729 1262 videatur.

623 1348 674 1404 l.
697 1346 923 1415 Audite,
953 1346 1151 1405 fratres
1181 1347 1513 1417 charissimi,
1538 1350 1698 1422 quale
1729 1356 1810 1406 est
1839 1348 1975 1421 legis
2003 1365 2148 1422 mys-

545 1437 774 1494 terium.
807 1436 1027 1494 Primus
1067 1436 1234 1494 homo
1274 1437 1341 1494 de
1378 1447 1526 1496 terra
1571 1446 1625 1494 et
1649 1440 1825 1508 coelo;
1875 1437 2150 1496 secundus

549 1524 618 1582 de
646 1525 788 1582 coelo
816 1531 870 1581 et
898 1533 1079 1584 terra:
1114 1524 1215 1582 hic
1236 1541 1306 1582 ex
1331 1528 1446 1583 Deo
1468 1534 1524 1583 et
1541 1527 1730 1595 Maria,
1755 1526 1852 1600 qui
1872 1526 1940 1584 de
1967 1533 2147 1594 terra;

549 1615 645 1672 ille
674 1614 743 1672 de
773 1624 920 1673 terra
961 1624 1016 1673 et
1048 1615 1279 1690 Spiritu,
1310 1619 1407 1691 qui
1462 1616 1531 1673 de
1578 1618 1718 1674 coelo
1763 1625 1863 1674 est.
1913 1618 2151 1691 Uterque

549 1715 735 1765 tamen
762 1725 834 1765 ex
880 1707 1115 1779 virgine,
1175 1715 1231 1765 et
1266 1708 1385 1765 sine
1428 1708 1608 1764 coitus
1640 1707 1996 1780 permistione
2022 1715 2105 1765 est
2135 1724 2147 1764 :

551 1797 647 1856 hic
664 1815 734 1855 ex
767 1798 1107 1871 incorrupta,
1141 1797 1235 1854 ille
1264 1813 1334 1853 ex
1371 1796 1580 1854 intacta
1612 1814 1623 1852 :
1658 1802 1804 1860 450
1835 1796 1965 1870 quia
1992 1797 2152 1853 nullo

525 1884 735 1953 adhuc
777 1896 1006 1965 semine,
1078 1911 1181 1954 nec
1254 1912 1479 1953 vomere
1531 1896 1711 1953 fuerat
1756 1895 2001 1953 sauciata
2048 1912 2151 1954 nec
2182 1853 2296 1965 ΒΞ

551 1982 751 2041 imbre.
801 1984 903 2041 Per
956 1983 1199 2057 primum
1244 1984 1361 2041 vita
1420 1985 1641 2055 amissa,
1709 2001 1804 2059 per
1846 1985 2149 2043 secundum

552 2073 790 2131 reddita.
824 2073 1043 2132 Primus
1105 2081 1384 2147 acceptam
1440 2074 1684 2148 perdidit
1743 2076 1998 2148 gratiam,
2055 2093 2152 2134 se-

554 2162 771 2222 cundus
802 2179 930 2220 cum
978 2162 1095 2219 vita
1141 2163 1341 2220 tribuit
1394 2163 1669 2237 gratiam:
1721 2164 1933 2238 primus
1987 2182 2154 2223 suasu

554 2251 791 2322 virginis
818 2250 1040 2322 cecidit,
1072 2253 1348 2310 secundus
1378 2263 1539 2326 partu
1581 2253 1834 2327 virginis,
1871 2253 2018 2327 quod
2058 2253 2153 2326 ja-

555 2340 735 2408 cebat,
794 2341 1016 2398 erexit:
1086 2342 1298 2415 primus
1355 2342 1630 2416 peccando
1686 2342 1879 2399 mortis
1937 2359 2152 2415 pmnam

556 2430 813 2504 protulit,
847 2430 1124 2490 secundus
1152 2432 1413 2505 patiendo
1444 2433 1844 2507 indulgentiam
1875 2419 2148 2492 contulit:

557 2521 772 2596 primus
805 2538 904 2594 pro
927 2522 1088 2595 culpa
1116 2520 1184 2578 de
1211 2522 1463 2595 paradiso
1488 2523 1715 2596 ejectus,
1747 2524 2023 2582 secundus
2055 2540 2154 2598 pro

559 2612 733 2685 gloria
754 2611 905 2669 cruci
937 2611 1144 2668 mundo
1162 2612 1380 2671 afﬁxus.

629 2703 683 2759 2.
722 2703 868 2776 Ergo
907 2703 1114 2759 malum
1158 2719 1254 2776 per
1296 2704 1581 2774 feminam,
1618 2704 1731 2760 imo
1770 2720 1866 2777 per
1894 2703 2154 2761 feminam

560 2790 804 2861 bonum;
870 2793 1001 2865 quia
1045 2809 1141 2864 per
1191 2793 1366 2849 Evam
1414 2794 1736 2863 cecidimus,
1786 2810 1882 2866 per
1928 2794 2155 2851 Mariam

558 2889 769 2938 stamus
804 2900 816 2939 :
879 2897 975 2953 per
1014 2882 1191 2937 Evam
1237 2884 1517 2956 prostrati,
1549 2884 1715 2940 erecti
1749 2900 1845 2956 per
1882 2884 2109 2941 Mariam
2141 2902 2153 2941 :

559 2988 657 3044 per
715 2973 891 3027 Evam
948 2973 1205 3031 servituti
1258 2973 1485 3041 addicti,
1556 2990 1652 3046 per
1712 2974 1941 3031 Mariam
2000 2974 2155 3031 liberi

564 3061 767 3119 effecti.
817 3062 937 3119 Eva
986 3060 1146 3119 nobis
1194 3062 1418 3119 sustulit
1484 3062 1931 3132 diuturnitatem,
1987 3064 2159 3122 Maria

563 3151 725 3210 nobis
779 3152 1022 3209 reddidit
1077 3152 1541 3225 perpetuitatem:
1602 3153 1723 3210 Eva
1770 3169 1870 3210 nos
1899 3151 2156 3210 damnari

559 3243 692 3302 fecit
748 3261 843 3317 per
898 3242 1109 3301 arboris
1149 3260 1397 3318 pomum,
1444 3244 1618 3301 Maria
1652 3243 1892 3301 absolvit
1931 3259 2028 3316 per
2054 3260 2153 3301 ar-
2189 3238 2263 3298 C'

554 3333 707 3391 boris
744 3334 990 3403 donum;
1023 3334 1152 3408 quia
1194 3340 1249 3389 et
1276 3332 1531 3392 Christus
1580 3333 1639 3391 in
1694 3333 1844 3407 ligno
1872 3333 2153 3408 pependit,

554 3433 619 3481 ut
644 3425 877 3481 fructus.

627 3513 680 3568 3.
712 3512 886 3583 Igitur
912 3509 1057 3567 sicut
1087 3526 1183 3582 per
1211 3511 1464 3569 arborem
1504 3513 1728 3583 mortui,
1760 3513 1840 3570 ita
1873 3529 1970 3585 per
1998 3510 2154 3569 arbo-

556 3615 674 3658 rem
705 3599 996 3656 viviﬁcati.
1028 3601 1210 3656 Arbor
1239 3601 1401 3658 nobis
1429 3601 1737 3659 nuditatem
1766 3602 2029 3671 ostendit,
2057 3618 2155 3659 ar-

555 3691 658 3749 bor
686 3689 1047 3761 indulgentia;
1094 3688 1245 3746 foliis
1276 3690 1506 3746 vestivit
1536 3709 1548 3747 :
1605 3690 1769 3747 arbor
1808 3701 2153 3764 peccatorum

557 3780 792 3839 incussit
840 3778 1112 3850 ardorem,
1144 3778 1495 3852 refrigerium
1547 3778 1879 3837 delictorum
1909 3782 2158 3840 vestibus

554 3870 887 3946 praeparavit
908 3868 1072 3927 arbor
1098 3868 1343 3927 scientiae
1380 3886 1392 3927 :
1417 3868 1581 3926 arbor
1609 3868 1795 3942 spinas
1824 3877 1879 3926 et
1919 3870 2157 3929 tribulos

557 3960 766 4034 genuit,
826 3976 976 4034 spem
1029 3968 1083 4018 et
1136 3960 1370 4017 salutem
1423 3958 1586 4016 arbor
1623 3959 1867 4017 scientiae
1896 3961 2151 4034 peperit:

558 4052 723 4109 arbor
764 4052 1043 4123 sudorem,
1090 4053 1279 4110 attulit
1323 4059 1377 4110 et
1425 4051 1688 4122 laborem,
1730 4053 1894 4110 arbor
1922 4053 2157 4115 contulit

556 4156 749 4213 pacem
781 4150 835 4196 et
866 4143 1107 4199 salutem
1142 4152 1162 4199 ‘:
1197 4143 1361 4200 arbor
1390 4142 1578 4200 lumen
1604 4143 1850 4216 corporis
1878 4143 2156 4216 patefecit,

561 4230 724 4287 arbor
768 4234 958 4289 oculos
1000 4235 1184 4291 cordis
1228 4235 1521 4293 disclusit:
1555 4235 1718 4292 arbor
1775 4234 1971 4292 mundi
2013 4234 2154 4290 insi-

561 4319 761 4379 nuavit
787 4323 1068 4391 astutiam,
1098 4323 1349 4382 divinam
1385 4324 1549 4382 arbor
1576 4325 1977 4382 demonstravit
2014 4341 2157 4398 pru-

562 4411 809 4470 dentiam
838 4429 850 4466 :
884 4412 1092 4468 malum
1121 4413 1305 4483 arbor,
1335 4415 1545 4471 bonum
1589 4416 1752 4472 arbor
1783 4416 2059 4484 ostendit;
2102 4422 2158 4473 et

563 4508 626 4557 ut
654 4501 724 4558 ad
751 4499 941 4557 delicti
994 4501 1263 4575 originem
1295 4502 1536 4573 redeam,
1593 4512 1647 4560 et
1692 4506 1805 4561 Deo
1858 4513 2152 4575 annuente,

1564 384 1662 440 AD
1701 383 1935 442 OPERA
1971 384 2029 441 S.
2070 382 2403 441 AMBROSII
2440 381 2822 439 APPENDIX.
3642 391 3705 449 7l6

2168 510 2219 569 Α
2252 523 2363 562 non
2396 505 2722 563 lzetiﬁcasset
2752 504 2975 561 Mariam
3010 503 3273 576 Christus,
3324 507 3422 563 nisi
3454 508 3594 566 Evam
3615 513 3705 583 prio-

2255 611 2391 664 rem,
2444 596 2513 652 de
2541 611 2649 669 qua
2677 601 2807 651 nata
2829 601 2911 651 est
2939 594 3056 667 ipsa
3082 595 3265 665 Maria,
3317 595 3613 666 deﬁnxisset;
3648 615 3709 656 nec

2254 684 2496 741 venisset
2520 684 2589 740 ad
2619 685 2903 758 populum,
2952 684 3061 741 nisi
3098 685 3247 757 prius
3286 685 3375 742 illa
3400 685 3650 760 deliquisset
3673 688 3707 743 in

2257 777 2475 835 saeculo.
2518 778 2647 835 Haec
2693 784 2870 834 mater
2914 775 3141 832 humani
3193 777 3389 850 generis
3435 776 3615 849 dicitur,
3652 779 3708 836 illi

2256 867 2483 934 salutis;
2516 867 2635 922 Eva
2664 883 2765 922 nos
2792 865 3035 932 edocuit,
3064 866 3333 922 roboravit
3357 874 3406 922 et
3428 867 3583 923 Maria.

2326 956 2379 1012 5.
2420 957 2523 1012 Per
2548 956 2719 1012 Evam
2751 955 3067 1023 crescimus,
3115 972 3208 1027 per
3240 953 3447 1013 Mariam
3473 972 3706 1028 regnamus;

2256 1060 2353 1115 per
2378 1046 2552 1101 Evam
2582 1045 2794 1103 seducti
2824 1046 2893 1102 ad
2921 1052 3142 1109 terram,
3170 1061 3263 1117 per
3287 1045 3486 1101 Mariam
3511 1044 3654 1101 elevati
3670 1047 3709 1101 ad

2256 1136 2489 1203 cmlum;
2536 1143 2590 1192 et
2633 1144 2695 1192 ut
2728 1143 2903 1192 totum
2942 1134 3183 1192 breviter
3212 1136 3339 1207 legis
3378 1135 3632 1208 patefaciam
3659 1151 3709 1191 sa-

2257 1233 2621 1295 cramentum,
2650 1233 2721 1305 et
2747 1224 2883 1282 duas
2913 1225 2971 1280 in
3001 1241 3165 1281 unam
3197 1224 3374 1289 fuisse,
3418 1224 3552 1281 sicuti
3589 1240 3710 1281 omnes

2257 1330 2373 1371 esse
2401 1315 2721 1372 ostendam:
2784 1315 2841 1371 in
2866 1315 2985 1371 Eva
3010 1321 3142 1372 tunc
3165 1313 3327 1372 Maria
3353 1313 3521 1383 inerat,
3562 1330 3630 1387 per
3646 1313 3710 1369 lt-

2257 1403 2396 1460 riam
2422 1411 2609 1476 postea
2634 1403 2875 1461 revelata
2901 1411 2984 1461 est
3011 1406 3149 1462 Eva.

2328 1493 2382 1549 6.
2422 1493 2638 1550 Gratias
2665 1494 2925 1564 Domino,
2954 1493 3151 1552 fratres
3177 1490 3480 1560 charissimi,
3517 1489 3711 1564 quodque

2259 1583 2333 1641 sit
2364 1583 2476 1640 diei
2502 1584 2794 1653 festivitas,
2849 1583 3036 1647 doceri
3075 1600 3177 1642 nos
3196 1599 3304 1641 non
3329 1597 3517 1640 necesse
3539 1587 3625 1647 est;
3656 1581 3712 1653 qui

2260 1673 2580 1748 praevenitis
2609 1673 2904 1731 devotione
2939 1673 3111 1732 docti.
3166 1671 3298 1730 Nam
3347 1678 3623 1730 accesserunt
3649 1668 3713 1726 huc

2260 1765 2427 1823 hodie
2455 1764 2790 1839 propheticus
2828 1774 2991 1839 atque
3027 1764 3347 1839 evangelicae
3388 1763 3600 1822 lectiones
3627 1776 3712 1817 eam.

2299 1871 2385 1911 em
2415 1871 2531 1912 rem
2569 1854 2848 1924 docentes,
2899 1871 3064 1929 quam
3109 1854 3241 1913 fides
3269 1861 3433 1911 vestra
3466 1869 3547 1908 nos
3581 1848 3711 1907 docuit

2257 1946 2436 2003 Donet
2477 1961 2605 2018 ergo
2644 1947 2793 2002 Deus
2841 1953 3049 2016 noster,
3101 1952 3163 2002 ut
3202 1941 3601 2003 concordantibus
3628 1938 3712 1995 sicut

2260 2040 2445 2112 hodie,
2496 2042 2575 2099 ita
2601 2041 2754 2101 omni
2781 2049 3030 2116 tempore
3056 2058 3183 2099 cum
3211 2040 3428 2099 lectione
3462 2037 3607 2097 divina
3634 2033 3711 2093 atti-

2257 2130 2384 2199 bus,
2416 2129 2524 2190 hoc
2553 2147 2653 2189 vos
2681 2130 2930 2188 habeatis
2959 2130 3019 2187 in
3046 2129 3312 2189 moribus.

2817 2255 3052 2313 SERMO
3093 2254 3286 2315 XLVI.

2838 2346 2918 2402 De
2956 2345 3269 2403 Salomone.

2263 2453 2329 2509 In
2373 2449 2614 2506 omnibus
2646 2449 3018 2507 Ambrosianis
3065 2451 3375 2509 editiouibus
3421 2448 3553 2505 libelli
3585 2444 3712 2501 ιεειιη

2333 2522 2389 2577 in
2416 2520 2593 2595 fronte
2624 2523 2745 2577 tulit
2772 2523 2877 2595 liceo
2904 2525 3081 2594 opella
3104 2543 3124 2591 ;
3172 2541 3285 2579 cum
3326 2529 3715 2595 ὰιτηεπλυεηηῆ·

2331 2586 2426 2648 ἰηό
2472 2593 2560 2667 sit,
2622 2610 2725 2663 quo
2774 2593 2881 2649 tria
2932 2586 3251 2667 'SalomOnis
3317 2594 3435 2667 scitu
3475 2586 3712 2667 impossibith

2334 2653 2557 2735 mystice,
2597 2653 2954 2747 caponuntur.
3009 2666 3157 2750 Ejus
3207 2665 3509 2738 elegantiam,
3531 2653 3587 2716 ’ά

2333 2736 2399 2791 ab
2426 2735 2699 2790 Ambrosii
2725 2738 2861 2807 stylo
2893 2737 3251 2795 diversitatem
3291 2740 3523 2795 Erasmus
3555 2732 3712 2807 agnouit:

2336 2823 2520 2862 verum
2557 2800 2835 2863 secundam
2885 2809 3038 2864 illam
3092 2811 3412 2867 Hermauuus
3455 2800 3717 2879 ρυτᾳίοὺεαῆ

2333 2896 2455 2954 ram
2505 2894 2648 2954 es_se,_
2678 2879 2789 2954 ipsi
2851 2885 3022 2954 tamen
3049 2900 3188 2954 _vo:e
3244 2874 3650 2954 Psalmograpbu§,_
3668 2874 3717 2954 ἓν

2337 2951 2493 3026 etiam
2521 2943 2872 3026 Archipirata
2898 2951 3061 3026 jungi
3095 2943 3567 3026 poterat,_non'satis

2337 3022 2738 3078 Ambrosiam":
2763 3024 2853 3078 sed
2875 3040 2973 3079 uos
2999 3022 3225 3082 Erasmi
3243 3024 3482 3095 judicium
3500 3026 3666 3095 gmw
3680 3025 3718 3064 ετ

2332 3100 2487 3166 parte
2543 3110 2725 3172 perum
2770 3095 3048 3172 credimus:
3107 3092 3259 3172 Ωιιρᾷ
3295 3102 3459 3172 αξιεοηῑ
3491 3092 3719 3172 HW

2336 3165 2645 3221 sententiam
2676 3182 2781 3236 qua
2825 3166 2907 3222 hic
2943 3167 3147 3223 dicitur
3187 3170 3392 3228 Martha
3426 3165 3591 3223 Lazari
3624 3167 3718 3211 soror

2330 3256 2368 3313 ᾳ
2415 3237 2623 3293 Christo
2673 3238 2891 3293 liberata
2926 3240 3106 3313 ﬂuam
3158 3239 3434 3313 sanguinis,
3476 3246 3628 3308 parum
3655 3240 3715 3313 βξ

2334 3309 2567 3381 ﬁrmam,
2623 3325 2869 3381 quasnam
2910 3299 3085 3379 fuerit
3117 3299 3306 3369 muliEr
3344 3299 3721 3381 εοεαεωέ

2337 3325 2567 3436 prmum,
2623 3325 2869 3435 quisnam
2910 3325 3085 3393 [uerti
3117 3325 3306 3369 mulier
3344 3325 3720 3390 senatuscum-mf

2347 3387 2453 3459 feet
2480 3381 2622 3459 Euse
2648 3397 2702 3459 _t_t_
2729 3382 2821 3437 lib.
2861 3397 2943 3437 vn
2992 3382 3135 3459 illst.
3178 3381 3417 3459 cap.__18,
3452 3371 3719 3459 τάρλαιιξς.»
3766 3422 3767 3449 1

2337 3452 2612 3524 Sozomeni
2643 3452 2734 3524 lib.
2783 3470 2819 3508 v
2863 3469 2980 3524 cap.
3010 3455 3107 3524 2i,
3140 3462 3187 3511 et
3221 3444 3531 3522 Philostorgii
3568 3444 3635 3524 lib;
3664 3452 3723 3524 νυ]

2333 3540 2479 3595 num.
2499 3522 2552 3579 3.
2575 3522 2715 3590 Quin
2741 3529 2789 3578 et
2813 3520 3131 3582 Ambrosius
3155 3527 3285 3584 hanc
3310 3520 3723 3595 quoquéfmm

2335 3542 2479 3579 num.
2499 3542 2552 3579 δ.
2575 3542 2715 3590 qum
2741 3542 2789 3578 et
2813 3542 3131 3582 Ambrosius
3155 3542 3285 3584 nam:
3344 3542 3491 3595 noque
3506 3542 3722 3575 curuum-

2335 3594 2609 3677 εῖέἕίθρνξέιζν
2632 3595 2863 3677 “Plth
2882 3595 3214 3677 thrtugent._
3229 3599 3285 3655 in
3310 3542 3444 3677 tuo:
3560 3603 3620 3651 v1,
3633 3594 3722 3637 seu.

2333 3665 2402 3722 65
2430 3665 2477 3720 et
2504 3665 2593 3735 58,
2616 3665 2711 3722 nec
2740 3672 2912 3724 tamen
2938 3668 3014 3725 ibi
3039 3670 3272 3731 Marthae
3302 3665 3525 3724 meminit.

2337 3771 2566 3832 CAPUT
2607 3775 2898 3835 PRIMUM.
2954 3809 3026 3820 —
3084 3779 3136 3837 ι.
3184 3778 3378 3837 Mirum
3407 3772 3519 3831 satis
3540 3775 3617 3834 est,
3646 3756 3725 3853 tile-

2264 3862 2499 3920 ctissimi
2526 3864 2741 3935 fratres,
2791 3866 2938 3940 quod
2982 3868 3043 3925 in
3096 3868 3203 3928 hoc
3237 3865 3460 3942 capitulo
3501 3849 3727 3932 sapienti“?

2265 3969 2388 4010 mus
2426 3954 2678 4011 omnium
2714 3955 3005 4014 hominum
3054 3960 3312 4017 Salomon
3351 3949 3576 4030 propheta
3604 3949 3726 4016 ΡτθΡ⁰¹

2264 4043 2377 4100 suit
2402 4044 2510 4102 tria
2544 4046 2910 4119 impossibilia
2955 4066 3092 4121 esse,
3144 4066 3263 4124 quae
3313 4047 3439 4105 scire
3480 4055 3568 4098 non
3598 4030 3726 4107 Ροδθθίν

2263 4139 2404 4196 451
2449 4143 2702 4209 quartum
2747 4137 2929 4197 adhuc
2957 4155 3074 4198 esse
3112 4139 3259 4215 quod
3298 4152 3401 4194 non
3438 4127 3727 4220 valeret

2265 4249 2442 4291 scere:
2513 4258 2531 4282 ε
2560 4234 2807 4307 Vestigia
2858 4235 3059 4309 aquilas
3107 4238 3361 4304 volantis,
3413 4231 3512 4288 vias
3555 4220 3730 4309 serpet}Is

2265 4340 2430 4396 super
2459 4332 2690 4396 petram,
2737 4330 2792 4379 et
2823 4324 3050 4382 semitas
3078 4324 3238 4382 navis
3266 4317 3559 4395 navigantis,
3598 4314 3637 4363 εἳ
3660 4310 3730 4395 7}”

2266 4413 2373 4469 viri
2408 4412 2466 4469 in
2489 4411 2780 4485 juventute
2813 4412 3002 4486 (Prov.
3036 4431 3177 4485 xxx,
3214 4413 3322 4487 19).
3352 4437 3370 4460 ι
3408 4408 3518 4465 Haec
3539 4398 3732 4496 seu???

2264 4511 2498 4560 testatur
2554 4503 2648 4560 ille
2707 4504 2975 4577 propheta
3018 4504 3299 4575 Salomon,
3354 4499 3440 4575 qui
3484 4500 3535 4552 ut

564 4593 713 4666 quod
743 4594 946 4651 sentire
976 4574 1287 4653 considitus
1329 4595 1544 4663 dicam;
1591 4597 1767 4654 Adam
1810 4597 1920 4654 nisi
1950 4615 2154 4673 corpo-
2181 4606 2231 4666 D
2264 4593 2554 4650 transactis
2584 4574 2834 4651 infamia—3
2866 4594 3219 4665 mdimentis.
3242 4574 3735 4673 αηηόεὶιινεηιιιιῑε

491 4752 500 4761 θ
565 4684 756 4741 raliter
783 4684 1108 4755 cecidisset,
1140 4684 1393 4743 Christus
1421 4703 1521 4743 nos
1547 4686 1607 4743 in
1644 4685 1751 4744 ista
1769 4687 1884 4745 vita
1902 4704 2015 4744 non
2035 4688 2160 4763 spi-

569 4774 808 4832 ritaliter
835 4775 1100 4834 suscitare
1130 4775 1431 4834 debuisset.

637 4865 691 4922 Ιι.
716 4866 761 4924 Ο
780 4874 1246 4924 sacramentorum
1265 4868 1593 4938 maximum,
1609 4874 1672 4924 ut
1687 4866 1953 4937 diximus,
1977 4864 2162 4924 Mariae

570 4956 920 5029 mysterium,
939 4975 973 5015 o
993 4958 1310 5015 conclusam
1334 4958 1646 5032 perﬁdis,et
1664 4959 2011 5016 manifestam
2032 4956 2162 5013 ﬁde-

569 5044 719 5102 libus
729 5045 1441 5118 disciplinamllmmortalis
1457 5049 1745 5105 mortalem
1758 5046 2162 5115 aediﬁcat,mor-

569 5134 697 5191 talis
725 5135 869 5206 parit
898 5135 1266 5192 immortalem
1282 5154 1306 5204 _;
1331 5136 1694 5211 incorporalis
1712 5144 1860 5192 terra
1883 5134 2164 5193 concludi-

569 5231 683 5293 tur,
697 5224 1001 5296 corporalis
1015 5225 1155 5282 cmlo
1171 5242 1184 5281 :
1206 5226 1353 5281 Deus
1372 5224 1537 5281 homo
1554 5225 1813 5291 efﬁcitur,
1828 5225 1922 5282 sed
1937 5224 2163 5282 exhibe-

568 5321 662 5370 tur
688 5314 868 5382 Deus;
901 5321 956 5371 et
983 5314 1091 5372 hoc
1122 5322 1303 5372 totum
1342 5331 1440 5387 per
1484 5316 1662 5372 Adam
1690 5314 2078 5385 committitur,
2110 5321 2166 5371 et

570 5403 786 5460 lavatur
814 5421 910 5478 per
927 5405 1178 5463 Mariam.
1213 5405 1360 5479 Ergo
1398 5404 1537 5460 felix
1561 5405 1701 5474 Eva,
1729 5422 1826 5479 per
1854 5422 2015 5479 quam
2040 5405 2166 5463 data

569 5499 652 5548 est
678 5493 930 5550 occasio:
992 5493 1106 5551 imo
1154 5493 1293 5550 felix
1336 5492 1527 5561 Maria,
1582 5509 1680 5565 per
1735 5510 1900 5567 quam
1955 5495 2167 5552 tributa

569 5588 652 5638 est
679 5583 929 5639 curatio:
965 5584 1103 5640 felix
1127 5584 1266 5653 Eva,
1297 5599 1394 5656 per
1414 5599 1578 5656 quam
1609 5590 1773 5639 natus
1791 5590 1875 5639 est
1892 5585 2160 5657 populus;

569 5670 787 5729 felicior
821 5672 1013 5740 Maria,
1053 5689 1151 5744 per
1194 5689 1358 5746 quam
1408 5681 1571 5730 natus
1617 5680 1699 5729 est
1741 5671 2014 5730 Christus.
2045 5673 2167 5746 Igi-

566 5764 661 5815 tur
687 5760 859 5819 altera
895 5759 1113 5830 melior,
1144 5762 1260 5819 imo
1303 5770 1359 5820 et
1415 5761 1666 5835 gloriosae
1714 5766 1982 5833 utraeque,
2034 5763 2168 5837 quia

2267 4700 2482 4758 gressus
2520 4691 2620 4753 est,
2678 4685 2737 4740 in
2782 4686 2982 4759 quibus
3029 4688 3208 4762 posita
3249 4685 3421 4743 adhuc
3460 4674 3631 4734 infirm!

2272 4740 2433 4848 quem
2483 4740 2705 4831 cursum
2761 4740 3207 4851 deligat,“
3225 4740 3378 4834 nutat
3422 4771 3620 4851 incerta;

2270 4841 2423 4920 aliud
2451 4880 2483 4920 a
2537 4866 2671 4934 Deo,
2730 4881 2893 4939 quam
2951 4841 3274 4940 sapientiam
3329 4841 3739 4940 postulavit:

2273 4952 2409 5031 ipsa,
2442 4960 2504 5009 ut
2534 4930 2675 5022 dixi,
2727 4930 2855 5011 vitae
2884 4930 3225 5012 tentamenta
3246 4930 3356 5027 jam
3385 4944 3585 5031 sapiens,
3622 4930 3740 5031 (illi:

2272 5009 2580 5102 defectione
2608 5009 2815 5115 rerum,
2844 5044 2992 5119 quod
3018 5009 3279 5101 omnibus
3306 5009 3520 5115 praeiret,
3538 5009 3741 5119 ειθαίι--ῗθ

2272 5132 2421 5191 enim
2460 5132 2573 5206 ipse
2603 5133 2661 5190 in
2693 5134 2836 5191 libro
2860 5110 3159 5208 Sapientiae
3188 5150 3297 5191 sure
3329 5146 3383 5187 se
3409 5118 3650 5183 Dominum

2272 5186 2611 5295 nipoteritem
2646 5186 2998 5298 deprecatuin
3026 5222 3199 5280 fuisse
3230 5212 3606 5300 commemorati

2273 5284 2649 5385 mihi,inquit,
2682 5284 2892 5371 sedium
2925 5321 3145 5370 tuarum
3178 5303 3489 5368 assistricem
3514 5284 3738 5389 ﬁll“???

2275 5374 2432 5475 (Sep:
2464 5374 2543 5471 1x,
2576 5374 2655 5475 4),,
2690 5427 2708 5451 ι
2764 5411 2827 5459 ut
2856 5401 3023 5459 sciam
3060 5396 3465 5474 dispositionem
3499 5374 3742 5475 orbis

2274 5463 2416 5562 rum,
2448 5463 2685 5551 virtutes
2712 5463 3401 5561 elementorum-initium
3430 5486 3480 5537 et
3499 5463 3742 5569 θίξιξδῗῗῗξ

2272 5585 2479 5641 tionem
2508 5591 2564 5640 et
2610 5582 2956 5641 medietatem
3012 5580 3265 5638 omnium
3296 5587 3486 5638 rerum,

2272 5684 2328 5733 et
2355 5675 2691 5733 mutationes
2715 5684 3058 5750 temporum,
3073 5671 3208 5730 anni
3235 5681 3437 5732 cursus,

2272 5780 2369 5822 nes
2395 5764 2706 5837 stellarum,
2765 5771 2998 5824 naturas
3021 5757 3367 5825 animalium,
3418 5755 3468 5808 α
3502 5752 3600 5801 ir”
