3864 6188
118 313 217 368 717

949 310 1330 368 SERMONES
1370 311 1426 368 S.
1471 309 1830 369 AMBROSIO
1868 309 2238 368 HACTENUS
2275 310 2611 368 ASCBlPTl.

3325 311 3430 388 718

115 451 256 505 rum,
289 438 404 493 vim
437 446 749 507 ventorum,
779 444 834 493 et
861 435 1222 509 cogitationes
1259 435 1570 502 hominum,
1600 435 1705 492 dif-
1740 443 1790 502 Α
1821 435 2048 506 fratres,
2074 437 2252 509 potuit
2285 439 2390 495 ista
2418 454 2745 511 cognoscam
2766 440 2794 496 εἰ
2832 439 3000 508 Quasi
3046 455 3179 496 vero
3221 440 3295 496 sit
3336 441 3434 498 fa-

116 523 375 581 ferentias
422 526 703 595 arborum,
738 535 792 583 et
816 527 1049 584 virtutes
1082 525 1330 583 radicum
1358 544 1369 581 :
1419 550 1437 576 ι
1467 526 1718 581 omnium

114 614 262 670 enim
294 615 515 685 artifex,
545 616 640 685 ait,
660 616 850 674 docuit
870 633 954 672 me
974 616 1413 690 Sapientia(Sap.
1437 633 1541 684 vn,
1564 615 1709 687 21).»

114 705 189 760 Et
209 706 344 762 alibi
376 707 491 778 ipse
519 707 577 763 in
607 709 800 765 eodem
830 708 975 764 libro
1000 725 1011 764 :
1069 731 1087 754 ‹
1119 705 1403 775 Invocavi,
1435 705 1642 779 inquit,
1670 711 1725 760 et

114 795 273 851 venit
293 795 351 850 in
387 813 475 853 me
504 797 731 869 spiritus
761 797 1043 870 sapientia
1075 797 1229 867 (Sap.
1257 813 1358 864 vn,
1398 795 1477 866 7).
1511 821 1530 843 ι

187 893 242 950 2.
273 895 346 950 Et
376 895 510 968 quid
538 905 638 965 est,
675 895 1020 953 dilectissimi
1052 895 1269 966 fratres,
1306 895 1455 969 quod
1484 903 1596 951 tam
1629 895 1726 952 lo-

115 983 307 1054 cuples
354 1000 630 1055 possessor
675 985 958 1056 sapientiae
1010 983 1296 1049 Salomon,
1354 1000 1480 1040 cum
1540 985 1728 1040 omnia

118 1073 487 1144 cognovisset,
533 1089 653 1146 quae
681 1073 737 1128 in
769 1074 987 1130 arcanis
1034 1074 1348 1130 abditarum
1397 1073 1730 1146 dispositio-

118 1178 257 1217 num
319 1162 648 1219 tenebantur
696 1163 978 1233 absconsa,
1039 1163 1156 1221 hac
1207 1163 1312 1219 sibi
1363 1163 1732 1236 impossibilia

118 1268 240 1309 esse
281 1252 624 1326 praetendit?
652 1252 865 1328 Quippe
906 1255 1000 1328 qui
1027 1272 1058 1310 a
1094 1257 1208 1311 Deo
1237 1261 1378 1311 esset
1406 1254 1728 1327 sapientiam

118 1351 451 1400 consecutus
483 1385 500 1412 ,
561 1342 656 1416 qui
712 1353 941 1401 noverat
1001 1343 1292 1400 mundanae
1348 1342 1732 1416 dispositionis

117 1431 440 1502 introitum,
487 1433 724 1506 qualiter
771 1441 913 1491 esset
965 1434 1072 1491 hoc
1113 1435 1316 1492 ccelum
1362 1450 1526 1490 omne
1584 1432 1734 1506 quod

117 1522 427 1592 cernimus,
472 1522 643 1579 ardua
688 1523 1028 1580 sublimitate
1073 1539 1423 1596 suspensum,
1466 1520 1732 1596 quemad-

117 1614 356 1671 modum
416 1612 571 1670 ﬁeret
622 1614 763 1670 aeris
817 1613 978 1670 istius
1031 1613 1421 1686 circumjectus
1472 1622 1527 1670 et
1580 1611 1736 1669 fusus

115 1719 286 1776 aequo
317 1702 692 1759 moderamine
722 1703 952 1759 libratus
982 1702 1041 1758 in
1081 1702 1284 1772 medio,
1315 1701 1520 1775 quibus
1550 1698 1736 1756 modis

1829 525 1935 584 cile
1971 533 2032 582 ut
2079 543 2338 600 suspensa
2387 521 2571 600 aquila
2625 527 2685 584 in
2750 528 2922 585 altum
2982 527 3148 586 celeri
3194 529 3435 588 elatione

1831 633 2155 689 pennarum,
2207 618 2432 691 plausus
2468 617 2554 674 sui
2585 623 2640 672 et
2674 618 2858 690 lapsus
2888 617 3118 690 vestigia
3144 619 3438 677 manifesta

1833 707 2152 775 constituat,
2180 715 2276 762 aut
2304 706 2454 762 viam
2485 705 2665 779 signet
2693 706 2752 762 in
2785 723 2980 778 vacuo,
3028 715 3083 764 et
3115 706 3317 766 lineam
3348 708 3437 766 sui

1834 799 2053 853 volatus
2108 796 2293 866 ducat,
2343 797 2581 872 ﬁgatque
2617 796 2676 852 in
2725 795 2990 870 liquido?
3037 797 3172 864 Quis
3215 813 3438 855 cursum

1835 888 1994 943 navis
2023 887 2397 960 deprehendat
2421 890 2481 944 in
2510 887 2771 944 ﬂuctibus
2793 887 2822 943 ?
2851 887 2976 961 quis
3005 887 3273 944 indicium
3299 886 3437 959 ejus,

1837 993 1932 1050 per
1983 994 2120 1051 quos
2167 993 2384 1050 aggeres
2433 985 2488 1033 et
2555 976 2763 1033 limites
2825 975 3053 1048 feratur,
3115 974 3443 1049 intelligat?

1838 1067 2041 1124 Crebra
2065 1082 2278 1140 semper
2307 1075 2361 1122 et
2389 1067 2642 1141 inquieta
2671 1067 2923 1139 mutatio,
2966 1085 3094 1126 cum
3134 1067 3300 1124 undis
3347 1083 3444 1125 se-

1839 1156 2126 1232 quacibus,
2159 1165 2254 1214 aut
2281 1157 2538 1215 obruitur
2571 1159 2718 1233 quod
2764 1160 3062 1232 praecessit,
3107 1167 3202 1215 aut
3249 1157 3446 1232 oppri-

1842 1246 2014 1302 mitur
2064 1247 2215 1319 quod
2262 1254 2510 1304 secutum
2568 1254 2669 1304 est.
2721 1247 2858 1316 Quis
2902 1249 2962 1305 in
3018 1256 3172 1323 petra
3228 1247 3446 1321 signum

1841 1335 2068 1409 aliquod
2096 1337 2366 1410 serpentis
2397 1336 2643 1410 agnovit,
2676 1353 2800 1395 cum
2843 1345 2898 1395 et
2942 1337 3172 1395 materia
3208 1335 3281 1394 sit
3309 1337 3450 1395 dura

1841 1441 2124 1495 saxorum,
2155 1433 2209 1483 et
2233 1424 2446 1483 lubrica
2488 1434 2686 1483 natura
2725 1434 3044 1501 serpentum
3067 1427 3095 1484 τ
3142 1428 3255 1484 Aut
3301 1443 3450 1502 quo-

1844 1514 2009 1571 modo
2049 1521 2285 1592 (possunt
2334 1515 2440 1571 viae
2488 1515 2598 1572 viri
2637 1516 2696 1572 in
2724 1514 3020 1590 juventute
3048 1515 3323 1592 cognosci,
3355 1515 3452 1591 qui

1843 1605 1992 1663 unde
2020 1606 2225 1676 veniat,
2270 1613 2324 1664 et
2363 1623 2471 1680 quo
2520 1614 2626 1679 eat,
2685 1625 2799 1666 non
2845 1615 3026 1684 potest
3061 1605 3453 1682 deprehendi?

1846 1696 1974 1754 Haec
2019 1704 2148 1753 sunt
2206 1713 2328 1771 quae
2385 1697 2826 1770 sapientissimus
2876 1699 3135 1757 Salomon
3187 1697 3455 1772 propheta

116 1792 286 1866 pigro
325 1793 392 1890 ad
434 1793 608 1890 imum
662 1792 874 1865 dilapsa
919 1792 1164 1890 pondere
1201 1800 1347 1890 terra
1389 1789 1736 1890 subsisteret,
1765 1785 1994 1890 B.dixit
2015 1803 2077 1890 se
2109 1803 2222 1890 non
2427 1803 2584 1890 posse
2611 1803 2957 1890 cognoscere.
3002 1787 3167 1890 l‘lunc
3211 1803 3339 1862 ergo
3386 1787 3454 1846 de

116 1897 240 1954 qua
269 1881 481 1938 ratione
523 1881 668 1937 intra
705 1891 880 1938 certas
919 1881 1171 1937 littorum
1201 1886 1373 1937 metas
1404 1878 1601 1953 liquidi
1633 1877 1738 1934 ele-

116 1969 308 2026 menti
373 1970 664 2043 impatiens
722 1969 923 2026 ﬂuctus
973 1971 1159 2044 lapsus
1212 1976 1524 2027 exaestuet:
1591 1968 1739 2044 quod

117 2059 472 2135 principium
502 2076 710 2128 rerum,
743 2059 867 2132 quis
893 2058 1043 2130 ﬁnis,
1074 2067 1127 2116 et
1153 2076 1274 2133 quae
1311 2067 1492 2116 essent
1533 2059 1735 2119 media.

115 2153 312 2222 Quem
351 2151 551 2206 iterum
601 2149 905 2206 divisiones
951 2158 1004 2205 et
1049 2151 1383 2207 mutationes
1431 2159 1738 2223 temporum

117 2257 248 2298 non
312 2238 593 2307 latebant,
651 2239 746 2310 qui
802 2238 1290 2311 comprehenderat
1343 2240 1580 2310 qualiter
1632 2239 1740 2296 sibi

117 2344 412 2388 annorum
445 2334 638 2383 mutua
666 2326 1016 2396 vicissitudo,
1059 2327 1320 2384 redeunte
1354 2328 1505 2398 orbe,
1545 2344 1742 2385 succe-

121 2420 314 2487 deret,
363 2433 472 2490 qua
517 2433 680 2474 causa
727 2418 910 2473 varios
961 2417 1244 2474 stellarum
1292 2427 1475 2491 ageret
1526 2435 1739 2487 cursus,

122 2506 501 2583 praecedendo
555 2522 612 2562 se
666 2522 1087 2580 nonnunquam,
1147 2515 1242 2562 aut
1303 2507 1488 2564 subito
1543 2508 1743 2565 subse-

123 2596 383 2673 quendo,
414 2594 558 2652 unde
593 2611 781 2651 earum
809 2603 950 2652 esset
979 2601 1135 2652 ortus
1164 2603 1259 2652 aut
1286 2597 1489 2666 obitus,
1541 2603 1594 2652 et
1635 2597 1743 2653 alia

126 2689 340 2756 multa,
371 2704 514 2761 quae,
544 2686 813 2760 sapientia
850 2686 1100 2754 docente,
1142 2693 1492 2759 cognoverat.
1537 2686 1741 2743 Mirum

122 2778 284 2854 quod
318 2777 422 2832 ista
450 2793 570 2850 quae
601 2775 706 2832 sibi
738 2775 1105 2848 impossibilia
1142 2791 1256 2832 esse
1286 2775 1443 2846 dicit,
1480 2786 1574 2835 aut
1602 2777 1742 2834 scire

121 2885 250 2925 non
280 2867 484 2941 potuit,
517 2874 609 2922 aut
637 2866 843 2924 videre.

201 2965 261 3023 3.
297 2965 404 3023 Sed
433 2965 560 3038 quia
588 2964 776 3021 omnia
813 2980 933 3037 quae
964 2963 1022 3020 in
1054 2963 1212 3021 libris
1248 2963 1457 3022 divinis
1495 2964 1744 3038 prophe-

122 3066 322 3114 tarum
355 3055 780 3112 annuntiatione
800 3061 1062 3127 congesta
1099 3062 1246 3124 sunt,
1279 3055 1394 3112 suis
1427 3063 1556 3111 sunt
1593 3063 1745 3110 tem-

1848 1881 2084 1955 singulis
2107 1882 2271 1940 rebus
2301 1884 2423 1941 istis
2449 1884 2583 1959 quid
2612 1885 2886 1954 dicamus,
2915 1885 3124 1944 audite.

1917 1972 1972 2029 5.
2005 1973 2265 2046 Aquilam
2298 1973 2357 2031 in
2385 1973 2492 2031 hoc
2537 1976 2656 2032 loco
2695 1974 2980 2034 Christum
3012 1973 3314 2032 Dominum
3344 1987 3456 2030 no‘

1848 2069 2023 2119 strum
2092 2063 2354 2122 debemus
2417 2064 2683 2140 accipere,
2755 2066 2850 2141 qui
2905 2072 3029 2139 post
3085 2063 3454 2122 venerandam

1849 2153 2331 2226 resurrectionem,
2391 2171 2500 2228 qua
2552 2155 2743 2213 docuit
2804 2154 3112 2213 humanum
3169 2169 3339 2227 genus
3392 2151 3452 2210 in

1850 2241 2026 2298 vitam
2058 2243 2238 2300 redire
2266 2260 2425 2316 posse
2463 2251 2586 2319 post
2627 2252 2882 2315 mortem,
2933 2245 3090 2303 velut
3134 2243 3321 2318 aquila
3361 2258 3458 2300 re—

1852 2331 2065 2388 volavit
2120 2333 2188 2389 ad
2247 2333 2485 2404 Patrem,
2545 2335 2784 2408 praedam
2836 2351 3022 2393 secum
3081 2333 3346 2403 referens,
3401 2333 3459 2392 id

1851 2430 1954 2490 est,
1998 2423 2306 2492 hominem,
2343 2442 2506 2499 quem
2543 2435 2797 2501 rapuerat
2827 2426 2894 2484 de
2923 2425 3176 2483 faucibus
3217 2426 3455 2483 inimici.

1853 2513 1980 2570 Haec
2023 2523 2103 2570 est
2132 2515 2335 2586 aquila,
2386 2532 2550 2589 quam
2597 2516 2851 2573 Ezechiel
2905 2515 3174 2589 propheta
3212 2516 3272 2572 in
3305 2516 3460 2572 illam

1853 2603 2288 2676 quadriformem
2319 2605 2503 2662 sedem
2532 2614 2586 2662 et
2627 2600 2924 2664 Cherubim
2954 2605 3160 2661 vidisse
3205 2622 3262 2662 se
3313 2613 3457 2664 retu.

1853 2692 1918 2749 lit
1960 2693 2106 2750 inter
2145 2693 2409 2750 animalia
2441 2711 2562 2768 quas
2611 2695 2906 2768 mysticum
2955 2693 3275 2751 vehiculum
3325 2694 3460 2752 rotis

1847 2781 2043 2854 juncta
2073 2783 2403 2856 portabant;
2435 2801 2607 2841 unum
2639 2783 2789 2841 enim
2821 2783 3026 2840 animal
3055 2784 3235 2840 simile
3265 2785 3453 2855 vituli,

1853 2871 2006 2928 aliud
2061 2873 2270 2942 leonis,
2326 2873 2554 2930 tertium
2613 2873 2896 2942 hominis,
2947 2883 3204 2947 quartum
3260 2874 3458 2948 aquila

1857 2961 2073 3033 (Ezech.
2103 2978 2142 3030 ι,
2179 2961 2293 3034 10),
2327 2962 2469 3019 sicut
2518 2962 2576 3018 in
2633 2962 2968 3036 Apocalypsi
3003 2963 3238 3020 Joannes
3274 2980 3330 3020 se
3369 2964 3458 3020 vi-

1853 3049 1998 3106 disse
2022 3050 2368 3123 conscripsit.
2415 3075 2434 3100 ι
2467 3052 2736 3122 Primum,
2779 3053 2982 3126 inquit,
3023 3054 3228 3109 animal
3277 3052 3458 3110 simile

122 3147 369 3221 poribus
406 3155 697 3214 reservata,
739 3145 936 3201 merito
977 3146 1237 3202 Salomon
1285 3154 1411 3202 ante
1441 3146 1742 3204 adventum
1779 3177 1822 3240 Ο
1856 3140 2042 3211 vituli,
2067 3142 2371 3199 secundum
2405 3143 2600 3213 leonis,
2642 3143 2868 3201 tertium
2898 3143 3164 3213 hominis,
3200 3153 3254 3201 et
3283 3161 3459 3218 quar-

121 3236 366 3294 Domini
422 3237 597 3293 nostri
648 3236 776 3291 Jesu
836 3234 1064 3304 Christi,
1121 3234 1256 3307 quid
1302 3236 1485 3308 aquila
1529 3237 1740 3307 volans,

123 3327 275 3402 quid
306 3342 532 3400 serpens
579 3326 634 3382 in
680 3333 852 3398 petra,
895 3324 1031 3398 quid
1084 3324 1242 3381 navis
1290 3324 1575 3398 navigans,
1625 3343 1746 3399 qua

115 3418 362 3492 juvenis
390 3417 482 3474 via
532 3418 591 3474 in
629 3416 923 3490 juventute
964 3424 1124 3486 esset,
1175 3415 1315 3473 scire
1361 3432 1473 3473 non
1515 3419 1696 3490 potuit
1728 3437 1741 3477 :

119 3508 323 3565 adhuc
353 3524 466 3563 non
495 3514 610 3564 erat
636 3514 874 3580 tempus,
907 3521 1015 3579 quo
1035 3506 1103 3563 de
1122 3506 1319 3562 umbra
1344 3522 1542 3578 corpus
1567 3507 1744 3580 ﬁeret,

123 3606 228 3655 aut
254 3598 472 3653 veritas
500 3596 567 3653 de
596 3597 788 3670 ﬁgura.
828 3595 998 3653 Nobis
1044 3612 1198 3664 vero,
1235 3596 1436 3670 quibus
1475 3596 1747 3654 Dominus

122 3701 332 3750 noster
359 3691 514 3748 Jesus
539 3691 795 3750 Christus
815 3689 1056 3748 ostendit
1097 3689 1245 3765 quod
1287 3689 1473 3747 omnia
1518 3689 1586 3747 de
1626 3689 1746 3762 ipso

123 3788 324 3840 essent
354 3781 414 3837 in
437 3782 550 3855 lege
582 3781 911 3854 conscripta,
943 3781 1145 3856 quibus
1173 3779 1318 3837 nihil
1352 3786 1435 3837 est
1463 3781 1746 3837 occultum

123 3871 287 3946 quod
320 3887 437 3928 non
465 3872 776 3941 reveletur;
811 3878 865 3928 et
902 3879 1254 3946 posteaquam
1281 3869 1558 3942 signatum
1584 3869 1747 3926 illum

126 3971 357 4036 septem
387 3962 586 4035 sigillis
625 3962 830 4020 librum
869 3978 1032 4019 nemo
1074 3963 1213 4019 alter
1258 3959 1441 4034 potuit
1484 3973 1747 4028 reserare,

125 4069 311 4126 quam
346 4050 634 4120 Christus;
670 4051 994 4125 permissum
1039 4057 1095 4108 et
1129 4049 1410 4106 indultum
1440 4056 1522 4106 est
1565 4048 1747 4118 nobis,

124 4149 193 4198 ut
223 4141 432 4200 omnia
468 4149 522 4198 et
568 4140 754 4198 videre
799 4141 1074 4214 possimus
1119 4147 1174 4196 et
1216 4153 1394 4206 nosse,
1445 4135 1589 4194 sicut
1637 4137 1751 4210 ipse

123 4233 420 4291 Dominus
450 4231 557 4289 ait:
607 4255 626 4279 ι
671 4233 850 4300 Pater,
889 4231 1158 4290 conﬁteor
1187 4229 1313 4298 tibi,
1355 4228 1486 4303 quia
1514 4227 1754 4284 abscon-

124 4321 273 4379 disti
329 4319 452 4377 haec
503 4336 534 4376 a
579 4320 941 4394 sapientibus,
997 4329 1053 4378 et
1104 4318 1360 4378 revelasti
1405 4333 1467 4375 ea
1510 4316 1755 4390 parvulis

125 4411 369 4484 (Matth.
400 4425 480 4479 χι,
510 4410 625 4484 25).
667 4437 686 4461 ι
727 4412 800 4468 Et
827 4411 1065 4467 iterum:
1105 4433 1125 4458 ι
1157 4407 1351 4478 Vobis,
1381 4407 1589 4480 inquit,
1621 4423 1754 4480 per-

125 4501 384 4558 missum
415 4509 496 4557 est
541 4501 681 4558 scire
727 4500 1059 4574 mysterium
1097 4499 1203 4558 hoc
1237 4500 1390 4574 (Luc.
1427 4515 1550 4567 VIII,
1588 4497 1700 4570 10).
1723 4523 1742 4547 ι

124 4589 272 4657 Quae
308 4587 440 4645 ideo
473 4590 660 4660 retuli,
687 4597 750 4646 ut
779 4607 891 4646 nou
921 4598 1033 4647 tam
1070 4589 1422 4647 Salomonem
1463 4586 1611 4662 quod
1644 4603 1756 4643 non

125 4678 422 4751 potuisset
483 4678 624 4735 scire
687 4678 1158 4752 reprehenderim,
1212 4695 1376 4753 quam
1439 4676 1588 4750 quod
1647 4691 1759 4733 non

125 4766 346 4824 fuisset
376 4767 659 4839 temporis,
687 4777 749 4826 ut
771 4768 958 4826 sciret.

203 4867 457 4928 CAPUT
486 4868 555 4926 ΙΙ.
581 4899 652 4911 -
696 4868 749 4926 4.
805 4867 914 4926 Sed
959 4867 1074 4940 jam
1137 4883 1206 4923 ne
1261 4866 1542 4940 proposita
1597 4864 1760 4923 lectio

123 4959 369 5017 diutius
395 4957 702 5028 differatur,
747 4975 922 5032 pauca
947 4957 1109 5014 vobis
1137 4973 1258 5030 quae
1294 4958 1372 5013 ita
1402 4957 1462 5012 in
1493 4956 1761 5030 quaestio—

123 5065 268 5105 nem
304 5047 569 5118 veniunt,
599 5048 840 5120 propitio
890 5049 1003 5104 Deo
1049 5052 1258 5114 nostro,
1303 5045 1540 5118 cogitavi
1583 5061 1763 5117 expo—

124 5153 272 5195 nere
306 5156 321 5194 :
373 5161 391 5185 ι
419 5136 548 5194 Tria
572 5144 723 5206 sunt,
757 5136 962 5210 inquit,
991 5134 1357 5208 impossibilia
1408 5135 1548 5190 mihi
1599 5134 1760 5203 scire,

124 5237 184 5286 et
239 5233 516 5300 quartum
575 5225 722 5301 quod
783 5243 896 5282 non
954 5240 1262 5298 cognosco:
1297 5222 1530 5295 vestigia
1566 5222 1764 5296 aquilae

127 5315 425 5381 volantis,
469 5324 523 5373 et
559 5316 678 5372 vias
709 5314 978 5388 serpentis
1007 5329 1171 5387 super
1199 5320 1430 5385 petram,
1463 5321 1517 5368 et
1543 5313 1765 5370 semitas

126 5407 310 5463 navis
345 5405 680 5477 navigantis,
739 5411 794 5460 et
831 5403 951 5460 vias
986 5403 1096 5460 viri
1151 5403 1209 5459 in
1248 5400 1542 5474 juventute
1579 5401 1765 5474 (Prov.

126 5512 290 5568 xxx,
331 5493 427 5562 18,
461 5494 576 5567 19).
627 5518 648 5544 ι
706 5492 843 5562 Quis
893 5492 1042 5549 enim
1098 5507 1367 5566 unquam,
1421 5489 1768 5548 dilectissimi

212 5685 360 5762 (40)
393 5685 477 5744 Ita
505 5699 638 5742 mss.
670 5689 727 5740 et
770 5680 928 5752 edit.,
968 5689 1166 5755 praeter
1202 5683 1362 5740 Rom.
1394 5681 1493 5740 ubi
1521 5680 1758 5754 legitur:

1783 4552 1831 4611 D

1861 3237 1978 3286 tum
2007 3231 2205 3304 aquilae
2247 3232 2435 3305 (Apoc.
2470 3249 2549 3302 iv,
2583 3233 2660 3306 7).
2706 3257 2725 3283 ι
2773 3233 2878 3288 Sed
2907 3232 2975 3288 de
3005 3232 3108 3290 hac
3133 3232 3458 3290 animalium

1859 3319 2170 3392 aequalitate
2199 3321 2338 3377 alter
2368 3320 2522 3380 locus
2553 3321 2670 3395 (40)
2716 3321 2785 3378 ad
2813 3321 3161 3380 tractandum
3201 3338 3460 3380 necessa-

1859 3409 1974 3465 rius
2024 3417 2124 3468 est.
2175 3409 2338 3470 Nunc
2393 3411 2614 3470 interim
2671 3409 2821 3486 quod
2875 3410 3162 3485 coepimus,
3209 3412 3462 3486 explice-

1861 3515 2004 3556 mus.

1928 3590 2010 3649 δ’.
2047 3590 2178 3648 Hac
2205 3597 2287 3648 est
2317 3591 2521 3664 aquila,
2552 3589 2620 3648 de
2652 3607 2761 3666 qua
2787 3591 3052 3666 scriptum
3083 3600 3196 3653 est:
3244 3617 3264 3644 ι
3312 3594 3469 3666 Sicut

1859 3680 2044 3754 aquila
2080 3681 2216 3755 tegit
2273 3681 2471 3740 nidum
2521 3699 2684 3741 suum
2743 3684 2923 3758 (Deut.
2956 3700 3138 3756 χχχιι,
3173 3685 3288 3758 11),
3337 3711 3357 3736 ι
3410 3687 3469 3745 id

1860 3778 1962 3838 est,
2010 3769 2265 3829 Christus
2309 3771 2636 3830 Ecclesiam.
2684 3773 2758 3829 Et
2797 3772 2998 3837 iterum
3045 3773 3274 3847 inquit:
3329 3797 3349 3822 ι
3402 3776 3465 3832 In

1862 3859 2060 3916 umbra
2099 3861 2310 3918 alarum
2340 3871 2561 3919 tuarum
2604 3863 2836 3936 sperabo
2867 3863 3040 3935 (Ρωι.
3074 3879 3187 3932 va,
3223 3862 3305 3936 2).
3333 3887 3353 3912 ι
3395 3865 3470 3922 Et

1864 3946 2065 4005 iterum
2100 3966 2112 4006 :
2157 3975 2175 4000 ι
2214 3952 2591 4010 Renovabitur
2633 3955 2781 4011 sicut
2821 3954 3020 4028 aquilae
3058 3953 3329 4027 juventus
3373 3964 3470 4014 tua

1865 4037 2042 4112 (Psal.
2072 4056 2165 4112 cu,
2194 4041 2275 4113 5).
2310 4067 2330 4092 ι
2369 4043 2508 4100 Nam
2535 4051 2596 4101 ut
2622 4044 2808 4118 aquila
2835 4046 3050 4115 colona,
3074 4046 3230 4121 quasi
3257 4047 3335 4104 ita
3355 4063 3469 4106 ma-

1863 4141 1948 4192 ter
1975 4135 2096 4192 nidi
2125 4152 2338 4211 semper
2374 4139 2542 4195 unius
2581 4148 2684 4210 est,
2719 4155 2820 4198 nec
2847 4139 2916 4196 ad
2947 4139 3337 4214 procreandam
3383 4158 3468 4199 so-

1864 4224 2048 4282 bolem
2105 4225 2258 4282 aliud
2305 4227 2602 4302 aliquando
2658 4229 2843 4288 cubile
2887 4231 3178 4306 perquirit,
3234 4238 3289 4288 et
3339 4247 3468 4290 cum

1865 4315 2108 4388 primum
2151 4315 2346 4375 calidis
2387 4317 2509 4376 ovis
2537 4326 2756 4378 maturo
2784 4327 2910 4378 ortu
2938 4321 3082 4380 fetus
3111 4321 3358 4395 eruperit
3385 4321 3466 4378 in-

1866 4406 2058 4476 terior,
2089 4407 2270 4481 pullos
2299 4407 2484 4466 educit
2524 4409 2840 4484 implumes,
2889 4409 2989 4469 hos
3033 4419 3228 4469 contra
3269 4411 3468 4468 faciem

1869 4495 2072 4553 fervidi
2120 4497 2251 4555 solis
2282 4500 2534 4573 opponit,
2582 4508 2635 4557 et
2687 4501 2783 4575 qui
2823 4517 3023 4573 aegram
3065 4509 3119 4558 et
3165 4498 3468 4556 invalidam

1870 4603 2098 4645 corusco
2127 4589 2409 4646 radiorum
2439 4591 2673 4664 appulsu
2703 4592 2878 4648 aciem
2923 4589 3242 4646 submiserit
3283 4588 3469 4646 oculo-

1870 4695 2016 4745 rum,
2046 4686 2294 4738 materno
2319 4681 2614 4740 damnatus
2646 4681 2898 4748 arbitrio,
2923 4688 2979 4737 et
3005 4697 3038 4739 a
3074 4680 3308 4736 fratrum
3339 4695 3469 4736 con-

1870 4768 2040 4824 sortio
2071 4776 2354 4841 separatus
2385 4768 2644 4840 dejicitur
2681 4768 2740 4824 in
2784 4775 3008 4825 terram.
3049 4769 3123 4825 Et
3165 4768 3309 4824 sicut
3351 4767 3472 4825 avis

1871 4858 1978 4915 ista
2007 4856 2236 4913 inimica
2265 4865 2580 4928 serpentum
2607 4864 2709 4926 est,
2743 4873 2879 4929 quos
2905 4856 3039 4913 dum
3083 4857 3143 4914 in
3199 4872 3321 4913 aere
3363 4857 3470 4914 ala-

1873 4963 1996 5005 rum
2052 4947 2282 5018 remigio
2337 4943 2714 5001 subvectando
2758 4952 3066 5018 supportat,
3114 4945 3216 5002 hos
3252 4943 3471 5003 obunco

1872 5044 2071 5105 rostro,
2103 5045 2157 5092 et
2182 5033 2409 5091 armatis
2455 5032 2610 5106 quasi
2667 5033 2998 5108 quibusdam
3047 5034 3192 5104 telis,
3240 5033 3473 5108 pedibus

1872 5127 1987 5184 suis
2035 5125 2236 5181 lacerat
2263 5139 2326 5180 ac
2350 5122 2608 5192 divellit;
2647 5141 2786 5200 quos
2830 5141 2956 5182 cum
2995 5123 3244 5195 devorat,
3291 5125 3472 5183 calore

1873 5235 1972 5275 suo
1997 5217 2216 5272 interno
2246 5214 2478 5271 noxium
2506 5213 2649 5271 illud
2676 5216 2828 5272 virus
2855 5215 3161 5291 exstinguit
3184 5235 3197 5276 :
3231 5217 3309 5273 ita
3333 5233 3473 5295 [ergo

1875 5315 1929 5366 et
1978 5305 2231 5366 Christus
2282 5303 2554 5360 Dominus
2600 5320 2766 5361 unam
2804 5305 2988 5379 diligit
3033 5306 3360 5376 Ecclesiam,
3410 5313 3474 5365 ut

1876 5396 2060 5472 aquila
2093 5393 2287 5452 nidum
2327 5411 2488 5451 suum
2511 5411 2526 5462 ;
2577 5409 2741 5469 quam
2769 5394 2838 5452 ab
2865 5403 3000 5453 testu
3029 5397 3472 5471 persecutionum

1876 5489 2089 5545 alarum
2136 5501 2361 5544 suarum
2416 5485 2664 5545 defendit
2721 5486 3084 5548 umbraculo:
3136 5488 3218 5548 sic
3256 5503 3474 5564 quoque

1879 5685 1979 5742 Sed
2001 5685 2063 5742 de
2089 5686 2279 5742 horum
2301 5683 2618 5745 animalium
2642 5686 2898 5759 qualitate
2924 5687 3064 5746 alter
3101 5687 3263 5755 locus,
3293 5691 3398 5744 etc.
