3864 6188
552 386 673 470 ’719

1574 413 1670 466 ΑΙ)
1705 410 1938 466 OPERA
1976 409 2032 465 S.
2075 407 2406 466 AMBROSII
2443 405 2826 463 APPENDIX.
3668 411 3724 465 iit]

544 505 1049 604 lentra'Ecclesiam
1090 535 1330 607 projicit,
1363 535 1421 589 in
1451 534 1651 605 quibus
1688 534 1814 590 ﬁdei
1856 535 2040 589 lumen
2073 537 2130 589 in
2192 539 2242 596 A
2271 534 2395 606 gelii
2429 532 2776 600 suavitatem,
2829 539 2921 587 aut
2970 531 3231 603 Spiritum
3281 541 3502 588 sanctum
3534 549 3607 604 per
3640 535 3724 590 chri-

567 623 788 682 ﬁrmum
815 630 916 692 est,
947 622 1041 694 qui
1072 622 1283 694 igneam
1325 621 1750 691 Evangeliorum
1795 621 1971 677 lucem
2012 622 2168 677 vitiis

566 713 922 771 saecularibus
951 710 1224 783 inquinati
1256 710 1396 764 ferre
1427 727 1538 766 non
1570 719 1818 782 possunt.

542 800 548 805 ’
639 804 691 860 6.
719 805 789 857 Et
820 811 879 856 ut
905 801 1090 872 aquila
1120 807 1396 870 serpentes
1424 801 1670 861 devorat.
1699 808 1752 856 et
1781 817 1968 856 eorum
2009 818 2166 857 vene-

567 891 637 946 na
667 892 845 946 calore
875 889 1062 960 coquit
1097 888 1335 957 interno,
1375 890 1449 944 ita
1495 899 1548 965 et
1597 889 1849 946 Christus
1898 891 2168 945 Dominus

565 989 774 1048 noster,
807 995 1064 1051 percusso
1093 978 1351 1046 dracone,
1393 979 1448 1034 id
1492 989 1593 1048 est,
1639 979 1859 1034 diabolo
1910 981 2164 1048 lacerato,

566 1069 713 1142 quod
777 1068 1082 1122 humanum
1146 1067 1253 1123 sibi
1306 1085 1504 1140 corpus
1569 1069 1821 1136 assumit,
1885 1077 2165 1141 peccatum

566 1158 707 1216 illud
747 1158 891 1230 quod
935 1155 1219 1212 hominem
1265 1157 1483 1214 tenebat
1531 1158 1855 1226 obnoxium,
1907 1166 2162 1230 tanquam

564 1249 937 1323 perniciosum
980 1245 1136 1301 virus
1183 1246 1468 1312 exstinxit,
1518 1247 1660 1304 sicut
1707 1249 2003 1320 Apostolus
2051 1248 2163 1303 ait:

583 1363 601 1386 ι
630 1339 701 1393 Et
730 1336 797 1392 de
827 1343 1048 1409 peccato
1094 1335 1379 1390 damnavit
1425 1344 1708 1407 peccatum
1757 1337 1815 1392 in
1861 1353 2023 1393 carne
2073 1353 2170 1392 sua

569 1428 747 1500 (Rom.
780 1441 904 1492 vm,
938 1424 993 1496 3)
1021 1442 1033 1490 ;
1069 1449 1087 1472 ι
1129 1432 1184 1480 et
1211 1423 1343 1479 alibi
1371 1441 1381 1478 :
1431 1449 1448 1471 ι
1479 1425 1583 1492 Qui
1616 1441 1741 1482 cum
1767 1433 2019 1497 peccator
2057 1441 2169 1480 non

530 1503 724 1582 Tesset,
770 1531 868 1587 pro
915 1513 1075 1570 nobis
1123 1521 1404 1586 peccatum
1455 1513 1589 1569 fecit
1623 1514 1711 1586 (ΙΙ
1742 1516 1866 1572 Cor.
1903 1533 1957 1584 v,
1988 1515 2108 1586 2i).
2137 1539 2155 1564 ι

532 1609 540 1615 ’
566 1607 653 1664 Ad
677 1606 782 1662 hoc
811 1619 1026 1678 quoque
1065 1603 1286 1677 Moyses
1315 1613 1620 1677 serpentem
1656 1623 1869 1662 aeneum
1901 1606 1959 1662 in
1987 1623 2168 1664 eremo

538 1694 853 1768 'suspendit
905 1693 964 1748 in
1011 1693 1182 1765 ligno,
1233 1695 1329 1768 qui
1376 1696 1629 1768 proprius
1675 1703 1790 1752 erat
1828 1706 1992 1768 typus
2039 1713 2172 1752 cor-

568 1785 719 1858 poris
773 1783 1004 1851 Christi,
1036 1789 1098 1838 ut
1128 1783 1443 1856 quicunque
1473 1785 1530 1839 in
1561 1800 1685 1840 eum
1727 1786 2010 1857 aspiceret,
2059 1800 2169 1840 non

2277 622 2466 678 smatis
2498 622 2838 678 unctionem.
2885 622 2955 676 Et
3000 620 3133 676 alibi
3181 619 3288 677 ait:
3341 647 3356 668 ι
3399 620 3564 677 Beatus
3589 623 3655 696 qui
3685 632 3726 678 te

2277 721 2390 780 net,
2457 721 2512 768 et
2575 711 2764 767 allidet
2826 710 3063 765 infantes
3129 717 3248 764 tuos
3299 709 3363 764 ad
3406 719 3579 781 petram
3619 711 3723 777 (Ρωι.

2278 817 2508 869 cxxxvr,
2541 801 2598 872 9)
2626 818 2636 855 :
2671 825 2689 847 ι
2729 799 2877 871 quod
2907 798 3097 870 utique
3126 799 3181 853 in
3213 798 3457 869 religiosis
3483 798 3725 869 parricidium

2278 900 2413 959 erat,
2458 891 2504 946 si
2561 897 2713 962 petra
2765 890 2871 945 ista
2931 889 3160 960 ﬁguram
3220 887 3410 944 Christi
3455 889 3642 960 corporis
3663 905 3724 944 nou

2277 977 2521 1035 haberet.
2557 980 2729 1035 Nemo
2769 977 2917 1033 enim
2957 977 3146 1033 beatus
3193 977 3248 1032 in
3293 976 3461 1032 funere
3500 985 3576 1044 est,
3602 979 3663 1049 qui
3682 978 3726 1033 iu-

2280 1069 2455 1123 fantes
2484 1084 2612 1123 suos
2639 1066 2823 1122 allidit
2853 1066 2923 1122 ad
2962 1072 3171 1136 petram
3203 1082 3212 1118 :
3251 1063 3336 1120 sed
3371 1064 3477 1119 ideo
3511 1066 3648 1120 beatus
3667 1072 3724 1130 est,

2279 1157 2426 1230 quod
2452 1157 2576 1212 illos
2605 1156 2893 1228 conjungit
2923 1155 2990 1210 ad
3020 1162 3246 1226 petram.

2349 1246 2402 1302 9.
2440 1247 2570 1302 Dixi
2599 1263 2725 1319 ergo
2755 1254 2964 1318 petram
3006 1243 3301 1300 Dominum
3328 1250 3378 1298 et
3402 1242 3658 1299 Salvatorem
3675 1256 3727 1295 uo-

2280 1343 2455 1390 strum
2500 1335 2558 1389 in
2598 1333 2898 1406 Scripturis
2935 1332 3193 1389 omnibus
3229 1330 3467 1387 inveniri.
3497 1329 3729 1401 Serpeusau-

2279 1433 2391 1481 tem
2449 1440 2523 1479 ex
2580 1425 2701 1496 ipso
2750 1423 2995 1492 nomine,
3050 1421 3197 1495 quod
3233 1421 3301 1477 sit
3343 1419 3569 1486 diabolus,
3593 1424 3727 1488 apparet

2279 1515 2423 1571 sicut
2449 1513 2703 1572 callidior
2729 1513 2978 1569 omnium
3009 1511 3322 1581 bestiarum,
3367 1527 3471 1584 qua:
3504 1515 3602 1565 sunt
3633 1522 3729 1577 supra

2279 1614 2503 1674 terram,
2561 1605 2619 1662 id
2667 1613 2770 1674 est,
2821 1603 3075 1661 diabolus
3128 1601 3270 1675 (42):
3321 1599 3408 1673 qui
3452 1597 3553 1655 ideo
3595 1609 3729 1666 serpens

2280 1694 2505 1763 dicitur,
2539 1693 2685 1768 quod
2715 1695 2929 1752 occulte
2968 1700 3171 1766 serpat,
3215 1699 3268 1748 et
3307 1688 3438 1764 quod
3460 1701 3607 1744 sensus
3625 1684 3728 1740 homi-

2281 1787 2367 1843 nis
2410 1787 2651 1843 tenuiter
2696 1786 2974 1843 illabendo
3005 1791 3307 1860 pertentet:
3353 1798 3472 1856 quos
3501 1780 3540 1836 si
3577 1778 3728 1836 contine

567 1877 800 1948 periret;
843 1890 1041 1946 corpus
1086 1873 1235 1930 enim
1275 1873 1520 1930 hominis
1550 1891 1648 1946 per
1681 1874 2168 1947 transgressionem
2203 1897 2250 1959 Β
2282 1877 2373 1946 rit,
2408 1874 2669 1931 medullis
2715 1892 2772 1932 se
2813 1874 3111 1931 hominum
3158 1882 3314 1946 atque
3363 1869 3542 1927 ossibus
3579 1865 3728 1959 implicat

569 1981 668 2021 vas
725 1965 905 2021 fuerat
966 1963 1235 2035 serpentis
1287 1963 1562 2020 effectum.
1615 1964 1704 2021 Sic
1757 1973 1812 2021 et
1867 1964 2001 2020 alibi
2057 1965 2170 2037 ipse

568 2055 784 2127 Moyses
814 2053 1022 2124 virgam
1062 2051 1293 2124 projecit
1325 2051 1382 2107 in
1413 2059 1639 2121 terram,
1690 2069 1810 2124 quae
1861 2053 1918 2109 in
1958 2054 2171 2109 simili-

567 2143 817 2200 tudinem
848 2150 930 2199 est
957 2149 1242 2212 corporata
1271 2143 1575 2213 serpentis:
1613 2158 1734 2214 quae
1778 2150 1833 2198 et
1862 2142 1978 2214 ipsa
2024 2143 2172 2198 ima—

569 2250 636 2305 go
666 2241 780 2288 erat
809 2231 1054 2302 corporis
1084 2230 1328 2299 Domini,
1363 2229 1486 2286 ideo
1531 2239 1697 2286 tantae
1742 2231 1970 2287 virtutis
2015 2232 2072 2286 in
2113 2247 2172 2288 se

569 2333 764 2397 typum
795 2324 1030 2395 gerebat,
1064 2323 1110 2378 is
1131 2323 1226 2396 qui
1257 2323 1540 2380 absorbuit
1573 2323 1691 2396 (41)
1719 2322 1971 2378 omnium
2006 2324 2173 2396 zEgy-

569 2414 809 2488 ptiorum
831 2421 1178 2484 potestatem.

643 2505 693 2560 7.
730 2504 845 2558 Hoc
869 2511 949 2558 est
979 2519 1105 2574 ergo
1137 2499 1285 2574 quod
1323 2501 1436 2558 ait:
1485 2525 1502 2548 ε
1538 2501 1782 2574 Vestigia
1820 2501 2018 2574 aquilae
2063 2516 2172 2555 vo-

570 2593 736 2650 lantis
764 2593 951 2665 (Prov.
985 2608 1121 2658 xxx,
1155 2591 1279 2662 19):
1330 2615 1347 2638 ι
1393 2591 1524 2663 quia
1557 2593 1657 2646 etsi
1703 2599 1824 2663 post
1867 2589 2170 2662 passionem

567 2692 623 2739 et
686 2683 1138 2739 resurrectionem
1205 2699 1381 2752 suam,
1451 2681 1810 2754 praisentibus
1882 2678 2170 2750 apostolis,

573 2771 846 2826 Dominus
894 2779 1080 2826 noster
1123 2771 1370 2826 ascendit
1424 2771 1477 2824 in
1530 2771 1750 2834 coelum,
1793 2776 1975 2822 tamen
2016 2766 2176 2837 cujus

575 2858 822 2913 hominis
855 2866 968 2912 tam
999 2861 1143 2913 altus
1177 2875 1367 2914 sensus
1415 2867 1466 2913 et
1515 2865 1699 2912 tantus
1741 2865 1842 2924 est,
1887 2865 1948 2912 ut
1987 2857 2177 2928 expli-

573 2961 695 3000 care
732 2945 924 3014 possit,
961 2945 1237 3016 quomodo
1282 2946 1376 2998 illa
1420 2952 1571 2999 tanta
1618 2943 1872 3014 majestas
1921 2945 1986 2999 de
2036 2944 2174 3000 caelo

529 3039 669 3087 'aut
706 3032 895 3088 venire
945 3033 1167 3104 dignata
1225 3032 1420 3099 fuerat,
1469 3040 1563 3087 aut
1613 3032 1837 3099 redire;
1900 3049 2025 3088 cum
2072 3032 2176 3088 hoc

573 3119 752 3177 solum
785 3121 948 3177 nobis
977 3122 1115 3178 scire
1144 3122 1325 3189 liceat,
1357 3120 1504 3193 quod
1524 3129 1620 3177 aut
1648 3123 1821 3191 venit,
1860 3130 1954 3177 aut
1987 3121 2175 3176 redit?

573 3211 709 3279 Quis
739 3202 902 3267 enim
956 3227 1280 3284 cognoscere
1323 3218 1500 3284 potest
1537 3211 1999 3284 quemadmodum
2044 3211 2175 3267 Ver-

571 3300 704 3356 bum
734 3301 791 3356 in
824 3301 1106 3372 Virginem
1139 3299 1372 3368 venerit,
1405 3308 1466 3355 ut
1499 3308 1722 3372 repente
1751 3301 2082 3372 conciperet,
2112 3306 2176 3354 ut

575 3401 684 3448 tam
721 3391 937 3445 felicem
978 3389 1147 3444 fetum
1191 3397 1377 3459 partus
1417 3389 1703 3460 virginalis
1745 3389 2067 3456 effunderet,
2114 3394 2175 3444 ut

523 3491 530 3500 '
573 3478 858 3532 hominem
890 3478 1036 3530 Deus
1079 3477 1354 3545 indueret,
1397 3494 1558 3549 quem
1589 3485 1739 3534 totus
1784 3477 2022 3533 mundus
2063 3491 2174 3531 non

574 3571 774 3638 potest,
808 3579 907 3618 nec
932 3563 1180 3630 suﬂ’erre,
1217 3580 1319 3618 nec
1345 3579 1534 3634 capere
1555 3565 1582 3619 Ῡ
1614 3563 1669 3618 id
1717 3573 1816 3631 est,
1862 3564 2007 3636 quod
2050 3563 2127 3618 ait
2159 3582 2172 3621 :

590 3685 609 3708 ι
637 3656 886 3728 Vestigia
912 3656 1110 3728 aquilze
1141 3656 1416 3725 volantis;
1450 3684 1467 3706 ι
1513 3659 1568 3713 id
1601 3669 1700 3726 est,
1733 3660 1942 3716 Christi
1973 3662 2176 3718 Domi—

575 3747 635 3806 ni
656 3745 1004 3804 advenientis
1028 3744 1097 3801 ad
1127 3753 1350 3813 terram,
1374 3762 1436 3803 ac
1463 3745 1743 3801 redeuntis
1772 3747 1837 3802 ad
1868 3749 2034 3806 ccelos
2058 3767 2175 3806 ves-

575 3837 710 3910 tigia
737 3833 1129 3908 comprehendi
1159 3834 1513 3907 enarrarique
1533 3851 1644 3890 non
1675 3851 1851 3906 posse.

646 3937 874 3997 CAPUT
905 3937 999 3993 III.
1030 3968 1100 3978 —
1122 3936 1175 3993 8.
1225 3961 1242 3982 ε
1269 3937 1340 3991 Et
1370 3937 1508 4005 vias,
1553 3936 1756 4011 inquit,
1794 3941 2062 4011 serpentis
2091 3959 2178 4000 su-

525 4029 527 4032 ⁴
575 4042 672 4100 per
699 4034 930 4098 petram.
963 4050 982 4074 ›
1020 4025 1150 4082 Dixi
1163 4023 1276 4096 jam
1307 4024 1561 4081 charitati
1592 4033 1785 4081 vestrm
1817 4027 1962 4099 quod
1992 4029 2176 4086 sinuo-

520 4125 536 4134 “
577 4117 652 4172 sis
710 4116 899 4171 labens
942 4117 1207 4172 membris
1263 4117 1475 4172 nitidus
1529 4124 1583 4172 et
1637 4117 1902 4173 volubilis
1952 4119 2179 4175 coluber

520 4217 532 4226 '
576 4203 844 4259 tractibus
875 4204 990 4258 suis
1015 4206 1311 4277 vestigium
1347 4205 1571 4279 aliquod
1602 4207 1658 4261 in
1698 4217 1871 4280 petra,
1917 4208 2046 4280 quia
2095 4225 2179 4265 res

527 4321 532 4327 -
578 4299 658 4346 est
688 4287 845 4360 dura,
880 4307 994 4345 non
1022 4292 1202 4348 faciat.
1245 4293 1519 4350 Indicium
1565 4295 1711 4351 enim
1755 4297 1985 4352 monstri
2014 4296 2179 4367 hujus

521 4395 553 4415 ’-
578 4398 688 4437 non
718 4380 826 4436 nisi
849 4379 1006 4434 molli
1033 4379 1392 4451 impressione
1419 4381 1666 4453 signatur
1695 4385 1751 4438 in
1771 4386 2181 4456 pulvere.Nunc

577 4487 705 4544 ergo
734 4469 1020 4526 videamus
1061 4468 1186 4540 quis
1223 4469 1295 4524 sit
1342 4469 1445 4524 iste
1489 4487 1730 4542 serpens,
1779 4481 1872 4528 aut
1921 4491 2041 4546 quae
2088 4491 2176 4547 pe-

544 4567 681 4630 ‘tra,
719 4562 772 4616 in
805 4575 911 4632 qua
941 4557 1208 4630 serpentis
1239 4558 1535 4629 vestigium
1575 4576 1685 4614 non
1736 4571 1976 4632 apparet.
2025 4565 2178 4622 Hanc

519 4667 526 4676 '
579 4659 786 4722 petram
819 4646 1121 4704 Dominum
1167 4653 1416 4702 nostrum
1459 4664 1573 4702 esse
1605 4647 1877 4719 ambigere
1916 4668 2028 4706 non
2076 4652 2182 4708 de-

517 4758 530 4768 “
575 4742 788 4799 bemus.
823 4739 914 4795 Sic
942 4738 1090 4794 enim
1126 4738 1423 4810 Apostolus
1452 4736 1567 4792 ait:
1618 4761 1636 4785 ‹
1683 4737 1951 4796 Bibebant
1993 4749 2176 4798 autem

518 4835 522 4840 “
577 4829 644 4884 de
672 4827 909 4900 spiritali
939 4827 1190 4899 sequenti
1222 4835 1394 4897 petra,
1430 4834 1583 4897 petra
1628 4833 1808 4882 autem
1845 4837 1960 4885 erat
2006 4830 2179 4886 Chri-

518 4938 528 4946 ·
577 4927 693 4973 stus
715 4919 774 4988 (Ι
802 4916 930 4972 Cor.
963 4933 1021 4985 χ,
1057 4916 1152 4986 li);
1185 4930 1218 4963 ι’
1246 4921 1300 4969 et
1329 4915 1787 4986 Psalmographus
1816 4935 1826 4972 :
1877 4945 1893 4963 ι
1915 4919 1976 4972 In
2003 4927 2174 4990 petra,

578 5020 779 5093 inquit,
819 5020 1075 5075 exaltasti
1116 5035 1202 5074 me
1236 5020 1410 5087 (Psal.
1444 5037 1535 5088 ιχ,
1573 5019 1629 5091 3)
1657 5038 1669 5085 ;
1705 5044 1723 5067 ι
1764 5013 1911 5070 453
1944 5024 1996 5070 et
2027 5016 2178 5087 Moy-

578 5126 663 5166 ses
686 5110 744 5165 in
774 5111 990 5166 cantico
1041 5108 1494 5165 Deuteronomii:
1558 5131 1576 5155 ι
1621 5105 1868 5163 Lactavit
1925 5121 2017 5161 eos
2071 5104 2177 5160 mel

578 5217 647 5256 ex
698 5206 869 5272 petra,
910 5208 962 5255 et
991 5199 1173 5254 oleum
1221 5197 1289 5253 de
1322 5197 1498 5253 solida
1544 5205 1695 5268 petra
1758 5198 1932 5268 (Deut.
1993 5210 2175 5262 χχχιι,

581 5289 694 5361 13),
725 5313 743 5336 ι
788 5287 845 5343 id
873 5296 976 5356 est,
1009 5286 1155 5360 quod
1187 5285 1404 5342 dulcem
1434 5288 1664 5344 daturus
1708 5285 1778 5342 iis
1825 5293 1966 5341 esset
1997 5285 2177 5340 Evan-

654 5476 773 5549 (41)
804 5476 1164 5549 Rom._edit.,
1218 5475 1344 5541 Quae
1401 5471 1529 5549 quia
1570 5479 1620 5549 et
1656 5473 1790 5549 _ip8a
1835 5472 2007 5542 imago
2064 5479 2180 5527 erat

580 5544 820 5618 corporis
866 5547 1088 5614 Christi,
1122 5551 1170 5600 et
1196 5551 1368 5618 (tanta:
1404 5544 1616 5597 virtutis
1645 5544 1706 5598 in
1731 5550 1996 5618 satypum
2023 5559 2178 5618 gere-

581 5614 689 5685 bat,
721 5618 954 5673 omnium
982 5617 1359 5688 Egi/phorum
1398 5621 1703 5688 potestatem
1728 5614 2178 5688 gabsorbut'tLNeC

579 5683 819 5743 multum
853 5688 921 5744 ab
950 5703 1012 5759 ea
1042 5683 1171 5759 mss.
1203 5693 1366 5759 atque
1399 5683 1522 5742 aliae
1556 5685 1688 5759 edit.
1722 5685 1781 5740 in
1813 5683 1996 5740 verbis
2023 5683 2175 5739 diffe-

2283 1975 2335 2023 et
2363 1965 2659 2036 immergit.
2693 1964 2798 2031 Qui
2839 1963 2896 2019 in
2943 1980 3174 2037 corpore
3222 1959 3460 2028 hominis,
3498 1954 3610 2030 quod
3627 1951 3727 2009 omni.

2281 2064 2474 2127 potens
2506 2053 2760 2113 Christus
2793 2055 2939 2110 Deus
2979 2052 3252 2121 induerat,
3297 2049 3436 2107 nulla
3475 2044 3639 2102 malitia
3666 2054 3726 2095 sua

2249 2147 2464 2219 'potuit
2531 2147 2847 2219 imprimere
2905 2148 3160 2220 vestigia,
3217 2143 3448 2219 quamvis
3492 2138 3597 2196 illud
3635 2148 3728 2190 ausus

2283 2235 2450 2291 fuerit
2479 2253 2619 2307 saepe
2655 2243 2885 2304 tentare,
2914 2237 3061 2292 sicut
3092 2236 3205 2307 ipse
3234 2231 3476 2290 Dominus
3502 2228 3544 2282 in
3566 2227 3728 2292 Evange-

2284 2325 2361 2381 lio
2399 2327 2507 2382 ait:
2573 2349 2590 2373 ι
2640 2328 2781 2382 Ecce
2840 2326 2994 2380 venit
3043 2323 3297 2396 princeps
3344 2317 3511 2376 mundi
3547 2312 3674 2384 hujus,
3703 2315 3730 2361 et

2285 2417 2424 2472 nihil
2457 2417 2513 2472 in
2548 2433 2632 2472 me
2673 2416 2888 2472 invenit
2934 2416 3119 2487 (Joan.
3180 2428 3294 2482 xw,
3346 2411 3462 2479 50);
3500 2432 3514 2456 ι
3550 2414 3589 2460 et
3624 2399 3728 2457 alﬂli:

2299 2531 2316 2552 ι
2348 2506 2497 2562 Nihil
2529 2506 2786 2578 proﬁciet
2824 2505 3088 2561 inimicus
3119 2505 3176 2560 in
3207 2520 3290 2571 eo,
3331 2509 3381 2556 et
3416 2499 3537 2554 ﬁlius
3567 2489 3731 2563 iniquita-

2286 2597 2356 2652 tis
2383 2613 2491 2651 non
2525 2595 2745 2652 nocebit
2778 2594 2827 2650 ei
2855 2595 3028 2667 (Psal.
3070 2609 3344 2660 Lxxxvm,
3375 2588 3475 2658 23).
3517 2609 3551 2673 ιν
3577 2580 3732 2673 ῌξοεξί

2286 2703 2412 2756 ergo
2443 2694 2612 2756 petra,
2657 2684 2712 2740 id
2753 2691 2852 2751 est,
2897 2699 3022 2739 caro
3076 2681 3281 2741 Christi
3326 2677 3460 2736 nulla
3493 2668 3646 2728 inimici
3677 2668 3732 2758 iui:

2286 2776 2494 2847 quitate
2527 2789 2787 2844 respersa,
2821 2773 2879 2827 in
2917 2789 3026 2845 qua
3076 2768 3356 2844 serpentis,
3402 2765 3452 2822 id
3497 2768 3575 2828 est,
3610 2759 3731 2828 pem“

2286 2861 2522 2932 alicujus
2561 2861 2856 2933 vestigium
2903 2877 3014 2916 non
3059 2867 3300 2934 apparet,
3343 2863 3398 2913 ut
3435 2851 3638 2921 scriptum
3667 2847 3730 2896 est:

2299 2975 2316 2998 ι
2355 2951 2460 3018 Qui
2495 2959 2778 3022 peccatum
2811 2966 2920 3006 non
2955 2949 3108 3020 fecit,
3159 2965 3257 3006 nec
3302 2945 3446 3004 dolus
3479 2942 3667 2996 iuventus
3690 2935 3733 2982 est

2289 3041 2345 3096 in
2373 3057 2464 3096 ore
2489 3039 2606 3111 ejus
2639 3040 2697 3111 (Ι
2720 3042 2864 3096 Petr.
2902 3057 2964 3108 ιι,
2996 3040 3116 3111 22).
3150 3065 3170 3090 ι
3693 3104 3714 3113 η

2359 3105 2586 3186 CAPUT
2616 3105 2711 3186 1v.
2745 3159 2814 3169 —
2855 3105 2958 3186 1οί
2987 3105 3192 3186 Adhuc
3219 3126 3345 3202 quid
3367 3105 3735 3202 subjungatpaudi-

2205 3254 2247 3314 Ο
2286 3227 2374 3274 te:
2422 3244 2439 3265 ι
2471 3219 2542 3273 Et
2571 3218 2814 3286 semitas,
2845 3218 3048 3290 inquit,
3080 3200 3583 3314 navisfnavigantisf
3614 3200 3734 3314 Nave?

2286 3309 2512 3380 aquue
2541 3309 2844 3364 Ecclesiam
2878 3307 3147 3365 debemus
3171 3307 3401 3378 accipere
3434 3301 3484 3356 in
3515 3296 3602 3352 331°
3623 3282 3736 3380 min“

2285 3399 2448 3455 istius
2494 3399 2874 3466 constitutam,
2923 3415 3042 3471 quas
3091 3376 3304 3455 crebris
3320 3399 3567 3449 ventorum
3589 3376 3735 3438 ﬂatibus,

2246 3513 2252 3518 '
2287 3488 2342 3544 id
2368 3496 2467 3556 est,
2503 3488 2873 3543 tentationum
2906 3487 3085 3560 plagis
3129 3496 3181 3544 et
3223 3481 3514 3542 verberibus
3544 3472 3735 3541 fatigatﬂfi

2287 3593 2448 3649 quam
2478 3575 2688 3632 turbidi
2718 3576 2937 3645 ﬂuctus,
2971 3576 3026 3632 id
3057 3587 3160 3646 est,
3209 3572 3365 3646 hujus
3390 3565 3546 3627 saeculi
3575 3560 3737 3649 ροιθεῐξει

2286 3677 2558 3724 conantur
2585 3667 2652 3723 ad
2680 3684 2812 3723 saxa
2842 3667 3161 3739 perducere.
3193 3667 3320 3734 Quae
3346 3663 3436 3720 etsi
3466 3655 3665 3715 undarum
3684 3640 3737 3695 ὕπ’

2286 3757 2468 3814 ctibus
2497 3766 2604 3812 aut‘
2633 3756 2889 3828 procellis
2935 3773 3078 3828 saepe
3108 3763 3353 3822 vexatur,
3381 3759 3536 3807 tamen
3558 3741 3735 3834 nanti“?!

2287 3859 2465 3924 potest
2492 3850 2761 3905 sustinere
2794 3849 3162 3922 naufragium,
3214 3847 3337 3921 quia
3376 3843 3427 3898 in
3452 3836 3604 3894 arbore
3618 3826 3692 3897 ejus
3707 3813 3738 3924 td

2287 3921 2389 4008 est,
2422 3940 2479 3994 in
2511 3955 2691 4006 cruce,
2719 3937 2974 3995 Christus
3003 3921 3254 4010 erigitur,
3285 3935 3340 3990 in
3367 3926 3516 4004 ΡΠΡΡί
3536 3923 3650 4014 Ρῗίθξ
3663 3921 3738 4014 ’

2288 4006 2398 4097 ἀεί»
2431 4029 2765 4101 ἓιιῦθτηᾶῐοι·
2812 4043 3028 4100 proram
3063 4006 3363 4100 paracletus
3401 4021 3553 4076 servat
3575 4006 3738 4101 Spiritui.

2291 4092 2458 4174 Hach
2493 4135 2588 4189 per
2639 4092 2870 4188 angusta
2923 4092 3091 4187 hujus
3141 4113 3329 4172 mundi
3376 4110 3497 4164 freta
3518 4092 3740 4189 duodeni}?

2289 4168 2512 4277 portuni
2541 4168 2774 4278 remigium
2799 4168 3032 4271 ducuni,
3081 4203 3139 4259 id
3177 4211 3277 4271 est,
3304 4191 3556 4256 duodecim
3579 4168 3739 4254 ³Ρ⁰⁵ι⁰¹¹ν

2290 4303 2341 4350 et
2369 4294 2570 4350 similis
2607 4310 2871 4349 numerus
2909 4291 3322 4365 prophetarum.
3606 4357 3615 4367 ο
3649 4355 3656 4362 _

2362 4385 2448 4439 11.
2481 4383 2611 4438 Inde
2637 4383 2881 4438 Montani
2909 4360 3068 4439 antra
3107 4382 3305 4436 latratu
3334 4371 3446 4431 falsi
3487 4360 3742 4453 argillis:

2287 4480 2504 4540 sonant,
2538 4473 2633 4544 qui
2673 4472 2887 4528 duabus
2925 4471 3149 4526 feminis
3197 4434 3744 4550 prophetissiS,‘i.’fi5°ilnlf

2288 4573 2341 4619 et
2365 4536 2682 4630 Maxiniilm,
2721 4571 2983 4636 tanquam
3025 4536 3258 4632 alicujus
3298 4536 3481 4627 Scyllae
3506 4536 3746 4636 rabidils‘fl-lf'

2289 4654 2504 4710 cinctus
2533 4661 2614 4708 est
2641 4621 2890 4709 canibu‘s.
2922 4654 2983 4708 In
3013 4652 3118 4708 ista
3146 4663 3283 4705 nave
3309 4639 3538 4700 Ecclesia
3563 4645 3609 4686 ea
3629 4621 3747 4711 mf"

2287 4753 2369 4800 ter
2415 4743 2776 4816 printerimus.
2831 4743 2962 4798 Inde
3010 4743 3068 4797 in
3112 4704 3746 4816 Photinianamr

2288 4849 2398 4888 non
2417 4801 2747 4888 incidimus.
2767 4831 2900 4886 Inde
2927 4832 3083 4886 nullo
3113 4827 3275 4883 modo
3292 4825 3348 4880 in
3371 4815 3496 4876 illud
3513 4801 3748 4898 barathrm):

2289 4885 3029 4993 quasiiDathanron,
3054 4919 3110 4974 id
3133 4924 3235 4983 est,
3257 4915 3311 4969 in
3327 4899 3613 4993 profundi}m

2291 4977 2495 5066 Crsacii
2542 5019 2595 5067 et
2643 5009 2892 5067 Valentis
2952 5025 3061 5064 non
3110 5003 3450 5063 incurrimus.
3493 4985 3598 5046 Inde
3627 4977 3748 5067 Animi

2249 5124 2252 5126 η
2287 5099 2696 5171 archipiratam,
2747 5099 2841 5171 qui
2887 5114 2988 5154 nos
3040 5112 3133 5169 per
3175 5107 3321 5148 mare
3363 5078 3529 5171 saeculi

2287 5146 2696 5171 ---.-.,.-..--.-.,
2751 5146 2841 5171 Ἰ..-
2888 5146 2986 5154 -_-_
3040 5146 3122 5169 Γ--

2287 5187 2587 5244 Pharaonis
2626 5187 2957 5259 insequitur,
2998 5202 3108 5242 non
3146 5183 3429 5240 timemus;
3460 5167 3588 5259 illa?

2287 5287 2567 5336 servantes
2587 5279 2644 5334 in
2665 5245 2823 5346 coelo,
2845 5245 2965 5351 quae
2986 5278 3170 5349 Magos
3195 5265 3444 5346 perduxit
3466 5257 3524 5315 ad
3540 5245 3748 5311 Christum:

2287 5469 2563 5546 animum
2843 5539 2881 5546 -.
3433 5532 3545 5546 -.-η
3565 5492 3750 5546 mio-

2633 5547 2745 5596 vet.
2797 5539 2930 5595 edit.
2964 5552 3184 5626 aqmss.

2284 5593 3150 5683 ουξιῖῑῖέίέεηέιάδείιεέέι,θρηοά
3176 5605 3248 5683 ρει
3271 5595 3502 5683 mum
3540 5593 3652 5640 οηιηι

2237 5749 2242 5754 ,
2283 5690 2508 5755 apparet
2533 5683 2674 5755 quod
2697 5677 2774 5740 est
2796 5677 3205 5750 diabolus:qui,
3236 5682 3337 5732 etc.

579 5765 732 5825 runt,
764 5759 857 5814 sed
886 5756 1072 5828 potius
1099 5758 1158 5812 in
1197 5755 1494 5813 verborum
1536 5755 1749 5824 ordine,
1800 5769 1962 5826 quem
2000 5761 2054 5812 et
2083 5771 2174 5812 .se-
2236 5779 2242 5784 ·
3082 5769 3091 5782 ⁸
