3864 6188
111 264 211 324 721

932 262 1302 321 SERMONES
1339 262 1395 320 S.
1442 260 1799 319 AMBROSIO
1838 260 2210 320 HACTENUS
2246 262 2588 320 ASCBIPTI.

3307 263 3410 324 722

107 404 202 459 per
231 404 392 461 quam
421 404 524 446 nos
561 402 791 461 regnum
832 385 953 454 Dei,
991 386 1088 460 qui
1134 366 1403 441 malorum
1446 384 1697 440 omnium
1731 385 1783 445 A
1812 392 1962 441 ctum
1994 391 2095 452 est,
2116 400 2236 456 quae
2256 384 2304 441 si
2321 384 2509 440 omnia
2526 383 2730 456 scripta
2743 392 2944 452 essent,
2969 366 3418 461 munduseaca;

105 475 323 532 futurus
344 484 426 534 est
454 484 668 549 portus,
694 482 993 548 exspectat.
1026 473 1159 530 Inde
1190 489 1473 547 nunquam
1504 488 1606 528 nos
1633 472 1701 528 de

105 563 209 622 hac
250 565 380 622 navi
417 565 681 623 Ecclesia
711 564 1081 638 pracipitatos
1112 563 1360 619 Marcion
1408 562 1502 618 ille
1545 568 1701 617 cetus

102 653 406 712 absorbuit.
441 654 576 712 Inde
603 654 874 711 Sabellius
904 653 1081 725 pirata
1099 668 1213 708 non
1239 651 1401 723 cepit.
1440 650 1573 706 Inde
1603 666 1701 707 no-

99 742 188 800 bis
233 744 423 818 aquilo
472 759 669 800 nocere
712 759 825 798 non
864 741 1089 814 poterit,
1142 739 1398 814 quamvis
1429 738 1559 794 inde
1588 738 1703 793 sint

98 833 416 891 antichristi
463 833 711 889 violenta
755 830 925 886 ﬂabra
955 837 1206 897 ventura,
1260 829 1403 885 sicut
1434 827 1700 900 scriptum

97 930 218 979 est:
277 948 295 970 ε
340 925 430 979 Ex
467 922 725 996 aquilone
768 920 1127 976 exardescent
1174 919 1321 974 mala
1378 918 1597 990 (Jerem.
1659 934 1698 985 ι,

99 1010 217 1084 14).
247 1035 267 1060 ι
309 1011 444 1068 Inde
481 1019 659 1084 syrtes
688 1008 1000 1083 gentilium,
1031 1016 1085 1065 et
1128 1006 1464 1079 periculosas
1511 1006 1701 1062 hare-

94 1120 185 1161 ses
224 1110 280 1159 et
324 1104 579 1174 scopulos
618 1102 913 1167 evitamus,
961 1116 1099 1173 quos
1144 1099 1492 1172 superjacens
1544 1112 1699 1173 aqua

94 1192 285 1250 tenuis
311 1192 551 1249 occultat
579 1191 838 1264 allapsus,
868 1189 997 1263 quia
1025 1188 1273 1246 haretici
1302 1188 1405 1245 sub
1426 1194 1704 1263 praetextu

94 1283 346 1340 nominis
392 1281 716 1350 Christiani,
767 1280 1033 1337 absconsa
1068 1279 1313 1353 perﬁdia
1345 1295 1477 1336 saxa
1516 1277 1702 1335 fallaci

91 1372 444 1431 confessione
490 1371 603 1428 oris
641 1371 951 1437 obducunt,
1003 1371 1059 1427 in
1109 1387 1231 1444 qua
1262 1370 1536 1438 homines,
1568 1368 1698 1425 dum

90 1463 217 1521 illis
247 1461 395 1536 quod
430 1460 734 1519 Christiani
757 1461 891 1529 sint,
924 1459 1061 1516 ﬁdes
1081 1459 1336 1528 habetur,
1362 1459 1698 1531 impingunt.

167 1571 262 1629 12.
301 1571 428 1627 Hac
458 1586 586 1644 ergo
618 1569 775 1627 navis
803 1569 1048 1626 Ecclesia
1091 1577 1193 1638 est,
1226 1562 1346 1642 qua
1376 1568 1477 1624 etsi
1507 1566 1702 1640 quoti-

88 1660 187 1719 die
214 1661 478 1718 saculum
505 1660 654 1717 istud
684 1667 944 1734 tanquam
976 1658 1202 1732 aliquod
1220 1660 1443 1732 pelagus
1471 1657 1702 1714 sortitur

1808 490 1935 547 pere
1964 490 2078 529 non
2106 483 2290 546 posset
2322 473 2502 545 (Joan.
2535 491 2657 543 xxx,
2681 474 2798 546 25).
2830 475 2944 532 Aut
2972 474 3108 549 quid
3127 459 3422 548 postremo

1809 563 2100 620 descensus
2127 564 2197 620 ad
2228 559 2452 632 inferos,
2484 572 2580 620 aut
2608 580 2864 620 ascensus
2892 564 2960 620 ad
2990 566 3240 623 coelum?
3263 566 3411 635 Quid

1810 652 1952 709 illud
1991 653 2139 725 quod
2174 653 2233 708 in
2278 651 2529 725 passione
2576 652 2751 725 ipsius
2782 653 3058 725 integram
3088 654 3231 712 lucis
3266 672 3418 712 con-

1808 741 2161 800 suetudinem
2179 746 2260 800 sol
2278 744 2479 800 habere
2501 760 2613 800 non
2634 744 2816 816 potuit
2838 763 2853 812 ;
2877 753 2938 800 ut
2953 753 3161 803 taceam
3183 756 3417 819 ruptum-

1808 837 1996 891 velum
2044 835 2283 907 lapidem
2329 835 2644 891 revolutum
2667 834 2695 889 ?
2736 833 2831 889 Ha
2869 850 2998 906 ergo
3028 835 3133 893 via
3179 846 3309 893 sunt
3347 839 3413 895 in"

1806 926 2119 999 juventute,
2160 940 2295 997 quas
2342 941 2452 980 non
2494 932 2609 981 tam
2661 923 3074 996 deprehendere
3119 926 3417 1000 propheta,-

1811 1033 1974 1091 quam
2006 1029 2262 1071 enarrare
2296 1030 2353 1070 se
2381 1030 2497 1069 non
2526 1030 2685 1087 posse
2713 1021 2945 1073 testatus
2971 1023 3073 1073 est.

1885 1105 1970 1161 I5.
2005 1103 2164 1158 Tales
2214 1101 2309 1159 hic
2348 1103 2516 1159 etiam
2547 1102 2683 1160 dicit
2735 1125 2755 1149 ι
2784 1103 2904 1159 vias
2933 1105 3257 1175 meretricis,
3291 1123 3411 1180 qua

1811 1200 2175 1267 posteaquam
2213 1191 2404 1247 abluta
2430 1200 2531 1260 est,
2566 1191 2703 1248 dicit
2748 1208 2806 1248 se
2853 1192 2997 1249 nihil
3039 1195 3172 1251 mali
3218 1195 3412 1254 fecisse

1814 1283 2002 1357 (Prov.
2036 1299 2176 1350 xxx,
2206 1282 2324 1352 20).
2356 1305 2375 1328 ι
2421 1282 2683 1339 Meretrix
2704 1281 2810 1338 ista
2835 1282 3096 1341 Ecclesia
3112 1294 3278 1359 typus
3306 1295 3413 1355 est,

1810 1370 2108 1445 aliquando
2138 1370 2198 1425 in
2230 1370 2485 1442 gentibus
2512 1371 2834 1442 censtituta,
2862 1373 3137 1431 idolorum
3167 1375 3411 1432 cultibus

1811 1462 2028 1531 vitiata,
2052 1477 2216 1535 quam
2238 1477 2394 1518 vana
2414 1461 2826 1534 superstitionis
2853 1471 3045 1538 stupra
3072 1466 3405 1537 polluerant;

1810 1567 1976 1624 quam
2034 1550 2300 1606 falsorum
2340 1549 2570 1607 deorum
2625 1551 2930 1609 adulteram
2977 1553 3182 1612 fecerat
3208 1554 3417 1610 multi-

1808 1642 1980 1699 tudo:
2035 1643 2381 1718 lascivosque
2430 1661 2494 1702 ac
2522 1653 2710 1716 turpes
2748 1645 3131 1718 incompositis
3152 1647 3411 1703 motibus

87 1749 389 1820 infestum,
416 1766 702 1823 nunquam
743 1732 972 1804 eliditur
1017 1748 1084 1805 ad
1113 1764 1329 1816 saxum,
1362 1763 1465 1803 nec
1491 1744 1705 1818 mergi-
1733 1740 1779 1802 B
1811 1732 1989 1823 είεξηιιξ
2018 1747 2304 1823 ηθωρΐηω
2333 1741 2388 1790 ει
2426 1735 2679 1791 lucorum
2718 1733 2936 1823 71110111ῐό
2978 1735 3268 1803 lustrabat,
3299 1735 3411 1792 (16-

86 1848 188 1896 tur
240 1839 309 1896 ab
358 1838 719 1912 profundum.
774 1839 977 1895 Navem
1026 1846 1209 1894 autem
1248 1836 1553 1894 Ecclesiam
1583 1851 1699 1891 esse

86 1928 313 1986 divinis
337 1927 670 1984 testimoniis
691 1926 1008 1999 probamus,
1042 1926 1187 1981 sicut
1214 1924 1310 1981 ait:
1347 1950 1364 1972 ·
1386 1924 1508 1981 Illic
1524 1932 1700 1981 trans-

85 2016 289 2074 ierunt
326 2033 492 2074 naves
535 2015 759 2071 Tharsis
807 2016 984 2085 (Psal.
1039 2030 1214 2082 xnvu,
1261 2013 1344 2086 8),
1381 2040 1399 2061 ι
1438 2023 1493 2070 et
1526 2013 1692 2069 alibi:

95 2129 115 2153 ι
154 2104 454 2160 Adversus
472 2119 692 2159 omnem
713 2119 907 2158 navem
933 2103 1098 2158 maris
1123 2102 1258 2175 (Isa.
1284 2120 1345 2170 ιι,
1372 2103 1485 2174 16),
1518 2128 1537 2152 ι
1571 2103 1699 2176 quia

83 2203 230 2251 sunt
272 2191 537 2249 Ecclesia
583 2191 792 2259 saculi,
842 2207 964 2264 qua
1012 2198 1183 2248 totam
1213 2190 1318 2245 sibi
1351 2206 1524 2261 spem,
1552 2191 1699 2263 quod

82 2282 145 2339 ﬁt
176 2282 251 2338 in
281 2280 391 2337 hoc
412 2289 679 2352 tempore,
711 2296 823 2335 non
845 2286 959 2334 tam
988 2278 1054 2335 de
1084 2281 1218 2346 Deo,
1253 2294 1415 2351 quam
1443 2279 1511 2335 de
1533 2287 1700 2352 pote-

82 2370 336 2430 statibus
364 2367 536 2440 hujus
569 2368 757 2424 saeculi
787 2367 1200 2439 repromittunt.

159 2476 258 2536 13.
290 2475 396 2533 Sed
437 2474 587 2548 quod
617 2473 716 2543 ait,
759 2495 779 2521 ι
799 2474 936 2531 Vias
953 2473 1111 2530 navis
1141 2474 1474 2548 navigantis,
1503 2500 1521 2523 ι
1564 2489 1699 2546 pro-

86 2568 211 2642 prie
247 2564 525 2639 signiﬁcat
553 2562 702 2637 quod
730 2562 789 2619 in
818 2570 1065 2635 tempore
1086 2563 1230 2619 miro
1264 2562 1430 2619 modo
1450 2579 1699 2636 persecu-

86 2655 273 2713 tionis
322 2650 716 2727 comprehendi
754 2653 985 2709 omnino
1031 2669 1142 2709 non
1190 2660 1392 2726 posset,
1425 2652 1701 2726 quemad-

84 2748 330 2807 modum
357 2744 549 2801 vivida
576 2761 675 2818 per
719 2743 1029 2813 interitum,
1078 2752 1132 2801 et
1168 2745 1325 2802 dives
1368 2763 1465 2819 per
1500 2745 1701 2805 damna

85 2837 381 2904 reddatur,
405 2834 549 2892 sicut
575 2835 654 2891 ait
669 2850 737 2890 ex
759 2848 990 2906 persona
1009 2833 1184 2907 ipsius
1203 2834 1692 2909 Psalmographus:

96 2950 117 2974 ε
147 2928 224 2984 In
258 2923 617 2982 tribulatione
644 2921 888 2979 dilatasti
929 2939 1015 2979 me
1051 2922 1225 2994 (Psat.
1269 2941 1349 2993 1v,
1384 2924 1466 2998 2).
1498 2950 1518 2974 ι
1565 2925 1697 2993 Qua

86 3017 156 3073 ob
189 3015 311 3072 hoc
340 3014 531 3073 multis
560 3015 619 3071 in
648 3014 787 3071 locis
814 3022 909 3071 aut
934 3014 1041 3070 soli
1073 3024 1445 3087 comparatur,
1476 3024 1572 3073 aut
1601 3018 1697 3073 lu-

77 3122 198 3163 na:
244 3120 366 3179 qua
396 3104 501 3161 etsi
528 3104 805 3172 tunditur,
836 3119 950 3159 non
981 3110 1278 3162 movetur:
1312 3112 1367 3162 et
1395 3105 1442 3162 si
1473 3122 1693 3163 movea-
1725 3101 1768 3160 C

73 3201 186 3264 tur,
224 3193 488 3267 resurgit.

149 3301 247 3359 14.
295 3324 316 3348 ι
354 3301 428 3357 Et
456 3300 593 3370 vias,
629 3301 726 3371 ait,
760 3300 869 3357 viri
900 3301 961 3357 in
997 3299 1311 3374 juventute.
1362 3325 1382 3350 ι
1435 3300 1537 3359 Vir
1569 3300 1690 3370 iste,

73 3390 346 3450 Christus
372 3390 644 3449 Dominus
678 3398 863 3448 noster
896 3397 999 3457 est,
1024 3390 1169 3448 sicut
1196 3391 1257 3447 in
1285 3389 1523 3447 Actibus
1550 3406 1695 3462 apo-

72 3488 362 3546 stolorum
394 3487 660 3560 scriptum
689 3496 807 3545 est:
841 3486 990 3542 454
1030 3512 1049 3536 ι
1080 3487 1204 3545 Viri
1252 3487 1533 3555 Israelita,
1583 3502 1694 3542 au-

73 3574 196 3634 dite
242 3576 372 3633 hac
416 3575 622 3633 verba:
671 3576 858 3633 Iesum
902 3578 1243 3634 Nazarenum
1286 3576 1469 3632 virum
1507 3591 1540 3631 a
1578 3576 1693 3631 Deo

71 3666 327 3725 electum
371 3663 432 3720 in
478 3663 656 3734 vobis,
700 3665 1004 3723 virtutibus
1049 3674 1104 3722 et
1133 3665 1306 3738 signis
1336 3672 1391 3721 et
1421 3663 1693 3738 portentis

72 3756 458 3831 approbatum
476 3755 617 3829 (Act.
642 3774 706 3826 ιι,
733 3756 851 3830 22),
873 3781 892 3805 ›
922 3765 977 3814 et
1002 3756 1302 3831 Apostolus
1325 3774 1337 3812 :
1371 3779 1390 3803 ι
1413 3755 1483 3812 Ut
1503 3770 1694 3815 omnes

74 3846 134 3904 in
160 3848 362 3904 virum
386 3844 688 3918 perfectum
722 3859 1012 3904 occurrere
1052 3845 1345 3918 possimus,
1382 3844 1441 3900 in
1476 3859 1692 3899 mensu-

72 3953 195 3994 ram
228 3934 449 3996 Christi
474 3934 697 4006 (Ephes.
728 3951 807 4003 1v,
836 3934 926 4007 13)
952 3954 966 4003 ;
998 3958 1017 3984 ι
1056 3942 1112 3991 et
1140 3934 1305 3991 alibi:
1352 3956 1372 3981 ι
1403 3931 1693 3989 Destinavi

74 4041 176 4083 vos
204 4025 315 4083 uni
348 4024 473 4080 viro
511 4022 784 4097 virginem
814 4033 1020 4082 castam
1056 4023 1321 4082 exhibere
1349 4021 1576 4081 Christo
1608 4019 1698 4099 (II

76 4114 209 4171 Cor.
273 4130 364 4182 ιι,
394 4112 476 4184 2).
523 4136 543 4162 ι
599 4112 703 4170 Hic
747 4119 831 4169 est
875 4112 964 4170 vir
1007 4111 1167 4185 cujus
1211 4112 1317 4169 via
1343 4109 1603 4182 cognosci
1632 4108 1694 4165 in

64 4202 383 4276 juventute
418 4217 531 4259 nou
579 4211 827 4275 possunt.
863 4201 998 4271 Quis
1025 4201 1175 4259 enim
1203 4200 1477 4258 astimare
1507 4198 1694 4276 animo

70 4266 282 4365 possit,
314 4297 415 4347 aut
442 4266 637 4363 capere
665 4299 868 4365 quanta
883 4266 989 4346 ille
1018 4306 1183 4363 opera
1212 4287 1542 4356 exercuerit,
1565 4266 1693 4344 cuin

70 4380 399 4439 secundum
427 4377 713 4436 hominem
741 4387 1050 4436 moraretur
1087 4377 1147 4434 in
1188 4377 1353 4432 terris
1373 4377 1401 4433 ‘l
1430 4393 1550 4450 qua
1587 4376 1693 4432 iti-

70 4486 211 4527 nera
243 4468 532 4524 virtutum
559 4468 834 4525 duxerit?
867 4466 926 4523 in
954 4482 1089 4541 quas
1126 4465 1251 4523 vias
1294 4464 1691 4523 beneﬁciorum
1724 4464 1773 4524 D

68 4559 226 4615 circa
276 4556 594 4613 humanum
646 4573 817 4630 genus
844 4557 1015 4613 fuerit
1042 4556 1341 4628 ingressus,
1380 4554 1515 4612 dum
1544 4554 1691 4612 clau-

69 4647 157 4705 dis
187 4646 412 4722 pedum
453 4646 698 4704 restituit
725 4647 1064 4714 ﬁrmitatem,
1109 4645 1243 4703 dum
1274 4645 1434 4702 cacis
1481 4643 1695 4701 lumina

66 4739 285 4797 amissa
313 4736 524 4803 reddit,
566 4744 661 4793 aut
691 4737 928 4810 imponit
957 4735 1199 4802 condita,
1230 4735 1363 4792 dum
1405 4735 1695 4809 eloquium

68 4837 318 4902 prastat
366 4827 557 4896 mutis,
605 4836 661 4885 et
707 4826 892 4884 surdis
945 4826 1192 4882 insinuat
1231 4824 1505 4892 auditum,
1560 4822 1694 4879 dum

67 4920 301 4992 largum
356 4916 643 4989 sanguinis
690 4917 903 4973 ﬂuxum
953 4916 1121 4973 siccat
1177 4915 1234 4969 in
1280 4912 1513 4981 Martha,
1561 4912 1695 4968 dum

67 5009 382 5068 daemones
410 5008 569 5080 pellit
596 5025 667 5065 ex
693 5008 885 5077 Maria,
918 5006 1048 5063 dum
1082 5020 1280 5076 corpus
1308 5003 1544 5059 redivivi
1590 5003 1697 5074 spi-

69 5100 220 5158 ritus
286 5096 478 5155 calore
513 5096 848 5170 constringit
896 5098 954 5152 in
993 5096 1214 5161 Lazaro,
1257 5101 1312 5148 et
1354 5091 1502 5164 quod
1549 5108 1698 5147 mors

64 5190 179 5248 sibi
236 5187 566 5246 vindicaret
608 5187 678 5244 ad
723 5203 962 5259 pmnam,
1020 5186 1118 5241 lux
1158 5183 1342 5239 denuo
1373 5180 1580 5252 recepit
1628 5179 1697 5237 ad

68 5282 255 5339 vitam
276 5281 313 5337 ?
346 5278 495 5348 Quid
522 5278 619 5336 ille
656 5277 868 5335 solidus
897 5293 1112 5350 gressus
1152 5275 1208 5330 in
1248 5271 1531 5339 ﬂuctibus,
1562 5270 1695 5345 quid

66 5370 346 5446 reliquia
378 5368 449 5426 de
470 5369 660 5442 paucis
688 5365 923 5440 panibus
952 5367 1076 5438 plus
1105 5377 1406 5436 superesse,
1457 5367 1699 5416 saturata

66 5460 485 5528 multitudine,
534 5475 700 5532 quam
746 5457 963 5513 fuisse?
1006 5454 1152 5524 Quid
1192 5454 1412 5525 inopem
1467 5451 1525 5507 in
1563 5451 1696 5506 vino

66 5551 299 5609 Galilai
355 5546 615 5620 conjugis
660 5552 1003 5618 apparatum,
1045 5545 1140 5602 sed
1174 5541 1400 5600 Domini
1437 5538 1699 5612 operibus

64 5637 456 5717 pretiosum?
499 5636 573 5693 Et
618 5635 729 5692 alia
766 5633 961 5704 multa,
1003 5634 1149 5692 sicut
1176 5632 1235 5690 in
1271 5627 1575 5703 Evangelio
1601 5626 1699 5684 di-

1814 1819 1929 1876 dita
1971 1821 2228 1891 luxuria,
2276 1838 2489 1895 pompa
2537 1822 2826 1894 gentilium
2873 1824 3202 1897 mancipata.
3258 1825 3410 1883 Hanc

1807 1918 2160 1985 posteaquam
2202 1912 2475 1968 Dominus
2522 1921 2708 1969 noster
2754 1913 2909 1970 Iesus
2958 1913 3214 1971 Christus
3269 1930 3408 1987 puro

1806 2002 2155 2074 baptismatis
2204 2004 2356 2061 fonte
2403 2005 2669 2077 perfudit,
2701 2003 3041 2062 ablutionem
3071 2012 3125 2062 et
3154 2004 3407 2063 criminis

1808 2092 2018 2164 accepit
2045 2099 2100 2149 et
2150 2094 2395 2150 nominis
2432 2109 2530 2166 per
2557 2094 2788 2167 gratiam
2818 2094 2970 2153 ﬁdei.
3003 2095 3133 2152 Post
3159 2094 3407 2152 meretri-

1808 2195 1927 2236 cem
1957 2180 2021 2236 ﬁt
2060 2180 2238 2254 virgo,
2269 2184 2400 2256 quia
2431 2182 2529 2239 uni
2571 2200 2627 2239 se
2655 2183 2955 2241 destinavit
2996 2185 3230 2258 Sponso.
3266 2185 3405 2242 Nam

1807 2275 1863 2325 et
1889 2270 2038 2326 Raab
2073 2269 2172 2326 illa
2198 2272 2463 2328 meretrix
2511 2272 2910 2344 Hierichuntis,
2938 2291 3059 2347 qua
3087 2275 3406 2347 speculato-

1808 2373 1895 2414 res
1927 2358 2055 2414 Jesu
2081 2360 2231 2415 Nave
2258 2360 2477 2432 excepit
2516 2360 2779 2434 hospitio,
2812 2369 2867 2418 et
2894 2361 3041 2434 quod
3068 2361 3224 2436 signo
3252 2363 3404 2421 cocci

1810 2447 2022 2519 signata
2067 2456 2169 2517 est,
2225 2448 2319 2522 qui
2376 2450 2529 2505 color
2581 2450 2812 2522 ﬁguram
2869 2450 3077 2509 Christi
3121 2452 3405 2524 sanguinis

1810 2536 2109 2606 indicabat,
2140 2545 2195 2594 et
2217 2538 2365 2610 quod
2381 2538 2723 2597 eversionem
2753 2540 3000 2597 civitatis
3019 2540 3200 2597 evasit
3222 2542 3405 2613 (Iosue

1809 2642 1888 2695 v1,
1921 2625 2037 2697 25),
2069 2626 2329 2683 Ecclesia
2356 2634 2551 2699 typum
2582 2628 2799 2696 habuit,
2821 2644 2941 2700 qua
2957 2644 3053 2701 per
3080 2628 3402 2701 sanguinem

1808 2713 2017 2774 Christi
2069 2715 2288 2771 ruinam
2335 2715 2528 2772 mundi
2575 2715 2738 2772 istius
2784 2732 2974 2774 secura
3014 2733 3127 2773 non
3182 2716 3401 2775 metuit.

1809 2802 1900 2859 Sic
1928 2802 2077 2859 enim
2106 2804 2185 2859 ait
2208 2803 2505 2876 propheta:
2564 2826 2582 2851 ι
2609 2804 2833 2878 Accipe,
2870 2804 3073 2878 inquit,
3104 2804 3207 2862 tibi
3250 2822 3402 2863 uxo-

1807 2910 1923 2950 rem
1954 2892 2331 2962 fornicariam,
2372 2902 2427 2950 et
2456 2894 2542 2950 fac
2568 2894 2715 2951 ﬁlios
2756 2895 3140 2954 fornicationis
3179 2897 3330 2969 (Osee
3356 2915 3398 2965 ι,

1805 2983 1888 3055 2).
1924 3008 1942 3031 ι
1996 2982 2213 3056 Ubique
2232 2982 2403 3052 enim,
2424 2982 2774 3040 dilectissimi
2795 2984 3010 3055 fratres,
3040 2986 3258 3044 cultura
3283 2984 3398 3043 ido-

1807 3072 1987 3128 lorum
2036 3072 2330 3130 fornicatio
2378 3080 2693 3145 nuncupata
2734 3080 2837 3142 est,
2876 3074 3027 3130 utin
3060 3075 3403 3147 Apocalypsi

1804 3161 2070 3234 scriptum
2110 3169 2223 3218 est:
2271 3185 2290 3209 ι
2324 3162 2397 3217 Et
2432 3160 2573 3217 sinis
2612 3160 2878 3218 fornicari
2922 3178 3110 3218 servos
3140 3178 3310 3230 meos,
3342 3172 3397 3226 et

1805 3250 2135 3308 manducare
2173 3250 2339 3306 idolis
2372 3250 2656 3306 immolata
2686 3250 2875 3321 (Apoc.
2916 3266 2979 3318 ιι,
3009 3249 3126 3322 20).
3160 3275 3180 3299 ›
3232 3250 3396 3308 Deni-

1804 3354 1909 3412 que
1937 3337 2237 3395 Jerusalem
2267 3338 2464 3394 civitas
2485 3337 2581 3393 illa
2600 3337 2878 3411 quondam
2908 3336 3114 3394 nobilis
3143 3337 3394 3395 Hebrao-
3496 3324 3504 3334 ’

1803 3445 1950 3497 rum,
1999 3427 2433 3500 quotiescunque
2470 3442 2501 3482 a
2538 3426 2770 3483 veritate
2797 3425 3117 3496 deﬂexerat,
3148 3436 3204 3485 et
3229 3427 3397 3485 idolis

1803 3516 2096 3585 serviebat,
2133 3516 2317 3572 statim
2342 3514 2648 3572 meretricis
2678 3514 2952 3578 .vocabulo
2978 3516 3403 3586 nominabatur,

1803 3606 1948 3664 sicut
1982 3606 2182 3663 clamat
2226 3605 2427 3663 Isaias:
2478 3629 2496 3652 ι
2528 3604 2816 3673 Quomodo
2844 3604 2990 3662 facta
3023 3614 3104 3664 est
3132 3606 3395 3664 meretrix

1802 3696 2000 3752 civitas
2028 3695 2208 3752 ﬁdelis
2233 3694 2368 3751 Sion
2398 3696 2534 3765 (Isa.
2559 3711 2598 3763 ι,
2620 3695 2712 3768 21)
2733 3695 2761 3751 ?
2782 3720 2800 3743 ι
2836 3694 2969 3753 Inde
2989 3703 3072 3751 est
3096 3711 3223 3770 ergo
3248 3694 3398 3769 quod

1803 3785 1881 3841 ait
1908 3784 2166 3842 Salomon
2196 3800 2207 3839 :
2255 3806 2275 3830 ι
2313 3782 2462 3840 Talis
2492 3791 2679 3840 autem
2724 3784 2815 3840 via
2844 3782 3093 3839 mulieris
3132 3783 3394 3839 meretri-

1801 3878 1904 3945 cis,
1934 3893 2056 3949 qua
2092 3881 2450 3948 posteaquam
2476 3874 2665 3930 abluta
2693 3882 2795 3943 est,
2830 3873 2969 3931 dicit
2995 3889 3054 3931 se
3090 3872 3234 3949 nihil
3262 3872 3396 3931 mali

1803 3967 1995 4024 fecisse
2025 3966 2215 4038 (Prov.
2254 3981 2391 4033 xxx,
2424 3964 2540 4035 20).
2584 3988 2604 4013 ι

2342 4087 2577 4147 SERMO
2621 4087 2844 4147 XLVII.

1802 4194 1864 4251 In
1904 4206 2026 4264 cap.
2057 4205 2179 4246 xxx
2228 4186 2490 4264 Proverb.
2542 4186 2609 4243 de
2646 4186 2962 4264 differentia
2995 4187 3306 4246 Salomonis
3341 4195 3398 4245 et

2266 4261 2503 4316 aliorum
2532 4259 2945 4333 prophetarum.

1802 4372 1911 4428 Hoc
1939 4367 2193 4425 sermonis
2215 4366 2592 4438 fragmentum,
2623 4367 2804 4423 statim
2817 4373 2973 4437 atque
3000 4366 3059 4421 in
3078 4366 3204 4423 edit.
3238 4368 3394 4424 Rom.

1868 4441 2076 4515 prodiit
2126 4439 2182 4495 in
2225 4440 2424 4515 lucem,_
2461 4438 2733 4494 Ambrosii
2768 4454 2874 4493 non
2921 4454 3039 4515 esse
3080 4454 3229 4493 nemo
3290 4454 3398 4492 non

1872 4509 2099 4569 advertit
2120 4530 2134 4580 ;
2167 4516 2225 4567 at
2245 4528 2361 4567 vero
2378 4510 2490 4581 ejus
2510 4516 2775 4566 auctorem
2793 4528 2819 4565 ε
2844 4509 3064 4564 tenebris
3084 4524 3273 4581 feruere
3290 4524 3398 4581 non

1874 4591 1984 4641 tam
2022 4578 2254 4655 pronum
2298 4578 2410 4649 est,
2438 4582 2546 4655 nisi
2594 4581 2713 4651 quis
2747 4597 2812 4655 ea:
2838 4597 2909 4655 _co
2955 4580 3097 4649 quod
3146 4580 3288 4655 lacus
3335 4578 3397 4655 de

1871 4648 2142 4711 meretrice
2189 4654 2247 4708 in
2275 4648 2383 4708 hoc,
2409 4659 2457 4707 et
2496 4652 2554 4706 in
2583 4648 2849 4722 superiori
2887 4665 3124 4722 sermone
3152 4648 3399 4722 Ecclesia

1875 4726 2316 4791 accommodatus,
2348 4723 2522 4776 eodem
2559 4718 2764 4791 quoque
2796 4719 2952 4773 modo
2990 4718 3261 4790 expositus
3294 4735 3399 4791 re-

1868 4798 2116 4870 periatur
2141 4796 2198 4850 in
2215 4790 2459 4870 sermone
2505 4792 2558 4858 2,
2614 4790 2685 4846 de
2706 4791 3092 4870 Eleemosyna,
3114 4805 3266 4859 quem
3284 4790 3399 4846 Ma-

1873 4859 2010 4924 Ξιτίιηί
2061 4882 2165 4921 esse
2206 4865 2261 4919 in
2311 4879 2608 4917 sermonum
2654 4859 3136 4924 pratermissorum
3178 4876 3400 4915 censura

1869 4939 2232 5012 probavimus,
2256 4950 2447 5012 omnes
2475 4949 2558 5012 eos
2586 4931 3268 5012 eidemauctoricoujectet
3295 4948 3398 5012 αις-ς

1875 5002 2178 5082 signandos.
2357 5005 2463 5082 haec
2496 5002 2974 5082 itlud_adjjc-iemus
3001 5004 3122 5082 huic
3168 5002 3402 5082 sermoni

1875 5073 2193 5139 {Romanis
2222 5075 2508 5132 editoribus
2546 5076 2713 5130 multa
2742 5073 2908 5144 fuisse
2930 5075 3133 5145 partim
3171 5073 3398 5144 adjecta,

1871 5153 2075 5227 partim
2112 5154 2337 5212 mutata,
2377 5163 2492 5217 qua:
2528 5163 2622 5201 uos
2663 5164 2688 5201 c
2725 5147 2841 5206 Vat.
2889 5146 3003 5202 cod.
3052 5146 3397 5202 restituimus.

1880 5262 1931 5317 1.
1966 5260 2107 5315 Ante
2139 5254 2438 5311 adventum
2469 5252 2676 5310 Christi
2717 5253 3019 5310 Salvatoris
3047 5253 3246 5322 nostri,
3278 5270 3400 5327 pro.

1807 5349 1984 5422 pheta
2022 5343 2204 5410 multi,
2258 5350 2521 5413 concepto
2549 5341 2759 5413 Spiritu
2796 5349 3004 5410 sancto,
3034 5343 3221 5400 futura
3249 5359 3405 5400 nun-

1807 5442 2041 5505 tiarunt,
2089 5435 2233 5491 inter
2274 5450 2411 5508 quos
2455 5441 2509 5489 et
2537 5432 2797 5489 Salomon
2826 5431 2949 5488 loco
2990 5448 3090 5489 suo
3128 5440 3183 5488 et
3210 5428 3406 5506 ordine

1808 5549 1908 5607 pro
1980 5526 2322 5601 temporibus
2388 5530 2746 5582 numeratur:
2804 5521 2901 5579 sed
2958 5523 3107 5580 inter
3154 5523 3300 5605 (alios
3354 5526 3407 5580 et

1806 5625 1985 5698 ipsum
2031 5627 2115 5677 est
2142 5618 2328 5692 aliqua
2368 5614 2654 5673 distantia.
2694 5612 2934 5687 Ideoque
2975 5613 3164 5673 cateri
3175 5614 3256 5671 de
3287 5615 3406 5670 solo
