3864 6188
452 306 558 368 723

1474 308 1570 363 AD
1608 307 1847 366 OPERA
1886 309 1944 365 S.
1988 308 2322 368 AMBROSII
2353 309 2734 369 APPENDIX.
3672 314 3765 371 724

451 435 664 512 Spiritu
713 433 884 496 locuti
932 443 1080 504 sunt,
1125 434 1386 493 Salomon
1436 439 1618 492 autem
1651 441 1705 490 et
1733 432 1801 492 de
1836 435 2050 508 Spiritu
2078 437 2130 498 A
2159 437 2444 509 preSsione
2527 437 2776 512 corporis
2854 439 2940 496 sui
3015 440 3073 496 in
3125 449 3270 498 terra
3338 450 3605 516 corrupta
3681 463 3766 519 po.

452 544 508 594 et
532 537 602 595 de
629 537 888 610 adjuncta
912 532 1182 609 sapientia
1218 539 1301 590 est
1346 533 1583 590 locutus.
1615 532 1866 608 Denique
1907 531 2055 590 455

453 626 562 686 hoc
606 634 838 685 testatur
886 623 1115 689 locutio,
1165 639 1329 696 quam
1360 638 1430 678 ex
1459 621 1643 679 verbis
1673 623 1792 696 ejus
1821 624 2051 683 audivi-

455 732 580 774 mus
594 715 876 774 recitatam
887 755 900 782 ,
914 713 1047 769 dum
1063 712 1208 768 inter
1221 711 1548 784 sapientiam
1567 721 1620 769 et
1637 713 1906 786 Spiritum
1932 715 2050 789 (43)

454 807 745 880 proﬁtetur
764 802 1129 876 ignorantiam
1151 817 1328 871 suam,
1357 819 1482 860 cum
1506 801 1676 860 dicit:
1717 826 1736 850 ι
1759 803 1886 860 Tria
1901 812 2050 875 sunt,

455 894 658 968 inquit,
691 909 811 968 quae
840 908 953 948 non
982 891 1254 965 intelligo,
1301 892 1450 948 viam
1490 893 1650 949 navis
1688 892 1748 949 in
1791 894 1952 964 mari,
1974 913 2053 952 se-

455 988 650 1047 mitam
697 987 969 1060 serpentis
1013 986 1072 1044 in
1121 994 1356 1061 petram,
1407 994 1460 1043 et
1506 987 1805 1062 vestigium
1853 989 2051 1064 aquilae

455 1079 699 1137 volantis
768 1077 999 1134 inaera:
1057 1086 1314 1152 quartum
1364 1076 1514 1151 quod
1556 1077 1887 1151 investigare
1938 1096 2050 1136 non

456 1185 700 1245 possum,
752 1167 858 1226 hoc
901 1175 1004 1236 est,
1056 1167 1347 1224 mulierem
1395 1167 1687 1238 moecham,
1747 1185 1868 1243 quae
1923 1185 2049 1227 cum

455 1260 626 1318 semel
666 1257 858 1316 abluta
884 1257 1074 1326 fuerit,
1105 1256 1283 1316 credit
1335 1272 1393 1314 se
1422 1257 1479 1314 in
1509 1265 1626 1315 toto
1655 1275 1767 1315 non
1801 1275 2050 1332 peccasse

459 1352 647 1424 (Prov.
695 1364 834 1418 xxx,
886 1349 971 1418 19,
1003 1348 1118 1422 20).
1153 1370 1172 1398 ›
1215 1348 1344 1406 Haec
1369 1347 1538 1406 verba
1571 1349 1855 1407 communi
1887 1367 2051 1408 sensu

456 1439 613 1515 quasi
657 1437 726 1496 de
771 1437 939 1511 vulgo
986 1437 1248 1496 videntur
1294 1438 1545 1508 collecta,
1579 1437 1674 1495 sed
1704 1437 1763 1496 in
1793 1439 2052 1498 omnibus

456 1536 586 1588 sunt
613 1534 803 1586 sancta
829 1527 1130 1602 mysteria:
1179 1527 1286 1586 tria
1330 1527 1390 1585 in
1427 1526 1667 1600 Christo,
1710 1537 1764 1586 et
1787 1544 1962 1587 unum
1993 1531 2052 1587 in

454 1617 726 1678 Ecclesia.

528 1715 582 1772 2.
612 1714 750 1770 Nam
781 1710 929 1785 quod
968 1711 1116 1771 dixit
1161 1711 1311 1770 viam
1342 1713 1502 1771 navis
1531 1712 1590 1770 in
1633 1713 1772 1771 mari
1798 1732 1855 1773 se
1885 1715 2054 1774 inve-

2163 533 2268 582 test
2314 527 2602 600 designare
2647 528 2942 586 semitam:
2978 529 3073 587 sed
3124 547 3248 587 cum
3291 531 3362 588 ad
3392 543 3610 605 petram
3641 552 3768 608 per-

2164 619 2401 686 venerit,
2445 637 2558 678 non
2602 621 2734 679 facit
2763 622 2821 677 in
2853 622 3059 696 lapide,
3087 622 3232 696 quod
3261 624 3394 680 fecit
3427 625 3487 680 in
3520 627 3765 699 pulvere.

2163 707 2254 765 Sic
2299 716 2353 765 et
2398 725 2620 782 serpens
2668 709 2923 767 diabolus
2967 711 3026 767 in
3061 711 3194 784 ipsis
3240 713 3525 770 natalibus
3581 717 3766 772 mundi

2165 795 2383 855 invenis
2411 799 2831 872 corruptibilem
2852 807 3076 870 terram,
3105 801 3284 858 Adam
3315 812 3371 859 et
3388 804 3577 860 Evam
3603 805 3763 862 liben-

2162 894 2247 943 ter
2271 887 2586 945 audientem
2617 906 2737 962 quae
2770 891 2985 947 locutus
3015 899 3096 948 est
3127 892 3283 962 (Gen.
3326 911 3409 962 ur,
3445 895 3590 967 1-5).
3624 897 3764 951 Fecit

2163 975 2222 1031 in
2251 977 2476 1033 auribus
2505 978 2783 1048 semitam,
2818 980 2946 1036 fecit
2979 987 3033 1036 et
3072 981 3129 1036 in
3152 981 3407 1054 pedibus,
3440 983 3650 1057 quibus
3682 986 3768 1040 in-

2161 1066 2458 1123 terdictum
2482 1067 2660 1124 fuerat
2689 1069 2796 1125 iter
2820 1069 2886 1126 ad
2916 1069 3167 1127 arborem
3195 1090 3208 1140 ;
3245 1072 3378 1130 fecit
3408 1083 3466 1131 et
3493 1075 3557 1131 in
3587 1078 3768 1132 mani-

2160 1157 2283 1226 bus,
2331 1156 2533 1230 quibus
2589 1166 2928 1217 contrectata
2976 1168 3106 1217 sunt
3147 1178 3311 1234 poma
3339 1182 3350 1220 :
3383 1164 3525 1224 fecit
3559 1167 3620 1222 in
3647 1167 3768 1224 late»

2162 1246 2334 1316 ribus,
2387 1247 2588 1320 quibus
2653 1249 2889 1305 necdum
2957 1267 3228 1307 concessze
3284 1251 3431 1324 (47),
3489 1255 3770 1312 celebratae.

2161 1343 2290 1392 sunt
2338 1336 2567 1410 nuptize.
2621 1337 2775 1395 Tunc
2815 1355 3038 1411 serpens
3085 1341 3265 1413 potuit
3322 1342 3383 1398 in
3419 1343 3769 1415 primitivum

2163 1425 2447 1483 hominem
2489 1427 2647 1500 quasi
2681 1427 2740 1484 in
2769 1429 3055 1500 pulverem
3085 1430 3382 1503 vestigium
3417 1432 3630 1503 facere,
3664 1452 3769 1507 per-

2162 1516 2316 1572 venit
2346 1515 2414 1571 ad
2443 1523 2673 1588 petram,
2708 1533 2827 1590 quae
2849 1527 2930 1574 est
2961 1517 3215 1575 Christus
3247 1520 3576 1590 (talisenim
3607 1524 3770 1581 factus

2161 1614 2277 1662 erat
2321 1607 2519 1676 Adam,
2561 1605 2738 1680 qualis
2789 1614 2844 1663 et
2884 1605 3140 1665 Christus
3168 1617 3347 1665 estex
3388 1613 3611 1684 utero),
3643 1612 3769 1671 vidit

2161 1695 2587 1753 similitudinem
2634 1706 2950 1770 coopertam
2995 1714 3257 1771 corpore:
3310 1699 3409 1756 sed
3448 1717 3768 1774 cognoscere

457 1807 578 1866 nire
607 1821 719 1862 non
750 1821 926 1880 posse,
959 1804 1065 1863 hoc
1093 1820 1206 1861 non
1233 1811 1315 1862 est
1343 1805 1461 1861 sine
1492 1805 1758 1878 mysterio
1800 1807 2054 1866 verbum.
2085 1809 2132 1871 B
2162 1802 2288 1880 no“_
2308 1785 2489 1859 Pomit
2541 1785 3053 1880 ωῆὶθειαιεεωμδλ
3084 1787 3271 1846 Pota“
3319 1798 3394 1880 et,
3426 1789 3620 1863 ipsum
3669 1801 3767 1849 τίθη·

456 1897 591 1956 Nam
622 1896 747 1969 quis
789 1895 935 1952 inter
963 1894 1164 1952 ﬂuctus
1208 1895 1500 1968 colligebat
1541 1895 1710 1965 viam,
1746 1913 1909 1971 quam
1955 1915 2051 1956 na-

456 1986 544 2043 vis
573 1985 807 2044 transire
843 1984 1140 2059 potuerat?
1174 1982 1344 2041 Navis
1370 1983 1518 2040 enim
1547 1985 1785 2043 transitu
1813 2003 1913 2043 suo
1935 2004 2049 2044 un-

457 2075 554 2134 das
596 2075 821 2144 scindit,
853 2082 907 2132 et
937 2073 1208 2148 coagulat,
1240 2081 1302 2130 ut
1332 2074 1538 2130 sciatur
1579 2074 1708 2150 quia
1747 2078 1964 2147 transit,
1996 2087 2049 2137 et

457 2182 570 2223 non
613 2165 866 2223 videatur
911 2181 1018 2240 qua
1063 2162 1362 2222 transierit.
1415 2164 1611 2222 Visum
1659 2166 1807 2222 enim
1848 2166 2049 2225 habere

458 2267 658 2335 potest,
698 2258 995 2332 vestigium
1037 2258 1217 2317 facere
1249 2274 1361 2315 non
1408 2265 1604 2333 potest.
1662 2259 1914 2318 Christus
1969 2271 2051 2319 est

457 2353 637 2423 navis,
669 2353 730 2409 in
767 2369 876 2428 qua
903 2353 1207 2410 ascendunt
1244 2352 1492 2408 omnium
1533 2353 1875 2411 credentium
1919 2355 2052 2412 ani-

457 2460 584 2513 mae,
629 2459 752 2518 qua:
792 2449 856 2499 ut
879 2449 995 2498 tota
1025 2441 1256 2498 ﬁrmitas
1287 2440 1345 2497 in
1374 2440 1632 2499 ﬂuctibus
1661 2441 1946 2513 habeatur,
1983 2444 2051 2502 de

457 2534 612 2609 ligno
635 2533 752 2608 (44)
784 2531 1108 2601 fabricatur,
1141 2539 1195 2589 et
1214 2533 1283 2591 de
1311 2531 1457 2590 ferro
1485 2531 1801 2605 conﬁgitur,
1835 2533 1942 2592 hoc
1971 2542 2054 2592 est

457 2623 710 2682 Christus
732 2623 789 2678 in
807 2639 990 2682 cruce.
1022 2621 1129 2679 Sed
1160 2621 1308 2696 quod
1329 2621 1466 2679 dicit
1497 2637 1695 2694 navem
1724 2621 1843 2679 sine
1873 2622 2054 2679 vesti-

457 2713 568 2788 gio,
617 2712 743 2770 ideo
785 2712 915 2785 quia
957 2710 1202 2769 Verbum
1249 2711 1350 2768 Dei
1389 2711 1684 2767 vehemens
1733 2728 1828 2784 per
1865 2728 2052 2768 aurem

457 2801 766 2876 penetravit
811 2799 881 2856 ad
927 2800 1140 2857 viscera
1188 2801 1423 2856 collecto
1468 2799 1694 2856 homine
1754 2817 1854 2857 suo
1909 2801 2054 2859 inter

457 2893 710 2950 homines
739 2891 1006 2960 nascitur,
1035 2893 1208 2950 Maria
1236 2893 1394 2965 virgo
1424 2902 1662 2966 generat.
1696 2895 1914 2976 Transit
1944 2913 2053 2953 na-

456 2984 544 3040 vis
571 2999 669 3056 per
699 2997 868 3051 mare,
899 2989 954 3039 et
981 2982 1137 3038 nulla
1163 2981 1222 3038 in
1252 2980 1419 3038 undis
1449 2983 1709 3056 vestigia:
1747 2985 1900 3042 venit
1932 2987 2049 3058 (45)

457 3072 709 3130 Christus
749 3070 817 3127 de
843 3069 1003 3140 coelo,
1055 3085 1186 3127 aure
1231 3069 1562 3144 concipitur,
1599 3080 1758 3129 utero
1809 3079 2054 3148 tempore

456 3169 609 3221 certo
656 3167 927 3236 portatur.
978 3160 1127 3217 Talis
1170 3159 1343 3217 Maria
1381 3161 1538 3234 virgo
1576 3161 1863 3229 remansit,
1895 3171 2054 3236 post-
2081 3181 2125 3241 ρ

455 3270 619 3328 quam
658 3251 891 3326 peperit,
941 3251 1121 3325 qualis
1179 3249 1287 3308 fuit
1314 3259 1607 3326 antequam
1647 3252 1892 3310 Verbum
1921 3270 2052 3311 aure

455 3342 726 3416 concepit.
757 3341 955 3400 Merito
988 3342 1249 3400 Salomon
1296 3342 1442 3399 inter
1482 3341 1750 3415 Spiritum
1798 3351 2050 3400 sanctum

456 3441 511 3488 et
557 3429 883 3503 sapientiam
923 3430 1176 3500 ignorare
1217 3447 1276 3488 se
1317 3431 1478 3500 dicit,
1511 3439 1566 3488 et
1594 3431 1920 3505 mysterium
1954 3432 2052 3489 in-

455 3520 605 3577 dicat
628 3517 774 3592 quod
803 3518 1019 3590 ignorat
1049 3517 1191 3590 (46).

529 3617 583 3673 3.
624 3613 836 3673 Deinde
872 3613 1162 3688 proﬁtetur
1199 3628 1257 3670 se
1285 3630 1396 3670 non
1427 3614 1618 3672 videre
1646 3615 1898 3674 semitam
1928 3633 2053 3676 ser-

456 3706 636 3784 pentis
665 3706 724 3764 in
745 3712 898 3781 petra
921 3721 934 3760 :
960 3703 1106 3780 quod
1137 3705 1508 3762 communiter
1551 3707 1810 3764 omnibus
1857 3708 2049 3766 homi-

457 3800 622 3859 nibus
633 3805 817 3874 patet;
847 3796 976 3872 quia
1003 3795 1208 3854 astatis
1227 3803 1474 3870 tempore
1502 3813 1627 3854 cum
1657 3806 1801 3855 terra
1815 3799 2052 3858 solvitur

458 3892 517 3949 in
546 3891 852 3965 pulverem,
883 3885 951 3946 de
981 3885 1216 3945 latibulo
1262 3903 1363 3945 suo
1393 3902 1640 3961 egressus
1675 3904 1919 3962 serpens,
1951 3889 2051 3946 im-

532 4045 648 4118 (43)
689 4046 849 4105 Rom.
881 4043 1039 4114 edit.,
1085 4050 1305 4101 testatur
1336 4043 1574 4118 lectio....
1606 4045 1749 4103 Nam
1768 4046 1894 4102 dum
1922 4064 2051 4118 quo-

455 4116 705 4190 rumdam
750 4117 1122 4190 mysteriorum
1164 4116 1447 4190 propriam
1491 4118 1770 4190 proﬁtetur
1797 4116 2048 4190 ignoran-

461 4186 610 4261 tiam,
647 4187 944 4261 _assignare
989 4186 1301 4261 distantiam
1325 4186 1536 4261 uidetur
1563 4186 1703 4261 inter
1731 4186 2048 4261 sapientiam

459 4257 560 4332 sibi
579 4256 832 4332 collatam
860 4263 921 4332 et
935 4258 1203 4328 spiritum.
1233 4259 1376 4314 Dicit
1405 4276 1526 4332 ergo
1538 4277 1562 4332 _:
1598 4260 1725 4316 Tria
1752 4256 1882 4318 sunt
1910 4263 2049 4318 mihi

462 4325 824 4404 impossibilia
846 4325 1007 4404 scire,
1039 4336 1092 4404 et
1121 4338 1379 4404 quartum
1409 4325 1557 4403 quod
1587 4347 1700 4404 non
1738 4349 2008 4404 cognosco
2035 4351 2046 4390 ε

459 4397 692 4457 Semitas
737 4397 894 4477 navis
915 4397 1270 4477 .navigahtis,
1299 4397 1442 4477 vias:
1464 4402 1732 4473 serpentis
1760 4397 1926 4476 super
1963 4422 2052 4477 pe-

460 4480 623 4540 tram,
647 4478 702 4527 et
733 4469 965 4543 vestigia
1002 4469 1199 4552 aquilae
1222 4471 1489 4552 volantis,
1517 4469 1590 4552 et,
1618 4469 1875 4552 quartum
1906 4469 2052 4552 quod

2161 1875 2389 1933 tandum
2435 1875 2688 1949 aggredi:
2737 1876 2832 1933 sed
2881 1877 3142 1935 Christus
3192 1895 3295 1936 nec
3344 1878 3766 1954 obtemperavit,

2159 1983 2260 2024 nec
2289 1966 2465 2023 iratus
2493 1973 2575 2023 est
2600 1984 2613 2034 ;
2667 1967 2797 2041 quia
2826 1967 2910 2024 ira
2936 1985 3074 2043 Opus
3121 1975 3204 2026 est
3238 1968 3457 2025 diaboli
3484 1988 3496 2026 :
3534 1971 3633 2028 sed
3655 1989 3766 2030 cum

2156 2059 2363 2117 diaboli
2411 2067 2726 2132 contempta
2793 2067 2923 2117 sunt
2982 2059 3173 2130 verba,
3222 2075 3455 2133 serpens
3513 2061 3576 2118 in
3632 2072 3766 2136 petra

2157 2151 2460 2226 vestigium
2490 2169 2601 2209 non
2632 2151 2786 2210 fecit.

2227 2253 2281 2312 4.
2313 2252 2561 2309 Tertium
2593 2269 2723 2309 vero
2752 2268 2808 2309 se
2830 2268 2941 2310 non
2969 2251 3311 2311 intellexisse
3359 2261 3607 2314 testatur
3637 2257 3772 2330 (49).

2156 2345 2360 2418 Aquila
2410 2345 2747 2418 intelligitur
2795 2345 3076 2414 Christus,
3130 2346 3227 2420 qui
3276 2347 3478 2404 volatu
3532 2365 3638 2406 suo
3691 2351 3770 2407 de-

2158 2434 2374 2492 scendit
2394 2434 2462 2490 ad
2483 2442 2675 2492 terras.
2699 2435 2859 2504 Quod
2885 2435 3145 2492 animalis
3167 2451 3338 2508 genus
3362 2453 3482 2493 non
3503 2439 3770 2507 nutritur,

2159 2523 2268 2581 nisi
2301 2523 2540 2597 primum
2583 2524 2803 2582 castitas
2831 2525 3222 2597 comprobetur
3268 2527 3488 2597 matris,
3527 2536 3594 2584 ut
3622 2546 3770 2601 aper-

2158 2612 2232 2668 tis
2290 2611 2487 2680 oculis,
2571 2611 2773 2684 absque
2851 2612 3246 2684 palpitatione_
3287 2619 3470 2670 totum
3548 2617 3772 2690 aspiciat

2158 2702 2350 2758 solem.
2381 2699 2580 2757 Merito
2597 2701 2744 2756 enim
2778 2699 2883 2758 hoc
2907 2701 3112 2758 animal
3147 2711 3508 2775 comparatur
3529 2705 3773 2762 Salvato-

2167 2791 2254 2857 Γίὶ
2284 2792 2545 2864 quoniam
2577 2807 2702 2848 cum
2735 2791 2947 2866 aliquid
2980 2807 3167 2864 rapere
3198 2792 3463 2863 voluerit,
3518 2812 3640 2851 non
3669 2814 3776 2852 v95.

2160 2879 2316 2952 tigiis
2343 2878 2592 2935 ambulat
2639 2879 2965 2949 terras,.sed
3013 2880 3294 2937 excelsum
3343 2881 3503 2954 eligit
3564 2884 3776 2942 locum:

2161 2969 2242 3025 sic
2279 2977 2333 3025 et
2382 2968 2636 3027 Christus
2665 2970 2777 3026 alta
2820 2986 2984 3027 cruce
3035 2986 3355 3043 suspensus,
3385 2979 3630 3030 tonante
3657 2982 3781 3031 stre-

2164 3064 2285 3137 pitu
2333 3070 2387 3120 et
2424 3063 2663 3120 terribili
2712 3065 2904 3121 volatu
2961 3065 3236 3139 impetum
3280 3067 3349 3124 ad
3379 3067 3605 3126 inferos
3637 3071 3776 3138 fecit,

2163 3160 2494 3227 sanctosque
2519 3154 2736 3226 rapiens
2763 3153 2832 3210 ad
2858 3171 3093 3228 superna
3126 3155 3422 3213 remeavit.

2233 3252 2286 3310 5.
2319 3252 2589 3320 Quartum
2639 3251 2787 3325 quod
2835 3252 2971 3310 dicit
3013 3252 3079 3310 de
3122 3253 3358 3310 muliere
3409 3255 3669 3326 moecha,
3700 3258 3781 3313 hic

2163 3342 2365 3400 mulier
2410 3341 2658 3399 Ecclesia
2706 3341 3059 3417 intelligitur,
3111 3359 3232 3416 qua:
3281 3343 3495 3400 dudum
3550 3363 3783 3423 sequens

2163 3433 2332 3504 idola,
2380 3433 2654 3491 fornicata
2705 3432 2820 3488 ibat
2870 3432 2988 3505 (50)
3049 3441 3174 3506 post
3229 3431 3359 3490 deos
3408 3435 3669 3496 alienos:
3699 3438 3784 3496 sed

2162 3526 2280 3595 ubi,
2314 3525 2533 3598 cognita
2563 3523 2816 3594 veritate,
2850 3524 3003 3582 sedes
3027 3541 3163 3598 quas
3207 3525 3420 3583 dudum
3454 3529 3784 3605 collegerat,

2161 3632 2287 3675 cum
2331 3616 2498 3673 semel
2541 3614 2710 3671 fuerit
2745 3615 3021 3689 baptismo
3069 3617 3200 3685 lota,
3250 3633 3464 3686 carens,
3513 3621 3780 3678 creditae

2163 3721 2444 3780 nunquam
2475 3721 2726 3778 peccasse
2758 3705 2900 3777 (5|),
2931 3705 2994 3761 ﬁt
3024 3705 3266 3774 munda,
3315 3705 3379 3764 ﬁt
3408 3723 3591 3778 nova,
3627 3711 3779 3785 depo-

2162 3799 2268 3857 sita
2310 3798 2727 3856 conversatione
2771 3797 2991 3856 saeculi:
3042 3799 3280 3856 moritur
3335 3798 3596 3871 diabolo,
3635 3818 3776 3859 rena-

2162 3893 2334 3950 scitur
2365 3892 2484 3964 (52)
2517 3895 2649 3949 Deo.

2161 4049 2306 4105 rium
2345 4047 2566 4122 indicat,
2599 4047 2738 4120 quod
2776 4064 2877 4120 per
2903 4048 3150 4122 collatam
3182 4048 3501 4119 sapientiam
3546 4050 3781 4122 ignora-

2162 4122 2268 4178 bat.
2300 4121 2605 4191 Denique...
2634 4136 2797 4192 super
2818 4126 3048 4191 petram.
3097 4120 3385 4176 Commune
3430 4127 3531 4186 est,
3576 4120 3637 4177 et
3677 4141 3781 4177 om-

2161 4194 2336 4260 nibus,
2369 4201 2470 4249 etc.

2203 4265 2354 4336 ⁶(47)
2379 4264 2583 4320 Eadem
2615 4262 2772 4330 edit.,
2805 4263 2861 4317 in
2906 4263 3177 4332 lateribus,
3213 4263 3342 4318 dum
3365 4263 3432 4319 ab
3465 4265 3546 4319 eis
3575 4283 3686 4321 non
3727 4275 3784 4321 ut

2161 4335 2381 4406 fuerant
2401 4352 2668 4406 concessae,
2696 4342 2802 4390 etc.

2237 4407 2353 4478 (48)
2384 4407 2542 4486 119m:
2575 4405 2731 4486 edit.,
2764 4404 3029 4486 Adam‘de
3060 4404 3207 4486 limo,
3239 4407 3422 4486 qualis
3445 4407 3787 4486 efﬂigimus

2161 4476 2339 4534 estea}
2390 4477 2620 4547 Virginis
2667 4483 2836 4543 utero,
2872 4477 3006 4531 vidit
3054 4476 3285 4532 hominis
3334 4477 3784 4544 similitudinem,

459 4559 594 4625 non"
627 4541 920 4625 cognosco,
961 4541 1090 4624 Ivias
1128 4541 1237 4598 viri
1290 4542 1348 4597 in
1399 4541 1711 4625 juventu'te.
1761 4541 2051 4604 Talis-via
2084 4549 2132 4607 D
2163 4548 2250 4604 sed
2297 4541 2593 4620 coopertum
2630 4541 2848 4620 corpore
2899 4564 3198 4620 cognoscere
3249 4566 3358 4605 non
3397 4551 3586 4622 potuit
3621 4541 3786 4622 mdis;

458 4612 718 4692 mulieris
756 4612 1251 4692 meretricis,__q_uae
1303 4612 1430 4692 cum
1475 4613 1683 4692 fecerit,
1760 4625 2048 4692 postquam

457 4687 644 4743 abluta
672 4685 859 4754 fuerit,
891 4684 1036 4742 nihil
1065 4684 1202 4741 dicit
1231 4701 1287 4742 se
1317 4684 1508 4743 fecisse
1548 4687 1700 4744 mali.

531 4757 647 4833 (44)
680 4758 838 4833 Rom.
873 4757 1029 4824 edit.,
1059 4757 1199 4812 inter
1212 4760 1414 4833 fluctus
1443 4759 1749 4833 ostenderet,
1793 4761 1874 4833 vel
1893 4778 2050 4833 prce-

456 4829 681 4902 scribere
720 4829 885 4897 viam,
933 4846 1038 4902 qua
1094 4829 1246 4902 navis
1312 4830 1632 4888 transierit?
1689 4832 1856 4888 Navis
1893 4829 2050 4889 'enim

458 4901 687 4958 transitu
729 4918 825 4958 suo
871 4901 1040 4958 undas
1084 4901 1294 4968 scindit,
1324 4909 1372 4957 et
1399 4902 1544 4959 illico
1578 4919 1630 4957 se
1656 4903 1802 4960 unda
1831 4905 2047 4960 conden-

365 4991 370 4998 ‘
455 4979 540 5029 sat
560 4979 640 5048 _ut
677 4973 928 5048 pideatur
962 4971 1100 5048 quia
1142 4973 1354 5048 transit,
1387 4981 1434 5030 et
1459 4975 1888 5048 non_sciatur....
1931 4994 2050 5048 qua:

453 5050 516 5101 ut
534 5044 751 5127 ﬁrmius
778 5045 917 5127 inter
943 5044 1130 5127 ﬂuctus
1153 5046 1519 5127 epeltatur,hde_
1547 5046 1828 5127 ligno,etc_.

551 5115 645 5188 45)
688 5116 894 5174 Eadem
942 5116 1121 5191 edit.,_
1153 5117 1374 5191 Verbum
1418 5115 1733 5191 Deiovioum
1770 5124 1820 5174 et
1851 5120 2047 5191 efﬁcax

446 5187 548 5262 per
573 5203 761 5245 aurem
786 5193 1024 5262 penetrat
1050 5189 1123 5262 ad
1149 5188 1353 5262 viscera
1381 5187 1491 5262 sine
1521 5189 1746 5262 laesione,
1769 5197 1818 5245 et
1843 5187 2048 5247 homine

451 5259 740 5333 assumpto.
790 5259 1018 5319 Verbum
1069 5260 1220 5333 inter
1252 5259 1484 5316 homines
1525 5261 1766 5333 nascitur
1812 5261 1922 5317 sine
1963 5264 2046 5318 sui

448 5331 817 5412 diminutione,
862 5338 910 5389 et
943 5332 1125 5392 Maria
1152 5331 1317 5412 .virgo
1364 5337 1579 5412 generat
1607 5332 1717 5388 sine
1746 5335 2044 5412 corruptio-

451 5405 813 5478 ne.ATransit
865 5421 986 5477 ergo
1033 5405 1256 5460 navis...
1314 5405 1533 5475 vestigia
1585 5412 1859 5462 remanent
1904 5405 2044 5478 quia

2160 4625 2363 4676 statam.

2228 4690 2360 4818 ((1192.
2382 4691 2539 4748 Rom.
2572 4690 2734 4762 edit.,
2774 4697 3016 4759 testatur,
3062 4707 3243 4764 nempe
3284 4693 3505 4765 vestigia
3579 4697 3792 4766 aquilis

2245 4781 2316 4818 an
2341 4779 2404 4818 ιε.

2158 4764 2404 4818 volantis.

2233 4834 2348 4907 (50)
2381 4834 2586 4891 Eadem
2607 4835 2765 4907 Rom.
2786 4834 2954 4907 edit.,_
2970 4834 3218 4906 impetum
3233 4835 3300 4892 ab
3326 4834 3523 4907 inferis
3555 4836 3789 4907 fecit....

2158 4905 2298 4976 quad
2326 4905 2454 4962 dicit
2480 4906 2541 4961 de
2564 4907 2666 4962 viis
2689 4906 2800 4962 viri
2837 4907 2895 4961 in
2927 4905 3199 4975 juventute
3242 4914 3290 4962 et
3335 4905 3567 4964 muliere
3617 4927 3794 4965 mere—

2161 4978 2304 5045 trice,
2338 4979 2438 5034 hxc
2465 4979 2750 5035 mulier....
2773 4984 2835 5033 ut
2865 4977 3172 5048 for-nivaria
3203 4979 3333 5035 ibat.

2230 5051 2347 5121 (51)
2385 5049 2732 5125 Βοωηθάὶμ,
2751 5066 2901 5125 quas
2931 5050 3131 5104 dudum
3161 5052 3408 5121 elegerat,
3436 5053 3789 5125 relinquens,

2157 5120 2273 5176 cum
2326 5123 2479 5176 semel
2533 5120 2698 5190 fuerit
2749 5121 3008 5191 baptismo
3051 5139 3087 5178 τι
3125 5120 3340 5192 peccato
3392 5126 3522 5189 tota,
3588 5120 3792 5182 Eat-ms

2156 5192 2376 5260 delictis,
2417 5192 2546 5247 dicit
2591 5211 2642 5248 se
2687 5209 2961 5262 nunquam
2999 5209 3270 5263 peccasse:
3328 5201 3384 5250 at
3433 5211 3541 5250 ms.
3594 5207 3658 5253 ut
3725 5201 3790 5255 in

2157 5271 2334 5332 textu,
2366 5263 2461 5320 ubi
2491 5271 2675 5336 tamen
2707 5280 2804 5336 pro
2835 5265 2997 5332 sedes,
3031 5265 3252 5320 mallem
3269 5267 3474 5320 sordes.

2229 5337 2344 5408 (52)
2378 5336 2512 5408 Post,
2533 5335 3028 5408 verba’renascitur
3055 5336 3186 5401 Deo,
3219 5337 3348 5393 Vat.
3399 5337 3583 5394 codex
3630 5339 3788 5397 desi—

2157 5405 2281 5480 nit;
2311 5405 2366 5464 at
2394 5406 2678 5480 subjungit
2702 5408 2864 5480 Rom.
2899 5405 3031 5480 edit.
3064 5411 3127 5480 ut
3155 5408 3342 5480 scribit
3368 5409 3677 5480 Apostolus
3711 5414 3790 5467 ad

451 5482 820 5620 v?gé)fitcom.
859 5543 1017 5611 edit.,
1046 5561 1179 5620 aure
1207 5545 1496 5620 conceperit
1536 5553 1584 5620 et
1628 5552 1785 5620 utero,
1818 5555 2038 5620 gestave-

452 5611 573 5684 rit._
604 5611 860 5684 Merito...
921 5621 970 5668 et
1036 5613 1273 5683 infusam
1338 5611 1654 5684 sapientiam
1730 5611 2040 5674 disiantiam

446 5681 616 5748 ponit,
647 5682 774 5734 dum
803 5683 1049 5752 ignorare
1075 5681 1126 5739 se
1151 5702 1247 5756 per
1278 5681 1536 5756 Spiritum
1576 5694 1813 5743 sanctum
1854 5691 2041 5762 Myste-

2159 5477 2508 5536 Corinthiosz'
2533 5478 2590 5534 Si
2607 5477 2742 5552 quis
2791 5493 2920 5549 ergo
2959 5477 3020 5534 in
3052 5477 3273 5552 Christo
3322 5477 3467 5537 nova
3509 5490 3790 5541 creatura

2153 5557 2252 5618 est,
2310 5559 2495 5606 vetera
2545 5549 2904 5616 transierunt,
2960 5565 3084 5606 ecce
3143 5550 3289 5608 facta
3360 5561 3494 5609 sunt
3575 5558 3790 5613 omnia

2153 5638 2314 5676 nova.
2343 5621 2582 5698 Denique
2608 5621 2792 5698 merito
2821 5620 2950 5676 dicit
2971 5638 3024 5698 se
3051 5621 3190 5698 niliil
3219 5621 3403 5692 fecisse
3432 5626 3600 5698 mali,
3641 5630 3794 5698 quia

2144 5693 2649 5766 perregenerationis
2691 5697 3077 5750 sacramentum
3117 5694 3196 5750 ita
3243 5701 3367 5751 sunt
3408 5693 3531 5766 ejus
3561 5693 3792 5755 abolita
