3864 6188
126 193 245 253 725

959 197 1329 256 SERMONES
1369 199 1426 257 S.
1465 201 1821 260 AMBROSIO
1861 203 2232 264 HACTENUS
2270 208 2610 268 ASCRIPTI.

3345 217 3450 276 726

127 335 3442 376 ______..________..______________________________________

947 497 1674 588 SERMONES
1764 499 1930 584 DE
2021 498 2632 591 SANCTIS.

584 777 730 836 456
759 772 993 831 SERMO
1030 774 1278 833 XLVIII.

245 867 310 922 In
339 866 477 922 festo
501 878 700 928 sach
745 870 974 942 Agnetis
1003 869 1238 942 virginis
1265 877 1318 925 et
1349 869 1630 941 martyris.

124 979 292 1036 Hunc
338 995 628 1036 sermonem
672 983 918 1037 hactenus
976 981 1232 1037 ineditum
1303 999 1330 1037 e
1387 982 1556 1037 tribus
1613 999 1738 1039 mss.

195 1051 374 1124 prtelo
407 1053 777 1120 commisimus,
823 1053 1076 1108 nimirum
1140 1053 1528 1119 Valliclarensi,
1569 1054 1740 1111 Remi-

201 1123 364 1196 giano
421 1129 575 1194 atque
638 1125 841 1196 Regio,
872 1125 928 1178 in
961 1126 1149 1194 quibus
1205 1126 1444 1180 omnibus
1495 1126 1740 1181 Ambro-

204 1194 352 1250 sium
395 1201 636 1250 nostrum
698 1194 920 1267 prwfert
959 1203 1245 1252 auctorem.
1303 1198 1529 1254 Tametsi
1567 1205 1743 1252 autem

202 1282 522 1337 persuasum
575 1268 857 1322 habeamus
907 1269 1075 1323 sancti
1123 1269 1366 1324 Doctoris
1422 1269 1585 1338 fetum
1633 1287 1742 1324 non

207 1353 334 1404 esse,
363 1339 661 1413 elegantior
681 1345 855 1395 tamen
881 1340 1030 1413 nobis
1056 1340 1170 1396 visa
1199 1347 1276 1397 est
1329 1341 1509 1396 eadem
1545 1342 1738 1413 opella,

204 1425 370 1480 quam
388 1415 448 1464 ut
472 1429 507 1466 a
535 1411 690 1468 tineis
717 1428 825 1467 non
853 1412 1166 1470 vindicetur.

208 1534 260 1589 1.
294 1533 432 1592 Cum
465 1534 522 1591 in
548 1541 667 1592 toto
692 1535 902 1592 mundo
941 1535 1225 1608 virgineus
1256 1535 1357 1591 ﬂos
1408 1535 1594 1593 Mariae
1623 1535 1741 1591 im-

129 1623 540 1681 marcescibiles
608 1641 838 1682 coronas
896 1625 1161 1692 innectat,
1228 1632 1282 1680 et
1353 1625 1739 1696 sceptrigeram

129 1710 366 1784 pudoris
431 1714 612 1769 aulam
689 1713 1044 1770 immaculato
1110 1721 1399 1769 conservet
1477 1713 1735 1781 affectu;

131 1815 376 1874 eousque
415 1801 702 1875 integritas
744 1802 1115 1875 perseveravit
1160 1803 1228 1859 ad
1276 1803 1535 1874 palmam,
1581 1809 1643 1858 ut
1673 1801 1733 1859 in

130 1890 340 1964 puellis
374 1899 639 1965 tropaeum
672 1893 979 1950 sanctitatis
1007 1893 1292 1965 arriperet,
1349 1901 1404 1948 et
1452 1909 1548 1964 per
1576 1893 1739 1950 vesti-

134 1980 226 2053 gia
256 1981 450 2037 matris
496 1983 730 2056 virginis
776 1983 845 2038 ad
899 1983 1176 2039 caelestem
1219 1982 1524 2038 thalamum
1551 1999 1738 2056 perve-

1773 775 1824 834 A
1925 776 1976 832 4.
2011 777 2187 850 Hujus
2212 779 2365 852 pedis
2395 796 2535 855 equa
2562 782 2746 855 Agnes
2772 782 3090 843 beatissima
3115 785 3183 845 de
3237 807 3292 847 se
3337 808 3445 849 ma-

1849 883 2016 940 gnum
2033 869 2312 940 pudicitiae
2334 872 2599 929 excitavit
2623 877 2959 947 exemplum,
2998 893 3125 933 cum
3156 879 3446 952 virginita-

1848 965 1957 1015 tem
1978 959 2220 1032 praetulit
2241 960 2391 1029 vitae,
2416 978 2744 1036 omnemque
2765 981 2796 1020 a
2815 982 2870 1022 se
2892 980 3136 1022 amorem
3159 975 3444 1027 terrenum

1849 1065 1945 1121 per
1971 1067 2213 1106 amorem
2267 1051 2540 1108 caelestem
2573 1055 2872 1125 expellens,
2935 1064 3203 1129 tropaeum
3264 1059 3445 1117 crucis

1851 1138 2057 1196 Christi
2087 1139 2346 1212 arripuit;
2380 1149 2432 1196 et
2451 1149 2563 1197 tam
2586 1153 2777 1200 contra
2807 1144 3068 1202 libidines
3096 1163 3259 1221 quam
3277 1149 3443 1206 etiam

1849 1235 2038 1286 contra
2063 1230 2322 1286 universa
2351 1232 2620 1304 supplicia
2648 1233 2757 1289 fide
2799 1234 2985 1306 potius
3024 1245 3237 1293 armata
3278 1255 3443 1310 quam

1849 1318 2016 1387 ferro,
2048 1317 2262 1375 fortiter
2292 1319 2580 1378 dimicavit
2607 1329 2662 1379 et
2717 1322 2875 1380 vicit.
2933 1325 3150 1395 Aspicit
3205 1326 3444 1400 denique

1848 1407 2222 1465 blandientem
2244 1419 2297 1467 et
2331 1411 2549 1468 renuit:
2580 1411 2905 1482 minantem,
2941 1421 2996 1470 et
3025 1414 3261 1489 despicit
3300 1436 3311 1474 :
3346 1417 3444 1472 in-

1848 1498 2108 1556 cendium
2143 1500 2398 1570 attendit,
2450 1509 2504 1559 et
2550 1502 2712 1561 ridet.
2741 1502 2928 1560 Nescit
2973 1504 3187 1580 aliquid
3239 1523 3441 1575 amare,

1849 1591 1995 1650 457
2022 1589 2169 1664 quod
2198 1591 2426 1660 transit;
2460 1599 2514 1648 et
2554 1592 2686 1648 dum
2715 1593 2884 1650 nimis
2909 1594 3293 1667 virginitatem
3317 1595 3442 1652 dili-

1851 1686 1948 1759 git,
1979 1703 2082 1744 nec
2136 1688 2394 1757 ludibria,
2443 1707 2544 1746 nec
2572 1690 2840 1758 ﬂammas,
2868 1707 2969 1750 nec
3016 1695 3309 1766 supplicia,
3343 1711 3446 1752 nec

1848 1778 2133 1835 carniﬁces
2183 1779 2411 1836 metuit:
2465 1789 2740 1851 postremo
2769 1797 2872 1839 nec
2920 1781 3164 1854 gladium
3208 1783 3444 1840 furentis

1849 1866 2211 1940 persecutoris
2261 1867 2504 1940 expavit.
2539 1868 2902 1942 Compellitur
2931 1869 3089 1943 virgo
3121 1878 3446 1928 ornamenta

1849 1956 2122 2028 suscipere
2144 1957 2408 2030 corporis,
2439 1957 2534 2014 sed
2567 1959 2751 2015 renuit
2774 1978 2788 2027 ;
2821 1959 3084 2032 quoniam
3107 1958 3221 2032 jam
3250 1976 3445 2018 susce-

133 2046 305 2128 niret.
339 2072 482 2128 Hinc
508 2046 775 2146 estvquod
818 2073 1024 2128 annulo
1053 2071 1182 2128 ﬁdei
1217 2072 1400 2144 Agnes
1447 2089 1505 2129 se
1541 2046 1740 2134 asserit
1778 2139 1818 2147 _
1846 2055 1999 2147 per“?
2026 2046 2259 2147 Infantis:
2288 2056 2348 2147 e",
2374 2047 2502 2147 (131i?
2521 2063 2632 2147 ηοη
2661 2048 2728 2147 d9
2766 2048 3036 2147 θίίῗεδῖξίίδ
3064 2049 3446 2147 θξπρίξτίῖῘΨ·

128 2159 500 2226 “humum,
556 2168 610 2216 et
640 2138 864 2216 “clamat
926 2175 983 2214 se
1028 2175 1216 2214 amore
1258 2138 1634 2217 έοηεηίοιδιη.
1692 2161 1736 2220 ο
1778 2139 1825 2201 Β
1850 2138 1999 2193 mani
2038 2138 2251 2210 placere
2309 2138 2581 2207 studebat,
2629 2138 2760 2212 quia
2808 2138 3040 2196 timebat
3084 2138 3152 2196 de
3199 2138 3446 2197 foeditate

131 2264 300 2321 quam
333 2248 603 2304 imitabile
639 2249 756 2321 (53)
809 2246 1121 2320 virginibus
1154 2247 1310 2318 virgo
1339 2247 1421 2304 tui
1461 2250 1736 2308 tradidisti

133 2337 341 2393 amoris
367 2339 719 2410 exemplum!
756 2355 788 2393 ο
849 2353 1010 2410 quam
1051 2343 1301 2393 sanctum
1358 2339 1736 2410 peccatoribus

135 2424 405 2498 virgineis
437 2426 685 2484 tribuisti
718 2443 1066 2499 responsum,
1095 2429 1501 2484 contemnendo
1535 2429 1729 2486 mundi

137 2514 384 2584 divitias,
416 2515 755 2574 exsecrando
783 2515 966 2574 carnis
1016 2515 1512 2588 concupiscentias,
1564 2527 1619 2575 et
1655 2535 1738 2576 so-

136 2609 244 2664 lam
272 2606 480 2666 Christi
514 2606 990 2680 pulchritudinem
1021 2607 1326 2664 adamando
1352 2608 1364 2663 l

207 2696 262 2753 2.
294 2695 556 2754 Accedite
589 2696 657 2752 ad
685 2696 952 2769 puellam,
993 2697 1211 2768 puellae,
1241 2702 1297 2752 et
1333 2695 1529 2753 discite
1558 2697 1612 2753 in
1643 2713 1735 2754 an-

131 2783 224 2840 nis
277 2783 526 2841 infantiae
561 2784 749 2857 quales
795 2783 855 2840 in
904 2793 1122 2857 pectore
1169 2800 1270 2841 suo
1304 2784 1452 2843 circa
1494 2803 1735 2844 amorem

131 2871 347 2931 Christi
375 2873 626 2930 ﬂammas
644 2872 981 2931 accenderit.
1007 2873 1156 2932 Dicit
1175 2889 1232 2930 se
1250 2875 1482 2930 amatori
1508 2891 1608 2932 suo
1628 2892 1736 2932 ser-

129 2976 266 3019 vare
295 2961 480 3030 ﬁdem,
514 2967 569 3019 et
615 2961 735 3035 ejus
764 2978 963 3035 corpus
991 2963 1384 3036 concupiscere
1405 2965 1607 3034 solum,
1641 2966 1735 3039 qui

133 3067 237 3126 pro
295 3065 482 3106 amore
528 3051 781 3107 omnium
845 3053 1042 3108 mortis
1087 3068 1200 3108 non
1229 3053 1503 3110 recusavit
1531 3053 1736 3110 interi-

130 3150 277 3199 tum.
309 3140 537 3209 Discite,
588 3140 832 3214 virgines
867 3140 1098 3211 Christi,
1149 3158 1391 3199 amorem
1431 3143 1505 3222 in
1554 3145 1738 3216 puella

132 3231 466 3302 ferventem,
492 3240 547 3288 et
576 3249 768 3289 omnes
808 3232 1002 3290 mundi
1031 3232 1259 3290 divitias
1300 3235 1454 3290 velut
1501 3243 1738 3293 stercora

131 3329 500 3380 recusantem.
534 3321 662 3379 Ideo
694 3323 844 3379 enim
882 3330 1196 3381 sanctorum
1237 3339 1332 3396 per
1363 3324 1575 3381 litteras
1616 3334 1738 3381 tra-

133 3412 348 3470 duntur
376 3413 650 3486 exempla,
669 3421 732 3470 ut
752 3413 1132 3486 unusquisque
1147 3429 1246 3485 pro
1268 3413 1533 3486 qualitate
1552 3429 1734 3487 sexus,

1847 2231 2043 2286 animae
2074 2231 2312 2286 Domino
2333 2229 2645 2302 displicere,
2677 2229 2842 2287 dabat
2882 2231 3114 2287 interius
3143 2247 3239 2304 per
3278 2230 3445 2288 ﬁdem

1847 2335 1958 2376 suas
1993 2321 2191 2376 mentis
2219 2320 2533 2388 candorem,
2566 2328 2727 2392 atque
2780 2319 3256 2392 pulchritudinem
3315 2319 3447 2376 ani-

1849 2425 1972 2478 mae,
2004 2425 2168 2482 quam
2193 2409 2511 2475 excolebat;
2545 2418 2598 2464 et
2622 2417 2888 2481 quantum
2919 2409 3126 2466 sciebat
3151 2409 3300 2484 quod
3327 2409 3444 2467 ani-

1848 2515 1994 2555 mam
2026 2514 2180 2556 suam
2209 2497 2494 2569 pulchram
2530 2498 2752 2566 faceret,
2801 2505 3018 2553 tantum
3049 2497 3109 2553 in
3155 2515 3254 2554 sua
3281 2515 3444 2555 carne

1849 2586 2201 2646 erubescebat
2229 2603 2286 2643 se
2321 2604 2434 2643 esse
2474 2587 2771 2642 formosam
2807 2604 2818 2642 :
2871 2594 3195 2667 tantumque
3223 2587 3440 2645 studuit

1849 2679 2139 2752 displicere
2195 2675 2506 2733 carnalibus
2577 2675 2634 2731 in
2691 2676 2871 2732 carnis
2927 2683 3171 2746 aspectu,
3237 2683 3443 2750 quanto

1848 2768 2068 2828 Christo
2099 2767 2322 2836 institit,
2347 2774 2400 2823 et
2429 2765 2546 2838 ejus
2572 2765 2777 2838 angelis
2815 2766 3177 2838 complacere.

1917 2859 1971 2916 ὅ.
2002 2858 2278 2915 Turbatur
2319 2857 2545 2929 juvenis
2577 2871 2610 2912 a
2658 2857 2840 2928 puella
2888 2865 3260 2929 contemptus,
3309 2864 3363 2913 et
3390 2873 3448 2915 se

1847 2947 2170 3007 muneribus
2225 2948 2564 3020 complacare
2620 2962 2776 3018 posse
2813 2945 3164 3016 existimans,
3225 2962 3442 3016 aurum,

1847 3055 2085 3116 gemmas
2113 3037 2526 3111 congeminans,
2568 3044 2766 3104 vestes,
2805 3035 3011 3108 praedia
3041 3035 3280 3109 pretiosa
3305 3053 3447 3094 con-

1845 3138 2043 3189 vectat.
2077 3129 2182 3187 Sed
2234 3128 2364 3202 quia
2394 3125 2600 3185 Christi
2629 3125 2868 3182 charitas
2909 3124 3149 3197 pretium
3191 3125 3446 3197 pecunia-

1847 3239 1968 3280 rum
2005 3237 2117 3277 non
2138 3218 2320 3287 habet,
2352 3219 2508 3291 virgo
2537 3215 2907 3272 sacratissima
2937 3215 2994 3270 in
3022 3231 3124 3272 suo
3153 3215 3324 3288 gradu
3353 3232 3444 3272 us-

1847 3329 1951 3388 que
1992 3312 2060 3367 ad
2111 3308 2394 3382 sanguinis
2441 3306 2766 3362 effusionem
2805 3305 3146 3377 permansit;
3181 3304 3446 3379 quoniam

1846 3421 1944 3462 suo
1969 3406 2120 3462 illam
2146 3402 2412 3474 sanguine
2450 3399 2832 3454 subarraverat
2862 3393 3139 3453 Christus.
3198 3396 3285 3453 Ad
3318 3411 3444 3452 con-

131 3507 191 3558 ει
218 3517 318 3574 pro
348 3509 505 3558 aetate
552 3504 825 3557 annorum
854 3485 1081 3558 modum
1125 3502 1208 3558 sui
1229 3485 1498 3576 propositi
1528 3485 1730 3571 teneat,
1767 3506 1810 3568 ο
1843 3497 2213 3569 oupiscentem
2237 3492 2406 3565 igitur
2437 3487 2736 3545 revertitur
2765 3502 2979 3554 census,
3006 3493 3068 3576 iet
3115 3485 3448 3576 inconcussa

132 3601 192 3651 et
227 3592 373 3650 sicut
393 3609 490 3666 per
518 3593 788 3666 virginem
822 3592 1084 3667 virgines,
1118 3595 1194 3650 ita
1233 3603 1287 3650 et
1316 3611 1412 3667 per
1440 3595 1728 3669 conjugem

131 3681 396 3756 conjuges
426 3683 646 3740 vincere
675 3683 939 3740 saiculum
987 3701 1085 3757 pro
1120 3684 1326 3743 Christi
1374 3702 1560 3742 amore
1603 3693 1731 3742 stu-

133 3771 320 3841 deant,
353 3788 417 3830 ac
445 3774 844 3846 repugnatione
864 3774 1036 3830 animi
1061 3774 1252 3831 mundi
1274 3775 1458 3832 dulcia
1481 3791 1730 3832 recusan-

134 3871 240 3931 tes,
273 3870 328 3918 et
357 3861 476 3935 ejus
505 3879 616 3919 non
650 3871 964 3921 recusantes
990 3871 1202 3920 austera
1235 3864 1376 3935 (54),
1403 3864 1470 3920 ad
1500 3864 1731 3921 delecta.

134 3949 316 4007 tiones
343 3959 634 4023 perpetuas
671 3959 725 4008 et
752 3951 822 4008 ad
853 3951 1050 4024 gaudia
1079 3960 1283 4010 aeterna
1307 3953 1639 4026 pertingant.

207 4040 261 4097 3.
295 4040 423 4097 Haec
452 4039 695 4097 dicentes
715 4057 826 4096 non
851 4041 1228 4115 vituperamus
1261 4041 1559 4114 conjugum
1587 4048 1734 4099 casta

133 4129 491 4199 commercia,
537 4130 632 4187 sed
684 4131 966 4204 virginum
1016 4131 1478 4204 perseverantiam
1507 4131 1733 4189 adorna-

135 4235 290 4287 mus;
319 4235 432 4275 non
447 4218 596 4276 enim
624 4219 918 4293 virginitas
947 4220 1107 4276 malis
1128 4220 1293 4277 rebus
1313 4223 1731 4295 superponenda

135 4315 220 4366 est
257 4308 398 4380 (55),
431 4307 526 4365 sed
573 4316 655 4365 est
706 4309 870 4366 rebus
919 4309 1146 4382 optimis
1197 4311 1553 4382 praeferenda.
1605 4313 1735 4381 Quae

135 4399 287 4457 enim
316 4398 540 4456 mundis
569 4399 849 4470 mundior,
900 4409 954 4458 et
983 4400 1186 4458 sanctis
1216 4400 1458 4458 sanctior
1489 4408 1589 4471 est,
1625 4419 1736 4459 non

137 4491 351 4564 indiget
382 4492 650 4547 malarum
681 4509 866 4548 rerum
917 4491 1323 4564 vituperatione
1369 4492 1600 4549 laudari.
1632 4493 1737 4550 Se-

137 4590 381 4660 quantur
409 4583 592 4656 itaque
623 4589 808 4639 sancta
845 4581 1112 4654 conjugia
1146 4583 1581 4655 patriarcharum
1611 4600 1736 4641 con-

133 4674 292 4747 juges
331 4671 390 4729 in
428 4672 696 4746 religione
734 4671 947 4745 positae,
987 4689 1049 4728 ac
1077 4671 1286 4729 divinis
1315 4673 1516 4731 litteris
1552 4673 1740 4730 infor-

140 4772 320 4834 matee,
351 4765 562 4835 Saram,
619 4765 937 4832 Rebeccam,
992 4762 1306 4833 Bachelem,
1348 4766 1589 4830 Annam,
1641 4763 1738 4820 Su-

1841 3585 2135 3661 virginitas
2177 3580 2397 3640 Christo
2451 3579 2619 3634 semel
2670 3576 2851 3632 oblata
2895 3575 3175 3648 perdurat.
3210 3574 3440 3640 Discite,

1841 3677 2084 3751 virgines
2107 3671 2336 3740 Christi,
2366 3685 2573 3726 normae
2602 3665 2864 3741 puellaris
2893 3667 3166 3738 exempla,
3209 3673 3264 3722 et
3293 3665 3442 3721 obla-

1839 3773 1897 3824 ta
1925 3766 2026 3823 sub
2055 3763 2232 3838 specie
2278 3759 2498 3834 pietatis
2546 3757 2878 3814 munuscula
2904 3756 3152 3812 virorum
3202 3762 3316 3811 tota
3357 3753 3438 3810 in-

1840 3855 2087 3914 tentione
2142 3851 2407 3922 respuite,
2457 3855 2511 3903 et
2588 3847 2744 3919 quasi
2796 3844 2976 3901 rabidi
3026 3843 3178 3900 canis
3229 3857 3445 3898 morsus

1843 3945 1996 4003 omni
2026 3958 2152 4000 cum
2208 3937 2405 4013 gaudio
2445 3942 2707 3992 recusato.
2761 3934 2811 3990 A
2840 3949 2949 4006 quo
3004 3948 3118 3989 non
3174 3929 3444 4002 receperis

1843 4033 1989 4107 quod
2008 4031 2203 4086 timeas
2242 4026 2360 4093 Dei,
2391 4041 2503 4081 non
2533 4022 2768 4096 accipias
2797 4021 2948 4094 quod
2979 4021 3175 4093 diligas
3204 4017 3396 4096 mundi
3425 4034 3439 4073 :

1843 4122 2050 4193 accipe,
2083 4117 2287 4190 accipe,
2322 4115 2499 4187 virgo,
2521 4112 2615 4168 sed
2644 4110 2792 4184 quod
2821 4110 2996 4166 amori
3026 4117 3231 4166 aeterno
3262 4107 3442 4181 proﬁ-

1843 4212 1972 4271 ciat.
2025 4208 2471 4278 Quotiescunque
2523 4203 2593 4260 ab
2649 4201 2874 4258 homine
2928 4207 3222 4258 consecuta
3267 4199 3442 4268 fueris

1845 4316 2092 4368 censum,
2125 4299 2204 4355 sic
2221 4297 2425 4368 accipe,
2453 4305 2516 4353 ut
2543 4302 2598 4351 te
2627 4292 2836 4354 Christi
2865 4308 3121 4365 sponsam
3153 4308 3439 4364 agnoscas.

1845 4390 2012 4450 Videt
2044 4389 2137 4446 ille
2163 4390 2314 4446 intus
2344 4387 2398 4443 in
2432 4393 2614 4442 mente
2637 4383 2773 4458 quid
2803 4385 2992 4453 facias,
3028 4391 3083 4440 et
3137 4399 3301 4456 quam
3349 4399 3442 4440 ex-

1846 4489 2092 4556 petenter
2121 4479 2238 4551 ejus
2269 4477 2509 4550 virgines
2539 4474 2820 4534 comiteris
2838 4473 3095 4532 attendit.

1920 4582 1972 4638 6.
2005 4579 2202 4638 Videte
2232 4595 2358 4649 ergo
2389 4576 2664 4650 quomodo
2693 4574 2943 4648 sequitur
2972 4576 3156 4644 Agnes
3183 4569 3440 4627 Mariam.

1845 4671 1974 4726 Post
2035 4668 2329 4742 opprobria
2378 4667 2596 4722 nullum
2644 4662 2827 4736 potuit
2873 4661 3092 4734 penitus
3141 4657 3441 4714 formidare

1847 4759 2200 4832 supplicium,
2254 4757 2343 4812 cui
2400 4755 2565 4811 etiam
2610 4754 2843 4824 lupanar
2881 4745 3248 4821 turpitudinis
3286 4747 3443 4804 locus

140 4872 390 4926 sannam,
419 4857 719 4930 Sephoram
757 4855 1048 4911 imitentur
1076 4871 1315 4911 uxores:
1367 4854 1575 4912 Christi
1607 4870 1738 4911 vero
1769 4875 1818 4932 ι)
1847 4849 2084 4907 efﬁcitur
2106 4846 2405 4911 orationis;
2447 4852 2500 4900 et
2540 4843 2636 4898 ubi
2683 4840 2940 4932 diabolus
2977 4847 3031 4894 et
3073 4835 3440 4932 ignominiam

141 4945 383 5019 virgines
411 4946 584 5003 solam
630 4944 918 5018 Virginem
971 4949 1198 4997 matrem
1230 4943 1478 5015 Virginis
1507 4943 1738 4999 luminis

142 5034 563 5109 subsequantur.

139 5256 368 5322 peccata,
397 5265 460 5305 ac
492 5247 541 5304 si
568 5247 725 5322 facta
766 5265 871 5322 non
922 5247 1184 5322 fuissent;
1225 5262 1313 5300 nec
1359 5253 1483 5322 sunt
1537 5245 1594 5300 in
1614 5246 1742 5322 __Dei

145 5317 414 5390 memoria,
446 5327 507 5376 ut
530 5317 775 5377 Ezechiel
800 5321 1059 5391 propheta
1084 5322 1332 5391 testatur,
1362 5318 1540 5391 dicens
1571 5334 1588 5370 :
1614 5317 1745 5373 Vita

145 5393 296 5449 vivet
340 5387 407 5448 et
451 5407 564 5447 non
623 5387 920 5458 morietur;
943 5387 1380 5458 omniumenim
1411 5388 1744 5444 delictorum

146 5464 260 5537 ejus
289 5477 656 5537 quascumque
679 5461 832 5530 fecit,
877 5457 1416 5537 non__rec_:ordabitur
1456 5459 1526 5537 ei.
1563 5461 1626 5514 In
1655 5460 1748 5537 hoc

148 5531 370 5606 namque
399 5535 458 5606 in
488 5531 708 5606 mortem
738 5549 790 5587 se
821 5531 1050 5606 tradidit
1080 5531 1436 5606 ChristusLut
1463 5531 1751 5606 Apostolus

148 5607 214 5662 ad
239 5601 500 5680 Ephesios
530 5603 737 5670 scribit,
785 5610 845 5660 ut
871 5603 1135 5661 exhibe-ret
1161 5601 1270 5674 ipse
1317 5601 1420 5658 sibi
1462 5601 1751 5673 gloriosam

1846 4936 2219 5009 corruptionis
2258 4939 2676 5007 praeparaverat,
2709 4929 2828 4986 illic
2856 4944 2976 4986 eam
3026 4925 3280 4999 excipere
3309 4926 3442 4984 fecit

1847 5026 2118 5085 Dominus
2147 5039 2404 5081 coronam
2443 5038 2554 5077 sua;
2584 5016 2925 5092 virginitatis
2948 5026 3002 5074 et
3029 5017 3296 5091 palmam.
3327 5016 3444 5073 Hoc

1850 5244 2142 5302 Ecclesiam
2165 5259 2272 5298 non
2292 5241 2557 5296 habentem
2585 5239 2846 5295 maculam
2877 5254 3038 5310 neque
3066 5254 3274 5310 rugam.

1951 5317 2044 5381 53)
2077 5314 2263 5372 Codex
2297 5312 2541 5369 Valliscl.
2578 5313 2620 5368 Ο
2649 5327 2811 5381 quam
2838 5309 3081 5366 mirabile
3120 5309 3214 5377 est,
3247 5315 3356 5365 etc.

1952 5318 2020 5375 53
2077 5318 2263 5372 Codex
2298 5318 2541 5369 Valliscl.
2578 5318 2620 5368 0
2649 5327 2811 5381 quam
2838 5318 3081 5366 mirabile
3120 5318 3214 5377 est,
3247 5318 3356 5365 etc.

1952 5318 2045 5458 54g
2079 5385 2226 5442 Idem
2257 5385 2452 5452 codex,
2509 5383 2689 5438 dulcia
2736 5388 3055 5450 recusantes,
3090 5399 3190 5452 per
3225 5387 3445 5437 austera

1854 5461 1927 5515 ad
1955 5461 2158 5522 delect.,
2187 5465 2290 5512 etc.

1930 5531 2048 5603 (55‘)
2083 5527 2268 5586 Codex
2316 5526 2550 5598 Remig,
2591 5524 2750 5582 malis
2778 5524 2932 5580 rebus
2977 5523 3318 5597 supponenda
3347 5527 3441 5586 est,

1858 5610 1964 5661 etc.
