3864 6188
439 266 548 326 727

1475 263 1570 318 Al)
1609 260 1843 318 OPERA
1881 259 1937 316 S.
1977 257 2309 317 AMBROSII
2346 257 2725 315 APPENDIX.

3659 261 3777 319 728

435 376 521 451 est
550 392 608 448 in
654 387 770 447 suis
796 385 1018 444 sedibus
1056 385 1238 442 hostes
1286 385 1525 454 vincere,
1572 385 1848 456 captivam
1895 384 2025 441 duc-
2057 390 2107 448 A
2138 385 2450 443 furentibus
2480 383 2746 442 vicarium
2778 383 3107 458 dereliquit.
3140 384 3402 457 Virgineo
3425 385 3620 458 itaque
3643 376 3766 443 cor-

436 491 551 540 tam
579 478 851 552 virginem
892 476 959 532 ad
987 476 1293 549 penetralia
1327 475 1467 548 regis
1497 474 1816 544 libidinum,
1854 474 2036 548 ipsum

438 587 621 645 regem
643 587 675 626 a
701 568 938 640 virgine,
968 582 1131 638 quam
1162 564 1554 636 captivaverat,
1577 563 1811 632 victum,
1841 572 1895 620 et
1921 565 2034 622 vic-

439 668 559 718 tum
590 676 716 718 cum
751 654 984 729 virginis
1013 651 1298 724 triumpho
1326 651 1515 719 exire;
1551 668 1675 708 nam
1706 653 1801 726 qui
1833 660 2036 710 tenue—
2077 689 2080 691 λ

439 759 548 822 rat,
578 757 764 806 tentus
790 752 907 801 est:
940 743 1037 815 qui
1066 749 1333 810 traxerat,
1365 747 1573 798 tractus
1603 749 1684 798 est
1707 759 1721 810 ;
1755 741 1850 816 qui
1879 742 2038 800 occi-

439 836 567 896 dere
589 854 644 894 se
672 833 918 908 putabat,
947 829 1164 886 occisus
1191 836 1292 885 est.

514 931 565 985 7.
617 925 864 997 Denique
887 929 950 978 ut
971 922 1265 994 probemus
1295 919 1579 978 diabolum
1610 920 1876 995 avirgine
1904 930 2038 981 tunc

439 1017 611 1077 fuisse
641 1013 876 1081 victum,
908 1010 1060 1067 illius
1081 1010 1308 1084 juvenis
1347 1011 1552 1067 factum
1583 1009 1652 1066 ad
1680 1010 1928 1067 animum
1957 1027 2035 1067 re-

440 1121 720 1172 vocemus,
747 1117 910 1176 quem
939 1109 1133 1158 contra
1167 1099 1396 1172 Agnetis
1427 1099 1717 1156 infantiam
1750 1101 1830 1157 sic
1857 1117 2035 1156 arma-

441 1206 596 1254 verat
626 1193 908 1261 inimicus,
940 1200 1003 1248 ut
1031 1190 1240 1247 nudam
1272 1190 1476 1248 faceret
1505 1190 1647 1246 trahi
1685 1190 1754 1247 ad
1807 1191 2040 1263 lupanar

440 1305 538 1362 per
566 1286 786 1357 vulgus,
839 1281 942 1338 sub
989 1296 1124 1338 voce
1154 1279 1522 1353 praeconantis
1555 1279 1734 1348 ducis,
1771 1281 2037 1352 populum

440 1377 509 1435 ad
558 1372 848 1432 libidinem
899 1369 1212 1426 invitantis.
1268 1369 1428 1428 Hunc
1465 1385 1592 1442 ergo
1629 1369 1825 1426 ducem
1871 1370 2038 1426 fuisse

441 1463 649 1522 diaboli
677 1476 840 1519 nemo
868 1466 950 1515 est
970 1459 1064 1532 qui
1093 1458 1350 1526 dubitet;
1395 1465 1450 1515 et
1482 1458 1626 1515 victo
1657 1457 1818 1527 duce,
1853 1475 2039 1531 popu-

442 1555 559 1612 lum
590 1567 705 1609 esse
735 1556 1048 1623 superatum
1076 1547 1337 1605 omnibus
1368 1557 1561 1604 notum
1602 1557 1682 1604 est
1712 1566 1722 1604 :
1768 1546 2038 1621 superatis

441 1653 626 1704 autem
656 1659 783 1701 cum
813 1657 915 1698 suo
943 1640 1084 1697 duce
1111 1639 1356 1713 populis,
1384 1645 1683 1712 tyrannum
1714 1638 1887 1694 teneri
1917 1653 2039 1710 cap-

2148 477 2268 549 pori
2305 473 2600 532 stridentes
2647 490 3021 547 praeparavere
3075 474 3345 544 ﬂammas,
3402 474 3502 531 sed
3555 492 3764 547 corpus

2147 565 2295 639 quod
2326 562 2582 620 incendia
2638 561 2936 618 libidinum
2967 571 3339 636 superaverat,
3397 564 3758 635 refrigerium

2149 654 2207 709 in
2247 653 2444 709 mediis
2472 653 2708 709 ﬂammis
2742 653 2999 709 invenit:
3061 663 3116 710 et
3163 671 3282 728 quae
3328 653 3400 710 ad
3445 653 3557 709 hoc
3605 654 3760 710 focos

2148 743 2390 814 ingressa
2419 742 2616 809 fuerat,
2652 749 2714 797 ut
2741 741 2975 810 arderet,
3020 743 3187 816 coepit
3220 759 3317 816 per
3347 752 3599 799 sanctam
3632 743 3758 798 vir-

2150 834 2434 906 ginitatem
2489 832 2704 903 algere;
2756 839 2818 886 ut
2868 831 3100 887 disceret
3149 831 3446 902 virginitas
3505 831 3757 886 ﬂammas

2149 922 2254 977 sibi
2277 929 2331 976 et
2362 920 2616 977 incendia
2644 920 2863 992 penitus
2889 919 3163 976 dominari
3195 935 3304 974 non
3342 936 3525 992 posse.

2225 1012 2306 1065 10.
2339 1011 2451 1067 Nec
2479 1009 2605 1065 illos
2643 1009 2876 1082 periisse
2931 1009 3187 1076 aestimes,
3225 1025 3364 1082 quos
3392 1025 3494 1080 pro
3527 1010 3756 1064 nomine

2151 1102 2358 1160 Christi
2404 1101 2749 1174 consumpsit
2794 1098 3147 1166 incendium;
3200 1113 3327 1152 nam
3367 1113 3498 1153 cum
3562 1097 3751 1168 legeris

2149 1194 2329 1251 Eliam
2360 1192 2580 1266 ignibus
2609 1200 2846 1266 raptum,
2866 1200 2919 1247 et
2949 1206 3145 1262 pueros
3166 1197 3276 1244 tres
3306 1189 3362 1243 in
3391 1187 3599 1244 mediis
3620 1188 3751 1260 igni-

2149 1285 2253 1342 bus
2280 1285 2433 1340 nulla
2480 1284 2689 1340 ratione
2725 1289 3080 1353 consumptos
3123 1298 3134 1335 :
3181 1288 3276 1336 aut
3317 1279 3449 1353 quia
3495 1279 3751 1334 Lauren-

2151 1376 2286 1432 tium
2313 1376 2577 1433 craticula
2605 1381 2992 1446 consumptum
3025 1370 3240 1438 recolis,
3274 1379 3328 1425 et
3362 1371 3583 1441 Agnem
3614 1369 3753 1426 sicut

2151 1466 2408 1522 Theclam
2457 1465 2802 1520 ﬂammarum
2872 1460 3062 1534 globos
3129 1459 3366 1515 evasisse
3441 1460 3748 1531 cognoscis,

2150 1557 2362 1612 nullam
2392 1555 2449 1610 in
2475 1554 2562 1610 his
2591 1551 2883 1624 suspiceris
2904 1550 3226 1606 varietatem
3255 1547 3385 1605 ﬁdei
3403 1557 3546 1604 tunc
3565 1548 3745 1614 fuisse;

2150 1662 2259 1702 una
2287 1645 2490 1701 etenim
2528 1642 2664 1699 ﬁdes
2691 1648 2907 1698 sanctos
2944 1638 3045 1696 Dei
3091 1639 3152 1694 in
3182 1639 3436 1711 passione
3481 1638 3744 1706 exercuit,

443 1735 623 1792 tivum
654 1730 914 1789 omnibus
941 1737 1108 1802 patet.
1160 1729 1388 1785 Constat
1418 1735 1600 1783 autem
1633 1727 1917 1784 diabolum
1950 1743 2036 1782 su-

2166 1744 2206 1792 at
2236 1736 2454 1793 diverso
2487 1750 2681 1806 genere
2710 1733 3005 1804 gloriarum
3040 1729 3281 1786 reddidit
3307 1729 3615 1803 utrobique
3643 1730 3748 1785 vic-

443 1830 715 1897 peratum,
747 1819 962 1894 quoties
1007 1825 1200 1875 contra
1252 1817 1524 1890 virginem
1567 1833 1720 1872 arma
1764 1817 2036 1888 arripuit;

444 1932 570 1973 nam
602 1911 907 1986 exspoliata
935 1910 1116 1983 virgo,
1169 1909 1416 1966 crinibus
1447 1908 1651 1982 tegitur
1680 1925 1691 1964 :
1752 1916 1806 1964 et
1835 1907 2044 1967 nudata

448 2003 518 2062 ab
549 2001 873 2059 hominibus
905 1999 1085 2068 malis,
1116 1997 1454 2055 vestiebatur
1505 1996 1573 2053 ab
1604 1996 1810 2070 angelis
1836 1996 1998 2052 bonis
2026 2014 2038 2052 :

445 2105 498 2153 et
525 2095 783 2151 damnata
816 2091 872 2147 in
903 2089 1215 2163 prostibulo
1269 2087 1654 2161 turpitudinis,
1713 2087 1770 2142 in
1829 2086 2042 2160 gremio

443 2185 698 2261 apparuit
748 2181 1037 2240 castitatis.
1097 2180 1350 2237 Eﬁicitur
1378 2179 1679 2236 oratorium
1717 2179 2039 2251 angelorum

447 2275 624 2341 locus,
655 2270 1104 2346 quiperditarum
1127 2269 1303 2325 fuerat
1323 2267 1634 2324 animarum
1660 2285 1674 2335 ;
1707 2275 1761 2322 et
1788 2267 1887 2322 ubi
1905 2282 2042 2321 sem-

449 2381 547 2438 per
572 2361 992 2433 naufragaverat
1019 2359 1260 2426 castitas,
1295 2358 1412 2414 illic
1457 2366 1539 2414 est
1566 2364 1826 2415 coronata
1858 2355 2043 2429 virgi-

449 2453 613 2510 nitas.
663 2449 911 2522 Denique
958 2449 1213 2521 populos,
1250 2463 1386 2520 quos
1426 2464 1602 2520 praaco
1630 2446 1699 2502 ad
1751 2445 2043 2501 libidinem

449 2542 804 2610 invitaverat,
836 2539 992 2612 virgo
1021 2538 1089 2594 ad
1118 2537 1493 2611 captivitatem
1525 2535 1804 2604 obtinuit;
1833 2545 1888 2593 et
1907 2551 2046 2608 quos

449 2633 518 2690 ad
543 2650 660 2689 eam
693 2631 948 2688 diabolus
991 2630 1311 2703 inquinatos
1343 2629 1588 2696 induxit,
1618 2627 1715 2683 illa
1743 2643 1774 2682 a
1799 2642 1856 2682 se
1886 2641 2044 2680 mun-

449 2723 549 2779 dos
604 2721 806 2794 ejecit;
867 2736 1059 2776 omnes
1117 2735 1352 2794 namque
1415 2715 1739 2791 singillatim
1794 2712 2042 2787 ingressi,

452 2826 596 2867 unus
647 2811 879 2866 alterum
953 2808 1256 2865 sustinebat
1308 2808 1609 2880 ingressum
1683 2803 1824 2876 (56),
1882 2817 2045 2876 quem

450 2915 750 2970 egressum,
780 2897 911 2952 dum
943 2914 1052 2953 non
1074 2896 1320 2953 crederet
1342 2893 1636 2958 mundum,
1667 2908 1723 2948 se
1752 2889 2048 2947 exhibebat

453 2985 802 3043 immundum
836 3003 848 3040 :
910 2985 1002 3039 sed
1064 2985 1338 3057 ingressus
1383 2982 1448 3038 ad
1483 2981 1792 3047 libidinem,
1825 2978 1890 3035 ad
1921 2979 2046 3035 ado-

453 3077 685 3132 randum
727 3074 1026 3132 Dominum
1083 3073 1295 3130 meritis
1349 3072 1584 3144 virginis
1640 3069 1960 3134 tenebatur;
1995 3075 2048 3124 et
2077 3114 2120 3174 Ο

450 3165 639 3224 exibat
671 3163 797 3220 inde
831 3163 928 3219 Dei
984 3180 1196 3232 servus,
1245 3161 1339 3235 qui
1398 3160 1604 3217 diaboli
1649 3159 1826 3214 fuerat
1854 3173 2047 3213 servus

451 3255 603 3314 intus
646 3255 961 3325 ingressus;
1007 3260 1062 3308 et
1089 3260 1173 3308 tot
1205 3250 1337 3307 facti
1394 3258 1521 3306 sunt
1551 3247 1756 3306 Christi
1787 3247 2044 3313 cultores,

451 3353 585 3418 quot
610 3343 868 3400 diabolus
913 3349 1260 3414 corruptores
1299 3356 1355 3397 se
1376 3345 1662 3414 putaverat
1691 3335 1924 3410 virginis
1953 3335 2051 3390 in-

446 3433 668 3490 venisse
700 3432 841 3501 (57).

521 3523 575 3576 8.
617 3521 899 3576 Remansit
920 3519 1104 3589 itaque
1126 3517 1372 3587 juvenis,
1409 3517 1502 3590 qui
1524 3513 1928 3588 reprobationis
1947 3513 2046 3569 hu-

445 3605 538 3678 jus
562 3613 754 3660 auctor
767 3605 1056 3660 exstiterat
1079 3621 1091 3657 :
1117 3603 1213 3673 qui
1243 3619 1300 3656 se
1323 3603 1550 3672 putabat
1571 3603 1912 3657 defensorem
1937 3600 2047 3655 vir-

451 3691 598 3765 ginis
624 3707 901 3764 superare,
951 3689 1044 3746 hic
1071 3689 1419 3761 splendorem
1453 3689 1585 3744 dum
1617 3697 1940 3760 provocaret
1978 3689 2046 3746 ad

450 3781 669 3850 luxum,
701 3780 873 3837 vitam
904 3795 1067 3853 quam
1113 3777 1408 3834 videbatur
1464 3777 1687 3842 habere,
1724 3776 1911 3834 amisit
1942 3796 1955 3845 ;
1992 3786 2046 3834 et

449 3879 683 3928 mortem
713 3885 876 3943 quam
907 3867 1204 3942 quaerebat,
1240 3867 1474 3924 invenit.
1508 3864 1821 3922 Succedunt
1850 3865 2047 3921 riden-

448 3961 597 4020 tibus
628 3961 907 4034 lacryma,
957 3967 1014 4017 et
1040 3959 1444 4018 insultantibus
1489 3957 1656 4015 ﬁnem
1688 3957 2045 4014 lamentatio-

449 4067 547 4108 nes
576 4051 891 4122 imponunt.
913 4049 1170 4108 Attendit
1201 4049 1359 4123 virgo
1391 4051 1666 4123 lugentem
1693 4046 1960 4120 judicem,
1991 4054 2046 4102 et

449 4155 611 4212 quem
633 4139 936 4196 minantem
967 4149 1094 4198 ante
1124 4148 1549 4214 contempserat,
1576 4155 1725 4196 nunc
1754 4137 2043 4211 deprecan-

448 4235 559 4283 tem
591 4226 1000 4284 exaudit.Illico
1018 4229 1188 4300 igitur
1218 4237 1280 4286 ut
1300 4229 1467 4301 coepit
1487 4245 1643 4286 orare
1674 4245 1772 4300 pro
1802 4235 2040 4296 mortuo,

447 4323 504 4372 et
530 4331 563 4370 a
592 4314 830 4370 mortuis
857 4316 1063 4372 excitat
1090 4320 1330 4384 salvum,
1348 4319 1442 4390 qui
1472 4318 1637 4374 morti
1664 4317 1843 4372 fuerat
1867 4316 2044 4388 depu-

444 4412 594 4461 tatus
628 4422 642 4470 ;
674 4412 728 4464 et
755 4403 824 4460 ad
849 4403 1106 4476 gaudium
1141 4411 1354 4472 evocat,
1385 4404 1480 4476 qui
1513 4392 1700 4460 fuerat.
1722 4405 2040 4478 praecipita-

2153 1836 2314 1884 tores.
2350 1827 2484 1882 Nam
2521 1825 2617 1897 qui
2673 1829 3032 1896 consumptus
3093 1829 3176 1876 est
3203 1827 3441 1892 martyr,
3472 1821 3744 1876 exsultat:

2151 1925 2204 1973 et
2232 1915 2325 1988 qui
2387 1914 2561 1970 evasit
2611 1913 2812 1980 victor,
2870 1911 3147 1967 exsultat:
3201 1917 3256 1965 et
3313 1909 3513 1965 Isaiam
3545 1917 3747 1967 sectum

2152 2013 2450 2077 martyrem
2506 2001 2660 2072 fecit,
2694 2009 2746 2057 et
2783 1999 3068 2056 Danielem
3103 1999 3326 2054 leonum
3357 1997 3574 2054 rabiem
3616 2014 3745 2053 mor-

2152 2111 2350 2169 susque
2379 2099 2843 2159 contemnentem,
2889 2087 3336 2162 probatissimum
3366 2089 3517 2143 Deus
3547 2088 3747 2144 confes-

2157 2201 2333 2242 sorem
2363 2182 2632 2254 expressit
2658 2198 2669 2236 :
2695 2197 2804 2253 quo
2825 2180 2969 2235 facto
2986 2187 3246 2250 utrosque
3269 2177 3483 2234 diaboli
3507 2177 3742 2234 ostendit

2153 2290 2267 2332 esse
2297 2273 2578 2339 victores;
2630 2287 2774 2327 unus
2824 2270 2975 2326 enim
3027 2268 3264 2325 moritur
3313 2276 3370 2325 et
3420 2268 3741 2341 triumphat,

2153 2365 2294 2420 alius
2319 2363 2504 2419 evadit
2533 2369 2587 2418 et
2615 2368 2824 2434 regnat.

2228 2451 2312 2506 11.
2338 2450 2479 2507 Veni
2495 2449 2632 2522 jam,
2653 2449 2830 2519 virgo,
2853 2447 2921 2503 ad
2945 2445 3252 2504 thalamum
3277 2462 3444 2519 quem
3471 2448 3738 2520 quasisti:

2154 2548 2207 2596 et
2233 2556 2330 2611 pro
2359 2555 2543 2594 amore
2564 2539 2750 2610 sponsi
2778 2536 3018 2608 gladium
3043 2535 3381 2608 percussoris
3403 2535 3668 2602 admitte;
3692 2547 3746 2593 ut

2155 2646 2405 2702 sponsam
2438 2637 2492 2685 te
2522 2629 2812 2700 virginitas
2850 2627 3204 2684 immaculata
3232 2626 3560 2698 comprobet
3591 2626 3750 2685 Chri-

2155 2722 2248 2786 sti,
2279 2728 2332 2777 et
2362 2728 2658 2792 martyrem
2688 2717 2962 2774 confessio
2990 2715 3220 2789 probata
3247 2715 3564 2788 consignet.
3600 2716 3748 2772 Felix

2154 2823 2372 2874 caterva
2398 2811 2700 2884 virginum,
2727 2808 2930 2882 quibus
2977 2807 3223 2864 studium
3269 2815 3354 2862 est
3383 2814 3496 2863 tua:
3551 2805 3746 2863 confes

2155 2903 2328 2960 sionis
2357 2901 2508 2975 sequi
2558 2898 2827 2971 vestigia;
2889 2895 3172 2954 habebunt
3206 2895 3355 2951 enim
3387 2904 3576 2952 tecum
3609 2912 3749 2952 coro~

2156 3011 2282 3052 nam
2313 2993 2372 3050 in
2410 2993 2571 3060 cosio,
2603 3007 2724 3064 quae
2756 2999 2936 3047 tecum
2962 2986 3345 3061 superaverint
3375 2986 3668 3043 inimicum
3697 2987 3749 3042 in

2156 3083 2382 3141 mundo.
2415 3083 2551 3138 Nam
2581 3079 2728 3137 sicut
2769 3079 2870 3135 tibi
2925 3079 3110 3135 Mariae
3141 3076 3376 3149 vestigia
3401 3076 3747 3150 prosequenti

2157 3172 2500 3246 participatio
2535 3180 2752 3228 aeternae
2785 3167 3249 3227 remunerationis
3272 3167 3555 3241 apparuit,
3578 3167 3652 3224 ita
3668 3167 3748 3222 his

2156 3261 2504 3320 imitantibus
2550 3268 2754 3318 aeterna
2787 3258 3064 3317 credimus
3098 3256 3294 3330 gaudia
3335 3273 3451 3314 non
3484 3257 3744 3330 neganda.

2711 3395 2946 3454 SERMO
2976 3395 3156 3450 XLIX
3169 3438 3181 3450 .
3219 3433 3228 3440 .

2251 3490 2313 3546 In
2337 3487 2516 3545 Natali
2547 3487 2640 3544 SS.
2673 3486 2877 3553 Cautii,
2909 3483 3163 3542 Cantiani
3196 3489 3250 3538 et
3269 3480 3658 3562 pantianillae.

2155 3597 2478 3665 Martyrum,
2516 3594 2574 3648 in
2601 3609 2827 3664 quorum
2854 3591 3060 3665 laudem
3108 3589 3318 3665 habitus
3352 3595 3430 3643 est
3472 3589 3556 3642 hic
3584 3603 3740 3665 sermo

2225 3659 2415 3737 festum
2451 3659 2488 3721 v
2535 3659 2724 3737 Nonas
2746 3665 2973 3737 Apriles
3001 3663 3058 3716 in
3098 3663 3336 3737 Romano
3358 3659 3738 3737 _martyrolog_io

2225 3730 2605 3793 renuntiatur:
2656 3736 2729 3791 ad
2774 3730 2924 3805 quem
2957 3735 3122 3805 locum
3155 3732 3306 3787 card.
3347 3731 3626 3787 Baro-nius
3651 3730 3735 3805 ob-

2226 3817 2400 3865 servat
2449 3810 2504 3863 in
2551 3807 2701 3864 Notis
2759 3801 2869 3860 suis
2897 3807 3032 3860 hunc
3076 3804 3250 3875 ipsum
3296 3819 3593 3858 sermonem
3629 3801 3735 3875 Am;

2226 3881 2400 3936 brosio
2477 3895 2755 3950 perperam
2820 3872 3152 3943 attributum,
3211 3891 3326 3950 cum
3381 3875 3451 3929 sit
3501 3872 3731 3950 Maximi,

2225 3953 2309 4008 cui
2346 3943 2871 4022 judicio'calculum
2932 3954 3174 4003 nostrum
3233 3946 3462 4002 iubentes
3494 3943 3732 4015 adjungi-

2223 4041 2359 4080 mus.

2226 4153 2275 4208 1.
2308 4149 2484 4208 Hodie
2524 4145 2970 4204 beatissimorum
3011 4143 3193 4203 Cantii
3228 4143 3373 4215 (58),
3408 4142 3660 4202 Cantiani
3685 4148 3729 4195 et

2151 4239 2498 4300 Cantianilla
2528 4237 2725 4293 natalis
2753 4243 2855 4292 est.
2898 4235 3070 4303 Quam
3104 4233 3241 4290 bene
3286 4241 3340 4288 et
3364 4231 3614 4302 jucunde
3637 4238 3731 4284 tres

2153 4337 2422 4402 martyres
2476 4343 2588 4382 uno
2643 4341 2781 4398 pene
2817 4323 3088 4381 vocabulo
3143 4322 3584 4395 nuncupantur!
3637 4318 3731 4375 Nec

2151 4417 2352 4474 mirum
2385 4415 2431 4473 si
2461 4415 2672 4472 similes
2701 4421 2831 4470 sunt
2859 4413 3084 4469 nomine
3111 4411 3205 4485 qui
3227 4418 3357 4467 sunt
3389 4410 3602 4468 similes
3629 4423 3730 4480 pas-

446 4500 536 4550 tus
565 4493 622 4548 in
651 4494 883 4550 luctum.
932 4493 1068 4549 Nam
1117 4492 1212 4565 qui
1264 4470 1506 4548 incestus
1556 4470 1739 4548 fuerat
1765 4470 2034 4564 mortuus,

2371 4470 2416 4561 si
2437 4470 2547 4560 una
2566 4511 2647 4559 est
2666 4502 2782 4558 illis
2801 4502 2945 4575 apud
2966 4470 3220 4556 homines
3235 4499 3536 4572 appellatio
3552 4470 3728 4570 quibus

443 4589 626 4640 castus
651 4585 798 4645 458
823 4579 1072 4653 exsurgit
1096 4599 1109 4648 ;
1140 4589 1196 4637 et
1245 4579 1308 4636 ﬁt
1349 4581 1678 4652 praedicator
1702 4582 2036 4651 castimonii,

443 4679 538 4752 qui
564 4687 883 4750 persecutor
907 4679 1197 4736 exstiterat
1233 4677 1521 4734 castitatis.

513 4767 567 4823 9.
614 4769 700 4824 Ad
756 4768 877 4825 haec
915 4767 1166 4841 sacrilegi
1197 4767 1599 4831 conturbantur
1627 4765 1682 4822 in
1713 4766 1953 4840 templis,
1985 4776 2039 4825 et

441 4855 728 4916 Christum
757 4858 862 4917 ista
891 4858 1156 4916 miracula
1175 4858 1467 4917 facientem
1500 4874 1611 4914 non
1639 4857 1913 4926 timentes,
1944 4873 2036 4914 ex-

437 4945 613 5003 citant
639 4948 966 5006 seditionem
995 4947 1257 5021 ignobilis
1283 4947 1434 5021 vulgi
1461 4966 1474 5013 ;
1508 4955 1568 5004 ut
1596 4949 1736 5006 ratio
1764 4965 1884 5021 quas
1913 4965 2034 5005 sua-

439 5033 604 5093 debat
629 5036 794 5094 ﬁnem
826 5038 1181 5105 seditionum,
1213 5038 1547 5094 clamoribus
1563 5039 1740 5110 pulsa,
1764 5039 1945 5095 locum
1976 5038 2035 5094 in

443 5123 718 5181 mentibus
745 5123 1038 5182 hominum
1070 5125 1319 5181 invenire
1340 5142 1452 5182 non
1473 5132 1679 5199 posset.
1717 5125 1878 5181 Pater
1901 5141 2035 5181 vero

441 5213 690 5270 suscitati
731 5213 836 5270 ﬁlii
881 5214 1058 5272 tristis
1112 5214 1374 5272 abscessit
1401 5223 1475 5284 et,
1507 5223 1570 5273 ut
1599 5213 1820 5288 legitur,
1857 5212 2034 5270 turbis

504 5401 622 5474 (56)
656 5401 972 5475 sustinebat,
1002 5402 1060 5460 id
1098 5409 1202 5469 est,
1235 5401 1348 5459 ﬁxo
1397 5402 1629 5475 vestigio
1667 5403 1942 5472 manebat,
1971 5413 2026 5462 et

431 5472 806 5598 exspectabat.

503 5543 524 5610 (
567 5544 622 5610 7)
663 5545 806 5598 Desu

474 5542 626 5623 .(5'7).
663 5545 875 5624 Desunt
925 5544 981 5600 in
1017 5542 1140 5601 cod.
1173 5543 1416 5618 Remig.,
1457 5551 1505 5602 et
1541 5552 1614 5603 tot
1649 5547 1781 5620 facti
1815 5550 2026 5612 sunt...,

432 5627 653 5681 virginis
677 5629 952 5669 invenisse.

2149 4595 2293 4668 apud
2320 4596 2494 4650 Deum
2525 4599 2605 4648 est
2626 4608 2736 4648 una
2762 4592 2980 4648 vocatio
3015 4592 3166 4668 (59).;
3191 4589 3378 4645 uniter
3393 4589 3547 4645 enim
3570 4583 3726 4642 vocati

2146 4693 2275 4743 sunt
2297 4701 2327 4739 a
2353 4682 2609 4752 Domino,
2642 4699 2753 4738 non
2785 4682 3110 4754 interposito
3132 4687 3378 4752 tempore
3401 4680 3565 4735 aliter
3578 4685 3626 4733 et
3644 4674 3722 4731 ali-

2147 4783 2228 4830 ter
2256 4771 2418 4846 passi,
2450 4770 2546 4828 sed
2575 4787 2765 4828 omnes
2793 4771 2992 4828 eodem
3025 4770 3139 4846 ictu
3172 4769 3378 4842 pariter
3408 4765 3720 4838 martyrium

2147 4844 2511 4936 pertulerunt.
2548 4861 2707 4929 Quod
2737 4860 2960 4934 quidem
2988 4844 3102 4916 illis
3132 4858 3422 4931 parentiva
3451 4856 3670 4928 quadam
3697 4869 3724 4908 a

2146 4949 2367 5008 Christo
2403 4948 2692 5006 affectione
2740 4965 3058 5005 concessum
3091 4957 3209 5013 est;
3264 4955 3328 5002 ut
3377 4947 3720 5017 congruerent

2146 5039 2378 5106 meritis,
2417 5037 2510 5112 qui
2543 5037 2826 5094 vocabulis
2861 5034 3266 5093 concordabant
3300 5053 3311 5089 :
3347 5041 3403 5089 et
3435 5036 3530 5108 qui
3587 5034 3718 5089 erant

2145 5128 2622 5201 consanguinitate
2676 5128 2889 5196 fratres,
2953 5127 3146 5182 ﬁerent
3222 5123 3390 5180 etiam
3451 5122 3716 5180 sanctitate

2143 5223 2420 5294 germani;
2476 5228 2531 5276 et
2574 5235 2808 5292 quorum
2860 5217 3106 5273 membra
3135 5215 3300 5271 unius
3335 5214 3581 5287 corporis
3607 5209 3714 5267 sub-

2213 5407 2330 5478 (58)
2359 5407 2544 5464 Codex
2573 5406 2738 5474 Gall.,
2769 5403 3190 5459 beatissimorum
3209 5402 3415 5458 Cabeili
3432 5418 3546 5456 cum
3562 5396 3711 5453 tribus

2135 5479 2382 5549 parvulis
2409 5477 2586 5544 Canti,
2616 5485 2719 5533 etc.

2213 5551 2330 5620 (59)
2364 5549 2512 5607 Idem
2540 5549 2715 5607 codex
2744 5546 2913 5614 Gall.,
2935 5562 3042 5603 una
3068 5544 3360 5619 professio.
