3864 6188
104 203 228 278 7'29

954 217 1322 276 SERMONES
1358 216 1412 272 S.
1454 215 1811 274 AMBROSIO
1850 214 2220 272 HACTENUS
2258 213 2595 272 ASCRIPTI.

3329 206 3436 270 730.

106 349 335 407 stantia
363 348 668 420 vegetabat,
697 363 888 404 eorum
917 345 1128 402 animas
1157 343 1400 416 ejusdem
1423 342 1550 400 ﬁdei
1578 359 1722 399 con-
1750 344 1800 404 A
1901 359 2066 420 ram,_
2089 341 2218 420 satis
2249 347 2418 420 tamen
2447 341 2498 393 in
2529 357 2584 393 ρο
2613 337 2937 420 discriminis
2959 336 3266 420 observare
3321 351 3432 399 no-

111 439 299 496 fessio
331 446 645 496 coronaret.

195 545 256 602 2.
302 547 487 603 Refert
529 554 710 603 autem
760 545 828 603 de
873 544 1049 601 beatis
1097 541 1426 616 supradictis
1474 540 1726 610 historia,

111 634 281 707 quod
307 643 553 708 tempore
583 636 874 708 passionis,
914 651 1043 690 cum
1074 649 1166 688 eos
1193 639 1506 705 persecutor
1535 631 1733 704 inqui-

111 730 299 791 reret,
360 739 584 779 ascenso
612 723 893 792 vehiculo,
937 721 1148 794 junctis
1179 721 1452 787 mulabus,
1515 736 1610 776 eos
1638 737 1732 775 se—

111 812 327 867 cedere
377 812 654 868 voluisse:
705 821 759 868 et
787 829 910 868 cum
945 827 1056 867 non
1087 812 1248 882 longe
1286 809 1354 865 ab
1398 809 1553 866 urbis
1586 829 1732 867 ma-

114 901 303 957 nibus
331 903 435 958 iter
461 909 680 972 agerent
713 902 852 974 (60),
885 917 1058 956 unum
1098 901 1302 956 animal
1327 899 1395 955 de
1424 899 1733 972 subjunctis

116 990 322 1047 subito
351 993 642 1060 corruisse,
691 1000 855 1064 atque
901 990 978 1047 ita
1022 991 1148 1046 illos
1203 1007 1232 1045 a
1289 990 1732 1062 persecutoribus

117 1079 580 1152 comprehensos,
614 1087 794 1171 tentes
821 1081 889 1136 ad
923 1096 1137 1152 panam
1174 1079 1314 1151 (61).

203 1187 260 1242 3.
303 1186 460 1255 Quod
486 1187 691 1243 factum
723 1205 885 1260 quam
919 1187 1219 1259 gloriosum
1249 1185 1344 1256 sit,
1388 1195 1442 1242 et
1469 1203 1501 1242 a
1529 1186 1732 1244 divini-

121 1285 244 1333 tate
276 1276 631 1350 dispositum,
685 1278 948 1334 debemus
978 1277 1281 1333 advertere.
1331 1277 1556 1350 Semper
1583 1277 1731 1333 enim

120 1368 302 1434 Deus,
334 1383 471 1440 quos
500 1367 686 1440 elegit,
718 1367 819 1422 hos
849 1367 1086 1422 victores
1117 1365 1474 1422 subvectione
1502 1365 1732 1422 sublimi

123 1457 191 1512 in
244 1456 424 1511 aulam
468 1455 620 1527 regni
665 1455 907 1512 caelestis
958 1454 1190 1510 inducit.
1244 1454 1381 1510 Nam
1412 1453 1556 1510 sicut
1584 1453 1735 1508 Elias

124 1566 304 1608 curru
334 1549 601 1622 applicito
647 1550 801 1622 quasi
832 1549 1079 1606 ascendit
1119 1551 1186 1606 ad
1215 1550 1417 1606 coelum
1462 1548 1570 1619 (ιγ
1607 1551 1731 1621 Reg.

126 1657 198 1707 II,
236 1639 351 1709 11),
398 1640 475 1694 ita
505 1645 559 1694 et
583 1639 697 1706 isti,
749 1639 1008 1695 vehiculo
1036 1639 1259 1694 admoto
1307 1639 1373 1692 ad
1405 1638 1734 1710 martyrium

125 1738 543 1802 pervenerunt:
590 1735 644 1784 et
691 1729 958 1802 quadriga
1008 1729 1152 1784 sicut
1209 1728 1370 1784 illum
1425 1728 1610 1783 evexit
1665 1711 1810 1783 adB

127 1822 406 1898 requiem,
458 1823 532 1879 ita
561 1823 663 1880 bos
692 1823 936 1897 portavit
969 1823 1035 1879 ad
1066 1823 1316 1895 gloriam.
1369 1824 1440 1878 Et
1481 1822 1735 1895 quamvis

127 1914 238 1972 illa
267 1914 426 1987 ignea
453 1915 715 1988 quadriga
747 1914 933 1982 fuerit,
987 1913 1103 1971 hac
1128 1921 1310 1969 tamen
1340 1913 1573 1970 inferior
1622 1928 1734 1968 non

126 2002 392 2059 habenda
425 2011 527 2072 est,
585 2004 715 2076 quia
752 2003 849 2059 illa
879 2020 1051 2059 unum
1104 2001 1337 2075 gestavit
1388 2001 1733 2074 prophetam,

128 2091 260 2150 hac
294 2100 402 2148 tres
433 2102 702 2165 martyres
730 2092 1076 2148 sustentavit.

221 2205 370 2262 459
401 2199 453 2255 4.
500 2199 604 2256 Sed
663 2199 798 2256 dicit
857 2201 1094 2274 aliquis:
1142 2201 1451 2258 Gloriosius
1505 2202 1738 2274 gestavit

130 2300 411 2375 quadriga
436 2303 596 2374 ignea
625 2317 789 2374 quam
819 2308 1055 2358 terrena.
1100 2300 1211 2356 Nec
1238 2299 1345 2356 hoc
1373 2301 1534 2372 plane
1561 2300 1739 2355 defuit

132 2391 349 2447 sanctis
377 2389 547 2456 viris;
581 2405 707 2444 nam
731 2389 873 2446 sicut
903 2389 1082 2444 Eliam
1117 2389 1274 2460 ignea
1302 2388 1566 2461 quadriga
1602 2405 1740 2460 por-

134 2479 316 2547 tabat,
366 2478 442 2534 ita
475 2486 530 2534 et
560 2487 831 2551 martyres
861 2477 996 2533 ﬁdes
1027 2477 1185 2550 ignea
1202 2476 1316 2549 jam
1349 2477 1575 2533 ferebat.
1629 2479 1740 2533 Fe-

144 2570 325 2636 rebat,
369 2570 617 2643 inquam,
667 2567 791 2624 illos
819 2568 1071 2625 Christus
1123 2567 1218 2640 qui
1263 2567 1451 2622 lumen
1495 2573 1596 2634 est,
1645 2565 1741 2638 qui

147 2658 296 2731 ignis
324 2665 426 2726 est,
480 2657 548 2713 de
591 2673 700 2729 quo
739 2658 1007 2729 scriptum
1045 2664 1156 2713 est:
1222 2680 1240 2704 ι
1280 2655 1552 2713 Dominus
1597 2655 1741 2727 ignis

144 2763 480 2805 consumens
505 2755 587 2802 est
617 2746 801 2818 (Hebr.
833 2762 933 2812 χιι,
968 2745 1082 2817 29).
1116 2768 1134 2792 ι

223 2855 276 2910 5.
317 2855 461 2926 Ergo
486 2870 609 2911 cum
645 2853 854 2922 beatos,
885 2854 952 2910 de
982 2854 1183 2926 quibus
1215 2852 1518 2926 loquimur,
1549 2869 1742 2925 perse-

147 2951 310 3001 cutor
337 2952 572 3016 urgeret,
591 2943 908 3000 vehiculum
931 2943 1387 3000 conscenderunt.
1410 2942 1529 3010 Qua
1549 2943 1742 2999 causa?

152 3033 223 3089 Ut
253 3033 545 3106 fugerent?
592 3033 770 3090 Absit.
821 3034 942 3089 Non
983 3041 1044 3088 ut
1073 3033 1326 3105 fugerent
1351 3051 1386 3098 ;~
1417 3033 1510 3089 sed
1559 3043 1621 3089 ut
1674 3032 1742 3089 ad

149 3123 480 3195 martyrium
531 3123 697 3180 citius
743 3123 1139 3194 pervenirent;
1191 3139 1300 3178 non
1348 3131 1410 3179 ut
1438 3122 1739 3190 latitarent,

149 3212 247 3268 sed
276 3219 337 3268 ut
367 3211 710 3269 Christianos
739 3228 795 3268 se
819 3211 1036 3269 cunctis
1065 3211 1484 3268 transeuntibus
1516 3211 1742 3266 manife-

149 3302 292 3358 stius
346 3301 728 3373 approbarent.
789 3299 1059 3358 Caternm
1107 3301 1378 3357 occultius
1423 3301 1565 3355 inter
1611 3301 1745 3372 plu-

153 3407 240 3447 res
287 3389 342 3444 in
385 3389 610 3446 civitate
641 3391 808 3446 latere
840 3396 1155 3461 potuerant,
1203 3388 1378 3446 tutius
1402 3405 1498 3461 per
1525 3390 1744 3446 diversa

149 3479 358 3552 singuli
388 3479 530 3550 fuga
559 3479 875 3552 prasidium
905 3479 1310 3535 commendare.
1358 3481 1429 3535 At
1474 3496 1605 3536 vero
1648 3479 1743 3535 ubi

152 3569 277 3642 quis
303 3569 722 3641 congregatione
751 3568 960 3636 habita,
1018 3568 1202 3625 stratis
1230 3567 1523 3636 vehiculis,
1571 3585 1746 3641 appa-

147 3671 272 3720 ratu
327 3664 598 3737 disposito
649 3681 746 3738 per
803 3681 1048 3738 aggerem
1098 3663 1381 3738 publicum
1433 3664 1740 3736 egreditur:

152 3754 273 3810 illic
296 3771 408 3810 non
437 3755 565 3828 fuga
593 3755 827 3812 dicenda
855 3763 958 3822 est,
991 3755 1085 3812 sed
1115 3756 1393 3828 profectus
1421 3762 1521 3810 est.
1558 3753 1744 3811 Sancti

152 3845 298 3902 enim
332 3845 440 3900 viri
474 3845 580 3903 hoc
608 3845 754 3903 facto
780 3846 934 3902 velut
963 3845 1020 3900 in
1045 3844 1368 3918 triumphali
1405 3861 1572 3901 curru
1603 3843 1745 3918 posi-

152 3934 196 3990 ti
233 3934 682 3991 contestabantur
723 3935 1005 3992 dicentes:
1061 3936 1204 3992 Ecce
1231 3941 1566 4007 persecutor,
1620 3950 1745 3991 ecce

153 4023 574 4098 proﬁciscimur,
610 4041 733 4081 ecce
761 4024 1156 4096 pracedimus;
1190 4023 1323 4097 quid
1352 4023 1557 4080 resides
1575 4023 1692 4094 (62)
1716 4025 1744 4080 ?

154 4113 287 4187 quid
315 4113 546 4169 moraris
568 4115 596 4170 ?
641 4113 981 4184 Subsequere
1029 4122 1215 4170 nostra
1245 4112 1517 4184 vestigia;
1572 4115 1746 4168 nolu-

155 4218 277 4258 mus
306 4201 454 4257 enim
492 4201 667 4258 videri
697 4201 862 4257 inviti
892 4201 1043 4258 ducti
1075 4201 1144 4256 ad
1170 4217 1410 4273 poenam,
1459 4201 1552 4274 qui
1597 4219 1746 4274 pra-

154 4291 344 4350 oedere
373 4308 473 4348 nos
503 4292 824 4364 profitemur
851 4290 919 4346 ad
947 4292 1199 4364 gloriam.

780 4442 1014 4500 SERMO
1053 4442 1116 4498 L.

424 4543 485 4598 In
517 4543 691 4602 Natali
721 4542 895 4599 sancti
924 4539 1153 4598 Joannis
1179 4541 1460 4613 Baptista.

159 4650 584 4720 Comparationes
609 4650 666 4703 in
693 4651 787 4704 hoc
815 4665 1049 4704 sermone
1077 4650 1214 4703 inter
1246 4647 1447 4705 Christi
1495 4663 1556 4720 ac
1592 4663 1749 4720 prte-

225 4718 461 4776 czi-rsoris
488 4720 599 4789 ejus
625 4722 856 4776 natalem
882 4721 1154 4784 institutae,
1203 4720 1258 4773 in
1306 4718 1577 4789 nonnullis
1619 4718 1748 4772 Au-

223 4792 422 4863 gustini
451 4788 774 4848 sermonibus
802 4792 1160 4863 reperiuntur,
1204 4791 1341 4846 unde
1366 4791 1491 4845 illas
1516 4788 1588 4863 in
1614 4790 1749 4863 hunc

227 4860 523 4933 transferre
564 4865 734 4936 potuit
776 4860 1002 4936 auctor:
1043 4862 1292 4929 Quamvis
1340 4878 1475 4936 vero
1505 4860 1748 4936 idempb

224 4931 495 4991 Ambrosii
521 4931 654 5006 st'ylo
681 4953 787 4990 non
813 4942 919 4990 tam
947 4934 1217 5003 discrepet,
1240 4949 1399 5004 quam
1416 4933 1598 5002 plures
1617 4931 1748 4985 alio-

227 5158 343 5230 (60)
385 5157 530 5230 Gal].
554 5153 1028 5230 cod.,gantecedere
1055 5149 1299 5218 voluisse,
1333 5154 1379 5202 et
1411 5164 1528 5202 cum
1558 5147 1750 5204 voluis-

157 5227 261 5285 sent
287 5227 362 5285 ad
389 5229 538 5283 urbis
565 5229 761 5282 moenia
788 5227 888 5282 iter
915 5241 1085 5297 agere.

226 5303 344 5372 (61)
387 5299 538 5372 Idem
569 5299 766 5372 codex,
797 5293 1189 5372 comprehensos
1216 5293 1288 5347 ad
1314 5306 1542 5372 pernam.
1707 5361 1717 5370 .

226 5361 344 5457 (
363 5370 577 5457 ACodex
607 5361 774 5438 Galli,
795 5361 1047 5426 dicentes:
1081 5367 1214 5421 Ecce
1229 5361 1598 5454 pracedimus,
1623 5361 1754 5430 quid

161 5446 348 5596 νῆές)
361 5447 578 5574 Ῡϐοάθχ
599 5515 807 5582 Germ.,
823 5513 1058 5570 omnium
1079 5508 1406 5564 nativitatem
1428 5520 1495 5559 ex
1509 5501 1755 5575 promis-

158 5605 314 5644 διοηε.

1909 414 1985 469 bis
2013 406 2272 479 eidemur,
2297 418 2353 466 ut
2377 411 2546 482 ipsum
2574 416 2751 466 sancto
2780 408 3010 464 antistiti
3041 406 3428 477 abjudicemus.

1909 504 1960 559 1.
2001 505 2062 558 In
2092 500 2262 558 sancti
2295 518 2357 555 ac
2387 499 2687 556 beatissimi
2729 499 2955 554 Joannis
2995 496 3252 570 Baptista
3303 497 3432 551 lau-

1839 594 2022 662 dibus,
2063 592 2220 664 cujus
2249 592 2484 646 natalem
2515 591 2681 646 hodie
2710 589 3067 655 celebramus,
3101 585 3235 660 quid
3263 585 3430 658 potis-
3485 633 3492 640 .

1839 684 2041 741 simum
2073 681 2383 754 pradicem,
2432 679 2650 736 nescio:
2698 687 2882 733 utrum
2915 677 3063 750 quod
3103 675 3433 732 mirabiliter

1841 783 2001 831 natus
2031 774 2124 840 sit,
2171 788 2240 826 an
2283 770 2430 843 quod
2484 767 2797 824 mirabilius
2834 765 2907 820 sit
2955 765 3213 821 occisus?
3262 765 3434 820 Natus

1841 864 1989 920 enim
2039 871 2119 917 est
2162 861 2220 915 in
2252 859 2556 932 prophetia,
2608 857 2665 912 in
2711 855 2943 910 veritate
2973 860 3286 925 peremptus
3313 859 3428 908 est:

1842 951 2113 1008 nascendo
2134 949 2486 1006 annuntiavit
2506 944 2809 1004 Salvatoris
2824 939 3436 1008 adventum,moriendo

1841 1041 2230 1099 condemnavit
2264 1038 2496 1094 Herodis
2527 1037 2818 1091 incestum.
2843 1032 2946 1090 Vir
2975 1031 3121 1087 enim
3144 1039 3364 1086 sanctus
3380 1035 3435 1083 et

1837 1132 2039 1204 justus,
2087 1138 2140 1186 et
2171 1130 2264 1203 qui
2297 1135 2491 1201 prater
2519 1142 2868 1183 communem
2897 1121 3187 1178 hominum
3220 1119 3438 1176 nativi-

1843 1232 2012 1280 tatem
2043 1240 2112 1278 ex
2145 1219 2568 1294 repromissione
2612 1218 2728 1290 (63)
2780 1222 3068 1288 generatus
3099 1214 3297 1279 fuerat,
3332 1211 3438 1267 hoc

1843 1315 1910 1370 de
1938 1316 2051 1369 Deo
2081 1312 2300 1378 meruit,
2324 1327 2392 1365 ne
2420 1308 2702 1365 communi
2730 1323 2855 1364 cum
2893 1305 3107 1361 cateris
3137 1303 3206 1359 de
3237 1303 3439 1359 saculo

1845 1412 2019 1460 morte
2048 1401 2387 1458 discederet:
2449 1398 2544 1454 sed
2587 1413 2786 1469 corpus
2823 1396 2989 1468 quod,
3039 1392 3278 1450 Domino
3326 1389 3439 1446 do-

1845 1503 2029 1561 nante,
2059 1499 2390 1563 susceperat,
2435 1489 2738 1546 Dominum
2769 1485 3086 1544 conﬁtendo
3117 1485 3436 1556 deponeret.

1921 1585 1974 1640 2.
2014 1586 2160 1654 Ergo
2188 1584 2424 1639 Joannes
2452 1596 2546 1654 per
2574 1579 2764 1634 omnia
2792 1580 3133 1633 voluntatem
3162 1575 3262 1632 Dei
3286 1571 3438 1640 fecit;

1845 1673 1974 1746 quia
2022 1681 2244 1744 propter
2290 1687 2426 1743 opus
2468 1668 2693 1725 Domini
2743 1675 2797 1722 et
2843 1675 3004 1722 natus
3029 1673 3110 1721 est
3152 1674 3206 1720 et
3229 1662 3440 1719 defun-

1845 1770 1985 1819 ctus.
2036 1763 2171 1817 Nam
2205 1767 2266 1815 ut
2297 1758 2608 1814 nativitatis
2635 1758 2752 1828 ejus
2777 1757 2972 1812 seriem
3003 1754 3246 1810 breviter
3275 1767 3442 1823 repe-

1845 1859 2044 1918 tamus,
2100 1867 2226 1905 cum
2272 1855 2452 1904 essent
2483 1856 2634 1919 pater
2659 1845 2777 1917 ejus
2817 1843 3107 1900 Zacharias
3158 1848 3214 1897 et
3267 1832 3441 1896 mater

1845 1939 1960 2012 ejus
1989 1938 2273 1995 Elisabeth
2303 1937 2477 1994 atatis
2503 1943 2783 1993 senectute
2811 1931 3032 1999 defessi,
3082 1939 3136 1986 et
3163 1930 3319 1986 nulla
3364 1930 3444 1985 ﬁ-

1845 2029 2048 2086 liorum
2081 2031 2230 2102 prole
2262 2026 2590 2100 gauderent;
2643 2021 2969 2096 procreandi
2998 2021 3166 2076 etiam
3195 2019 3312 2076 illis
3361 2017 3446 2073 li-

1845 2120 2005 2178 beros
2035 2131 2251 2192 tempus
2282 2118 2734 2175 ﬂorentissimum
2763 2115 3140 2188 prateriisset,
3179 2113 3258 2169 ita
3285 2117 3347 2166 ut
3376 2109 3443 2166 de

1847 2211 2196 2282 suscipienda
2219 2209 2331 2280 jam
2365 2209 2550 2266 sobole
2581 2208 2698 2279 ipsa
2727 2205 2893 2261 etiam
2942 2219 3034 2260 eos
3077 2211 3205 2259 vota
3233 2199 3444 2258 deﬁce-

1850 2312 1992 2371 rent,
2041 2302 2224 2358 subita
2253 2318 2349 2373 per
2377 2301 2631 2371 angelum
2671 2296 3097 2370 repromissione
3139 2291 3443 2360 donantur,

1851 2401 1905 2449 et
1933 2392 2083 2447 nasci
2112 2392 2376 2446 Joannem
2409 2389 2629 2446 Gabriel
2661 2395 2882 2443 sanctus
2908 2382 3204 2440 annuntiat
3229 2381 3438 2438 dicens:

1864 2507 1882 2529 ι
1912 2483 1989 2538 Ne
2022 2482 2238 2547 timeas,
2265 2479 2546 2545 Zacharia,
2574 2493 2700 2534 ecce
2729 2475 2992 2532 exaudita
3021 2481 3102 2529 est
3132 2470 3444 2544 deprecatio

1851 2580 1966 2640 tua,
1990 2579 2045 2627 et
2075 2587 2216 2626 uxor
2247 2578 2339 2625 tua
2367 2566 2653 2623 Elisabeth
2683 2565 2960 2637 concipiet
2984 2570 3039 2618 et
3071 2561 3244 2634 pariet
3264 2558 3443 2614 ﬁlium

1855 2660 2006 2731 (Luc.
2040 2677 2078 2727 ι,
2113 2658 2224 2730 13).
2259 2683 2278 2707 ι

1926 2751 1977 2806 3.
2020 2749 2295 2806 Exaudita
2325 2755 2427 2815 est,
2459 2745 2664 2818 inquit,
2699 2743 2877 2800 oratio
2904 2748 3021 2808 tua,
3062 2737 3210 2796 unde
3237 2735 3442 2793 intelli-

1853 2839 2031 2912 gimus
2053 2839 2200 2911 quod
2224 2838 2492 2896 Joannem
2514 2833 2789 2891 Zacharia
2809 2830 3027 2903 justitia
3045 2829 3218 2900 magis
3239 2825 3446 2883 orando

1853 2927 2122 3001 genuerit,
2164 2943 2328 3000 quam
2357 2922 2644 2980 Elisabeth
2675 2928 2928 2978 senectus
2959 2919 3296 2991 procreando
3332 2933 3447 2971 sus-

1850 3017 2058 3088 ceperit
2122 3017 2262 3088 (64).
2349 3014 2510 3082 Hinc,
2573 3012 2819 3085 inquam,
2876 3007 3243 3080 intelligimus
3298 3005 3448 3078 quod

1851 3107 2117 3162 Joannem
2161 3105 2466 3162 obsecratio
2496 3101 2787 3168 creaverit,
2835 3115 2946 3154 non
2977 3099 3250 3168 voluptas.
3305 3095 3442 3154 Cum

1852 3196 1998 3250 enim
2028 3194 2262 3250 materni
2293 3193 2438 3249 uteri
2482 3190 2691 3247 viscera
2737 3186 2913 3244 atatis
2939 3191 3218 3241 senectute
3267 3183 3446 3255 frige-

1853 3293 2086 3351 scerent,
2129 3289 2184 3338 et
2214 3281 2352 3337 fessa
2375 3279 2492 3352 jam
2521 3278 2766 3351 corporis
2797 3274 3043 3331 membra
3090 3271 3446 3330 fecunditatis

1854 3375 2083 3448 gratiam
2117 3370 2505 3444 perdidissent,
2552 3375 2744 3424 contra
2773 3361 3272 3437 impossibilitatem
3323 3375 3445 3417 cor-

1853 3464 2021 3536 poris,
2053 3469 2245 3518 contra
2275 3460 2624 3516 sterilitatem
2657 3457 2954 3522 viscerum,
3002 3451 3281 3510 Zacharia
3312 3464 3446 3522 pre-

1853 3553 2010 3608 cibus
2038 3549 2322 3608 Elisabetb
2347 3558 2534 3605 uterus
2563 3544 2904 3612 intumescit,
2926 3551 2980 3598 et
3007 3541 3261 3612 concepit
3282 3540 3446 3595 Joan-

1853 3665 1978 3705 nem
2038 3664 2148 3704 non
2204 3654 2421 3712 natura,
2470 3642 2564 3700 sed
2613 3641 2803 3713 gratia.
2850 3638 3006 3695 Unde
3060 3649 3279 3692 necesse
3331 3640 3449 3688 erat

1853 3750 2103 3800 sanctum
2148 3740 2300 3798 nasci
2331 3740 2532 3805 ﬁlium,
2583 3734 2679 3808 qui
2718 3748 2830 3789 non
2879 3739 2992 3786 tam
3039 3725 3446 3800 complexibus,

1853 3849 2018 3907 quam
2048 3829 2388 3887 orationibus
2418 3827 2731 3901 gigneretur
2765 3821 2907 3892 (65).

1924 3921 1978 3976 4.
2019 3921 2204 3976 Minus
2247 3925 2429 3973 autem
2479 3912 2668 3969 mirari
2717 3909 2980 3966 debemus
3037 3903 3186 3978 quod
3238 3909 3448 3960 tantam

1853 4009 2090 4063 Joannes
2119 4005 2347 4078 gratiam
2380 4003 2438 4057 in
2467 3998 2740 4057 nascendo
2762 3993 3026 4052 meruerit
3049 4011 3062 4061 ;
3085 3991 3278 4049 debuit
3297 3989 3446 4046 enim

1853 4112 2159 4170 pracursor
2182 4103 2235 4151 et
2267 4093 2504 4166 pravius
2533 4087 2740 4148 Christi
2770 4084 2981 4159 aliquid
3025 4081 3206 4140 simile
3248 4079 3449 4136 habere

1854 4189 2134 4247 nativitati
2163 4188 2389 4246 Domini
2420 4183 2739 4244 Salvatoris.
2771 4179 3054 4253 Siquidem
3081 4179 3353 4234 Dominus
3380 4173 3448 4229 de

1856 4281 2085 4352 Virgine
2131 4276 2395 4351 gignitur,
2456 4275 2693 4331 Joannes
2747 4271 2815 4327 de
2864 4268 3039 4325 sterili
3085 4271 3446 4352 procreatur:

1856 4369 1950 4425 ille
1997 4369 2064 4425 de
2107 4366 2515 4425 adolescentula
2543 4361 2897 4420 immaculata
2941 4355 3305 4430 depromitur,
3355 4351 3448 4408 hic

1855 4460 1922 4515 de
1953 4460 2137 4514 vetula
2159 4458 2272 4530 jam
2305 4456 2446 4513 fessa
2475 4459 2766 4528 generatur
2818 4449 2958 4520 (66).
3012 4445 3186 4502 Habet
3223 4459 3352 4512 ergo
3394 4449 3450 4496 et

1857 4550 2022 4623 hujus
2043 4550 2304 4606 nativitas
2323 4545 2536 4621 aliquid
2559 4544 2745 4619 gloria
2765 4549 2929 4614 atque
2951 4536 3225 4594 miraculi.
3249 4533 3448 4601 Quam-

1856 4650 1941 4705 vis
1969 4648 2114 4704 enim
2146 4649 2314 4704 vilior
2346 4652 2534 4717 partus
2566 4639 2816 4697 mulieris
2845 4636 3100 4691 videatur
3141 4647 3256 4687 esse
3285 4645 3448 4701 quam

1856 4744 2001 4800 460
2043 4736 2310 4808 virginis;
2369 4739 2557 4786 tamen
2615 4729 2760 4784 sicut
2809 4724 3038 4780 Mariam
3090 4719 3447 4791 suspicimus,

1857 4834 2005 4906 quod
2030 4834 2185 4904 virgo
2214 4826 2513 4902 pepererit,
2554 4825 2631 4880 ita
2658 4819 2941 4878 Elisabeth
2975 4818 3263 4886 miramur,
3303 4813 3451 4889 quod

1857 4922 2078 4979 anicula
2107 4915 2495 4994 procreaverit.

1934 5139 2050 5212 (6’i)
2092 5138 2296 5194 Omnes
2323 5131 2457 5212 edit.
2498 5147 2623 5212 cum
2655 5145 2804 5212 mss:
2824 5123 3061 5193 duobus,
3106 5121 3451 5212 prpcurando

1860 5195 2181 5293 susceperit;
2251 5204 2448 5262 melius
2501 5203 2605 5260 cod
2657 5199 2854 5272 Lugd.,
2895 5195 3226 5271 procreanda
3273 5210 3454 5251 susce-

1858 5291 2052 5425 Ρεῖἓὲ)
2099 5351 2241 5408 Unde
2295 5365 2490 5404 necesse
2535 5353 2762 5403 erat.....
2810 5345 3129 5417 gigneretur,
3189 5339 3341 5397 deest
3395 5338 3452 5395 in

1863 5443 1993 5483 mss.
2027 5425 2212 5480 Germ.
2471 5490 2474 5491 ν
2729 5489 2741 5491 _
2789 5490 2792 5491 ν
3013 5487 3026 5491 _
3150 5484 3206 5491 .,
3278 5484 3291 5491 -
3353 5482 3362 5491 .

1935 5496 2052 5568 (66)
2094 5494 2219 5551 Vet.
2252 5491 2410 5562 edit.,
2461 5490 2549 5547 ille
2582 5491 2648 5546 de
2671 5487 3098 5546 adolescentula:
3140 5484 3235 5542 iste
3257 5484 3454 5553 dejam
