3864 6188
457 233 555 290 731

1464 233 1560 288 ΑΙ)
1600 233 1833 289 OPERA
1872 234 1928 288 S.
1968 234 2303 293 AMBROSII
2340 235 2722 293 APPENDIX.

3666 235 3772 296 732

520 363 575 421 5.
612 359 772 431 Quod
801 360 1025 435 quidem
1056 361 1263 418 factum
1292 361 1621 435 mysterium
1642 361 1868 436 aliquod
1899 363 2045 421 arbi-
2075 368 2127 428 Α
2155 383 2193 434 r,
2225 365 2346 437 64):
2377 374 2580 438 quanto
2603 365 2775 438 magis
2791 380 2919 423 cum
2938 363 3224 423 laudamus
3245 365 3434 437 illum,
3458 366 3766 441 eloquium

452 465 571 512 tror
597 452 903 523 continere,
948 461 1011 509 ut
1040 455 1296 522 Joannes,
1348 453 1442 527 qui
1482 454 1683 510 veteris
1710 454 2047 512 Testamenti

452 546 683 621 ﬁguram
714 547 951 618 gerebat,
984 546 1131 602 senis
1168 545 1509 603 mulierculae
1539 546 1743 619 frigido
1764 547 1877 620 jam
1913 566 2050 606 san-

452 636 618 709 guine
648 644 996 692 nasceretur:
1019 634 1287 690 Dominus
1308 646 1490 690 autem
1521 637 1615 708 qui
1638 639 1789 710 regni
1812 640 2050 696 caelestis

447 730 810 803 Evangelium
843 727 1186 801 praedicaret,
1242 727 1508 783 ferventis
1551 728 1869 800 juvenculm
1911 731 2046 787 ﬂore

448 819 884 892 progrederetur.
911 816 1082 872 Maria
1104 814 1275 884 enim,
1302 817 1523 873 conscia
1552 818 1910 890 virginitatis,
1945 821 2045 877 mi-

450 915 603 964 ratur
630 908 804 962 fetum
826 904 1130 961 visceribus
1153 905 1468 963 involutum
1497 925 1508 962 :
1533 909 1820 965 Elizabeth
1839 919 2042 981 autem,

449 997 669 1056 conscia
720 996 1037 1064 senectutis,
1089 996 1360 1052 erubescit
1412 1006 1573 1069 partu
1627 1007 1844 1056 uterum
1913 1017 2044 1073 prae-

449 1094 733 1160 gravatum
771 1085 885 1158 (67)
915 1103 928 1151 ;
970 1085 1106 1141 dicit
1137 1087 1282 1142 enim
1319 1089 1690 1161 evangelista:
1744 1115 1763 1137 ‹
1795 1090 2044 1148 Occulta-

447 1175 541 1232 bat
569 1191 626 1231 se
655 1172 938 1230 mensibus
969 1174 1214 1247 quinque
1249 1175 1399 1248 (Luc.
1436 1195 1473 1246 1,
1507 1177 1621 1249 24).
1656 1203 1674 1227 ι

515 1263 568 1319 6.
609 1263 753 1320 Illud
781 1270 964 1320 autem
995 1279 1160 1335 quam
1192 1265 1532 1333 mirandum,
1568 1267 1712 1340 quod
1745 1268 1890 1324 idem
1925 1268 2043 1324 Ga-

445 1352 585 1410 briel
615 1353 973 1425 archangelus
993 1353 1290 1432 (utriusque
1319 1354 1633 1412 nativitatis
1663 1357 1908 1413 cilicium
1946 1375 2042 1414 re-

446 1444 788 1518 praesentat?
833 1442 1150 1500 Zachariam
1201 1445 1412 1500 solatur
1459 1445 1828 1516 incredulum,
1858 1448 2043 1505 conﬁ-

446 1535 666 1592 dentem
721 1533 952 1591 Mariam
1005 1534 1348 1592 cohortatur.
1401 1538 1500 1593 Ille
1553 1538 1681 1609 quia
1738 1537 2037 1608 dubitavit,

443 1639 636 1682 vocem
667 1623 908 1697 perdidit
933 1643 945 1680 :
980 1623 1098 1681 haec
1126 1625 1255 1698 quia
1283 1626 1470 1683 statim
1503 1626 1759 1696 credidit,
1793 1627 2036 1687 Verbum

443 1713 680 1771 salutare
707 1713 979 1786 concepit.

517 1804 566 1860 7.
609 1802 724 1859 Hoc
755 1802 920 1860 etiam
951 1801 1008 1858 in
1039 1801 1296 1859 laudibus
1323 1804 1550 1860 Joannis
1586 1805 1816 1862 minime
1842 1812 2041 1862 tacen-

441 1893 575 1950 dum
604 1892 846 1962 videtur,
899 1893 1046 1967 quod
1093 1893 1343 1950 nondum
1375 1903 1538 1951 natus
1580 1894 1694 1967 jam
1724 1895 2036 1968 prophetat,

441 1990 496 2040 et
522 1983 705 2041 adhuc
741 1984 799 2040 in
830 1985 1062 2040 materni
1107 1985 1250 2040 uteri
1282 1985 1498 2041 sinibus
1526 1986 1882 2053 constitutus,
1929 1987 2040 2042 ad-

442 2080 668 2130 ventum
699 2072 929 2144 Christi,
956 2073 1086 2148 quia
1106 2090 1241 2131 voce
1271 2091 1384 2131 non
1405 2082 1638 2148 poterat,
1674 2075 1888 2147 gaudiis
1907 2091 2034 2132 con-

442 2163 647 2222 ﬁtetur.
701 2166 849 2222 Dicit
877 2165 1024 2221 enim
1055 2165 1348 2223 Elizabeth
1385 2167 1455 2223 ad
1493 2173 1737 2222 sanctam
1756 2166 1986 2222 Mariam
2013 2184 2025 2222 :

454 2277 473 2300 ι
505 2255 681 2310 Simul
711 2262 773 2310 ut
802 2254 946 2311 facta
970 2263 1052 2311 est
1082 2272 1192 2312 vox
1222 2255 1568 2312 salutationis
1599 2263 1704 2311 tum
1727 2255 1784 2310 in
1805 2254 2034 2310 auribus

441 2343 598 2412 meis,
621 2344 923 2400 exsultavit
951 2345 1009 2400 in
1039 2346 1238 2417 gaudio
1269 2346 1529 2403 infansin
1556 2354 1711 2403 utero
1728 2362 1848 2402 meo
1868 2345 2028 2416 (Ibid.

439 2432 567 2505 44);
607 2459 625 2481 ι
684 2435 926 2490 exsultat
954 2436 1102 2493 enim
1132 2437 1369 2493 Joannes
1415 2446 1708 2510 antequam
1753 2444 2029 2504 nascatur,

439 2530 493 2579 et
533 2521 851 2598 priusquam
896 2526 1092 2583 mundi
1141 2527 1317 2583 oculis
1356 2526 1610 2583 habitum
1657 2534 2026 2599 recognoscat,

429 2611 545 2686 jam
574 2613 776 2686 spiritu
804 2614 999 2671 mundi
1036 2616 1337 2672 Dominum
1388 2616 1749 2690 recognoscit.
1799 2617 1862 2672 In
1918 2631 2028 2688 quo

436 2703 673 2789 arbitror
730 2706 1107 2780 propheticam
1154 2708 1452 2766 convenire
1498 2707 1847 2776 sententiam,
1906 2723 2027 2779 quze

434 2794 604 2852 dicit:
647 2820 668 2846 ι
695 2797 1022 2871 Priusquam
1053 2807 1106 2855 te
1132 2799 1429 2854 formarem
1460 2799 1519 2855 in
1548 2808 1725 2867 utero,
1770 2797 1902 2854 novi
1933 2806 2019 2864 te;

434 2894 489 2943 et
517 2887 835 2962 priusquam
863 2890 1042 2945 exires
1062 2889 1130 2945 de
1153 2891 1338 2958 vulva,
1364 2889 1707 2946 sanctiﬁcavi
1727 2897 1780 2945 te
1805 2888 2019 2959 (Jerem.

434 2993 476 3048 ι,
503 2977 586 3050 5).
619 3002 639 3027 ι
695 2978 849 3037 Unde
879 2977 1068 3034 mirari
1098 2995 1212 3034 non
1241 2978 1504 3035 debemus
1535 2979 1680 3051 quod
1710 2977 1778 3034 ab
1809 2977 2023 3034 Herode

434 3067 493 3122 in
521 3082 735 3124 carcere
763 3067 982 3124 clausus
1035 3067 1177 3140 (68),
1222 3065 1505 3125 Christum
1536 3084 1750 3140 semper
1778 3066 1894 3122 suis
1924 3066 2024 3122 di—

432 3157 659 3232 scipulis
687 3157 968 3216 intimavit
990 3177 1003 3228 ;
1025 3175 1150 3216 cum
1181 3159 1346 3215 etiam
1379 3160 1600 3217 clausus
1620 3159 1678 3216 in
1697 3167 1854 3216 utero
1875 3175 2024 3216 eum-

433 3245 557 3304 dem
585 3249 884 3308 Dominum
915 3249 1157 3324 gestibus
1187 3247 1521 3324 praedicarit.

1048 3396 1132 3453 SE
1140 3395 1283 3454 RMO
1323 3394 1412 3452 LI.

528 3498 607 3553 De
636 3500 996 3571 praerogativa
1024 3499 1269 3570 ejusdem
1301 3503 1356 3558 S.
1387 3503 1614 3560 Joannis
1644 3502 1924 3577 Baptistae.

430 3608 686 3690 Ejusdem
711 3614 945 3668 auctoris
969 3616 1105 3690 hunc
1131 3633 1418 3690 sermonem
1446 3635 1572 3686 esse,
1598 3619 1748 3686 cujus
1779 3625 1824 3674 et
1856 3633 2025 3687 supe-

498 3687 697 3737 riorem
723 3700 840 3756 cum
883 3703 948 3740 ex
992 3687 1129 3756 stylo
1156 3687 1347 3756 conjici
1374 3695 1558 3756 potest,
1615 3696 1724 3743 tum
1762 3690 1926 3744 etiam
1955 3706 2020 3743 ea:

497 3768 555 3808 eo
592 3755 743 3830 quod,
759 3756 923 3812 eidem
945 3755 1193 3830 proxime
1217 3755 1498 3826 subjicitur
1542 3755 1601 3814 in
1631 3766 1731 3816 vet.
1781 3760 1907 3816 edit.
1957 3778 2020 3816 ac

495 3842 635 3903 mss._
672 3828 819 3903 Illud
842 3828 1180 3903 porroguod
1215 3850 1250 3888 a
1280 3846 1427 3886 num.
1478 3831 1513 3887 5
1565 3847 1726 3901 usque
1764 3833 1835 3888 ad
1864 3833 2021 3903 ﬁnem

495 3897 557 3974 {te
597 3899 819 3974 Joannis
842 3897 1220 3974 magnitudine
1261 3903 1478 3972 dicitur,
1525 3920 1589 3959 ea:
1633 3897 1914 3960 Ambrosio
1963 3903 2021 3960 in

495 3969 697 4028 Lucam
731 3973 823 4030 Iib.
851 3992 913 4041 ιι,
942 3969 1087 4031 num.
1114 3975 1235 4044 110,
1259 3969 1544 4048 ἱπηὶιανὶαο
1562 3977 1789 4048 proprio
1810 3976 2016 4047 ingenio

487 4049 820 4167 pertractare
856 4048 1031 4118 potuit
1058 4047 1316 4104 sermonis
1357 4047 1579 4104 auctori
1622 4047 1689 4103 ea:
1733 4066 1790 4104 eo
1838 4055 2014 4103 autem

530 4129 588 4166 oc
638 4132 813 4167 ensum
860 4121 1118 4167 mutam-ri-
1162 4122 1254 4167 nui
1292 4137 1580 4167 sermonem
1624 4121 1722 4167 197
1777 4120 2014 4167 Arma-nd-

530 4129 588 4192 oc
638 4115 1120 4192 ipsum‘inutuari,
1162 4122 1254 4191 qui
1292 4137 1580 4176 sermonem
1624 4121 1722 4178 197
1771 4120 2015 4192 Append.

494 4183 719 4263 August.
747 4188 836 4266 ubi
863 4190 957 4245 hoc
983 4183 1341 4266 fragmentum
1370 4192 1629 4266 integrum
1664 4183 1872 4258 exstat;
1900 4208 2018 4246 con-

488 4262 817 4335 sgrcinaoit;
849 4276 955 4314 non
983 4262 1121 4317 enim
1148 4271 1363 4335 uterque
1391 4265 1456 4319 ab
1480 4262 1662 4320 eadem
1694 4282 1853 4320 manu
1891 4280 2018 4335 pro-

494 4321 659 4393 fectus
684 4321 912 4407 videtur,
944 4337 991 4384 et
1017 4335 1192 4388 minus
1222 4321 1303 4390 hil:
1336 4341 1512 4390 noster
1538 4335 1704 4407 refert
1731 4321 2013 4404 centonem,

495 4411 653 4467 quam
683 4400 1044 4469 supradictus.

496 4527 546 4585 1.
586 4526 770 4585 Sancti
826 4527 1052 4585 Joannis
1097 4528 1357 4603 Baptistze
1413 4533 1648 4589 natalem
1679 4533 1845 4590 hodie
1877 4550 2015 4607 pro-

421 4625 712 4675 secuturus
741 4627 919 4676 tacere
951 4619 1168 4689 vellem,
1217 4628 1269 4676 et
1295 4619 1537 4678 laborem
1567 4630 1730 4696 atque
1777 4623 2016 4695 imperi-

420 4706 555 4763 tiam
583 4724 760 4765 meam
793 4707 1016 4766 silentio
1040 4726 1288 4768 coercere
1313 4728 1324 4766 :
1376 4711 1470 4767 sed
1500 4711 1615 4784 ipsa
1655 4712 1739 4768 vis
1770 4711 2014 4768 nominis

419 4794 536 4869 ejus
565 4800 794 4858 minime
841 4818 929 4858 me
960 4802 1119 4860 silere
1149 4803 1455 4876 permittit:
1507 4820 1632 4860 nam
1673 4803 2012 4876 nuncupatio

419 4889 675 4946 vocabuli
723 4891 915 4966 ipsius,
970 4895 1208 4968 pectoris
1251 4896 1427 4952 nostri
1470 4904 1626 4969 urget
1667 4903 1892 4963 secreta,
1941 4896 2009 4950 si-

420 4978 577 5036 lentii
611 4983 784 5039 nostri
816 4986 1042 5042 resolvit
1068 5003 1284 5055 arcana,
1308 4995 1361 5043 et
1388 4988 1534 5060 quod
1565 4986 2010 5044 dissimulatione

415 5069 699 5140 reticetur,
750 5072 1114 5129 admiratione
1145 5075 1517 5148 compellitur.
1574 5076 1630 5131 Si
1671 5076 1816 5131 enim
1853 5082 2012 5147 pater

413 5158 704 5216 Zacharias
733 5177 860 5218 cum
891 5178 1013 5219 eum
1046 5165 1379 5233 nominavit,
1402 5182 1594 5222 vocem
1625 5165 1828 5237 recepit
1852 5165 2004 5236 (Luc.

410 5323 551 5400 [essu
574 5331 860 5400 generatur
881 5343 912 5400 ;_
947 5327 1104 5400 Rom.
1126 5335 1191 5400 et
1219 5327 1551 5400 coduLugd.
1585 5345 1647 5384 ac
1679 5329 1888 5386 Theod.
1942 5335 2008 5383 ut

414 5395 916 5476 in.contextu,_nisi
945 5397 1092 5470 quod
1122 5398 1218 5454 illa
1237 5395 1488 5476 e‘xhibet‘,’
1509 5399 1855 5476 immaculata
1879 5417 2005 5470 pro~

413 5467 577 5520 mitur
610 5467 724 5533 iste,
756 5474 896 5534 etc.;
951 5467 1052 5524 ms.
1087 5485 1216 5524 vero
1246 5469 1430 5524 Germ.
1459 5487 1490 5525 a
1519 5470 1725 5526 Theod.
1777 5487 1842 5526 eo
1875 5467 2008 5526 tan-

414 5543 529 5614 tum
573 5535 824 5604 dissidet,
859 5538 1005 5611 quod
1052 5556 1149 5612 pro
1195 5541 1582 5596 adolescentulo
1630 5543 1848 5613 praefert
1898 5542 2003 5596 vir-

409 5622 546 5676 gms.

2053 3111 2103 3176 C

2042 4482 2091 4540 D

2161 471 2537 527 promeremur
2555 455 2650 511 ‘Iet
2678 456 2723 511 si
2751 455 2904 512 illius
2929 473 2990 512 os
3018 473 3144 512 cum
3175 455 3234 512 in
3265 457 3477 514 saeculo
3508 473 3768 515 nascere-

2160 552 2251 600 tur
2278 545 2494 617 aperuit
2516 589 2529 613 ,
2549 555 2753 614 quanto
2782 545 2954 619 magis
2981 562 3109 603 cum
3139 562 3238 619 pro
3269 545 3498 604 Christo
3522 547 3761 620 patitur,

2160 652 2255 691 ora
2282 643 2470 691 nostra
2497 635 2755 692 fecundat
2782 636 2810 691 ’ἲ

2231 725 2284 781 2.
2325 725 2462 784 Cum
2494 727 2639 781 enim
2680 725 2970 782 Zacharias
3017 733 3171 799 pater
3215 725 3335 799 ejus
3382 734 3616 802 propter
3678 730 3761 787 in-

2157 814 2538 871 credulitatem
2585 815 2890 870 nativitatis
2935 815 3088 872 illius
3135 816 3204 872 ab
3255 819 3452 889 angelo
3501 819 3761 876 Gabriele

2157 903 2365 960 silentii
2394 914 2538 961 esset
2585 904 2960 961 taciturnitate
2990 905 3262 963 multatus
3316 906 3484 978 (Ibid.
3531 908 3656 980 20),
3708 917 3757 965 et

2151 993 2265 1064 jam
2294 993 2390 1049 diu
2439 1001 2622 1050 mutus
2651 994 2948 1051 verborum
2978 993 3270 1066 dispendio
3304 995 3513 1052 mentis
3550 1008 3757 1055 secreta

2156 1085 2380 1152 velaret,
2427 1084 2609 1140 subito
2637 1091 2765 1140 nato
2794 1085 3003 1139 Joanne
3036 1081 3178 1152 ﬁlio,
3229 1100 3355 1140 cum
3388 1086 3540 1157 apud
3571 1087 3753 1158 proxi-

2154 1190 2273 1230 mos
2301 1182 2440 1230 esset
2468 1173 2747 1230 contentio
2777 1189 2885 1246 quo
2917 1173 3143 1229 nomine
3171 1183 3484 1244 vocaretur,
3513 1177 3750 1232 oﬂ'erun-

2153 1269 2244 1318 tur
2259 1264 2399 1336 patri
2425 1264 2620 1320 tabula)
2645 1284 2658 1332 ;
2683 1273 2745 1320 ut
2762 1263 3096 1320 vocabulum
3119 1263 3239 1335 ejus
3271 1281 3372 1337 pro
3395 1282 3497 1322 suo
3521 1265 3750 1321 arbitrio

2153 1351 2266 1426 ipse
2292 1353 2643 1424 describeret,
2693 1361 2748 1410 et
2777 1352 2923 1427 quod
2956 1369 3210 1410 sermone
3242 1371 3355 1410 non
3382 1364 3622 1428 poterat,
3665 1355 3746 1412 lit-

2152 1443 2283 1500 teris
2311 1443 2664 1516 loqueretur:
2720 1450 2854 1500 tunc
2882 1442 3086 1500 mirum
3137 1444 3195 1498 in
3240 1444 3469 1501 modum
3515 1445 3746 1518 acceptis

2150 1537 2511 1609 pugillaribus
2539 1544 2602 1593 ut
2631 1536 2844 1609 stylum
2873 1535 3080 1609 ﬁgeret,
3117 1535 3364 1609 linguam
3401 1538 3650 1606 resolvit,
3686 1555 3744 1596 ac

2149 1627 2359 1683 litteras
2387 1643 2640 1683 sermone
2669 1627 2958 1700 pravenit,
2991 1635 3044 1684 et
3073 1626 3340 1684 Joannem
3372 1644 3489 1684 non
3522 1635 3741 1685 testatus

2068 1737 2114 1799 Β
2149 1724 2248 1785 est,
2281 1716 2374 1772 sed
2400 1718 2616 1773 locutus
2629 1760 2641 1772 .

2221 1807 2274 1864 3.
2311 1807 2508 1865 Videte
2534 1807 2704 1880 igitur
2732 1807 2909 1864 sancti
2940 1807 3200 1880 Baptistae
3233 1807 3522 1877 meritum,
3556 1825 3735 1867 vocem

2149 1897 2288 1971 patri
2324 1896 2583 1966 reddidit,
2617 1897 2889 1954 sacerdoti
2923 1897 3295 1970 eloquentiam
3325 1899 3628 1971 reparavit.
3651 1899 3733 1956 Vi-

2147 1987 2288 2054 dete,
2313 1987 2556 2059 inquam,
2581 1987 2843 2043 meritum
2869 2004 2958 2044 :os
2979 1987 3125 2060 quod
3149 1987 3378 2060 angelus
3398 1988 3730 2061 alligaverat,

2147 2077 2380 2132 Joannes
2402 2076 2641 2132 absolvit
2665 2095 2675 2132 :
2704 2075 2851 2149 quod
2882 2077 3108 2133 Gabriel
3141 2077 3515 2146 obstruxerat,
3544 2094 3732 2150 parvu-

2148 2168 2232 2222 lus
2258 2166 2545 2222 reseravit:
2597 2183 2913 2240 quanquam
2954 2174 3008 2222 et
3034 2166 3149 2239 ipse
3189 2167 3262 2224 sit
3299 2168 3550 2240 angelus,
3599 2169 3731 2223 sicut

2144 2255 2408 2327 scriptum
2453 2263 2533 2311 est
2568 2255 2636 2310 de
2674 2271 2771 2310 eo:
2839 2278 2857 2303 ε
2885 2255 3028 2312 Ecce
3060 2255 3224 2311 mitto
3253 2257 3510 2328 angelum
3558 2273 3730 2312 meum

2143 2352 2269 2400 ante
2297 2344 2491 2400 faciem
2523 2351 2673 2400 tuam
2703 2343 2960 2416 (Malach.
2983 2361 3066 2412 m,
3095 2346 3172 2416 I).
3201 2369 3221 2393 ι
3265 2344 3545 2417 Respicite
3574 2344 3731 2416 igitur

2139 2434 2424 2503 Joannem,
2470 2440 2608 2496 461
2647 2441 2849 2507 quanta
2879 2433 2964 2490 vis
2993 2433 3067 2491 sit
3100 2433 3220 2506 ejus
3252 2433 3535 2502 vocabuli,
3578 2432 3730 2505 cujus

2140 2534 2479 2607 nuncupatio
2522 2532 2765 2590 reddidit
2811 2541 2968 2588 muto
3012 2550 3226 2602 vocem,
3278 2533 3422 2606 patri
3455 2532 3728 2605 pietatem,

2138 2625 2340 2696 populo
2369 2622 2726 2681 sacerdotem.
2757 2623 2917 2679 Prius
2947 2624 3096 2680 enim
3139 2631 3255 2680 erat
3300 2631 3492 2680 tacens
3536 2624 3734 2694 lingua,

2137 2712 2342 2769 sterilis
2371 2713 2506 2783 ﬁlio,
2538 2713 2787 2786 privatus
2812 2712 3032 2771 oﬂicio:
3061 2720 3116 2768 at
3145 2712 3242 2769 ubi
3272 2712 3529 2769 Joannes
3555 2710 3734 2766 nasci-

2136 2812 2248 2875 tur,
2280 2805 2343 2862 ﬁt
2392 2814 2612 2879 repente
2659 2814 2830 2878 pater,
2880 2804 3167 2878 propheta,
3199 2805 3290 2862 vel
3323 2805 3624 2878 pontifex;
3660 2805 3732 2860 lo-

2135 2895 2296 2968 quela
2324 2911 2484 2951 usum
2515 2895 2732 2968 recipit,
2762 2897 2973 2968 prolem
3010 2895 3230 2952 aﬂ'ectio
3273 2895 3528 2968 suscipit,
3560 2909 3734 2953 sacer'

2133 2984 2319 3042 dotem
2349 2985 2562 3042 functio
2591 2986 2954 3057 recognoscit.

2203 3074 2255 3131 4.
2288 3075 2424 3132 Cum
2456 3091 2584 3147 ergo
2621 3082 2773 3131 tanta
2810 3073 2896 3129 vis
2951 3071 3023 3130 sit
3067 3071 3185 3144 ejus
3214 3071 3496 3142 vocabuli,
3531 3073 3729 3130 dicturi

2135 3168 2202 3225 de
2231 3185 2316 3237 eo,
2359 3166 2462 3224 etsi
2513 3175 2695 3225 tacere
2739 3165 3016 3234 volumus,
3069 3164 3233 3221 silere
3262 3181 3376 3221 non
3409 3182 3729 3238 possumus;

2135 3258 2251 3330 ipse
2279 3258 2426 3315 enim
2457 3259 2692 3313 Joannes
2729 3271 2841 3312 vox
2870 3254 3161 3313 clamantis
3198 3255 3426 3312 dicitur.
3461 3255 3599 3324 Quis
3626 3256 3731 3329 igi-

2134 3357 2245 3418 tur,
2278 3349 2374 3423 qui
2403 3363 2596 3404 vocem
2626 3347 2829 3416 laudet,
2864 3353 2918 3402 et
2947 3345 3173 3402 taceat?
3217 3347 3518 3404 clamomm
3549 3346 3731 3405 admi-

2134 3447 2304 3508 retur,
2337 3447 2390 3496 et
2417 3446 2604 3496 mutus
2629 3437 2742 3494 sit?
2771 3435 2872 3493 Ait
2910 3435 3058 3491 enim
3109 3434 3224 3508 ipse
3273 3435 3342 3492 de
3385 3452 3444 3492 se
3479 3453 3493 3492 :
3547 3460 3566 3484 ι
3620 3437 3729 3510 Ego

2134 3546 2255 3585 sum
2283 3546 2395 3586 vox
2444 3525 2733 3585 clamantis
2781 3526 2838 3581 in
2869 3523 3083 3580 deserto
3115 3525 3311 3597 (Joan.
3343 3542 3386 3593 ι,
3416 3525 3535 3598 23).
3567 3549 3587 3573 ι
3629 3526 3730 3582 Vi-

2133 3617 2255 3674 dete
2284 3617 2417 3692 quid
2445 3617 2687 3683 dixerit;
2725 3631 2837 3672 non
2868 3614 3015 3671 enim
3046 3613 3124 3670 ait
3152 3619 3373 3669 tantum
3411 3631 3424 3670 :
3468 3615 3588 3687 Ego
3615 3632 3725 3672 sum

2134 3723 2264 3776 vox,
2313 3707 2407 3763 sed
2450 3715 2504 3763 et
2545 3704 2834 3763 clamantis
2872 3719 3031 3760 vox:
3089 3701 3302 3760 scilicet
3341 3710 3406 3759 ut
3456 3703 3526 3761 ad
3573 3704 3724 3762 ﬁdem

2131 3795 2570 3869 consequendam
2625 3811 2736 3850 vox
2783 3810 2940 3850 aures
2988 3798 3259 3865 penetret,
3312 3792 3528 3850 clamor
3573 3793 3724 3852 corda

2131 3885 2410 3944 concutiat
2442 3905 2452 3942 :
2498 3902 2609 3942 vox
2639 3901 2867 3958 regnum
2895 3883 3176 3957 praedicet,
3213 3882 3429 3940 clamor
3459 3882 3720 3956 judicium

2129 3977 2517 4033 comminetur.

2199 4067 2252 4122 5.
2277 4065 2504 4137 Magnus
2524 4063 2695 4137 igitur
2714 4064 2971 4130 Joannes,
2990 4062 3153 4137 cujus
3172 4061 3552 4135 magnitudini
3570 4064 3717 4120 etiam

2128 4157 2379 4215 Salvator
2402 4154 2785 4212 testimonium
2821 4153 3093 4227 perhibet,
3123 4151 3317 4210 dicens
3354 4171 3367 4210 :
3412 4177 3434 4202 ι
3463 4155 3612 4210 Inter
3633 4169 3714 4209 na-

2131 4255 2212 4304 tos
2253 4247 2550 4304 mulierum
2577 4243 2754 4317 major
2781 4261 2892 4301 non
2923 4251 3005 4301 est
3036 4244 3245 4300 Joanne
3280 4243 3535 4317 Baptista
3581 4244 3714 4316 (Luc.

2125 4355 2229 4403 vn,
2257 4337 2375 4409 28).
2405 4362 2423 4385 ι
2474 4335 2746 4393 Ρτεθοθιιίῑ
2774 4333 3008 4402 cunctis,
3041 4332 3252 4389 eminet
3295 4331 3598 4403 universis,
3623 4349 3718 4390 an-

2124 4431 2324 4489 tecedit
2381 4432 2690 4504 prophetas,
2743 4427 3154 4502 supergreditur
3230 4426 3603 4501 patriarchas,
3671 4429 3717 4476 et

2122 4519 2372 4593 quisquis
2397 4519 2464 4576 de
2493 4519 2723 4575 muliere
2753 4517 3016 4585 nascitur,
3041 4515 3280 4572 inferior
3311 4523 3405 4572 est
3433 4515 3653 4572 Joanne.

2194 4619 2246 4675 6.
2274 4618 2381 4675 Sed
2405 4617 2667 4674 debemus
2695 4617 2988 4690 diligenter
3017 4614 3327 4689 inquirere,
3360 4630 3464 4671 cur
3509 4613 3587 4669 ita
3610 4613 3718 4668 Do-

2123 4707 2308 4764 minus
2349 4708 2578 4775 dixerit,
2609 4706 2715 4763 hoc
2744 4715 2825 4764 est
2853 4726 2864 4763 :
2913 4731 2931 4754 ‹
2974 4707 3123 4763 Inter
3151 4712 3313 4760 natos
3347 4703 3660 4771 mulierum,
3687 4725 3704 4747 ι

2121 4806 2174 4854 et
2203 4814 2314 4853 non
2341 4797 2526 4870 potius
2554 4796 2761 4855 dixerit
2803 4816 2815 4854 :
2864 4797 3013 4852 Inter
3039 4793 3182 4851 ﬁlios
3213 4794 3474 4851 virorum
3506 4809 3618 4850 non
3644 4797 3716 4849 est

2121 4887 2295 4959 major
2313 4888 2540 4956 Joanne,
2573 4904 2697 4945 cum
2730 4888 2922 4962 utique
2951 4887 3209 4943 mulieres
3241 4894 3408 4941 natos
3436 4885 3557 4942 sine
3585 4882 3714 4939 viris

2121 4979 2318 5037 habere
2345 4995 2457 5036 non
2486 4979 2716 5052 possint.
2748 4979 2864 5036 Hoc
2882 4985 3062 5035 autem
3092 4977 3258 5045 dixit,
3293 4977 3428 5050 quia
3456 4990 3680 5033 numero
3698 4999 3716 5013 -

2120 5071 2231 5128 sior
2259 5081 2342 5128 est
2369 5072 2547 5144 proles
2587 5071 2886 5128 mulierum
2919 5085 3082 5144 quam
3113 5069 3367 5125 virorum
3395 5087 3410 5136 ;
3457 5077 3541 5126 est
3570 5065 3707 5123 enim

2120 5161 2367 5217 mulieris
2393 5160 2561 5230 ﬁlius,
2586 5162 2681 5234 qui
2705 5161 2813 5217 viri
2829 5160 2978 5216 ﬁlius
3001 5175 3112 5215 non
3129 5167 3236 5216 est.
3260 5158 3517 5232 Denique
3539 5161 3707 5214 sancta

2192 5329 2308 5398 (67)
2341 5327 2514 5396 Edit.,
2529 5333 2750 5398 partum
2769 5333 2917 5382 utero
2933 5331 3274 5398 praegravata
3297 5342 3310 5391 ;
3342 5327 3545 5384 melius
3563 5337 3699 5387 mss.,

2112 5405 2277 5471 partu
2305 5407 2512 5454 uterum
2534 5406 2950 5471 prwgrauatum.

2191 5471 2307 5541 (68)
2328 5473 2408 5527 Ita
2434 5467 2599 5539 1115s.;
2632 5467 2687 5526 at
2715 5469 2847 5527 edit.
2881 5483 3090 5536 omnes,
3119 5467 3310 5523 missus
3343 5469 3402 5524 in
3434 5479 3694 5528 carcerem,

2115 5543 2349 5610 clausus,
2381 5549 2487 5599 etc.
