3864 6188
191 220 314 278 733
1032 220 1404 280 SERMONES
1437 220 1493 277 s.
1535 219 1892 278 AMBROSIO
1933 176 2305 278 HACTENUS
2344 221 2678 278 ASCRIPTI.
3410 223 3514 282 734

190 345 382 404 Maria
410 346 597 421 genuit
624 345 828 417 ﬁlium,
872 346 968 422 qui
998 353 1207 420 patrem
1238 347 1519 403 hominem
1557 361 1670 403 non
1699 345 1810 402 ha—
1835 349 1886 409 A
1922 355 2032 414 tur,
2091 363 2203 403 non
2233 354 2408 419 potest
2459 348 2729 404 excusari.
2764 349 3116 406 Conscientia
3179 349 3328 406 enim
3359 366 3512 406 reum

193 437 400 509 heret;
451 440 723 497 Dominus
773 439 921 497 enim
971 449 1052 497 est
1095 439 1345 496 mulieris
1394 438 1565 507 ﬁlius,
1607 446 1660 494 et
1702 439 1810 495 viri
1922 453 2080 492 suum
2117 438 2234 508 (71)
2297 452 2508 510 semper
2565 438 2732 495 tacita
2764 439 2882 495 sine
2911 438 3354 497 contradictione
3382 456 3513 497 con-

192 527 361 587 ﬁlius
391 545 501 586 non
549 537 652 601 est,
694 530 839 589 sicut
866 530 1004 588 dicit
1033 530 1368 603 Apostolus:
1419 552 1438 576 ‹
1484 529 1712 584 Factum
1743 528 1815 585 de
1923 527 2097 585 vincit
2127 536 2182 584 et
2200 525 2432 599 judicat.

195 622 443 680 muliere
493 623 634 696 (69),
675 622 881 680 factum
909 623 1012 680 sub
1043 624 1158 695 lege
1204 623 1410 695 (Galat.
1447 640 1525 691 Iv,
1555 623 1612 694 4)
1639 642 1653 691 ;
1684 648 1703 671 ι
1753 631 1816 679 ut
1995 619 2046 676 3.
2079 620 2361 692 Hodieque
2390 636 2516 693 ergo
2565 621 2799 678 Joannes
2828 624 3028 680 clamat
3055 630 3108 678 et
3133 623 3306 680 dicit:
3352 646 3372 670 ε
3400 623 3514 680 Pa-

194 712 308 786 qui
341 721 569 772 matrem
597 714 655 769 in
675 714 837 771 terris
853 714 1038 780 habet,
1063 715 1279 770 Patrem
1302 712 1524 771 haberet
1550 713 1608 769 in
1637 713 1811 771 caelis.
1922 717 2036 766 rate
2067 709 2211 765 viam
2235 710 2479 778 Domini,
2517 718 2697 767 rectas
2732 711 2895 768 facite
2933 714 3156 769 semitas
3185 712 3324 785 ejus.
3356 739 3376 764 ›
3418 715 3514 771 Pa-

193 808 358 880 Ergo
389 808 446 864 in
490 803 703 864 laudem
747 809 976 866 Joannis
1018 808 1356 866 fecundioris
1385 825 1549 865 sexus
1578 825 1820 881 genera-
1923 817 2042 856 l‘al‘e
2069 816 2197 873 ergo
2221 799 2486 872 ,Ῑιὼθωιιΐ
2514 801 2661 857 Viam
2692 801 2939 871 Domini,
2968 803 3180 859 SCilicel
3217 820 3330 859 non
3362 821 3516 878 agge-

194 897 291 954 tio
318 897 565 970 ponitur,
597 907 657 954 ut
686 899 898 955 nullius
926 897 994 955 ab
1025 915 1089 954 eo
1121 899 1381 956 nativitas
1409 908 1709 971 separetur.
1922 907 2035 946 rem
2091 889 2325 957 itineris,
2379 889 2474 945 58d
2523 890 2651 947 ﬁdei
2683 891 3015 964 puritatem;
3077 892 3347 950 Dominus
3367 893 3515 949 enim

283 988 337 1044 7.
374 988 522 1046 Dicit
567 988 708 1045 forte
755 990 1001 1063 aliquis:
1049 989 1105 1046 Si
1136 989 1280 1045 inter
1325 999 1484 1047 natos
1514 991 1810 1047 mulierum
1920 984 2191 1035 terrenam
2250 979 2500 1034 semitam
2558 979 2755 1051 οδιῬίῐ»
2815 980 2908 1035 sed
2947 995 3044 1051 Per
3085 989 3292 1036 εθοτθιει
3319 979 3519 1038 manus

1923 1068 2146 1124 incedit.
2197 1067 2256 1124 Si
2305 1068 2438 1141 quid
2469 1068 2637 1140 igitur
2692 1069 2750 1124 in
2798 1068 2902 1125 hac
2929 1069 3021 1124 via
3069 1069 3236 1126 fuerit
3275 1069 3521 1127 moribus

1921 1157 2526 1230 asperum,crudelitate
2544 1157 3198 1228 durum,conversatione
3219 1159 3518 1231 pollutum,

1916 1245 2178 1318 juhemur
2232 1247 2517 1316 mundare,
2549 1263 2858 1321 exaequare,
2893 1263 3262 1320 componere;
3324 1256 3387 1304 ut
3416 1265 3522 1304 su-

1923 1335 2247 1408 perveniens
2303 1336 2576 1392 Dominus
2619 1353 2733 1392 non
2782 1337 3026 1394 ollendat
3084 1339 3142 1393 in
3199 1337 3380 1407 nobis,
3428 1336 3524 1394 sed

1924 1425 2096 1497 magis
2122 1424 2363 1498 reperiat
2379 1427 2526 1482 viam
2557 1427 2806 1483 castitate
2834 1443 3048 1499 puram,
3071 1425 3372 1499 proclivem
3391 1425 3519 1495 ﬁde,

1924 1515 2293 1589 eleemosynis
2351 1518 2707 1574 eminentem.
2742 1517 2900 1586 Quod
2957 1526 3139 1575 autem
3196 1518 3295 1575 tali
3327 1517 3526 1574 itinere

1925 1604 2179 1662 incedere
2235 1607 2408 1662 soleat
2463 1607 2755 1675 Dominus,
2811 1607 3084 1679 Propheta
3121 1607 3403 1677 describit,
3436 1605 3518 1664 di-

202 1075 392 1149 major
419 1085 499 1134 est
543 1078 798 1148 Joannes,
839 1077 1113 1152 numquid
1159 1079 1324 1136 etiam
1373 1077 1548 1152 major
1575 1087 1656 1136 est
1684 1079 1815 1136 Sal-

201 1174 402 1222 vatore
423 1166 452 1223 ?
481 1166 638 1223 Absit
671 1186 683 1235 ;
717 1168 952 1225 Joannes
979 1167 1127 1224 enim
1155 1176 1316 1225 natus
1345 1169 1618 1239 mulieris,
1650 1169 1812 1227 Chri-

205 1265 334 1313 stus
390 1265 571 1313 autem
616 1257 850 1331 virginis
901 1267 1064 1316 natus
1119 1267 1246 1315 est:
1310 1258 1404 1315 ille
1434 1259 1815 1332 corruptibilis

206 1347 359 1404 uteri
391 1347 607 1404 sinibus
635 1349 842 1406 eﬂ'usus
865 1358 967 1418 est,
1001 1349 1103 1405 iste
1135 1349 1439 1422 impollutee
1469 1350 1651 1404 vulva:
1680 1349 1814 1406 ﬂore

207 1437 554 1512 progenitus.
583 1438 710 1496 Ideo
748 1447 931 1496 autem
969 1457 1094 1497 cum
1122 1440 1348 1497 Joannis
1377 1439 1666 1496 nativitate
1693 1442 1814 1497 Do-

208 1527 355 1585 mini
391 1529 669 1602 generatio
699 1529 1017 1602 deputatur,
1062 1547 1131 1586 ne
1167 1531 1437 1586 Dominus
1467 1539 1623 1587 extra
1656 1530 1813 1587 veri-

207 1630 383 1682 tatem
418 1623 535 1698 (70)
565 1623 848 1681 videretur
872 1642 986 1681 esse
1005 1624 1342 1681 conditionis
1367 1623 1641 1682 humanae.

831 1749 1064 1809 SEBMO
1103 1750 1216 1808 LII.

378 1851 458 1908 De
485 1850 602 1907 vita
629 1849 873 1923 ejusdem
912 1850 1086 1908 sancti
1114 1851 1342 1908 Joannis
1374 1849 1651 1924 Baptistae.

208 1968 319 2026 Hic
363 1986 532 2024 sermo
578 1971 777 2025 tametsi
822 1987 856 2025 a
900 1968 1159 2025 Gratiano
1201 1976 1247 2024 et
1295 1971 1453 2027 Ivone
1491 1968 1584 2024 sub
1613 1965 1822 2022 nomine

286 2040 564 2112 Ambrosii
616 2040 804 2112 citatus
854 2039 1036 2109 fuerit,
1094 2041 1230 2097 nihil
1273 2049 1442 2096 tamen
1475 2058 1590 2112 pra:
1619 2057 1670 2094 se
1716 2039 1823 2110 fert

290 2111 617 2184 Ambrosii:
648 2111 735 2165 sed
780 2128 869 2165 nec
902 2112 1192 2184 quidquam
1237 2113 1506 2184 afﬁnitatis
1532 2112 1823 2184 habetcum

290 2182 675 2253 superioribus,
721 2183 1154 2252 quemadmodum
1179 2201 1244 2238 ex
1272 2182 1396 2251 "ejus
1442 2183 1681 2249 exordio,
1735 2198 1824 2236 nec

285 2269 400 2325 non
440 2271 506 2308 ea
551 2271 607 2308 eo
635 2254 775 2325 quod
819 2253 1116 2324 longissime
1163 2254 1228 2308 ab
1276 2255 1387 2310 illis
1419 2256 1474 2310 in
1517 2255 1660 2310 Gall.
1708 2254 1821 2308 cod.

291 2322 660 2396 disjungatur,
720 2330 884 2396 patet.
911 2322 1084 2392 'Quin
1122 2326 1276 2381 etiam
1317 2327 1364 2381 si
1415 2326 1532 2396 quis
1575 2325 1825 2380 attentius

293 2396 456 2451 illum
492 2396 815 2468 discusserit,
867 2398 1100 2453 eumdem
1143 2398 1419 2468 comperiet
1453 2397 1660 2453 laciniis
1691 2413 1828 2450 con-

295 2473 439 2540 stare
483 2467 602 2523 hinc
638 2467 759 2522 inde
800 2468 1058 2540 sumptis;
1102 2467 1527 2540 quandoquidem
1583 2468 1722 2539 quod
1771 2485 1828 2522 eo

302 2539 494 2610 legitur
529 2540 591 2594 de
630 2539 882 2611 sanguine
919 2539 1050 2596 Abel
1094 2539 1372 2609 clamante,
1426 2540 1579 2610 infra
1623 2540 1679 2594 in
1707 2556 1830 2611 ser-

300 2627 451 2666 mone
503 2611 571 2668 59
621 2610 904 2682 reperitur,
967 2617 1016 2666 et
1067 2613 1207 2682 quod
1257 2613 1338 2667 hic
1393 2614 1454 2668 de
1505 2610 1828 2678 concubinis,

297 2682 569 2738 monachis
611 2682 914 2754 clericisque
933 2682 1261 2754 disputatur,
1279 2685 1503 2754 petitum
1529 2683 1737 2738 videtur
1765 2700 1829 2738 eo:

307 2753 634 2830 sermonibus
679 2753 1028 2830 Caesarianis
1050 2755 1155 2812 292
1187 2761 1234 2811 et
1276 2753 1380 2814 293
1425 2755 1668 2830 Append.
1702 2754 1828 2812 Au-

304 2832 440 2898 gust.
473 2825 704 2898 aliisque
729 2826 1023 2882 nonnullis.

309 2945 358 3001 1.
399 2946 660 3002 Diximus
691 2946 962 3019 superiori
989 2945 1299 3016 Dominica,
1337 2963 1462 3005 cum
1494 2947 1702 3006 silentii
1733 2963 1828 3002 no-

1926 1710 2091 1751 cens:
2145 1719 2164 1742 ε
2191 1697 2302 1751 lter
2353 1694 2516 1752 facite
2545 1696 2594 1750 ei
2625 1696 2720 1768 qui
2750 1697 2994 1752 ascendit
3041 1713 3204 1770 super
3247 1713 3523 1766 occasum,

1927 1783 2198 1840 Dominus
2228 1799 2429 1839 nomen
2454 1791 2537 1839 est
2575 1785 2624 1840 ei
2656 1785 2830 1856 (Psal.
2862 1802 3037 1854 vau,
3057 1786 3137 1858 5).
3175 1810 3195 1836 ι

1998 1871 2052 1927 4.
2085 1872 2189 1929 Sed
2241 1872 2547 1942 videamus,
2581 1873 2698 1946 ipse
2730 1875 2968 1931 Joannes
3017 1875 3113 1948 qui
3145 1891 3336 1948 parare
3375 1875 3524 1932 viam

1928 1963 2151 2019 Domini
2177 1961 2356 2036 jubet,
2414 1979 2576 2036 quam
2607 1963 2722 2037 ipse
2753 1964 2899 2021 viam
2930 1965 3205 2039 paraverit
3231 1966 3526 2023 Salvatori.

1931 2053 2032 2109 Per
2087 2053 2274 2110 omnia
2328 2053 2510 2127 plane,
2582 2054 2914 2112 adveniente
2977 2055 3218 2121 Christo,
3249 2055 3529 2114 tramitem

1932 2145 2037 2202 viae
2067 2163 2178 2202 suae
2225 2146 2532 2220 composuit
2559 2155 2618 2205 et
2642 2147 2870 2207 direxit.
2929 2150 3068 2207 Nam
3099 2150 3207 2206 fuit
3234 2150 3428 2224 utique
3453 2149 3531 2222 je-

1927 2235 2119 2308 junus,
2176 2235 2429 2304 humilis,
2486 2253 2682 2309 parcus
2713 2245 2769 2293 et
2797 2239 2955 2311 virgo
2982 2256 2997 2307 ;
3030 2255 3222 2296 omnes
3252 2239 3404 2296 enim
3433 2238 3534 2295 has

1935 2327 2168 2382 virtutes
2219 2325 2338 2398 ejus
2388 2326 2724 2398 evangelista
2786 2327 3112 2384 describens
3185 2329 3298 2385 ait:
3359 2353 3378 2376 ε
3411 2331 3532 2402 Ipse

1937 2426 2117 2473 autem
2135 2417 2370 2472 Joannes
2386 2418 2646 2474 vestitum
2669 2419 2904 2476 habebat
2924 2421 2991 2476 de
3029 2421 3157 2492 pilis
3172 2421 3532 2490 camelorum,

1940 2514 1992 2562 et
2020 2522 2156 2561 zona
2185 2506 2414 2578 pellicea
2438 2507 2586 2563 circa
2613 2508 2830 2564 lumbos
2859 2507 2994 2580 ejus.
3026 2509 3165 2566 Esca
3193 2519 3374 2566 autem
3415 2509 3533 2581 ejus

1938 2603 2093 2652 erant
2148 2595 2394 2665 locustae,
2446 2604 2499 2652 et
2530 2598 2638 2653 mel
2693 2597 2947 2653 silvestre
3008 2598 3221 2670 (Matth.
3253 2616 3339 2668 ιιι,
3383 2598 3465 2669 4).
3500 2625 3519 2647 ι

1938 2685 2070 2753 Quae
2099 2684 2269 2757 igitur
2296 2683 2470 2757 major
2498 2685 2788 2742 humilitas
2815 2687 2873 2743 in
2903 2687 3170 2761 propheta
3202 2689 3345 2761 (72),
3367 2704 3531 2762 quam

1938 2775 2270 2848 contemptis
2296 2775 2557 2832 mollibus
2575 2777 2938 2847 indumentis,
2969 2777 3211 2850 pilorum
3229 2779 3528 2851 asperitate

1939 2865 2181 2923 vestiri?
2212 2866 2343 2934 Quae
2375 2865 2626 2922 devotior
2645 2865 2798 2935 ﬁdes,
2832 2883 2992 2940 quam
3019 2868 3377 2940 praecinctum
3398 2884 3536 2924 zona

1940 2961 2188 3027 paratum
2219 2969 2334 3010 esse
2349 2970 2562 3027 semper
2592 2953 2660 3010 ad
2676 2969 2838 3010 omne
2864 2955 3147 3012 servitutis
3172 2953 3534 3029 obsequium?

229 3033 335 3091 εῐΐί
386 3035 604 3091 veniam
636 3042 964 3108 Ρθῐθΐθωυδν
1011 3037 1156 3109 quod
1185 3053 1285 3110 Ι)Γο
1318 3037 1493 3093 salute
1523 3037 1826 3105 communi,
1863 3085 1905 3145 Ο
1945 3047 2076 3115 Quae
2109 3047 2422 3120 praeclarior
2471 3046 2822 3116 abstinentia,
2854 3064 3017 3122 quam
3046 3048 3244 3121 spretis
3274 3048 3404 3104 vitae
3435 3046 3535 3103 hu-

229 3125 612 3185 sacerdotibus
641 3126 804 3184 etiam
846 3126 1174 3197 tacentibus,
1220 3127 1472 3184 doctrina
1518 3127 1832 3200 evangelica
1864 3125 1905 3145 υ
1938 3137 2029 3210 jus
2090 3138 2326 3206 deliciis,
2385 3137 2636 3195 stridulis
2665 3137 2813 3195 vesci
2861 3137 3087 3195 locustis
3112 3154 3174 3194 ac
3230 3139 3392 3194 melle
3445 3136 3538 3193 sil.

231 3233 348 3274 non
376 3224 569 3285 taceat,
603 3223 656 3273 et
708 3217 854 3290 quod
882 3217 1165 3275 silentium
1211 3234 1400 3275 eorum
1434 3218 1710 3290 suppleret
1739 3216 1836 3273 di-

230 3307 368 3362 vina
398 3307 670 3363 sententia
701 3325 715 3375 ;
763 3324 975 3380 semper
1021 3307 1167 3364 enim
1215 3307 1407 3365 divina
1435 3308 1715 3383 Scriptura
1745 3310 1838 3365 lo-

231 3395 429 3470 quitur
459 3403 512 3451 et
569 3396 790 3464 clamat,
841 3395 984 3452 sicut
1033 3397 1299 3470 scriptum
1351 3405 1432 3454 est
1479 3397 1545 3454 de
1587 3399 1832 3454 Joanne:

247 3507 270 3531 ι
306 3485 422 3556 Ego
459 3500 579 3540 sum
611 3501 723 3540 vox
751 3485 1038 3542 clamantis
1068 3487 1126 3542 in
1159 3486 1374 3544 deserto
1398 3488 1625 3560 (Joan.r,
1660 3489 1774 3562 23).
1808 3515 1826 3537 »

232 3572 360 3630 Non
392 3571 540 3628 enim
572 3579 786 3629 tantum
803 3573 862 3630 in
882 3573 978 3630 illo
1007 3583 1256 3648 tempore
1285 3578 1547 3634 clamavit
1577 3578 1838 3646 Joannes,

235 3677 351 3735 quo
414 3661 697 3733 pharisaeis
751 3663 1086 3723 annuntians
1134 3667 1434 3724 Dominum
1479 3669 1841 3739 Salvatorem,

235 3749 424 3809 dixit:
472 3778 491 3801 ι
524 3751 714 3810 Parate
763 3753 912 3810 viam
943 3756 1190 3827 Domini,
1225 3767 1399 3816 rectas
1428 3759 1591 3816 facite
1620 3759 1844 3817 semitas

238 3843 361 3918 ejus
392 3845 604 3918 (Matth.
636 3864 722 3916 III,
744 3847 801 3920 3)
828 3865 841 3916 ;
876 3872 894 3896 ι
939 3848 1033 3906 sed
1062 3856 1115 3906 et
1143 3849 1308 3908 hodie
1337 3851 1539 3908 clamat
1566 3852 1623 3907 in
1659 3852 1841 3920 nobis,

238 3945 298 3994 et
339 3938 492 3996 vocis
536 3954 648 3996 suae
694 3939 944 3996 tonitruo
997 3941 1212 3998 deserta
1242 3948 1555 3998 nostrorum
1599 3939 1845 4000 concutit

239 4043 614 4109 peccatorum.
647 4036 728 4092 Ac
751 4035 878 4092 licet
904 4045 1091 4095 sancta
1115 4039 1367 4112 martyrii
1397 4046 1572 4096 morte
1611 4038 1845 4096 dormis.

240 4124 339 4193 rit,
374 4140 486 4181 vox
510 4133 692 4182 tamen
712 4124 831 4198 ejus
856 4127 1035 4197 vivit;
1064 4129 1200 4188 dicit
1221 4130 1369 4185 enim
1391 4139 1444 4188 et
1472 4130 1634 4188 nobis
1657 4131 1840 4188 hodie:

246 4237 276 4270 ‹‹
311 4217 502 4273 Parate
528 4217 676 4274 viam
701 4205 1153 4286 Domini,‘rectas
1193 4221 1356 4279 facile
1389 4224 1610 4280 semitas
1643 4223 1790 4296 ejus;
1815 4249 1831 4270 ι

240 4322 459 4378 semper
495 4307 642 4362 enim
693 4307 977 4380 Scriptura
1013 4309 1205 4366 divina
1242 4311 1439 4367 clamat
1484 4321 1538 4368 et
1577 4312 1844 4384 loquitur.

318 4403 371 4460 2.
391 4403 568 4502 .Unde
605 4411 660 4460 et
689 4404 757 4460 ad
795 4403 932 4462 Cain
962 4404 1102 4463 dicit
1131 4407 1280 4463 Deus
1306 4425 1316 4463 :
1363 4431 1380 4453 ι
1413 4407 1537 4464 Vox
1567 4407 1850 4481 sanguinis

243 4492 436 4550 fratris
462 4491 545 4548 tui
575 4493 775 4549 clamat
797 4494 867 4550 ad
888 4511 974 4550 me
999 4496 1155 4565 (Gen.
1180 4496 1394 4568 1v,10).
1419 4522 1437 4544 ι
1464 4497 1629 4554 Nulla
1657 4497 1847 4571 utique

245 4579 532 4654 sanguinis
561 4597 671 4637 vox
699 4589 800 4651 est,
835 4582 928 4640 sed
974 4585 1211 4642 clamare
1241 4585 1448 4644 dicitur
1476 4586 1715 4660 sanguis,
1749 4585 1844 4659 qui

247 4675 517 4732 innocens
562 4674 766 4730 elfusus
818 4683 920 4744 est,
971 4693 1082 4734 non
1131 4686 1242 4735 tam
1287 4695 1422 4736 voce
1451 4696 1613 4752 quam
1645 4695 1842 4747 causa;

247 4779 302 4828 et
331 4767 683 4839 interpellare
713 4768 1013 4825 Dominum
1057 4785 1170 4826 non
1200 4770 1586 4844 persecutione
1617 4769 1843 4843 eloquii,

248 4858 343 4915 sed
373 4856 756 4928 indignatione
784 4858 1094 4928 commissi;
1118 4875 1180 4916 ac
1201 4867 1411 4915 reatum
1426 4876 1584 4916 suum
1607 4875 1719 4915 non
1736 4867 1845 4915 tam

250 4951 548 5011 verborum
594 4967 849 5008 accusare
898 4952 1266 5021 sermonibus,
1298 4969 1461 5026 quam
1501 4951 1849 5010 conscientia!

250 5043 430 5116 ipsius
477 5044 624 5104 462
688 5042 1076 5103 criminatione
1147 5041 1544 5112 constringere.
1589 5039 1852 5109 Quamvis

252 5140 402 5197 enim
434 5140 642 5200 malum
669 5141 876 5198 factum
906 5139 952 5196 si
990 5139 1049 5195 in
1080 5138 1250 5195 verbo
1280 5135 1634 5209 producatur,
1675 5151 1854 5191 excu-

253 5231 526 5286 sationem
582 5231 812 5286 fortasse
859 5229 1075 5301 recipit,
1110 5227 1219 5283 nisi
1271 5224 1611 5283 conscientia
1637 5241 1852 5280 revoce-

330 5476 449 5547 (70)
490 5478 640 5534 Idem
667 5476 861 5546 codex,
893 5495 956 5534 ne
984 5476 1249 5547 Dominus
1277 5479 1430 5547 extra
1457 5478 1726 5526 naturam.

358 5545 450 5619 71)
492 5549 700 5619 Omnes
727 5545 886 5619 edit.,
921 5546 1257 5607 Conscientia
1286 5545 1423 5601 enim
1449 5549 1655 5602 reatum
1682 5559 1854 5599 suum:

329 5407 424 5475 (69
490 5405 680 5465 Codex
709 5404 940 5474 Theod.,
966 5407 1170 5463 Natum
1198 5403 1260 5458 de
1282 5399 1524 5457 muliere.

330 5481 347 5547 (
357 5479 424 5534 70
490 5478 640 5534 Idem
667 5476 861 5546 codex,
893 5495 956 5534 ne
984 5476 1249 5534 Dominus
1277 5479 1430 5528 extra
1457 5488 1524 5525 na

330 5411 450 5621 (ΗΞ
492 5549 700 5621 Omnes
727 5547 886 5619 edit.,
921 5546 1257 5607 Conscientia
1286 5545 1423 5601 enim
1449 5559 1524 5602 rei

259 5617 440 5678 codex'
465 5617 716 5694 Lugd....
746 5617 892 5677 reum
929 5637 1105 5680 suum.

1947 3228 2115 3285 vestri
2132 3229 2160 3285 ?

2017 3327 2070 3384 5.
2097 3327 2228 3395 Quae
2257 3323 2445 3380 omnia
2473 3322 2591 3381 haec
2619 3321 2881 3398 quoniam
2911 3321 3190 3396 prophetae
3206 3322 3330 3378 usui
3361 3329 3536 3391 erant,

1948 3417 2186 3474 arbitror
2214 3415 2272 3471 in
2301 3413 2389 3470 his
2417 3413 2550 3487 ipsis
2595 3411 2942 3486 prophetiam
2975 3412 3163 3469 fuisse.
3193 3412 3329 3468 Nam
3347 3411 3540 3484 utique

1949 3523 2075 3564 cum
2105 3502 2448 3578 praenuntius
2469 3501 2673 3560 Christi
2688 3501 3080 3558 vestimentum
3111 3501 3347 3558 habebat
3362 3517 3538 3559 came-

1951 3597 2130 3652 lorum
2187 3593 2474 3667 asperitate
2502 3600 2848 3662 contextum,
2896 3592 3030 3667 quid
3058 3591 3213 3648 aliud
3241 3590 3540 3664 signiﬁcat,

1951 3686 2061 3743 nisi
2089 3685 2234 3760 quod
2265 3685 2379 3757 ipse
2404 3683 2654 3742 Christus
2671 3682 2971 3740 adveniens
2987 3699 3186 3740 usurus
3206 3691 3347 3740 esset
3379 3680 3539 3738 indu-

1953 3785 2140 3834 mento
2195 3773 2425 3832 humani
2481 3773 2746 3846 corporis,
2807 3772 2956 3846 quod
3033 3781 3148 3829 erat
3197 3781 3543 3845 peccatorum

1953 3866 2243 3939 asperitate
2271 3864 2596 3921 densatum:
2630 3871 2684 3920 et
2708 3863 2855 3936 quod
2899 3861 3052 3917 velut
3080 3859 3542 3918 immundissimae

1955 3955 2161 4024 bestias,
2212 3955 2317 4011 hoc
2361 3963 2442 4011 est
2475 3953 2696 4025 gentilis
2744 3951 2956 4026 populi,
2991 3950 3362 4010 circumdatus
3413 3966 3543 4008 exu-

1954 4047 2085 4113 viis,
2125 4044 2531 4101 deformitatem
2589 4042 2707 4115 ejus
2755 4043 2868 4114 ipse
2899 4041 3182 4113 gestaret?
3236 4041 3387 4098 Zona
3412 4057 3544 4098 vero

1956 4137 2184 4212 pellicea
2225 4135 2359 4209 quid
2387 4133 2538 4191 aliud
2591 4133 2950 4201 demonstrat,
2982 4131 3090 4188 nisi
3120 4131 3263 4189 hanc
3292 4131 3546 4205 fragilem

1957 4243 2176 4286 carnem
2215 4233 2478 4294 nostram,
2520 4241 2640 4297 quae
2688 4230 2812 4279 ante
2867 4222 3167 4279 adventum
3217 4220 3425 4281 Christi
3452 4221 3547 4278 do-

1959 4318 2273 4375 minabatur
2297 4316 2365 4373 ad
2385 4315 2542 4385 vitia,
2588 4321 2709 4390 post
2737 4312 3036 4371 adventum
3067 4311 3185 4385 ejus
3239 4313 3545 4371 restrictam

1959 4425 2072 4466 esse
2099 4407 2168 4465 ad
2201 4406 2488 4476 virtutem,
2521 4413 2583 4463 ut
2614 4421 2733 4480 quae
2762 4412 2888 4461 ante
2919 4402 3253 4462 luxuriando
3285 4401 3548 4459 dilataba-

1954 4503 2047 4556 tur
2074 4499 2131 4554 in
2162 4497 2570 4572 pinguedinem,
2612 4511 2760 4553 nunc
2788 4493 3116 4552 abstinendo
3175 4499 3551 4549 attenuaretur

1956 4590 2013 4645 in
2043 4588 2240 4662 pellem
2265 4587 2292 4644 ?

2026 4683 2078 4740 6.
2112 4683 2342 4740 Exitum
2371 4697 2502 4738 vero
2522 4679 2641 4752 ejus
2671 4694 2834 4752 quam
2863 4677 3086 4734 beatum
3117 4675 3373 4748 legimus,
3399 4674 3547 4732 scili-

1956 4777 2040 4831 c'et
2074 4773 2221 4847 quod
2274 4770 2499 4844 psaltria
2528 4768 2669 4840 regis
2723 4767 2838 4822 lilia
2893 4774 3016 4838 post
3068 4765 3222 4820 illam
3266 4764 3551 4822 mimicam

1957 4865 2297 4934 voluptatem
2332 4859 2446 4932 (73)
2475 4865 2639 4929 caput
2667 4855 2785 4928 ejus
2813 4853 3082 4928 petierit?
3111 4853 3256 4922 Quid
3286 4854 3488 4911 mirum
3505 4855 3553 4912 si

1959 4952 2184 5027 psaltria
2213 4948 2416 5006 occidit
2442 4946 2763 5020 prophetam
2797 4945 2994 5018 (Marc.
3027 4962 3105 5014 vr,
3138 4945 3280 5015 27)?
3335 4945 3552 5003 Scimus

1961 5041 2090 5130 quia
2108 5039 2330 5096 luxuria
2358 5052 2570 5111 semper
2589 5034 3174 5108 estinimicajustitim,
3205 5043 3259 5092 et
3289 5035 3552 5109 iniquitas

1963 5123 2080 5188 sine
2119 5128 2419 5187 cessatione
2447 5125 2792 5201 persequitur
2835 5125 3144 5184 veritatem.
3177 5125 3240 5183 In
3270 5141 3379 5199 quo
3409 5123 3554 5182 facto

1965 5219 2164 5294 grande
2210 5217 2536 5291 mysterium
2592 5216 2943 5284 continetur;
3008 5232 3133 5272 nam
3194 5215 3390 5288 utique
3437 5213 3556 5288 ipsa

2040 5401 2156 5528 (723
2186 5400 2309 5458 νει.
2350 5398 2719 5480 θᾶίῐηῃιαρον
2769 5415 2938 5481 causa
2993 5394 3347 5463 humilitatis;
3391 5395 3549 5452 Rom.

2050 5489 2114 5528 co
2160 5517 2171 5528 .
2204 5469 2400 5528 Lund..
2430 5487 2606 5528 major
2634 5472 2925 5526 humilitas.

1968 5480 2022 5528 et
2050 5469 2171 5528 cod.
2204 5469 2400 5540 Lugd.,
2430 5469 2606 5540 major
2634 5471 2925 5526 humilitas.

1972 5621 1990 5671 ι
2042 5545 2159 5616 (73)
2191 5537 2395 5603 ϐοῶν(
2421 5537 2622 5616 Lugd.,
2646 5549 2768 5616 post
2813 5543 2967 5599 illam
3000 5539 3266 5597 inimicam
3294 5537 3555 5610 volupta-

1991 5632 2090 5673 em.
