3864 6188
366 199 470 280 735

1450 203 1544 256 AD
1585 203 1816 257 OPEBA
1857 200 1911 257 S.
1952 199 2285 257 AMBROSII
2311 200 2688 256 APPENDIX.

3603 195 3707 255 736

361 322 894 397 psaltriaSynagoga
930 332 1011 380 est
1045 324 1434 398 comparanda,
1472 341 1595 397 qua
1654 324 1960 392 Christum,
1993 327 2044 385 Α
2071 323 2188 396 ejus
2231 323 2333 380 etsi
2375 323 2648 380 sincerum
2695 339 2895 397 corpus
2958 325 3048 394 sit,
3110 323 3315 382 anima
3367 339 3488 380 non
3543 331 3707 396 potes

361 411 494 469 dum
518 414 854 481 luxuriatur,
896 413 1120 471 occidit.
1166 414 1323 482 Quod
1354 423 1542 470 autem
1597 412 1700 468 ista
1730 414 1962 484 psaltria

362 503 649 576 Synagoga
676 504 770 571 sit,
800 503 937 558 dicit
980 504 1248 559 Dominus
1293 504 1360 558 ad
1409 502 1663 558 Judaos:
1709 527 1727 549 ι
1767 502 1960 560 Canta-

363 592 548 649 vimus
567 591 746 660 vobis,
777 601 831 648 et
862 607 970 646 non
1001 591 1238 646 saltastis
1263 592 1474 660 (Matth.
1507 608 1587 659 xx,
1623 592 1734 662 17).
1768 616 1786 639 ι

436 711 486 767 7.
519 711 632 769 Cur
682 718 862 765 autem
894 726 924 763 a
978 707 1204 764 Joannis
1234 723 1461 779 corpore
1504 715 1669 780 caput
1716 707 1956 763 ablatum

361 800 452 867 sit,
496 799 788 855 manifesta
842 815 926 852 res
974 805 1055 852 est
1135 796 1388 865 Joannes,
1461 796 1605 852 sicut
1661 796 1959 868 Scripturis

360 887 648 952 astruitur,
687 892 881 956 typum
923 884 1080 956 Legis
1112 884 1330 956 gerebat
1359 903 1370 940 :
1412 883 1479 940 de
1511 885 1746 940 Domino
1775 895 1956 941 autem

362 976 616 1048 legimus,
665 973 795 1046 quia
840 974 947 1028 viri
1004 982 1167 1045 caput
1198 973 1450 1030 Christus
1505 982 1586 1030 est
1617 974 1675 1045 (I
1705 976 1831 1031 Cor.
1875 992 1956 1044 XI,

359 1068 439 1139 3).
472 1068 618 1138 Ergo
637 1081 762 1122 cum
795 1065 1067 1120 aJoannis
1095 1082 1321 1138 corpore
1350 1073 1512 1138 caput
1541 1066 1661 1137 ejus
1689 1066 1955 1136 aufertur,

362 1157 617 1215 Christus
680 1153 1088 1228 quodammodo
1119 1171 1149 1208 a
1204 1154 1408 1210 Judais
1470 1155 1606 1227 legis
1651 1155 1958 1214 cultoribus

360 1254 660 1320 separatur.
723 1243 1003 1301 Remansit
1059 1242 1205 1298 enim
1244 1243 1357 1298 illis
1404 1243 1523 1298 sine
1555 1244 1836 1300 Salvatore
1868 1245 1958 1300 lex

361 1341 636 1401 exanimis
651 1349 703 1398 et
728 1349 998 1408 truncata;
1025 1358 1150 1397 nam
1182 1358 1251 1396 ex
1271 1356 1336 1397 eo
1352 1342 1542 1415 utique
1571 1342 1742 1399 Judaei
1764 1343 1957 1400 divina

360 1450 472 1491 non
502 1434 745 1506 sapiunt,
776 1448 844 1488 ex
875 1450 983 1506 quo
1005 1432 1122 1488 sine
1152 1433 1328 1506 capite
1359 1450 1473 1491 esse
1504 1443 1810 1508 coeperunt.

430 1543 484 1600 8.
518 1545 628 1600 lter
680 1542 850 1615 igitur
879 1540 1013 1598 facit
1065 1542 1322 1611 Domino,
1384 1543 1479 1616 qui
1534 1544 1677 1600 inter
1734 1552 1956 1602 caeteras

358 1632 715 1690 continentia
741 1629 974 1686 virtutes
1002 1631 1341 1687 matrimonii
1372 1633 1604 1690 limitem
1664 1651 1773 1690 non
1803 1651 1957 1692 exce-

359 1720 463 1790 dit,
522 1737 623 1777 nec
657 1719 900 1792 conjugii
954 1720 1338 1792 prascriptum
1394 1723 1696 1778 terminum
1748 1723 1956 1781 adulte-

360 1811 482 1867 rina
510 1809 868 1882 permistione
929 1812 1316 1868 commaculat.
1349 1811 1489 1868 Sunt
1522 1813 1669 1869 enim
1701 1814 1958 1870 nonnulli

359 1903 456 1976 qui
489 1919 616 1958 cum
667 1901 878 1974 legibus
908 1918 1107 1959 uxores
1137 1904 1422 1971 duxerint,
1463 1913 1656 1962 contra
1685 1907 1958 1964 Divinita-

358 1992 430 2048 tis
464 1992 634 2064 legem
664 1991 770 2048 sibi
792 1992 1004 2049 sociant
1034 1995 1395 2063 concubinas,
1447 2013 1556 2051 non
1588 1995 1959 2068 intelligentes

358 2080 507 2154 quod
535 2081 910 2138 contrahendo
942 2084 1316 2151 matrimonia,
1349 2083 1589 2156 propriis
1618 2101 1675 2141 se
1714 2086 1959 2143 vinculis

357 2173 854 2229 constrinxerunt:
905 2173 1001 2246 qui
1031 2174 1180 2229 enim
1242 2174 1451 2247 legibus
1487 2174 1650 2231 duxit
1700 2193 1954 2244 uxorem,

358 2261 647 2335 proﬁtetur
675 2279 731 2318 se
761 2271 952 2319 contra
975 2264 1147 2336 legem
1180 2281 1291 2320 non
1316 2280 1430 2320 esse
1459 2264 1756 2320 facturum.
1784 2267 1953 2322 Reum

357 2367 486 2424 ergo
517 2352 631 2425 ipse
663 2368 719 2408 se
747 2351 959 2420 statuit,
1013 2354 1108 2425 qui
1137 2352 1454 2408 adhibendo
1487 2353 1592 2410 sibi
1627 2353 1954 2422 adulteram,

348 2440 443 2513 jus
473 2441 890 2513 pollicitationis
918 2442 1155 2498 excedit.

427 2549 481 2605 9.
515 2548 620 2606 Sed
654 2547 791 2607 dicit
839 2547 1076 2621 aliquis:
1110 2548 1349 2606 Uxorem
1381 2566 1492 2606 non
1523 2550 1718 2622 habeo,
1748 2563 1802 2611 et
1831 2556 1956 2613 ideo

357 2637 496 2694 mihi
515 2639 520 2644 ’
541 2637 860 2695 ancillulam
911 2637 1138 2695 sociavi.
1169 2639 1315 2696 Audi
1347 2641 1480 2713 quid
1507 2641 1643 2698 dicit
1667 2644 1956 2717 Scriptura

353 2726 425 2784 ad
454 2727 750 2784 Abraham:
814 2727 1002 2799 «Ejice
1029 2729 1309 2797 ancillam,
1350 2738 1404 2786 et
1440 2729 1618 2786 ﬁlium
1655 2732 1803 2804 ejus;
1843 2753 1953 2791 non

354 2817 504 2871 enim
535 2816 708 2872 hares
735 2816 841 2871 erit
871 2815 1023 2871 ﬁlius
1051 2817 1266 2874 ancilla
1287 2835 1412 2873 cum
1443 2819 1561 2874 ﬁlio
1579 2821 1765 2878 libera
1793 2825 1949 2893 (Gen.

353 2920 476 2971 xxi,
513 2904 626 2973 10),
660 2903 776 2972 (32,
807 2919 860 2974 q.
892 2903 946 2968 4,
973 2920 1022 2958 c.
1059 2905 1210 2958 Dicat
1237 2906 1485 2978 aliquis).
1521 2931 1538 2954 ι
1575 2909 1629 2964 Si
1663 2911 1835 2983 igitur
1859 2929 1952 2969 an-

1999 1679 2046 1742 B

2072 433 2184 473 esse
2216 416 2448 472 sincera.
2997 480 3016 498 .

2147 508 2232 562 11.
2292 506 2396 562 Sed
2456 515 2510 563 et
2567 508 2660 564 ille
2705 506 2938 564 clericus
2999 503 3104 560 iter
3131 503 3374 560 Domino
3406 500 3572 570 facit,
3606 503 3700 574 qui

2071 597 2372 655 secundum
2430 597 2797 669 Evangelium
2828 595 2993 664 vivit,
3031 604 3088 652 et
3119 611 3213 668 per
3239 595 3434 652 omnia
3464 594 3699 651 obtem-

2071 695 2223 759 perat
2274 686 2590 753 sacerdoti;
2642 686 2910 759 aliquanti
2964 684 3111 740 enim
3166 701 3292 740 cum
3343 684 3460 740 sint
3506 684 3696 741 minus

2070 777 2301 845 subditi,
2337 777 2568 832 moleste
2600 776 2805 849 ferunt,
2823 791 2948 830 cum
2967 790 2998 828 a
3017 771 3331 829 senioribus
3353 779 3689 844 arguuntur.

2070 869 2284 926 Dicunt
2333 887 2344 925 :
2400 869 2675 925 Graviter
2737 866 2997 922 irascitur
3053 864 3365 937 episcopus,
3423 864 3698 937 patientia

2070 976 2186 1015 esse
2223 959 2475 1015 deberet.
2509 958 2652 1014 Audi
2709 974 2857 1029 ergo,
2890 955 3095 1028 optime
3124 955 3321 1011 clerice
3356 973 3368 1009 :
3411 953 3691 1010 Sacerdo-

2069 1050 2142 1106 tis
2188 1050 2363 1121 exigis
2400 1047 2746 1122 patientiam,
2777 1055 2832 1103 et
2879 1046 2960 1102 tui
3019 1060 3129 1100 non
3160 1043 3339 1116 exigis
3372 1043 3491 1114 (75)
3523 1043 3688 1101 disci-

2068 1138 2274 1212 plinam
2303 1139 2330 1194 ‘i
2380 1138 2566 1194 Nescis
2612 1137 2743 1211 quia
2797 1135 2933 1191 mihi
2985 1133 3178 1190 salutis
3223 1150 3390 1190 causa
3456 1151 3688 1208 arguere

2069 1228 2365 1302 aliquando
2419 1228 2746 1301 permissum
2795 1235 2898 1294 est,
2964 1224 3070 1280 tibi
3123 1240 3408 1297 nunquam
3460 1241 3685 1297 peccare

2067 1335 2387 1378 concessum
2435 1318 2572 1374 est?
2600 1317 2736 1375 dicit
2782 1317 2930 1373 enim
2989 1314 3289 1388 Apostolus
3325 1331 3338 1369 :
3405 1338 3423 1360 ι
3457 1315 3686 1387 Increpa

2069 1416 2393 1482 opportune,
2426 1408 2738 1481 importune
2774 1423 2938 1478 argue
2966 1405 3055 1478 (ΙΙ
3087 1406 3222 1462 Tim.
3260 1422 3335 1474 1v,
3372 1403 3457 1476 2).
3491 1428 3510 1451 ι
3551 1405 3682 1461 Esto

2067 1516 2194 1573 ergo
2254 1499 2311 1554 in
2369 1498 2627 1554 omnibus
2683 1497 2940 1554 subditus
2987 1494 3282 1564 sacerdoti,
3331 1494 3380 1551 si
3439 1493 3529 1550 vis
3555 1510 3676 1550 eum

2067 1605 2184 1645 esse
2226 1595 2596 1644 mansuetum.

2662 1675 2896 1734 SERMO
2935 1674 3075 1731 LIII.

2139 1769 2200 1823 In
2232 1768 2400 1824 natali
2432 1775 2745 1824 sanctorum
2768 1765 3140 1838 apostolorum
3163 1763 3312 1820 Petri
3333 1772 3390 1820 et
3420 1759 3602 1819 Pauli.

2068 1858 2204 1914 Huic
2266 1858 2496 1912 sermoni
2553 1858 2689 1912 nihil
2731 1857 2945 1911 omnino
3014 1857 3178 1911 inesse
3243 1855 3674 1928 deprehendimus

2137 1930 2478 1985 Ambrosiani
2533 1930 2658 2000 styli
2715 1945 2728 1993 ;
2773 1935 2821 1982 et
2875 1929 3117 1998 quamvis
3168 1929 3226 1982 in
3271 1927 3403 1982 mss.
3433 1927 3672 2000 quibus-

2139 2002 2260 2055 dam
2288 2002 2454 2056 sancti
2497 1997 2763 2056 Antistitis
2796 1997 3004 2054 nomine
3036 2000 3387 2066 inscribatur,
3421 1999 3477 2052 in
3517 1997 3669 2053 anti-

2137 2073 2408 2142 quioribus
2457 2081 2627 2127 tamen
2667 2072 2863 2127 nemini
2906 2072 3177 2126 tribuitur.
3230 2072 3416 2127 Posset
3442 2069 3584 2140 forte
3607 2086 3674 2124 an

2138 2145 2320 2199 veteris
2369 2145 2601 2200 auctoris
2648 2144 2767 2198 inde
2799 2143 3010 2214 putari,
3065 2143 3205 2214 quod
3250 2159 3556 2197 numerosa
3579 2159 3664 2213 pa-

2136 2233 2396 2286 ganorum
2433 2217 2792 2271 conversiones
2853 2215 3103 2269 dicantur
3148 2215 3322 2284 facta,
3378 2214 3492 2268 nisi
3546 2228 3669 2286 cam-

2136 2284 2342 2341 modius
2395 2289 2468 2343 ad
2514 2290 2874 2360 apostolorum
2915 2286 3353 2358 praedicationem
3403 2287 3486 2340 ha:
3513 2284 3670 2355 refer-

2139 2366 2344 2414 rentur.

2139 2460 2188 2514 1.
2225 2459 2472 2515 Natalem
2515 2459 2961 2516 beatissimorum
3011 2459 3396 2531 apostolorum
3450 2455 3598 2511 Petri
3625 2460 3674 2509 et

2063 2546 2219 2603 Pauli
2245 2547 2412 2604 hodie
2446 2548 2804 2616 celebrantes,
2837 2549 3034 2604 fratres
3071 2546 3411 2612 charissimi,
3446 2544 3674 2601 diversis

2063 2637 2240 2709 epulis
2270 2654 2368 2692 nos
2399 2637 2618 2693 reﬁcere
2651 2638 2932 2706 debemus,
2983 2646 3037 2694 et
3062 2646 3278 2695 tantam
3316 2636 3670 2692 festivitatem

2064 2749 2261 2806 magna
2292 2751 2420 2789 cum
2461 2734 2653 2790 latitia
2679 2735 2972 2792 celebrare.
3022 2734 3159 2801 Quis
3185 2733 3335 2790 enim
3366 2732 3570 2788 talium
3597 2729 3671 2785 vi-

2066 2841 2251 2880 rorum
2301 2827 2706 2882 solemnitatem
2739 2843 2850 2882 non
2899 2843 3098 2898 magna
3129 2843 3257 2882 cum
3290 2825 3489 2881 latitia
3515 2822 3672 2878 debet

2063 2915 2337 2972 celebrare
2368 2916 2484 2988 (76)
2512 2918 2539 2972 ‘i
2569 2916 2704 2982 Quis
2723 2917 2871 2972 enim
2902 2917 3097 2973 talium
3129 2916 3380 2972 virorum
3411 2911 3668 2971 solemni-

355 2990 500 3048 cilla
530 2989 701 3097 ﬁlius‘
738 2989 912 3097 hares
941 3006 1051 3046 non
1082 2999 1182 3090 est.
1203 3009 1356 3092 .ergo
1387 3012 1488 3097 nec
1527 2998 1676 3056 ﬁlius
1707 3010 1805 3057 est.
1840 3005 1952 3062 Cur
1981 3036 2025 3097 Ο
2060 3011 2170 3061 tate
2198 3021 2311 3061 non
2361 3021 2589 3076 magnos
2617 3004 2723 3060 sibi
2773 3005 3034 3062 exhibeat
3076 3014 3410 3078 apparatus;
3458 3012 3520 3060 ut
3564 3016 3668 3075 quo

353 3096 481 3152 ergo
511 3079 776 3152 quaritur
835 3080 943 3136 tale
994 3081 1337 3155 conjugium,
1399 3085 1466 3142 de
1500 3104 1608 3160 quo
1663 3101 1948 3164 susceptus

353 3168 503 3226 ﬁlius
545 3184 648 3226 nec
689 3171 1051 3229 successionis
1090 3173 1261 3246 possit
1299 3174 1474 3232 hares
1521 3194 1638 3235 esse
1670 3196 1773 3238 nec
1801 3188 1948 3247 463

351 3269 635 3342 sanguinis
656 3271 684 3326 ?
703 3272 814 3329 Nec
839 3273 987 3328 enim
1019 3271 1222 3329 habere
1243 3283 1421 3346 potest
1441 3275 1781 3336 hareditatis
1818 3298 1948 3339 con-

349 3357 604 3428 sortium,
637 3358 734 3432 qui
764 3376 876 3416 non
923 3359 1088 3416 habet
1117 3361 1346 3434 originis
1401 3365 1778 3439 privilegium.
1814 3370 1946 3441 Cur,

350 3443 599 3519 inquam,
644 3448 912 3519 quaritur
965 3451 1075 3505 tale
1105 3454 1553 3524 contubernium,
1587 3458 1654 3514 de
1686 3475 1794 3531 quo
1833 3461 1945 3516 nati

349 3534 451 3589 ﬁlii
480 3551 590 3590 non
632 3536 997 3604 matrimonii,
1028 3539 1123 3593 sed
1169 3547 1332 3597 testes
1361 3544 1473 3599 sint
1492 3545 1801 3606 adulterii?
1837 3549 1948 3607 Cur

350 3621 672 3692 hujusmodi
694 3623 1075 3695 suscipiuntur
1090 3627 1410 3698 adulterini,
1445 3635 1539 3704 qui
1571 3639 1712 3706 patri
1747 3640 1943 3708 pudori

349 3710 480 3780 sint,
514 3727 623 3767 non
667 3711 914 3768 honori?
945 3713 1093 3771 Dicit
1120 3716 1443 3789 Scriptura:
1514 3722 1942 3787 «Adulterorum

346 3799 445 3856 alii
473 3817 583 3856 non
644 3801 849 3858 initiati
881 3812 1064 3871 erunt,
1104 3807 1250 3863 etab
1309 3807 1503 3882 iniquo
1544 3811 1709 3869 thoro
1755 3832 1943 3875 semen

346 3893 809 3951 exterminabitur
832 3896 985 3968 (Sap.
1023 3914 1106 3965 ur,
1150 3898 1265 3969 16).
1300 3925 1318 3948 ι
1361 3900 1563 3958 Mulier
1586 3903 1754 3976 igitur
1782 3915 1875 3963 tua
1897 3909 1945 3965 si

347 3980 550 4038 talibus
568 3983 816 4052 moribus
834 3984 1063 4058 pradita
1079 3993 1181 4054 est,
1199 3995 1260 4043 ut
1280 3998 1555 4048 mereatur
1576 3996 1938 4067 consortium,

348 4079 622 4126 mereatur
648 4081 702 4127 et
761 4090 960 4130 nomen
991 4077 1213 4133 uxoris:
1248 4085 1443 4151 prasta
1475 4083 1803 4141 concubina
1835 4095 1942 4143 tua

347 4159 742 4248 libertatemet
763 4178 960 4218 nomen
979 4167 1202 4234 uxoris;
1227 4184 1295 4224 ne
1326 4176 1388 4226 tu
1416 4170 1636 4228 adulter
1664 4174 1738 4231 sis
1758 4178 1944 4248 potius

345 4262 509 4319 quam
540 4247 792 4304 maritus.

2058 3096 2182 3167 plus
2209 3093 2548 3166 expenderit,
2583 3095 2706 3165 plus
2737 3112 2793 3152 se
2821 3096 3096 3168 apostolos
3127 3095 3421 3150 conﬁrmet
3451 3092 3658 3148 amare?

2130 3187 2181 3242 2.
2226 3187 2616 3244 Verumtamen
2648 3203 2756 3242 non
2792 3203 2930 3259 opus
2957 3195 3039 3243 est
3069 3186 3294 3259 proprio
3337 3192 3566 3257 sumptu
3592 3181 3654 3238 ad

2057 3278 2412 3336 refectionem
2446 3287 2689 3334 nostram
2716 3295 2728 3332 :
2759 3295 2884 3334 nam
2907 3279 3075 3334 natali
3104 3295 3202 3334 suo
3218 3283 3446 3332 sanctus
3474 3275 3654 3330 Petrus

2057 3370 2172 3442 ipse
2203 3387 2304 3427 nos
2353 3370 2574 3439 reﬁcit;
2607 3379 2689 3426 est
2715 3369 2864 3425 enim
2902 3369 3162 3425 omnibus
3189 3366 3367 3439 copiis
3396 3365 3652 3422 refertum

2058 3481 2154 3520 vas
2183 3463 2324 3536 ejus,
2371 3464 2520 3538 quod
2568 3464 2650 3519 illi
2687 3463 2753 3519 de
2787 3463 2926 3519 calo
2973 3460 3237 3518 esurienti
3281 3458 3528 3516 delatum
3558 3465 3649 3514 est.

2056 3553 2229 3626 Igitur
2271 3553 2366 3627 qui
2406 3554 2599 3622 esurit,
2643 3553 2788 3610 sicut
2834 3553 3048 3620 Petrus,
3093 3549 3341 3606 reﬁcitur
3388 3549 3507 3621 ipse
3533 3563 3650 3604 cum

2055 3644 2234 3700 Petro.
2286 3645 2357 3700 Ut
2401 3642 2535 3716 quid
2583 3659 2710 3714 ergo
2748 3658 3118 3715 praeparemus
3161 3639 3324 3696 nobis
3371 3638 3648 3711 proprium

2054 3734 2368 3807 prandium,
2411 3751 2534 3790 cum
2567 3733 2870 3806 apostolico
2919 3732 3129 3790 ferculo
3156 3729 3476 3803 saginemur
3506 3729 3534 3785 ?
3561 3743 3652 3784 cur

2054 3825 2213 3883 nobis
2275 3827 2620 3900 inquiramus
2665 3831 2910 3881 terrenas
2951 3824 3161 3895 epulas,
3223 3837 3353 3878 cum
3412 3819 3651 3877 calestes

2052 3915 2238 3987 copias
2312 3916 2613 3973 habeamus
2642 3914 2670 3972 ‘I
2716 3914 2865 3972 Dicit
2909 3912 3058 3970 enim
3105 3918 3326 3969 sanctus
3373 3909 3553 3968 Lucas
3599 3907 3652 3963 in

2052 4004 2286 4061 Actibus
2314 4007 2686 4079 apostolorum
2719 4011 2843 4076 post
2867 4002 3170 4060 orationem
3200 3999 3472 4057 esurienti
3501 4000 3650 4055 Petro

2051 4096 2197 4152 circa
2225 4096 2416 4153 horam
2447 4105 2657 4153 sextam
2685 4103 2873 4168 aperto
2898 4095 3036 4153 calo
3055 4111 3151 4151 vas
3179 4092 3461 4168 quoddam
3483 4091 3652 4164 splen-

2051 4182 2243 4240 didum
2296 4187 2452 4242 velut
2492 4186 2726 4242 linteum
2760 4186 2928 4242 fuisse
2969 4184 3234 4249 delatum,
3277 4180 3337 4238 in
3365 4197 3478 4254 quo
3505 4188 3651 4236 erant

2051 4273 2238 4328 omnia
2289 4274 2668 4347 quadrupedia
2707 4282 2761 4330 et
2809 4272 3056 4346 repentia
3109 4281 3290 4339 terra,
3323 4280 3378 4326 et
3407 4268 3650 4325 volatilia

419 4355 504 4452 ii).
528 4355 633 4452 Sed
659 4363 716 4452 et
746 4357 840 4412 ille
871 4357 977 4452 iter
993 4359 1136 4452 facit
1163 4364 1399 4420 Domino
1429 4367 1787 4441 christianus,
1843 4377 1938 4447 qui
1971 4393 2020 4452 ι)
2057 4361 2180 4421 0091i
2208 4381 2221 4429 ;
2261 4373 2314 4419 et
2341 4363 2548 4420 diKiSSe
2576 4363 2873 4420 Dominum
2903 4362 3124 4452 δάξιιω
3151 4379 3231 4452 1_‘
3259 4361 3441 4428 Pen?»
3473 4375 3645 4431 δυτεθε

344 4447 702 4519 professionis
734 4465 843 4504 sua
873 4449 1102 4508 exhibet
1122 4454 1171 4509 ei
1201 4455 1362 4514 ﬁdele
1403 4461 1714 4529 servitium,
1749 4470 1802 4519 et
1831 4481 1945 4524 cas-

345 4538 556 4594 titatem
588 4555 751 4610 quam
808 4541 1084 4611 promisit,
1119 4545 1363 4601 custodit
1392 4554 1502 4603 tam
1549 4559 1754 4621 mente,
1777 4569 1942 4626 quam

343 4645 590 4702 corpore.
623 4629 762 4686 Sunt
789 4631 935 4686 enim
970 4632 1215 4706 plerique
1261 4636 1356 4708 qui
1386 4637 1718 4710 singularem
1771 4644 1941 4701 vitam

343 4726 728 4789 proponentes,
763 4719 966 4793 singuli
989 4737 1104 4777 esse
1134 4740 1244 4779 non
1276 4733 1524 4796 possunt,
1563 4727 1657 4783 sed
1688 4737 1942 4801 quarunt

343 4807 446 4862 sibi
473 4809 855 4878 contubernia,
914 4821 1076 4885 atque
1106 4812 1316 4868 utinam
1364 4814 1628 4873 fratrum.
1664 4819 1939 4877 Invenisti

342 4897 716 4956 Christianum
753 4902 868 4974 (74)
919 4904 1272 4974 monachum,
1328 4907 1416 4964 cui
1447 4925 1571 4965 cum
1603 4910 1772 4969 fratre
1827 4929 1938 4969 non

340 4991 621 5057 convenit,
655 4998 710 5046 et
740 4989 1004 5048 libentius
1033 4993 1083 5049 ei
1123 4997 1384 5052 convenit
1413 5015 1540 5054 cum
1572 5017 1804 5058 sorore:
1836 5003 1936 5074 qui

341 5095 451 5135 non
479 5083 731 5154 sequitur
759 5085 1026 5140 seniorem
1063 5087 1223 5142 utilia
1266 5100 1731 5161 commonentem,
1763 5102 1817 5149 et
1849 5111 1932 5149 se-

340 5171 528 5243 quitur
587 5173 1051 5231 adolescentulam
1109 5177 1410 5249 incongrua
1467 5182 1933 5251 cachinnantem;

559 5343 733 5419 Iiugd.
765 5346 911 5419 cod.,
939 5347 1138 5419 juveni
1162 5348 1322 5402 etiam
1355 5349 1726 5419 christianum,
1755 5360 1859 5408 etc.

412 5412 749 5494 (75).C.odex
807 5412 1004 5489 Lugd.,
1061 5419 1377 5473 sacerdotem
1423 5419 1590 5489 exigis
1642 5412 1784 5493 pa't.,
1813 5428 1861 5476 et
1891 5427 1936 5476 te

341 5497 444 5534 non
470 5493 768 5553 exigis,etc.

358 5574 361 5577 ·
413 5552 529 5623 (76)
561 5552 690 5623 Quis
741 5558 968 5615 enim...
1001 5560 1146 5615 debet
1185 5560 1465 5629 celebrare,
1500 5563 1558 5620 in
1589 5564 1792 5621 nostris
1819 5579 1932 5620 om-

2057 4452 2303 4520 immola,
2330 4460 2384 4507 et
2407 4453 2677 4509 manduca
2703 4453 2845 4524 (Act.
2882 4468 2940 4519 x,
2973 4450 3039 4506 13
3065 4449 3222 4522 seq.).
3261 4474 3280 4496 ι

2124 4541 2176 4597 3.
2217 4542 2357 4597 Ecce
2387 4543 2600 4609 Petrus,
2635 4541 2730 4614 qui
2761 4540 2899 4597 dicit
2927 4539 3060 4595 alii:
3094 4562 3112 4585 ι
3142 4540 3356 4594 Aurum
3388 4548 3445 4595 et
3469 4552 3643 4610 argen-

2052 4641 2167 4688 tum
2200 4648 2311 4686 non
2344 4630 2585 4685 estmihi
2617 4632 2761 4699 (Act.
2794 4647 2877 4698 III,
2901 4630 2958 4701 6)
2985 4647 2998 4696 ;
3034 4655 3052 4676 ι
3080 4645 3229 4685 nunc
3255 4629 3506 4685 convivii
3537 4626 3645 4698 ejus

2053 4721 2334 4776 \asculum
2385 4719 2729 4792 splendidius
2771 4727 2855 4775 est
2893 4727 3158 4791 argento:
3191 4726 3254 4774 ut
3296 4719 3392 4792 qui
3434 4725 3644 4790 propter

2051 4811 2330 4868 Christum
2355 4810 2566 4883 argenti
2598 4810 2835 4883 speciem
2874 4811 3162 4866 refutasset
3191 4810 3335 4881 (77),
3368 4826 3467 4880 per
3495 4805 3642 4866 Chri-

2048 4908 2193 4957 stum
2223 4902 2434 4972 argenti
2463 4900 2642 4956 nitore
2669 4900 2954 4956 ditaretur.
2991 4901 3262 4956 Pransuro
3291 4899 3464 4972 igitur
3493 4899 3642 4954 Petro

2047 4991 2247 5046 desunt
2277 5007 2578 5062 coquorum
2611 4996 2922 5061 apparatus,
2955 4987 3152 5044 desunt
3183 4987 3450 5060 obsequia
3478 4988 3641 5043 famu-

2048 5081 2227 5135 lorum
2262 5096 2273 5133 :
2307 5079 2400 5135 sed
2433 5079 2579 5152 quod
2610 5087 2692 5135 est
2721 5079 2940 5146 melius,
2975 5078 3285 5134 ministeria
3312 5077 3509 5132 divina
3537 5091 3639 5132 non

2046 5175 2264 5246 desunt,
2298 5185 2350 5232 et
2382 5176 2596 5234 utiliori
2626 5176 3058 5233 commutatione
3087 5184 3278 5232 sancto
3318 5175 3463 5243 viro,
3502 5171 3634 5247 quod

2044 5346 2208 5403 nibus
2238 5363 2367 5402 mss.
2401 5346 2618 5402 desunt.

2118 5419 2234 5489 (77)
2293 5417 2427 5476 Cod.
2478 5417 2646 5474 Vind.
2697 5433 2760 5474 ac
2787 5412 2976 5484 Mich,
3017 5415 3225 5486 argenti
3269 5414 3458 5487 stipem
3500 5413 3632 5486 refu-

2044 5495 2216 5545 lasset.
