  <div class='ocr_page' id='page_1' title='image "/cluster/home/n/w/nwhite01/storage/ocr_20150623/17/uva.x000826553/376.png"; bbox 0 0 3864 6188; ppageno 0'>
   <div class='ocr_carea' id='block_1_1' title="bbox 174 275 290 333">
    <p class='ocr_par' dir='ltr' id='par_1_1' title="bbox 174 275 290 333">
     <span class='ocr_line' id='line_1_1' title="bbox 174 275 290 333; baseline 0.017 -2"><span class='ocrx_word' id='word_1_1' title='bbox 174 275 290 333; x_wconf 86' lang='grc'><strong>737</strong></span> 
     </span>
    </p>
   </div>
   <div class='ocr_carea' id='block_1_2' title="bbox 1005 272 2648 334">
    <p class='ocr_par' dir='ltr' id='par_1_2' title="bbox 1005 272 2648 334">
     <span class='ocr_line' id='line_1_2' title="bbox 1005 272 2648 334; baseline -0.003 -1"><span class='ocrx_word' id='word_1_2' title='bbox 1005 275 1374 334; x_wconf 81' lang='lat' dir='ltr'><strong>SERMONES</strong></span> <span class='ocrx_word' id='word_1_3' title='bbox 1412 275 1466 331; x_wconf 89' lang='lat' dir='ltr'><strong>S.</strong></span> <span class='ocrx_word' id='word_1_4' title='bbox 1508 273 1862 331; x_wconf 83' lang='lat' dir='ltr'><strong>AMBROSIO</strong></span> <span class='ocrx_word' id='word_1_5' title='bbox 1902 272 2270 330; x_wconf 82' lang='lat' dir='ltr'><strong>HACTENUS</strong></span> <span class='ocrx_word' id='word_1_6' title='bbox 2311 272 2648 331; x_wconf 78' lang='lat' dir='ltr'><strong>ASClllPTI.</strong></span> 
     </span>
    </p>
   </div>
   <div class='ocr_carea' id='block_1_3' title="bbox 3397 275 3501 332">
    <p class='ocr_par' dir='ltr' id='par_1_3' title="bbox 3397 275 3501 332">
     <span class='ocr_line' id='line_1_3' title="bbox 3397 275 3501 332; baseline 0.019 -2"><span class='ocrx_word' id='word_1_7' title='bbox 3397 275 3501 332; x_wconf 87' lang='lat'><strong>738</strong></span> 
     </span>
    </p>
   </div>
   <div class='ocr_carea' id='block_1_4' title="bbox 170 400 3501 472">
    <p class='ocr_par' dir='ltr' id='par_1_4' title="bbox 170 400 3501 472">
     <span class='ocr_line' id='line_1_4' title="bbox 170 400 3501 472; baseline 0 -14"><span class='ocrx_word' id='word_1_8' title='bbox 170 401 342 458; x_wconf 88' lang='lat' dir='ltr'><strong>deest</strong></span> <span class='ocrx_word' id='word_1_9' title='bbox 390 409 450 458; x_wconf 82' lang='lat' dir='ltr'><strong>in</strong></span> <span class='ocrx_word' id='word_1_10' title='bbox 505 403 689 472; x_wconf 90' lang='lat' dir='ltr'><strong>terris,</strong></span> <span class='ocrx_word' id='word_1_11' title='bbox 741 402 985 460; x_wconf 79' lang='lat' dir='ltr'><strong>abundat</strong></span> <span class='ocrx_word' id='word_1_12' title='bbox 1033 403 1090 458; x_wconf 91' lang='lat' dir='ltr'><strong>in</strong></span> <span class='ocrx_word' id='word_1_13' title='bbox 1131 405 1324 470; x_wconf 77' lang='lat' dir='ltr'><strong>caelis;</strong></span> <span class='ocrx_word' id='word_1_14' title='bbox 1376 412 1436 459; x_wconf 90' lang='lat' dir='ltr'><strong>ut</strong></span> <span class='ocrx_word' id='word_1_15' title='bbox 1478 421 1534 459; x_wconf 93' lang='lat' dir='ltr'><strong>se</strong></span> <span class='ocrx_word' id='word_1_16' title='bbox 1578 402 1788 459; x_wconf 81' lang='lat' dir='ltr'><strong>reficiat</strong></span> <span class='ocrx_word' id='word_1_17' title='bbox 1820 404 1872 463; x_wconf 83' lang='lat' dir='ltr'><strong>A</strong></span> <span class='ocrx_word' id='word_1_18' title='bbox 1899 408 2180 456; x_wconf 91' lang='lat' dir='ltr'><strong>mortuum</strong></span> <span class='ocrx_word' id='word_1_19' title='bbox 2237 401 2472 468; x_wconf 89' lang='lat' dir='ltr'><strong>socians,</strong></span> <span class='ocrx_word' id='word_1_20' title='bbox 2526 401 2743 458; x_wconf 90' lang='lat' dir='ltr'><strong>lucrum</strong></span> <span class='ocrx_word' id='word_1_21' title='bbox 2790 400 2960 457; x_wconf 82' lang='lat' dir='ltr'><strong>efﬁcit</strong></span> <span class='ocrx_word' id='word_1_22' title='bbox 2999 401 3310 467; x_wconf 90' lang='lat' dir='ltr'><strong>morientis,</strong></span> <span class='ocrx_word' id='word_1_23' title='bbox 3355 402 3501 459; x_wconf 97' lang='lat' dir='ltr'><strong>sicut</strong></span> 
     </span>
    </p>
   </div>
   <div class='ocr_carea' id='block_1_5' title="bbox 171 489 1792 560">
    <p class='ocr_par' dir='ltr' id='par_1_5' title="bbox 171 489 1792 560">
     <span class='ocr_line' id='line_1_5' title="bbox 171 489 1792 560; baseline -0.001 -12"><span class='ocrx_word' id='word_1_24' title='bbox 171 489 336 548; x_wconf 89' lang='lat' dir='ltr'><strong>enim</strong></span> <span class='ocrx_word' id='word_1_25' title='bbox 368 490 588 560; x_wconf 83' lang='lat' dir='ltr'><strong>Petrus,</strong></span> <span class='ocrx_word' id='word_1_26' title='bbox 635 507 746 546; x_wconf 90' lang='lat' dir='ltr'><strong>non</strong></span> <span class='ocrx_word' id='word_1_27' title='bbox 777 491 1062 548; x_wconf 86' lang='lat' dir='ltr'><strong>cellarium</strong></span> <span class='ocrx_word' id='word_1_28' title='bbox 1107 491 1346 548; x_wconf 84' lang='lat' dir='ltr'><strong>sollicite</strong></span> <span class='ocrx_word' id='word_1_29' title='bbox 1375 498 1668 556; x_wconf 77' lang='lat' dir='ltr'><strong>reseratur,</strong></span> <span class='ocrx_word' id='word_1_30' title='bbox 1700 490 1792 546; x_wconf 91' lang='lat' dir='ltr'><strong>sed</strong></span> 
     </span>
    </p>
   </div>
   <div class='ocr_carea' id='block_1_6' title="bbox 169 577 1792 652">
    <p class='ocr_par' dir='ltr' id='par_1_6' title="bbox 169 577 1792 652">
     <span class='ocr_line' id='line_1_6' title="bbox 169 577 1792 652; baseline -0.002 -17"><span class='ocrx_word' id='word_1_31' title='bbox 169 578 391 635; x_wconf 72' lang='lat' dir='ltr'><strong>cmlum</strong></span> <span class='ocrx_word' id='word_1_32' title='bbox 418 577 601 650; x_wconf 90' lang='lat' dir='ltr'><strong>ipsum</strong></span> <span class='ocrx_word' id='word_1_33' title='bbox 647 580 902 652; x_wconf 86' lang='lat' dir='ltr'><strong>protinus</strong></span> <span class='ocrx_word' id='word_1_34' title='bbox 945 581 1209 652; x_wconf 88' lang='lat' dir='ltr'><strong>aperitur.</strong></span> <span class='ocrx_word' id='word_1_35' title='bbox 1239 580 1496 652; x_wconf 82' lang='lat' dir='ltr'><strong>Legimus</strong></span> <span class='ocrx_word' id='word_1_36' title='bbox 1526 579 1583 633; x_wconf 93' lang='lat' dir='ltr'><strong>in</strong></span> <span class='ocrx_word' id='word_1_37' title='bbox 1615 579 1792 650; x_wconf 91' lang='lat' dir='ltr'><strong>Scrip-</strong></span> 
     </span>
    </p>
   </div>
   <div class='ocr_carea' id='block_1_7' title="bbox 171 668 1795 742">
    <p class='ocr_par' dir='ltr' id='par_1_7' title="bbox 171 668 1795 742">
     <span class='ocr_line' id='line_1_7' title="bbox 171 668 1795 742; baseline 0.002 -18"><span class='ocrx_word' id='word_1_38' title='bbox 171 669 334 726; x_wconf 86' lang='lat' dir='ltr'><strong>turis</strong></span> <span class='ocrx_word' id='word_1_39' title='bbox 365 668 482 742; x_wconf 90' lang='grc'><strong>(78)</strong></span> <span class='ocrx_word' id='word_1_40' title='bbox 514 677 766 726; x_wconf 91' lang='lat' dir='ltr'><strong>sanctum</strong></span> <span class='ocrx_word' id='word_1_41' title='bbox 804 672 985 728; x_wconf 90' lang='lat' dir='ltr'><strong>Eliam</strong></span> <span class='ocrx_word' id='word_1_42' title='bbox 1038 672 1098 727; x_wconf 91' lang='lat' dir='ltr'><strong>in</strong></span> <span class='ocrx_word' id='word_1_43' title='bbox 1149 672 1365 728; x_wconf 89' lang='lat' dir='ltr'><strong>deserto</strong></span> <span class='ocrx_word' id='word_1_44' title='bbox 1394 671 1576 727; x_wconf 83' lang='lat' dir='ltr'><strong>corvis</strong></span> <span class='ocrx_word' id='word_1_45' title='bbox 1605 671 1795 727; x_wconf 88' lang='lat' dir='ltr'><strong>minis-</strong></span> 
     </span>
    </p>
   </div>
   <div class='ocr_carea' id='block_1_8' title="bbox 171 760 1798 838">
    <p class='ocr_par' dir='ltr' id='par_1_8' title="bbox 171 760 1798 838">
     <span class='ocr_line' id='line_1_8' title="bbox 171 760 1798 838; baseline 0.002 -22"><span class='ocrx_word' id='word_1_46' title='bbox 171 760 471 817; x_wconf 87' lang='lat' dir='ltr'><strong>trantibus</strong></span> <span class='ocrx_word' id='word_1_47' title='bbox 497 768 711 832; x_wconf 85' lang='lat' dir='ltr'><strong>pastum</strong></span> <span class='ocrx_word' id='word_1_48' title='bbox 747 763 867 835; x_wconf 90' lang='lat' dir='ltr'><em>(III</em></span> <span class='ocrx_word' id='word_1_49' title='bbox 893 764 1017 834; x_wconf 85' lang='lat' dir='ltr'><strong>Reg.</strong></span> <span class='ocrx_word' id='word_1_50' title='bbox 1052 780 1198 828; x_wconf 82' lang='lat' dir='ltr'><strong>xvn,</strong></span> <span class='ocrx_word' id='word_1_51' title='bbox 1229 764 1325 835; x_wconf 89' lang='lat'><strong>6);</strong></span> <span class='ocrx_word' id='word_1_52' title='bbox 1361 773 1566 838; x_wconf 90' lang='lat' dir='ltr'><strong>quanto</strong></span> <span class='ocrx_word' id='word_1_53' title='bbox 1599 765 1798 820; x_wconf 89' lang='lat' dir='ltr'><strong>melius</strong></span> 
     </span>
    </p>
   </div>
   <div class='ocr_carea' id='block_1_9' title="bbox 172 849 1794 927">
    <p class='ocr_par' dir='ltr' id='par_1_9' title="bbox 172 849 1794 927">
     <span class='ocr_line' id='line_1_9' title="bbox 172 849 1794 927; baseline 0.003 -22"><span class='ocrx_word' id='word_1_54' title='bbox 172 851 406 918; x_wconf 83' lang='lat' dir='ltr'><strong>Petrus,</strong></span> <span class='ocrx_word' id='word_1_55' title='bbox 439 849 530 906; x_wconf 91' lang='lat' dir='ltr'><strong>cui</strong></span> <span class='ocrx_word' id='word_1_56' title='bbox 560 867 671 906; x_wconf 92' lang='lat' dir='ltr'><strong>non</strong></span> <span class='ocrx_word' id='word_1_57' title='bbox 720 867 942 922; x_wconf 87' lang='lat' dir='ltr'><strong>parvam</strong></span> <span class='ocrx_word' id='word_1_58' title='bbox 989 869 1164 908; x_wconf 90' lang='lat' dir='ltr'><strong>escam</strong></span> <span class='ocrx_word' id='word_1_59' title='bbox 1215 860 1355 908; x_wconf 83' lang='lat' dir='ltr'><strong>tetra</strong></span> <span class='ocrx_word' id='word_1_60' title='bbox 1392 854 1512 909; x_wconf 90' lang='lat' dir='ltr'><strong>avis</strong></span> <span class='ocrx_word' id='word_1_61' title='bbox 1539 855 1794 927; x_wconf 83' lang='lat' dir='ltr'><strong>porrigit,</strong></span> 
     </span>
    </p>
   </div>
   <div class='ocr_carea' id='block_1_10' title="bbox 174 941 1794 1017">
    <p class='ocr_par' dir='ltr' id='par_1_10' title="bbox 174 941 1794 1017">
     <span class='ocr_line' id='line_1_10' title="bbox 174 941 1794 1017; baseline 0.002 -21"><span class='ocrx_word' id='word_1_62' title='bbox 174 941 285 998; x_wconf 84' lang='lat' dir='ltr'><strong>sed</strong></span> <span class='ocrx_word' id='word_1_63' title='bbox 315 941 589 1013; x_wconf 88' lang='lat' dir='ltr'><strong>integrum</strong></span> <span class='ocrx_word' id='word_1_64' title='bbox 611 941 931 998; x_wconf 87' lang='lat' dir='ltr'><strong>convivium</strong></span> <span class='ocrx_word' id='word_1_65' title='bbox 975 943 1275 999; x_wconf 88' lang='lat' dir='ltr'><strong>multitudo</strong></span> <span class='ocrx_word' id='word_1_66' title='bbox 1305 945 1555 1017; x_wconf 91' lang='lat' dir='ltr'><strong>angelica</strong></span> <span class='ocrx_word' id='word_1_67' title='bbox 1582 943 1794 1000; x_wconf 90' lang='lat' dir='ltr'><strong>submi-</strong></span> 
     </span>
    </p>
   </div>
   <div class='ocr_carea' id='block_1_11' title="bbox 178 1031 430 1087">
    <p class='ocr_par' dir='ltr' id='par_1_11' title="bbox 178 1031 430 1087">
     <span class='ocr_line' id='line_1_11' title="bbox 178 1031 430 1087; baseline -0.008 -1"><span class='ocrx_word' id='word_1_68' title='bbox 178 1031 392 1087; x_wconf 87' lang='lat' dir='ltr'><strong>nistrat</strong></span> <span class='ocrx_word' id='word_1_69' title='bbox 420 1031 430 1084; x_wconf 94' lang='lat' dir='ltr'><strong>l</strong></span> 
     </span>
    </p>
   </div>
   <div class='ocr_carea' id='block_1_12' title="bbox 271 1125 1792 1205">
    <p class='ocr_par' dir='ltr' id='par_1_12' title="bbox 271 1125 1792 1205">
     <span class='ocr_line' id='line_1_12' title="bbox 271 1125 1792 1205; baseline 0.003 -22"><span class='ocrx_word' id='word_1_70' title='bbox 271 1125 424 1183; x_wconf 81' lang='lat'><strong>464</strong></span> <span class='ocrx_word' id='word_1_71' title='bbox 463 1127 516 1184; x_wconf 78' lang='grc'><strong>4.</strong></span> <span class='ocrx_word' id='word_1_72' title='bbox 548 1128 678 1184; x_wconf 91' lang='lat' dir='ltr'><strong>Post</strong></span> <span class='ocrx_word' id='word_1_73' title='bbox 705 1128 1009 1185; x_wconf 89' lang='lat' dir='ltr'><strong>orationem</strong></span> <span class='ocrx_word' id='word_1_74' title='bbox 1040 1145 1168 1204; x_wconf 89' lang='lat' dir='ltr'><strong>ergo</strong></span> <span class='ocrx_word' id='word_1_75' title='bbox 1198 1132 1371 1189; x_wconf 86' lang='lat' dir='ltr'><strong>esurit</strong></span> <span class='ocrx_word' id='word_1_76' title='bbox 1400 1133 1594 1189; x_wconf 86' lang='lat' dir='ltr'><strong>Petrus</strong></span> <span class='ocrx_word' id='word_1_77' title='bbox 1651 1132 1792 1205; x_wconf 86' lang='lat' dir='ltr'><strong>(Act.</strong></span> 
     </span>
    </p>
   </div>
   <div class='ocr_carea' id='block_1_13' title="bbox 179 1223 1798 1299">
    <p class='ocr_par' dir='ltr' id='par_1_13' title="bbox 179 1223 1798 1299">
     <span class='ocr_line' id='line_1_13' title="bbox 179 1223 1798 1299; baseline 0.001 -18"><span class='ocrx_word' id='word_1_78' title='bbox 179 1241 247 1294; x_wconf 71' lang='grc' dir='ltr'><strong>ι,</strong></span> <span class='ocrx_word' id='word_1_79' title='bbox 287 1223 402 1295; x_wconf 85' lang='grc'><strong>10).</strong></span> <span class='ocrx_word' id='word_1_80' title='bbox 434 1223 747 1281; x_wconf 87' lang='lat' dir='ltr'><strong>Mirandum</strong></span> <span class='ocrx_word' id='word_1_81' title='bbox 793 1241 895 1281; x_wconf 94' lang='lat' dir='ltr'><strong>cur</strong></span> <span class='ocrx_word' id='word_1_82' title='bbox 936 1235 1188 1282; x_wconf 90' lang='lat' dir='ltr'><strong>sanctum</strong></span> <span class='ocrx_word' id='word_1_83' title='bbox 1221 1227 1408 1283; x_wconf 90' lang='lat' dir='ltr'><strong>virum</strong></span> <span class='ocrx_word' id='word_1_84' title='bbox 1439 1235 1564 1299; x_wconf 92' lang='lat' dir='ltr'><strong>post</strong></span> <span class='ocrx_word' id='word_1_85' title='bbox 1594 1226 1798 1283; x_wconf 89' lang='lat' dir='ltr'><strong>oratio-</strong></span> 
     </span>
    </p>
   </div>
   <div class='ocr_carea' id='block_1_14' title="bbox 183 1312 1797 1387">
    <p class='ocr_par' dir='ltr' id='par_1_14' title="bbox 183 1312 1797 1387">
     <span class='ocr_line' id='line_1_14' title="bbox 183 1312 1797 1387; baseline 0.002 -17"><span class='ocrx_word' id='word_1_86' title='bbox 183 1330 325 1370; x_wconf 87' lang='lat' dir='ltr'><strong>nem</strong></span> <span class='ocrx_word' id='word_1_87' title='bbox 358 1312 529 1369; x_wconf 87' lang='lat' dir='ltr'><strong>fames</strong></span> <span class='ocrx_word' id='word_1_88' title='bbox 555 1321 835 1387; x_wconf 86' lang='lat' dir='ltr'><strong>sequatur,</strong></span> <span class='ocrx_word' id='word_1_89' title='bbox 867 1330 993 1370; x_wconf 91' lang='lat' dir='ltr'><strong>cum</strong></span> <span class='ocrx_word' id='word_1_90' title='bbox 1027 1316 1197 1372; x_wconf 87' lang='lat' dir='ltr'><strong>soleat</strong></span> <span class='ocrx_word' id='word_1_91' title='bbox 1227 1317 1402 1374; x_wconf 89' lang='lat' dir='ltr'><strong>fames</strong></span> <span class='ocrx_word' id='word_1_92' title='bbox 1431 1318 1681 1374; x_wconf 91' lang='lat' dir='ltr'><strong>oratione</strong></span> <span class='ocrx_word' id='word_1_93' title='bbox 1707 1318 1797 1375; x_wconf 84' lang='lat' dir='ltr'><strong>de-</strong></span> 
     </span>
    </p>
   </div>
   <div class='ocr_carea' id='block_1_15' title="bbox 192 1403 1797 1477">
    <p class='ocr_par' dir='ltr' id='par_1_15' title="bbox 192 1403 1797 1477">
     <span class='ocr_line' id='line_1_15' title="bbox 192 1403 1797 1477; baseline 0.002 -17"><span class='ocrx_word' id='word_1_94' title='bbox 192 1405 355 1477; x_wconf 87' lang='lat' dir='ltr'><strong>pelli,</strong></span> <span class='ocrx_word' id='word_1_95' title='bbox 381 1412 434 1461; x_wconf 88' lang='lat' dir='ltr'><strong>et</strong></span> <span class='ocrx_word' id='word_1_96' title='bbox 463 1403 709 1461; x_wconf 88' lang='lat' dir='ltr'><strong>esuriens</strong></span> <span class='ocrx_word' id='word_1_97' title='bbox 729 1405 913 1460; x_wconf 90' lang='lat' dir='ltr'><strong>anima</strong></span> <span class='ocrx_word' id='word_1_98' title='bbox 942 1422 1053 1461; x_wconf 92' lang='lat' dir='ltr'><strong>non</strong></span> <span class='ocrx_word' id='word_1_99' title='bbox 1079 1405 1186 1462; x_wconf 88' lang='lat' dir='ltr'><strong>nisi</strong></span> <span class='ocrx_word' id='word_1_100' title='bbox 1217 1406 1691 1464; x_wconf 62' lang='lat' dir='ltr'><strong>obsecrationibus</strong></span> <span class='ocrx_word' id='word_1_101' title='bbox 1717 1424 1797 1464; x_wconf 89' lang='lat' dir='ltr'><strong>sa-</strong></span> 
     </span>
    </p>
   </div>
   <div class='ocr_carea' id='block_1_16' title="bbox 193 1499 1796 1573">
    <p class='ocr_par' dir='ltr' id='par_1_16' title="bbox 193 1499 1796 1573">
     <span class='ocr_line' id='line_1_16' title="bbox 193 1499 1796 1573; baseline 0.001 -18"><span class='ocrx_word' id='word_1_102' title='bbox 193 1500 401 1573; x_wconf 84' lang='lat' dir='ltr'><strong>ginari.</strong></span> <span class='ocrx_word' id='word_1_103' title='bbox 425 1499 531 1556; x_wconf 90' lang='lat' dir='ltr'><strong>Sed</strong></span> <span class='ocrx_word' id='word_1_104' title='bbox 564 1509 697 1572; x_wconf 89' lang='lat' dir='ltr'><strong>puto</strong></span> <span class='ocrx_word' id='word_1_105' title='bbox 727 1501 948 1557; x_wconf 89' lang='lat' dir='ltr'><strong>Petrum</strong></span> <span class='ocrx_word' id='word_1_106' title='bbox 979 1508 1102 1573; x_wconf 92' lang='lat' dir='ltr'><strong>post</strong></span> <span class='ocrx_word' id='word_1_107' title='bbox 1130 1501 1436 1558; x_wconf 90' lang='lat' dir='ltr'><strong>orationem</strong></span> <span class='ocrx_word' id='word_1_108' title='bbox 1468 1517 1580 1557; x_wconf 90' lang='lat' dir='ltr'><strong>non</strong></span> <span class='ocrx_word' id='word_1_109' title='bbox 1610 1502 1796 1559; x_wconf 90' lang='lat' dir='ltr'><strong>cibum</strong></span> 
     </span>
    </p>
   </div>
   <div class='ocr_carea' id='block_1_17' title="bbox 189 1590 1797 1661">
    <p class='ocr_par' dir='ltr' id='par_1_17' title="bbox 189 1590 1797 1661">
     <span class='ocr_line' id='line_1_17' title="bbox 189 1590 1797 1661; baseline 0.001 -14"><span class='ocrx_word' id='word_1_110' title='bbox 189 1592 436 1648; x_wconf 90' lang='lat' dir='ltr'><strong>esurisse</strong></span> <span class='ocrx_word' id='word_1_111' title='bbox 479 1590 793 1661; x_wconf 88' lang='lat' dir='ltr'><strong>hominum,</strong></span> <span class='ocrx_word' id='word_1_112' title='bbox 834 1593 930 1650; x_wconf 91' lang='lat' dir='ltr'><strong>sed</strong></span> <span class='ocrx_word' id='word_1_113' title='bbox 957 1594 1225 1660; x_wconf 86' lang='lat' dir='ltr'><strong>salutem;</strong></span> <span class='ocrx_word' id='word_1_114' title='bbox 1273 1609 1376 1649; x_wconf 91' lang='lat' dir='ltr'><strong>nec</strong></span> <span class='ocrx_word' id='word_1_115' title='bbox 1419 1593 1605 1649; x_wconf 88' lang='lat' dir='ltr'><strong>inedia</strong></span> <span class='ocrx_word' id='word_1_116' title='bbox 1635 1609 1797 1649; x_wconf 86' lang='lat' dir='ltr'><strong>vexa-</strong></span> 
     </span>
    </p>
   </div>
   <div class='ocr_carea' id='block_1_18' title="bbox 189 1680 1794 1754">
    <p class='ocr_par' dir='ltr' id='par_1_18' title="bbox 189 1680 1794 1754">
     <span class='ocr_line' id='line_1_18' title="bbox 189 1680 1794 1754; baseline 0.001 -15"><span class='ocrx_word' id='word_1_117' title='bbox 189 1691 315 1739; x_wconf 90' lang='lat' dir='ltr'><strong>tum</strong></span> <span class='ocrx_word' id='word_1_118' title='bbox 348 1697 466 1739; x_wconf 89' lang='lat' dir='ltr'><strong>esse</strong></span> <span class='ocrx_word' id='word_1_119' title='bbox 489 1681 756 1754; x_wconf 87' lang='lat' dir='ltr'><strong>corporis,</strong></span> <span class='ocrx_word' id='word_1_120' title='bbox 789 1683 883 1740; x_wconf 89' lang='lat' dir='ltr'><strong>sed</strong></span> <span class='ocrx_word' id='word_1_121' title='bbox 912 1680 1100 1754; x_wconf 89' lang='lat' dir='ltr'><strong>inopia</strong></span> <span class='ocrx_word' id='word_1_122' title='bbox 1127 1682 1469 1739; x_wconf 88' lang='lat' dir='ltr'><strong>credentium</strong></span> <span class='ocrx_word' id='word_1_123' title='bbox 1499 1683 1794 1740; x_wconf 87' lang='lat' dir='ltr'><strong>laborasse.</strong></span> 
     </span>
    </p>
   </div>
   <div class='ocr_carea' id='block_1_19' title="bbox 193 1771 1868 1847">
    <p class='ocr_par' dir='ltr' id='par_1_19' title="bbox 193 1771 1868 1847">
     <span class='ocr_line' id='line_1_19' title="bbox 193 1771 1868 1847; baseline -0.001 -13"><span class='ocrx_word' id='word_1_124' title='bbox 193 1775 339 1835; x_wconf 91' lang='lat' dir='ltr'><strong>Cum</strong></span> <span class='ocrx_word' id='word_1_125' title='bbox 387 1774 536 1831; x_wconf 90' lang='lat' dir='ltr'><strong>enim</strong></span> <span class='ocrx_word' id='word_1_126' title='bbox 572 1773 833 1830; x_wconf 76' lang='lat' dir='ltr'><strong>Iudaicus</strong></span> <span class='ocrx_word' id='word_1_127' title='bbox 880 1775 1116 1846; x_wconf 91' lang='lat' dir='ltr'><strong>populus</strong></span> <span class='ocrx_word' id='word_1_128' title='bbox 1145 1775 1388 1847; x_wconf 79' lang='lat' dir='ltr'><strong>perfidus</strong></span> <span class='ocrx_word' id='word_1_129' title='bbox 1436 1785 1489 1832; x_wconf 91' lang='lat' dir='ltr'><strong>et</strong></span> <span class='ocrx_word' id='word_1_130' title='bbox 1522 1776 1793 1847; x_wconf 89' lang='lat' dir='ltr'><strong>ingratus,</strong></span> <span class='ocrx_word' id='word_1_131' title='bbox 1823 1771 1868 1832; x_wconf 90' lang='grc' dir='ltr'><strong>Β</strong></span> 
     </span>
    </p>
   </div>
   <div class='ocr_carea' id='block_1_20' title="bbox 192 1867 1802 1944">
    <p class='ocr_par' dir='ltr' id='par_1_20' title="bbox 192 1867 1802 1944">
     <span class='ocr_line' id='line_1_20' title="bbox 192 1867 1802 1944; baseline 0.001 -18"><span class='ocrx_word' id='word_1_132' title='bbox 192 1871 298 1928; x_wconf 93' lang='lat' dir='ltr'><strong>illo</strong></span> <span class='ocrx_word' id='word_1_133' title='bbox 325 1868 678 1943; x_wconf 66' lang='lat' dir='ltr'><strong>praedicante,</strong></span> <span class='ocrx_word' id='word_1_134' title='bbox 727 1867 948 1926; x_wconf 90' lang='lat' dir='ltr'><strong>Christo</strong></span> <span class='ocrx_word' id='word_1_135' title='bbox 976 1883 1089 1924; x_wconf 92' lang='lat' dir='ltr'><strong>non</strong></span> <span class='ocrx_word' id='word_1_136' title='bbox 1121 1868 1388 1938; x_wconf 87' lang='lat' dir='ltr'><strong>crederet,</strong></span> <span class='ocrx_word' id='word_1_137' title='bbox 1422 1870 1623 1926; x_wconf 87' lang='lat' dir='ltr'><strong>famem</strong></span> <span class='ocrx_word' id='word_1_138' title='bbox 1670 1887 1802 1944; x_wconf 84' lang='lat' dir='ltr'><strong>quo-</strong></span> 
     </span>
    </p>
   </div>
   <div class='ocr_carea' id='block_1_21' title="bbox 191 1963 1800 2034">
    <p class='ocr_par' dir='ltr' id='par_1_21' title="bbox 191 1963 1800 2034">
     <span class='ocr_line' id='line_1_21' title="bbox 191 1963 1800 2034; baseline 0.003 -16"><span class='ocrx_word' id='word_1_139' title='bbox 191 1963 494 2020; x_wconf 88' lang='lat' dir='ltr'><strong>dammodo</strong></span> <span class='ocrx_word' id='word_1_140' title='bbox 518 1964 713 2021; x_wconf 89' lang='lat' dir='ltr'><strong>Petrus</strong></span> <span class='ocrx_word' id='word_1_141' title='bbox 738 1963 825 2020; x_wconf 88' lang='lat' dir='ltr'><strong>sui</strong></span> <span class='ocrx_word' id='word_1_142' title='bbox 855 1963 1022 2021; x_wconf 84' lang='lat' dir='ltr'><strong>oﬂicii</strong></span> <span class='ocrx_word' id='word_1_143' title='bbox 1048 1964 1387 2034; x_wconf 88' lang='lat' dir='ltr'><strong>sustinebat;</strong></span> <span class='ocrx_word' id='word_1_144' title='bbox 1422 1965 1622 2023; x_wconf 85' lang='lat' dir='ltr'><strong>famem</strong></span> <span class='ocrx_word' id='word_1_145' title='bbox 1653 1967 1800 2023; x_wconf 90' lang='lat' dir='ltr'><strong>enim</strong></span> 
     </span>
    </p>
   </div>
   <div class='ocr_carea' id='block_1_22' title="bbox 192 2049 1803 2127">
    <p class='ocr_par' dir='ltr' id='par_1_22' title="bbox 192 2049 1803 2127">
     <span class='ocr_line' id='line_1_22' title="bbox 192 2049 1803 2127; baseline 0.003 -21"><span class='ocrx_word' id='word_1_146' title='bbox 192 2051 427 2124; x_wconf 91' lang='lat' dir='ltr'><strong>patitur,</strong></span> <span class='ocrx_word' id='word_1_147' title='bbox 460 2052 557 2124; x_wconf 87' lang='lat' dir='ltr'><strong>qui</strong></span> <span class='ocrx_word' id='word_1_148' title='bbox 591 2049 822 2107; x_wconf 88' lang='lat' dir='ltr'><strong>minime</strong></span> <span class='ocrx_word' id='word_1_149' title='bbox 876 2051 1120 2108; x_wconf 86' lang='lat' dir='ltr'><strong>fructum</strong></span> <span class='ocrx_word' id='word_1_150' title='bbox 1178 2053 1265 2109; x_wconf 90' lang='lat' dir='ltr'><strong>sui</strong></span> <span class='ocrx_word' id='word_1_151' title='bbox 1313 2054 1803 2127; x_wconf 78' lang='lat' dir='ltr'><strong>laborisassequi-</strong></span> 
     </span>
    </p>
   </div>
   <div class='ocr_carea' id='block_1_23' title="bbox 187 2146 313 2196">
    <p class='ocr_par' dir='ltr' id='par_1_23' title="bbox 187 2146 313 2196">
     <span class='ocr_line' id='line_1_23' title="bbox 187 2146 313 2196; baseline 0.008 -1"><span class='ocrx_word' id='word_1_152' title='bbox 187 2146 313 2196; x_wconf 89' lang='lat' dir='ltr'><strong>tur.</strong></span> 
     </span>
    </p>
   </div>
   <div class='ocr_carea' id='block_1_24' title="bbox 267 2236 1803 2310">
    <p class='ocr_par' dir='ltr' id='par_1_24' title="bbox 267 2236 1803 2310">
     <span class='ocr_line' id='line_1_24' title="bbox 267 2236 1803 2310; baseline 0.002 -16"><span class='ocrx_word' id='word_1_153' title='bbox 267 2238 324 2294; x_wconf 75' lang='grc' dir='ltr'><strong>ὅ.</strong></span> <span class='ocrx_word' id='word_1_154' title='bbox 385 2237 448 2293; x_wconf 93' lang='lat' dir='ltr'><strong>In</strong></span> <span class='ocrx_word' id='word_1_155' title='bbox 508 2239 854 2294; x_wconf 80' lang='lat' dir='ltr'><strong>caenaculum</strong></span> <span class='ocrx_word' id='word_1_156' title='bbox 904 2236 1074 2310; x_wconf 80' lang='lat' dir='ltr'><strong>igitur</strong></span> <span class='ocrx_word' id='word_1_157' title='bbox 1125 2237 1194 2294; x_wconf 86' lang='lat' dir='ltr'><strong>ad</strong></span> <span class='ocrx_word' id='word_1_158' title='bbox 1227 2239 1530 2296; x_wconf 87' lang='lat' dir='ltr'><strong>orationem</strong></span> <span class='ocrx_word' id='word_1_159' title='bbox 1570 2239 1803 2297; x_wconf 85' lang='lat' dir='ltr'><strong>festinus</strong></span> 
     </span>
    </p>
   </div>
   <div class='ocr_carea' id='block_1_25' title="bbox 192 2323 1806 2397">
    <p class='ocr_par' dir='ltr' id='par_1_25' title="bbox 192 2323 1806 2397">
     <span class='ocr_line' id='line_1_25' title="bbox 192 2323 1806 2397; baseline 0.002 -16"><span class='ocrx_word' id='word_1_160' title='bbox 192 2323 447 2381; x_wconf 88' lang='lat' dir='ltr'><strong>ascendit</strong></span> <span class='ocrx_word' id='word_1_161' title='bbox 477 2325 641 2396; x_wconf 89' lang='lat' dir='ltr'><strong>(Ibid.</strong></span> <span class='ocrx_word' id='word_1_162' title='bbox 675 2325 754 2397; x_wconf 91' lang='lat'><strong>9).</strong></span> <span class='ocrx_word' id='word_1_163' title='bbox 793 2326 941 2382; x_wconf 89' lang='lat' dir='ltr'><strong>Bene</strong></span> <span class='ocrx_word' id='word_1_164' title='bbox 983 2326 1061 2382; x_wconf 89' lang='lat' dir='ltr'><strong>ait</strong></span> <span class='ocrx_word' id='word_1_165' title='bbox 1096 2326 1154 2382; x_wconf 92' lang='lat' dir='ltr'><strong>in</strong></span> <span class='ocrx_word' id='word_1_166' title='bbox 1183 2329 1530 2384; x_wconf 79' lang='lat' dir='ltr'><strong>ccenaculum</strong></span> <span class='ocrx_word' id='word_1_167' title='bbox 1572 2328 1638 2384; x_wconf 90' lang='lat' dir='ltr'><strong>ad</strong></span> <span class='ocrx_word' id='word_1_168' title='bbox 1670 2345 1806 2384; x_wconf 92' lang='lat' dir='ltr'><strong>ora-</strong></span> 
     </span>
    </p>
   </div>
   <div class='ocr_carea' id='block_1_26' title="bbox 195 2413 1804 2490">
    <p class='ocr_par' dir='ltr' id='par_1_26' title="bbox 195 2413 1804 2490">
     <span class='ocr_line' id='line_1_26' title="bbox 195 2413 1804 2490; baseline 0.002 -20"><span class='ocrx_word' id='word_1_169' title='bbox 195 2414 409 2470; x_wconf 89' lang='lat' dir='ltr'><strong>tionem</strong></span> <span class='ocrx_word' id='word_1_170' title='bbox 488 2413 797 2471; x_wconf 89' lang='lat' dir='ltr'><strong>ascendisse</strong></span> <span class='ocrx_word' id='word_1_171' title='bbox 848 2415 1118 2484; x_wconf 91' lang='lat' dir='ltr'><strong>Petrum;</strong></span> <span class='ocrx_word' id='word_1_172' title='bbox 1169 2417 1300 2490; x_wconf 90' lang='lat' dir='ltr'><strong>quia</strong></span> <span class='ocrx_word' id='word_1_173' title='bbox 1345 2417 1526 2474; x_wconf 88' lang='lat' dir='ltr'><strong>omnis</strong></span> <span class='ocrx_word' id='word_1_174' title='bbox 1585 2427 1804 2474; x_wconf 81' lang='lat' dir='ltr'><strong>sanctus</strong></span> 
     </span>
    </p>
   </div>
   <div class='ocr_carea' id='block_1_27' title="bbox 197 2501 1803 2576">
    <p class='ocr_par' dir='ltr' id='par_1_27' title="bbox 197 2501 1803 2576">
     <span class='ocr_line' id='line_1_27' title="bbox 197 2501 1803 2576; baseline 0.003 -19"><span class='ocrx_word' id='word_1_175' title='bbox 197 2501 422 2576; x_wconf 87' lang='lat' dir='ltr'><strong>quando</strong></span> <span class='ocrx_word' id='word_1_176' title='bbox 452 2510 592 2570; x_wconf 91' lang='lat' dir='ltr'><strong>orat,</strong></span> <span class='ocrx_word' id='word_1_177' title='bbox 644 2503 962 2576; x_wconf 90' lang='lat' dir='ltr'><strong>relinquens</strong></span> <span class='ocrx_word' id='word_1_178' title='bbox 1019 2505 1275 2575; x_wconf 89' lang='lat' dir='ltr'><strong>humilia,</strong></span> <span class='ocrx_word' id='word_1_179' title='bbox 1308 2507 1396 2563; x_wconf 88' lang='lat' dir='ltr'><strong>vel</strong></span> <span class='ocrx_word' id='word_1_180' title='bbox 1426 2515 1689 2575; x_wconf 88' lang='lat' dir='ltr'><strong>-terrena,</strong></span> <span class='ocrx_word' id='word_1_181' title='bbox 1745 2507 1803 2562; x_wconf 91' lang='lat' dir='ltr'><strong>in</strong></span> 
     </span>
    </p>
   </div>
   <div class='ocr_carea' id='block_1_28' title="bbox 198 2589 1803 2665">
    <p class='ocr_par' dir='ltr' id='par_1_28' title="bbox 198 2589 1803 2665">
     <span class='ocr_line' id='line_1_28' title="bbox 198 2589 1803 2665; baseline 0.002 -19"><span class='ocrx_word' id='word_1_182' title='bbox 198 2591 376 2646; x_wconf 89' lang='lat' dir='ltr'><strong>altum</strong></span> <span class='ocrx_word' id='word_1_183' title='bbox 414 2589 616 2646; x_wconf 90' lang='lat' dir='ltr'><strong>mentis</strong></span> <span class='ocrx_word' id='word_1_184' title='bbox 672 2592 982 2660; x_wconf 86' lang='lat' dir='ltr'><strong>extollitur,</strong></span> <span class='ocrx_word' id='word_1_185' title='bbox 1043 2600 1096 2648; x_wconf 90' lang='lat' dir='ltr'><strong>et</strong></span> <span class='ocrx_word' id='word_1_186' title='bbox 1137 2594 1196 2648; x_wconf 90' lang='lat' dir='ltr'><strong>in</strong></span> <span class='ocrx_word' id='word_1_187' title='bbox 1240 2593 1477 2650; x_wconf 89' lang='lat' dir='ltr'><strong>sublime</strong></span> <span class='ocrx_word' id='word_1_188' title='bbox 1508 2611 1803 2665; x_wconf 87' lang='lat' dir='ltr'><strong>suspensus</strong></span> 
     </span>
    </p>
   </div>
   <div class='ocr_carea' id='block_1_29' title="bbox 199 2678 1801 2751">
    <p class='ocr_par' dir='ltr' id='par_1_29' title="bbox 199 2678 1801 2751">
     <span class='ocr_line' id='line_1_29' title="bbox 199 2678 1801 2751; baseline 0.004 -18"><span class='ocrx_word' id='word_1_189' title='bbox 199 2678 435 2751; x_wconf 89' lang='lat' dir='ltr'><strong>rapitur,</strong></span> <span class='ocrx_word' id='word_1_190' title='bbox 467 2686 520 2735; x_wconf 90' lang='lat' dir='ltr'><strong>et</strong></span> <span class='ocrx_word' id='word_1_191' title='bbox 549 2679 881 2751; x_wconf 86' lang='lat' dir='ltr'><strong>cogitatione</strong></span> <span class='ocrx_word' id='word_1_192' title='bbox 912 2689 1099 2738; x_wconf 88' lang='lat' dir='ltr'><strong>sancta</strong></span> <span class='ocrx_word' id='word_1_193' title='bbox 1127 2683 1266 2739; x_wconf 75' lang='lat' dir='ltr'><strong>cmlo</strong></span> <span class='ocrx_word' id='word_1_194' title='bbox 1300 2683 1518 2740; x_wconf 92' lang='lat' dir='ltr'><strong>vicinus</strong></span> <span class='ocrx_word' id='word_1_195' title='bbox 1547 2683 1801 2740; x_wconf 86' lang='lat' dir='ltr'><strong>eﬂicitur.</strong></span> 
     </span>
    </p>
   </div>
   <div class='ocr_carea' id='block_1_30' title="bbox 203 2767 1806 2847">
    <p class='ocr_par' dir='ltr' id='par_1_30' title="bbox 203 2767 1806 2847">
     <span class='ocr_line' id='line_1_30' title="bbox 203 2767 1806 2847; baseline 0.003 -22"><span class='ocrx_word' id='word_1_196' title='bbox 203 2772 387 2841; x_wconf 84' lang='lat' dir='ltr'><strong>Atque</strong></span> <span class='ocrx_word' id='word_1_197' title='bbox 430 2767 508 2824; x_wconf 88' lang='lat' dir='ltr'><strong>ibi</strong></span> <span class='ocrx_word' id='word_1_198' title='bbox 539 2771 803 2826; x_wconf 89' lang='lat' dir='ltr'><strong>esurienti</strong></span> <span class='ocrx_word' id='word_1_199' title='bbox 835 2770 942 2839; x_wconf 92' lang='lat' dir='ltr'><strong>illi,</strong></span> <span class='ocrx_word' id='word_1_200' title='bbox 976 2771 1080 2828; x_wconf 92' lang='lat' dir='ltr'><strong>hoc</strong></span> <span class='ocrx_word' id='word_1_201' title='bbox 1109 2781 1210 2842; x_wconf 90' lang='lat' dir='ltr'><strong>est,</strong></span> <span class='ocrx_word' id='word_1_202' title='bbox 1237 2774 1502 2847; x_wconf 83' lang='lat' dir='ltr'><strong>cogitanti</strong></span> <span class='ocrx_word' id='word_1_203' title='bbox 1533 2775 1590 2829; x_wconf 90' lang='lat' dir='ltr'><strong>in</strong></span> <span class='ocrx_word' id='word_1_204' title='bbox 1622 2774 1806 2830; x_wconf 90' lang='lat' dir='ltr'><strong>cordis</strong></span> 
     </span>
    </p>
   </div>
   <div class='ocr_carea' id='block_1_31' title="bbox 199 2860 1803 2936">
    <p class='ocr_par' dir='ltr' id='par_1_31' title="bbox 199 2860 1803 2936">
     <span class='ocr_line' id='line_1_31' title="bbox 199 2860 1803 2936; baseline -0.001 -18"><span class='ocrx_word' id='word_1_205' title='bbox 199 2861 290 2918; x_wconf 90' lang='lat' dir='ltr'><strong>sui</strong></span> <span class='ocrx_word' id='word_1_206' title='bbox 325 2860 639 2916; x_wconf 89' lang='lat' dir='ltr'><strong>sublimiori</strong></span> <span class='ocrx_word' id='word_1_207' title='bbox 664 2862 785 2918; x_wconf 93' lang='lat' dir='ltr'><strong>loco</strong></span> <span class='ocrx_word' id='word_1_208' title='bbox 813 2879 914 2934; x_wconf 91' lang='lat' dir='ltr'><strong>pro</strong></span> <span class='ocrx_word' id='word_1_209' title='bbox 943 2864 1117 2919; x_wconf 91' lang='lat' dir='ltr'><strong>salute</strong></span> <span class='ocrx_word' id='word_1_210' title='bbox 1162 2864 1374 2920; x_wconf 86' lang='lat' dir='ltr'><strong>Judaici</strong></span> <span class='ocrx_word' id='word_1_211' title='bbox 1406 2863 1614 2936; x_wconf 88' lang='lat' dir='ltr'><strong>populi,</strong></span> <span class='ocrx_word' id='word_1_212' title='bbox 1649 2863 1803 2918; x_wconf 73' lang='lat' dir='ltr'><strong>offer-</strong></span> 
     </span>
    </p>
   </div>
   <div class='ocr_carea' id='block_1_32' title="bbox 198 2951 1802 3025">
    <p class='ocr_par' dir='ltr' id='par_1_32' title="bbox 198 2951 1802 3025">
     <span class='ocr_line' id='line_1_32' title="bbox 198 2951 1802 3025; baseline -0.003 -13"><span class='ocrx_word' id='word_1_213' title='bbox 198 2964 298 3012; x_wconf 91' lang='lat' dir='ltr'><strong>tur</strong></span> <span class='ocrx_word' id='word_1_214' title='bbox 347 2970 446 3009; x_wconf 92' lang='lat' dir='ltr'><strong>vas</strong></span> <span class='ocrx_word' id='word_1_215' title='bbox 493 2951 838 3008; x_wconf 87' lang='lat' dir='ltr'><strong>diversorum</strong></span> <span class='ocrx_word' id='word_1_216' title='bbox 886 2968 1143 3024; x_wconf 86' lang='lat' dir='ltr'><strong>generum</strong></span> <span class='ocrx_word' id='word_1_217' title='bbox 1181 2953 1514 3010; x_wconf 79' lang='lat' dir='ltr'><strong>animalibus</strong></span> <span class='ocrx_word' id='word_1_218' title='bbox 1557 2955 1802 3025; x_wconf 88' lang='lat' dir='ltr'><strong>plenum,</strong></span> 
     </span>
    </p>
   </div>
   <div class='ocr_carea' id='block_1_33' title="bbox 207 3041 1805 3100">
    <p class='ocr_par' dir='ltr' id='par_1_33' title="bbox 207 3041 1805 3100">
     <span class='ocr_line' id='line_1_33' title="bbox 207 3041 1805 3100; baseline -0.001 0"><span class='ocrx_word' id='word_1_219' title='bbox 207 3043 364 3100; x_wconf 90' lang='lat' dir='ltr'><strong>velut</strong></span> <span class='ocrx_word' id='word_1_220' title='bbox 405 3042 702 3098; x_wconf 90' lang='lat' dir='ltr'><strong>divinitate</strong></span> <span class='ocrx_word' id='word_1_221' title='bbox 750 3041 969 3098; x_wconf 88' lang='lat' dir='ltr'><strong>dicente</strong></span> <span class='ocrx_word' id='word_1_222' title='bbox 1028 3042 1149 3098; x_wconf 91' lang='lat' dir='ltr'><strong>illi:</strong></span> <span class='ocrx_word' id='word_1_223' title='bbox 1186 3043 1268 3099; x_wconf 91' lang='lat' dir='ltr'><strong>Tu</strong></span> <span class='ocrx_word' id='word_1_224' title='bbox 1299 3043 1356 3098; x_wconf 93' lang='lat' dir='ltr'><strong>in</strong></span> <span class='ocrx_word' id='word_1_225' title='bbox 1403 3042 1621 3099; x_wconf 76' lang='lat' dir='ltr'><strong>Iudaeos</strong></span> <span class='ocrx_word' id='word_1_226' title='bbox 1659 3042 1805 3098; x_wconf 89' lang='lat' dir='ltr'><strong>solos</strong></span> 
     </span>
    </p>
   </div>
   <div class='ocr_carea' id='block_1_34' title="bbox 1901 488 3499 560">
    <p class='ocr_par' dir='ltr' id='par_1_34' title="bbox 1901 488 3499 560">
     <span class='ocr_line' id='line_1_34' title="bbox 1901 488 3499 560; baseline 0.002 -16"><span class='ocrx_word' id='word_1_227' title='bbox 1901 489 1979 546; x_wconf 89' lang='lat' dir='ltr'><strong>ait</strong></span> <span class='ocrx_word' id='word_1_228' title='bbox 2007 490 2198 545; x_wconf 89' lang='lat' dir='ltr'><strong>beatus</strong></span> <span class='ocrx_word' id='word_1_229' title='bbox 2225 489 2525 560; x_wconf 89' lang='lat' dir='ltr'><strong>Apostolus</strong></span> <span class='ocrx_word' id='word_1_230' title='bbox 2557 505 2569 544; x_wconf 75' lang='grc' dir='ltr'>ε</span> <span class='ocrx_word' id='word_1_231' title='bbox 2619 513 2636 534; x_wconf 78' lang='grc' dir='ltr'>ι</span> <span class='ocrx_word' id='word_1_232' title='bbox 2669 488 2806 544; x_wconf 91' lang='lat' dir='ltr'><strong>Mihi</strong></span> <span class='ocrx_word' id='word_1_233' title='bbox 2842 489 2988 544; x_wconf 90' lang='lat' dir='ltr'><strong>enim</strong></span> <span class='ocrx_word' id='word_1_234' title='bbox 3019 489 3209 544; x_wconf 89' lang='lat' dir='ltr'><strong>vivere</strong></span> <span class='ocrx_word' id='word_1_235' title='bbox 3245 489 3499 548; x_wconf 86' lang='lat' dir='ltr'><strong>Christus</strong></span> 
     </span>
    </p>
   </div>
   <div class='ocr_carea' id='block_1_35' title="bbox 1904 576 3498 648">
    <p class='ocr_par' dir='ltr' id='par_1_35' title="bbox 1904 576 3498 648">
     <span class='ocr_line' id='line_1_35' title="bbox 1904 576 3498 648; baseline 0.001 -13"><span class='ocrx_word' id='word_1_236' title='bbox 1904 588 2003 647; x_wconf 90' lang='lat' dir='ltr'><strong>est,</strong></span> <span class='ocrx_word' id='word_1_237' title='bbox 2054 588 2108 635; x_wconf 92' lang='lat' dir='ltr'><strong>et</strong></span> <span class='ocrx_word' id='word_1_238' title='bbox 2144 578 2285 634; x_wconf 88' lang='lat' dir='ltr'><strong>mori</strong></span> <span class='ocrx_word' id='word_1_239' title='bbox 2333 580 2549 633; x_wconf 88' lang='lat' dir='ltr'><strong>lucrum</strong></span> <span class='ocrx_word' id='word_1_240' title='bbox 2595 576 2758 647; x_wconf 89' lang='lat' dir='ltr'><strong>(Ibid.</strong></span> <span class='ocrx_word' id='word_1_241' title='bbox 2791 577 2907 648; x_wconf 81' lang='grc'><strong>21).</strong></span> <span class='ocrx_word' id='word_1_242' title='bbox 2935 602 2954 626; x_wconf 78' lang='grc' dir='ltr'><strong><em>ι</em></strong></span> <span class='ocrx_word' id='word_1_243' title='bbox 3001 579 3102 634; x_wconf 89' lang='lat' dir='ltr'><strong>Illa</strong></span> <span class='ocrx_word' id='word_1_244' title='bbox 3139 587 3320 635; x_wconf 89' lang='lat' dir='ltr'><strong>autem</strong></span> <span class='ocrx_word' id='word_1_245' title='bbox 3367 596 3498 636; x_wconf 85' lang='lat' dir='ltr'><strong>vera</strong></span> 
     </span>
    </p>
   </div>
   <div class='ocr_carea' id='block_1_36' title="bbox 1904 665 3498 741">
    <p class='ocr_par' dir='ltr' id='par_1_36' title="bbox 1904 665 3498 741">
     <span class='ocr_line' id='line_1_36' title="bbox 1904 665 3498 741; baseline 0.001 -17"><span class='ocrx_word' id='word_1_246' title='bbox 1904 677 1986 724; x_wconf 89' lang='lat' dir='ltr'><strong>est</strong></span> <span class='ocrx_word' id='word_1_247' title='bbox 2042 685 2208 736; x_wconf 88' lang='lat' dir='ltr'><strong>mors,</strong></span> <span class='ocrx_word' id='word_1_248' title='bbox 2243 685 2362 740; x_wconf 89' lang='lat' dir='ltr'><strong>quae</strong></span> <span class='ocrx_word' id='word_1_249' title='bbox 2395 667 2557 722; x_wconf 90' lang='lat' dir='ltr'><strong>etiam</strong></span> <span class='ocrx_word' id='word_1_250' title='bbox 2587 665 2868 721; x_wconf 89' lang='lat' dir='ltr'><strong>viventem</strong></span> <span class='ocrx_word' id='word_1_251' title='bbox 2915 666 3196 724; x_wconf 88' lang='lat' dir='ltr'><strong>hominem</strong></span> <span class='ocrx_word' id='word_1_252' title='bbox 3255 677 3498 741; x_wconf 86' lang='lat' dir='ltr'><strong>peccato-</strong></span> 
     </span>
    </p>
   </div>
   <div class='ocr_carea' id='block_1_37' title="bbox 1906 755 3498 827">
    <p class='ocr_par' dir='ltr' id='par_1_37' title="bbox 1906 755 3498 827">
     <span class='ocr_line' id='line_1_37' title="bbox 1906 755 3498 827; baseline 0.001 -13"><span class='ocrx_word' id='word_1_253' title='bbox 1906 776 2028 814; x_wconf 88' lang='lat' dir='ltr'><strong>rum</strong></span> <span class='ocrx_word' id='word_1_254' title='bbox 2056 765 2231 813; x_wconf 89' lang='lat' dir='ltr'><strong>morte</strong></span> <span class='ocrx_word' id='word_1_255' title='bbox 2255 755 2613 827; x_wconf 88' lang='lat' dir='ltr'><strong>constringit:</strong></span> <span class='ocrx_word' id='word_1_256' title='bbox 2651 755 2780 826; x_wconf 91' lang='lat' dir='ltr'><strong>quia</strong></span> <span class='ocrx_word' id='word_1_257' title='bbox 2815 757 3067 827; x_wconf 88' lang='lat' dir='ltr'><strong>quamvis</strong></span> <span class='ocrx_word' id='word_1_258' title='bbox 3096 758 3284 814; x_wconf 90' lang='lat' dir='ltr'><strong>vivere</strong></span> <span class='ocrx_word' id='word_1_259' title='bbox 3315 758 3498 815; x_wconf 88' lang='lat' dir='ltr'><strong>videa-</strong></span> 
     </span>
    </p>
   </div>
   <div class='ocr_carea' id='block_1_38' title="bbox 1905 846 3503 918">
    <p class='ocr_par' dir='ltr' id='par_1_38' title="bbox 1905 846 3503 918">
     <span class='ocr_line' id='line_1_38' title="bbox 1905 846 3503 918; baseline -0.001 -10"><span class='ocrx_word' id='word_1_260' title='bbox 1905 861 2017 918; x_wconf 90' lang='lat' dir='ltr'><strong>tur,</strong></span> <span class='ocrx_word' id='word_1_261' title='bbox 2065 849 2364 907; x_wconf 88' lang='lat' dir='ltr'><strong>sceleribus</strong></span> <span class='ocrx_word' id='word_1_262' title='bbox 2395 856 2577 902; x_wconf 90' lang='lat' dir='ltr'><strong>tamen</strong></span> <span class='ocrx_word' id='word_1_263' title='bbox 2628 846 2742 902; x_wconf 92' lang='lat' dir='ltr'><strong>suis</strong></span> <span class='ocrx_word' id='word_1_264' title='bbox 2793 847 2956 903; x_wconf 87' lang='lat' dir='ltr'><strong>morti</strong></span> <span class='ocrx_word' id='word_1_265' title='bbox 3009 847 3120 918; x_wconf 90' lang='lat' dir='ltr'><strong>jam</strong></span> <span class='ocrx_word' id='word_1_266' title='bbox 3162 849 3383 906; x_wconf 90' lang='lat' dir='ltr'><strong>videtur</strong></span> <span class='ocrx_word' id='word_1_267' title='bbox 3411 849 3503 906; x_wconf 85' lang='lat' dir='ltr'><strong>ad-</strong></span> 
     </span>
    </p>
   </div>
   <div class='ocr_carea' id='block_1_39' title="bbox 1905 942 3500 1014">
    <p class='ocr_par' dir='ltr' id='par_1_39' title="bbox 1905 942 3500 1014">
     <span class='ocr_line' id='line_1_39' title="bbox 1905 942 3500 1014; baseline -0.001 -11"><span class='ocrx_word' id='word_1_268' title='bbox 1905 947 2106 1014; x_wconf 90' lang='lat' dir='ltr'><strong>dictus,</strong></span> <span class='ocrx_word' id='word_1_269' title='bbox 2137 947 2279 1002; x_wconf 90' lang='lat' dir='ltr'><strong>sicut</strong></span> <span class='ocrx_word' id='word_1_270' title='bbox 2311 944 2387 998; x_wconf 91' lang='lat' dir='ltr'><strong>ait</strong></span> <span class='ocrx_word' id='word_1_271' title='bbox 2419 945 2714 1014; x_wconf 86' lang='lat' dir='ltr'><strong>Apostolus</strong></span> <span class='ocrx_word' id='word_1_272' title='bbox 2762 943 2829 998; x_wconf 92' lang='lat' dir='ltr'><strong>de</strong></span> <span class='ocrx_word' id='word_1_273' title='bbox 2870 944 2966 998; x_wconf 94' lang='lat' dir='ltr'><strong>illa</strong></span> <span class='ocrx_word' id='word_1_274' title='bbox 2999 942 3262 999; x_wconf 89' lang='lat' dir='ltr'><strong>deliciosa</strong></span> <span class='ocrx_word' id='word_1_275' title='bbox 3291 945 3458 1001; x_wconf 88' lang='lat' dir='ltr'><strong>vidua</strong></span> <span class='ocrx_word' id='word_1_276' title='bbox 3488 963 3500 1000; x_wconf 91' lang='lat'>:</span> 
     </span>
    </p>
   </div>
   <div class='ocr_carea' id='block_1_40' title="bbox 1920 1031 3348 1105">
    <p class='ocr_par' dir='ltr' id='par_1_40' title="bbox 1920 1031 3348 1105">
     <span class='ocr_line' id='line_1_40' title="bbox 1920 1031 3348 1105; baseline -0.001 -15"><span class='ocrx_word' id='word_1_277' title='bbox 1920 1059 1939 1083; x_wconf 76' lang='grc' dir='ltr'>ι</span> <span class='ocrx_word' id='word_1_278' title='bbox 1964 1036 2092 1092; x_wconf 69' lang='lat' dir='ltr'><strong>Haec</strong></span> <span class='ocrx_word' id='word_1_279' title='bbox 2119 1042 2301 1091; x_wconf 91' lang='lat' dir='ltr'><strong>autem</strong></span> <span class='ocrx_word' id='word_1_280' title='bbox 2332 1032 2527 1088; x_wconf 88' lang='lat' dir='ltr'><strong>vivens</strong></span> <span class='ocrx_word' id='word_1_281' title='bbox 2557 1041 2774 1088; x_wconf 91' lang='lat' dir='ltr'><strong>mortua</strong></span> <span class='ocrx_word' id='word_1_282' title='bbox 2791 1040 2875 1088; x_wconf 90' lang='lat' dir='ltr'><strong>est</strong></span> <span class='ocrx_word' id='word_1_283' title='bbox 2907 1032 2965 1102; x_wconf 94' lang='grc' dir='ltr'><strong>(Ι</strong></span> <span class='ocrx_word' id='word_1_284' title='bbox 2994 1031 3129 1088; x_wconf 83' lang='lat' dir='ltr'><strong>Tim.</strong></span> <span class='ocrx_word' id='word_1_285' title='bbox 3161 1051 3218 1102; x_wconf 91' lang='lat' dir='ltr'><strong>v,</strong></span> <span class='ocrx_word' id='word_1_286' title='bbox 3243 1032 3348 1105; x_wconf 77' lang='grc'><strong>6).»</strong></span> 
     </span>
    </p>
   </div>
   <div class='ocr_carea' id='block_1_41' title="bbox 2502 1180 2909 1238">
    <p class='ocr_par' dir='ltr' id='par_1_41' title="bbox 2502 1180 2909 1238">
     <span class='ocr_line' id='line_1_41' title="bbox 2502 1180 2909 1238; baseline -0.005 0"><span class='ocrx_word' id='word_1_287' title='bbox 2502 1180 2736 1238; x_wconf 83' lang='lat' dir='ltr'><strong>SERMO</strong></span> <span class='ocrx_word' id='word_1_288' title='bbox 2767 1180 2909 1238; x_wconf 79' lang='lat' dir='ltr'><strong>LIV.</strong></span> 
     </span>
    </p>
   </div>
   <div class='ocr_carea' id='block_1_42' title="bbox 1978 1290 3431 1364">
    <p class='ocr_par' dir='ltr' id='par_1_42' title="bbox 1978 1290 3431 1364">
     <span class='ocr_line' id='line_1_42' title="bbox 1978 1290 3431 1364; baseline -0.001 -16"><span class='ocrx_word' id='word_1_289' title='bbox 1978 1293 2057 1348; x_wconf 92' lang='lat' dir='ltr'><strong>De</strong></span> <span class='ocrx_word' id='word_1_290' title='bbox 2084 1292 2334 1364; x_wconf 77' lang='lat' dir='ltr'><strong>neglecta</strong></span> <span class='ocrx_word' id='word_1_291' title='bbox 2352 1290 2704 1364; x_wconf 77' lang='lat' dir='ltr'><strong>solemnitate</strong></span> <span class='ocrx_word' id='word_1_292' title='bbox 2735 1290 3020 1364; x_wconf 69' lang='lat' dir='ltr'><strong>beatorum</strong></span> <span class='ocrx_word' id='word_1_293' title='bbox 3052 1291 3431 1363; x_wconf 89' lang='lat' dir='ltr'><strong>apostolorum</strong></span> 
     </span>
    </p>
   </div>
   <div class='ocr_carea' id='block_1_43' title="bbox 2477 1362 2936 1419">
    <p class='ocr_par' dir='ltr' id='par_1_43' title="bbox 2477 1362 2936 1419">
     <span class='ocr_line' id='line_1_43' title="bbox 2477 1362 2936 1419; baseline -0.002 -1"><span class='ocrx_word' id='word_1_294' title='bbox 2477 1362 2623 1418; x_wconf 90' lang='lat' dir='ltr'><strong>Petri</strong></span> <span class='ocrx_word' id='word_1_295' title='bbox 2667 1370 2722 1418; x_wconf 90' lang='lat' dir='ltr'><strong>et</strong></span> <span class='ocrx_word' id='word_1_296' title='bbox 2757 1362 2936 1419; x_wconf 87' lang='lat' dir='ltr'><strong>Pauli.</strong></span> 
     </span>
    </p>
   </div>
   <div class='ocr_carea' id='block_1_44' title="bbox 1908 1473 3506 1546">
    <p class='ocr_par' dir='ltr' id='par_1_44' title="bbox 1908 1473 3506 1546">
     <span class='ocr_line' id='line_1_44' title="bbox 1908 1473 3506 1546; baseline -0.002 -15"><span class='ocrx_word' id='word_1_297' title='bbox 1908 1475 2056 1532; x_wconf 85' lang='lat' dir='ltr'><strong>Edit.</strong></span> <span class='ocrx_word' id='word_1_298' title='bbox 2099 1475 2270 1546; x_wconf 90' lang='lat' dir='ltr'><strong>antiq.</strong></span> <span class='ocrx_word' id='word_1_299' title='bbox 2324 1479 2371 1528; x_wconf 87' lang='lat' dir='ltr'><strong>et</strong></span> <span class='ocrx_word' id='word_1_300' title='bbox 2415 1474 2578 1529; x_wconf 75' lang='lat' dir='ltr'><strong>codex</strong></span> <span class='ocrx_word' id='word_1_301' title='bbox 2628 1473 2797 1545; x_wconf 83' lang='lat' dir='ltr'><strong>Lugd.</strong></span> <span class='ocrx_word' id='word_1_302' title='bbox 2847 1475 2968 1529; x_wconf 83' lang='lat' dir='ltr'><strong>huic</strong></span> <span class='ocrx_word' id='word_1_303' title='bbox 3019 1473 3251 1530; x_wconf 76' lang='lat' dir='ltr'><strong>sermoni</strong></span> <span class='ocrx_word' id='word_1_304' title='bbox 3293 1473 3506 1546; x_wconf 82' lang='lat' dir='ltr'><strong>titulum</strong></span> 
     </span>
    </p>
   </div>
   <div class='ocr_carea' id='block_1_45' title="bbox 1973 1544 3508 1627">
    <p class='ocr_par' dir='ltr' id='par_1_45' title="bbox 1973 1544 3508 1627">
     <span class='ocr_line' id='line_1_45' title="bbox 1973 1544 3508 1627; baseline -0.001 -26"><span class='ocrx_word' id='word_1_305' title='bbox 1973 1544 2280 1627; x_wconf 38' lang='lat' dir='ltr'><strong>praiﬁgunt.</strong></span> <span class='ocrx_word' id='word_1_306' title='bbox 2307 1544 2934 1627; x_wconf 58' lang='lat' dir='ltr'><strong>De_Margari_ta.mNon</strong></span> <span class='ocrx_word' id='word_1_307' title='bbox 2962 1547 3190 1627; x_wconf 58' lang='lat' dir='ltr'><strong>quidem</strong></span> <span class='ocrx_word' id='word_1_308' title='bbox 3215 1553 3388 1627; x_wconf 64' lang='lat' dir='ltr'><strong>nech</strong></span> <span class='ocrx_word' id='word_1_309' title='bbox 3419 1544 3508 1627; x_wconf 73' lang='lat' dir='ltr'><strong>sed</strong></span> 
     </span>
    </p>
   </div>
   <div class='ocr_carea' id='block_1_46' title="bbox 1875 1616 3509 1698">
    <p class='ocr_par' dir='ltr' id='par_1_46' title="bbox 1875 1616 3509 1698">
     <span class='ocr_line' id='line_1_46' title="bbox 1875 1616 3509 1698; baseline -0.003 -23"><span class='ocrx_word' id='word_1_310' title='bbox 1875 1658 1890 1675; x_wconf 71' lang='grc' dir='ltr'><strong><em>ρ</em></strong></span> <span class='ocrx_word' id='word_1_311' title='bbox 1973 1616 2147 1698; x_wconf 54' lang='grc' dir='ltr'><strong>ῥιπιζιὸ</strong></span> <span class='ocrx_word' id='word_1_312' title='bbox 2187 1616 2354 1698; x_wconf 82' lang='lat' dir='ltr'><strong>pejus</strong></span> <span class='ocrx_word' id='word_1_313' title='bbox 2383 1617 2536 1675; x_wconf 84' lang='lat' dir='ltr'><strong>Rom.</strong></span> <span class='ocrx_word' id='word_1_314' title='bbox 2569 1616 2708 1698; x_wconf 39' lang='lat' dir='ltr'><strong>’edit.</strong></span> <span class='ocrx_word' id='word_1_315' title='bbox 2747 1617 2902 1698; x_wconf 80' lang='lat' dir='ltr'><strong>illum</strong></span> <span class='ocrx_word' id='word_1_316' title='bbox 2923 1616 3201 1698; x_wconf 52' lang='lat' dir='ltr'><strong>&quot;inscribit</strong></span> <span class='ocrx_word' id='word_1_317' title='bbox 3241 1617 3299 1673; x_wconf 90' lang='lat' dir='ltr'><strong>in</strong></span> <span class='ocrx_word' id='word_1_318' title='bbox 3348 1617 3509 1672; x_wconf 89' lang='lat' dir='ltr'><strong>Festo</strong></span> 
     </span>
    </p>
   </div>
   <div class='ocr_carea' id='block_1_47' title="bbox 1979 1687 3507 1756">
    <p class='ocr_par' dir='ltr' id='par_1_47' title="bbox 1979 1687 3507 1756">
     <span class='ocr_line' id='line_1_47' title="bbox 1979 1687 3507 1756; baseline -0.003 -11"><span class='ocrx_word' id='word_1_319' title='bbox 1979 1689 2034 1745; x_wconf 93' lang='lat' dir='ltr'><strong>S.</strong></span> <span class='ocrx_word' id='word_1_320' title='bbox 2073 1687 2276 1755; x_wconf 80' lang='lat' dir='ltr'><strong>Luciae,</strong></span> <span class='ocrx_word' id='word_1_321' title='bbox 2309 1694 2428 1756; x_wconf 89' lang='lat' dir='ltr'><strong>etc.,</strong></span> <span class='ocrx_word' id='word_1_322' title='bbox 2457 1705 2572 1742; x_wconf 88' lang='lat' dir='ltr'><strong>cum</strong></span> <span class='ocrx_word' id='word_1_323' title='bbox 2611 1687 2673 1742; x_wconf 85' lang='lat' dir='ltr'><strong>de</strong></span> <span class='ocrx_word' id='word_1_324' title='bbox 2701 1695 2882 1743; x_wconf 85' lang='lat' dir='ltr'><strong>sancta</strong></span> <span class='ocrx_word' id='word_1_325' title='bbox 2912 1688 3012 1743; x_wconf 80' lang='lat' dir='ltr'><strong>illa</strong></span> <span class='ocrx_word' id='word_1_326' title='bbox 3041 1689 3098 1743; x_wconf 85' lang='lat' dir='ltr'><strong>in</strong></span> <span class='ocrx_word' id='word_1_327' title='bbox 3131 1694 3233 1742; x_wconf 91' lang='lat' dir='ltr'><strong>toto</strong></span> <span class='ocrx_word' id='word_1_328' title='bbox 3271 1701 3507 1742; x_wconf 78' lang='lat' dir='ltr'><strong>sermone</strong></span> 
     </span>
    </p>
   </div>
   <div class='ocr_carea' id='block_1_48' title="bbox 1978 1758 3510 1829">
    <p class='ocr_par' dir='ltr' id='par_1_48' title="bbox 1978 1758 3510 1829">
     <span class='ocr_line' id='line_1_48' title="bbox 1978 1758 3510 1829; baseline -0.002 -15"><span class='ocrx_word' id='word_1_329' title='bbox 1978 1761 2192 1815; x_wconf 82' lang='lat' dir='ltr'><strong>nullum</strong></span> <span class='ocrx_word' id='word_1_330' title='bbox 2233 1759 2303 1813; x_wconf 86' lang='lat' dir='ltr'><strong>sit</strong></span> <span class='ocrx_word' id='word_1_331' title='bbox 2336 1759 2570 1814; x_wconf 81' lang='lat' dir='ltr'><strong>verbum.</strong></span> <span class='ocrx_word' id='word_1_332' title='bbox 2626 1758 2812 1818; x_wconf 75' lang='lat' dir='ltr'><strong>Veram</strong></span> <span class='ocrx_word' id='word_1_333' title='bbox 2848 1759 3014 1829; x_wconf 82' lang='lat' dir='ltr'><strong>igitur</strong></span> <span class='ocrx_word' id='word_1_334' title='bbox 3058 1759 3457 1828; x_wconf 70' lang='lat' dir='ltr'><strong>inscriptionem</strong></span> <span class='ocrx_word' id='word_1_335' title='bbox 3483 1774 3510 1812; x_wconf 90' lang='lat' dir='ltr'><strong>e</strong></span> 
     </span>
    </p>
   </div>
   <div class='ocr_carea' id='block_1_49' title="bbox 1982 1829 3513 1902">
    <p class='ocr_par' dir='ltr' id='par_1_49' title="bbox 1982 1829 3513 1902">
     <span class='ocr_line' id='line_1_49' title="bbox 1982 1829 3513 1902; baseline -0.003 -16"><span class='ocrx_word' id='word_1_336' title='bbox 1982 1831 2098 1886; x_wconf 86' lang='lat' dir='ltr'><strong>cod.</strong></span> <span class='ocrx_word' id='word_1_337' title='bbox 2145 1830 2344 1902; x_wconf 82' lang='lat' dir='ltr'><strong>Remig.</strong></span> <span class='ocrx_word' id='word_1_338' title='bbox 2399 1830 2746 1902; x_wconf 81' lang='lat' dir='ltr'><strong>restituimus.</strong></span> <span class='ocrx_word' id='word_1_339' title='bbox 2791 1830 2942 1902; x_wconf 85' lang='lat' dir='ltr'><strong>Quod</strong></span> <span class='ocrx_word' id='word_1_340' title='bbox 2989 1846 3163 1902; x_wconf 73' lang='lat' dir='ltr'><strong>porro</strong></span> <span class='ocrx_word' id='word_1_341' title='bbox 3205 1829 3278 1902; x_wconf 79' lang='lat' dir='ltr'><strong>ad</strong></span> <span class='ocrx_word' id='word_1_342' title='bbox 3319 1833 3513 1883; x_wconf 87' lang='lat' dir='ltr'><strong>aucto-</strong></span> 
     </span>
    </p>
   </div>
   <div class='ocr_carea' id='block_1_50' title="bbox 1983 1900 3508 1972">
    <p class='ocr_par' dir='ltr' id='par_1_50' title="bbox 1983 1900 3508 1972">
     <span class='ocr_line' id='line_1_50' title="bbox 1983 1900 3508 1972; baseline -0.003 -15"><span class='ocrx_word' id='word_1_343' title='bbox 1983 1920 2096 1957; x_wconf 84' lang='lat' dir='ltr'><strong>rem</strong></span> <span class='ocrx_word' id='word_1_344' title='bbox 2151 1901 2310 1970; x_wconf 75' lang='lat' dir='ltr'><strong>huius</strong></span> <span class='ocrx_word' id='word_1_345' title='bbox 2340 1901 2616 1968; x_wconf 81' lang='lat' dir='ltr'><strong>sermonis,</strong></span> <span class='ocrx_word' id='word_1_346' title='bbox 2647 1906 2818 1972; x_wconf 82' lang='lat' dir='ltr'><strong>potest</strong></span> <span class='ocrx_word' id='word_1_347' title='bbox 2844 1900 3054 1972; x_wconf 79' lang='lat' dir='ltr'><strong>quidem</strong></span> <span class='ocrx_word' id='word_1_348' title='bbox 3109 1900 3357 1972; x_wconf 86' lang='lat' dir='ltr'><strong>hic</strong></span> <span class='ocrx_word' id='word_1_349' title='bbox 3381 1914 3508 1972; x_wconf 76' lang='lat' dir='ltr'><strong>esse,</strong></span> 
     </span>
    </p>
   </div>
   <div class='ocr_carea' id='block_1_51' title="bbox 1983 1969 3512 2045">
    <p class='ocr_par' dir='ltr' id='par_1_51' title="bbox 1983 1969 3512 2045">
     <span class='ocr_line' id='line_1_51' title="bbox 1983 1969 3512 2045; baseline -0.003 -17"><span class='ocrx_word' id='word_1_350' title='bbox 1983 1974 2076 2045; x_wconf 86' lang='lat' dir='ltr'><strong>qui</strong></span> <span class='ocrx_word' id='word_1_351' title='bbox 2113 1980 2160 2028; x_wconf 91' lang='lat' dir='ltr'><strong>et</strong></span> <span class='ocrx_word' id='word_1_352' title='bbox 2203 1972 2625 2045; x_wconf 54' lang='lat' dir='ltr'><strong>sermonum“,</strong></span> <span class='ocrx_word' id='word_1_353' title='bbox 2647 1969 2733 2045; x_wconf 32' lang='lat'><strong>’43</strong></span> <span class='ocrx_word' id='word_1_354' title='bbox 2761 1979 2809 2027; x_wconf 88' lang='lat' dir='ltr'><strong>et</strong></span> <span class='ocrx_word' id='word_1_355' title='bbox 2837 1969 2904 2045; x_wconf 62' lang='lat' dir='ltr'><strong>Eli</strong></span> <span class='ocrx_word' id='word_1_356' title='bbox 2934 1991 2948 2040; x_wconf 89' lang='lat'><strong>;</strong></span> <span class='ocrx_word' id='word_1_357' title='bbox 2997 1971 3086 2045; x_wconf 82' lang='lat' dir='ltr'><strong>sed</strong></span> <span class='ocrx_word' id='word_1_358' title='bbox 3124 1971 3219 2045; x_wconf 85' lang='lat' dir='ltr'><strong>qui</strong></span> <span class='ocrx_word' id='word_1_359' title='bbox 3270 1969 3512 2045; x_wconf 71' lang='lat' dir='ltr'><strong>Ambro-</strong></span> 
     </span>
    </p>
   </div>
   <div class='ocr_carea' id='block_1_52' title="bbox 1984 2042 3512 2115">
    <p class='ocr_par' dir='ltr' id='par_1_52' title="bbox 1984 2042 3512 2115">
     <span class='ocr_line' id='line_1_52' title="bbox 1984 2042 3512 2115; baseline -0.003 -15"><span class='ocrx_word' id='word_1_360' title='bbox 1984 2042 2062 2100; x_wconf 75' lang='lat' dir='ltr'><strong>sio</strong></span> <span class='ocrx_word' id='word_1_361' title='bbox 2091 2045 2246 2100; x_wconf 83' lang='lat' dir='ltr'><strong>illum</strong></span> <span class='ocrx_word' id='word_1_362' title='bbox 2275 2043 2566 2115; x_wconf 83' lang='lat' dir='ltr'><strong>arrogabit,</strong></span> <span class='ocrx_word' id='word_1_363' title='bbox 2608 2044 2654 2098; x_wconf 89' lang='lat' dir='ltr'><strong>is</strong></span> <span class='ocrx_word' id='word_1_364' title='bbox 2683 2043 2740 2098; x_wconf 83' lang='lat' dir='ltr'><strong>in</strong></span> <span class='ocrx_word' id='word_1_365' title='bbox 2772 2043 3130 2100; x_wconf 76' lang='lat' dir='ltr'><strong>Ambrosiam</strong></span> <span class='ocrx_word' id='word_1_366' title='bbox 3166 2042 3376 2100; x_wconf 76' lang='lat' dir='ltr'><strong>lectione</strong></span> <span class='ocrx_word' id='word_1_367' title='bbox 3397 2057 3512 2114; x_wconf 85' lang='lat' dir='ltr'><strong>pa-</strong></span> 
     </span>
    </p>
   </div>
   <div class='ocr_carea' id='block_1_53' title="bbox 1982 2115 2824 2172">
    <p class='ocr_par' dir='ltr' id='par_1_53' title="bbox 1982 2115 2824 2172">
     <span class='ocr_line' id='line_1_53' title="bbox 1982 2115 2824 2172; baseline 0.001 -1"><span class='ocrx_word' id='word_1_368' title='bbox 1982 2134 2107 2172; x_wconf 84' lang='lat' dir='ltr'><strong>rum</strong></span> <span class='ocrx_word' id='word_1_369' title='bbox 2135 2123 2402 2172; x_wconf 84' lang='lat' dir='ltr'><strong>versatum</strong></span> <span class='ocrx_word' id='word_1_370' title='bbox 2432 2132 2484 2171; x_wconf 89' lang='lat' dir='ltr'><strong>se</strong></span> <span class='ocrx_word' id='word_1_371' title='bbox 2514 2115 2824 2172; x_wconf 77' lang='lat' dir='ltr'><strong>declarabit.</strong></span> 
     </span>
    </p>
   </div>
   <div class='ocr_carea' id='block_1_54' title="bbox 1987 2239 3506 2313">
    <p class='ocr_par' dir='ltr' id='par_1_54' title="bbox 1987 2239 3506 2313">
     <span class='ocr_line' id='line_1_54' title="bbox 1987 2239 3506 2313; baseline 0.001 -19"><span class='ocrx_word' id='word_1_372' title='bbox 1987 2240 2037 2296; x_wconf 86' lang='grc'><strong>1.</strong></span> <span class='ocrx_word' id='word_1_373' title='bbox 2098 2239 2244 2296; x_wconf 90' lang='lat' dir='ltr'><strong>Satis</strong></span> <span class='ocrx_word' id='word_1_374' title='bbox 2284 2240 2352 2295; x_wconf 91' lang='lat' dir='ltr'><strong>ad</strong></span> <span class='ocrx_word' id='word_1_375' title='bbox 2387 2239 2786 2296; x_wconf 89' lang='lat' dir='ltr'><strong>correctionem</strong></span> <span class='ocrx_word' id='word_1_376' title='bbox 2816 2249 3052 2297; x_wconf 87' lang='lat' dir='ltr'><strong>vestram</strong></span> <span class='ocrx_word' id='word_1_377' title='bbox 3083 2239 3322 2297; x_wconf 88' lang='lat' dir='ltr'><strong>arbitror</strong></span> <span class='ocrx_word' id='word_1_378' title='bbox 3349 2255 3506 2313; x_wconf 88' lang='lat' dir='ltr'><strong>posse</strong></span> 
     </span>
    </p>
   </div>
   <div class='ocr_carea' id='block_1_55' title="bbox 1912 2329 3508 2402">
    <p class='ocr_par' dir='ltr' id='par_1_55' title="bbox 1912 2329 3508 2402">
     <span class='ocr_line' id='line_1_55' title="bbox 1912 2329 3508 2402; baseline 0.001 -17"><span class='ocrx_word' id='word_1_379' title='bbox 1912 2329 2184 2394; x_wconf 76' lang='lat' dir='ltr'><strong>sufﬁcere,</strong></span> <span class='ocrx_word' id='word_1_380' title='bbox 2236 2329 2432 2384; x_wconf 87' lang='lat' dir='ltr'><strong>fratres</strong></span> <span class='ocrx_word' id='word_1_381' title='bbox 2461 2329 2673 2396; x_wconf 88' lang='lat' dir='ltr'><strong>dilecti,</strong></span> <span class='ocrx_word' id='word_1_382' title='bbox 2719 2330 2867 2402; x_wconf 91' lang='lat' dir='ltr'><strong>quod</strong></span> <span class='ocrx_word' id='word_1_383' title='bbox 2913 2330 3186 2386; x_wconf 90' lang='lat' dir='ltr'><strong>anteriore</strong></span> <span class='ocrx_word' id='word_1_384' title='bbox 3214 2329 3508 2386; x_wconf 86' lang='lat' dir='ltr'><strong>Dominica</strong></span> 
     </span>
    </p>
   </div>
   <div class='ocr_carea' id='block_1_56' title="bbox 1914 2417 3506 2491">
    <p class='ocr_par' dir='ltr' id='par_1_56' title="bbox 1914 2417 3506 2491">
     <span class='ocr_line' id='line_1_56' title="bbox 1914 2417 3506 2491; baseline 0 -18"><span class='ocrx_word' id='word_1_385' title='bbox 1914 2419 2286 2491; x_wconf 84' lang='lat' dir='ltr'><strong>profecturus,</strong></span> <span class='ocrx_word' id='word_1_386' title='bbox 2316 2420 2469 2474; x_wconf 91' lang='lat' dir='ltr'><strong>nulla</strong></span> <span class='ocrx_word' id='word_1_387' title='bbox 2515 2419 2675 2474; x_wconf 90' lang='lat' dir='ltr'><strong>vobis</strong></span> <span class='ocrx_word' id='word_1_388' title='bbox 2701 2436 2978 2476; x_wconf 90' lang='lat' dir='ltr'><strong>sacrarum</strong></span> <span class='ocrx_word' id='word_1_389' title='bbox 3009 2420 3319 2474; x_wconf 90' lang='lat' dir='ltr'><strong>litterarum</strong></span> <span class='ocrx_word' id='word_1_390' title='bbox 3350 2417 3506 2490; x_wconf 88' lang='lat' dir='ltr'><strong>spiri-</strong></span> 
     </span>
    </p>
   </div>
   <div class='ocr_carea' id='block_1_57' title="bbox 1915 2505 3510 2578">
    <p class='ocr_par' dir='ltr' id='par_1_57' title="bbox 1915 2505 3510 2578">
     <span class='ocr_line' id='line_1_57' title="bbox 1915 2505 3510 2578; baseline -0.003 -15"><span class='ocrx_word' id='word_1_391' title='bbox 1915 2508 2048 2563; x_wconf 86' lang='lat' dir='ltr'><strong>talia</strong></span> <span class='ocrx_word' id='word_1_392' title='bbox 2081 2505 2225 2560; x_wconf 90' lang='lat' dir='ltr'><strong>dona</strong></span> <span class='ocrx_word' id='word_1_393' title='bbox 2258 2507 2485 2578; x_wconf 88' lang='lat' dir='ltr'><strong>largitus</strong></span> <span class='ocrx_word' id='word_1_394' title='bbox 2514 2507 2616 2562; x_wconf 93' lang='lat' dir='ltr'><strong>sim</strong></span> <span class='ocrx_word' id='word_1_395' title='bbox 2652 2526 2663 2562; x_wconf 89' lang='lat'><em>:</em></span> <span class='ocrx_word' id='word_1_396' title='bbox 2706 2507 2801 2562; x_wconf 90' lang='lat' dir='ltr'><strong>sed</strong></span> <span class='ocrx_word' id='word_1_397' title='bbox 2838 2515 3052 2564; x_wconf 88' lang='lat' dir='ltr'><strong>tantum</strong></span> <span class='ocrx_word' id='word_1_398' title='bbox 3093 2523 3191 2562; x_wconf 89' lang='lat' dir='ltr'><strong>vos</strong></span> <span class='ocrx_word' id='word_1_399' title='bbox 3221 2507 3510 2577; x_wconf 86' lang='lat' dir='ltr'><strong>increpans</strong></span> 
     </span>
    </p>
   </div>
   <div class='ocr_carea' id='block_1_58' title="bbox 1914 2594 3508 2669">
    <p class='ocr_par' dir='ltr' id='par_1_58' title="bbox 1914 2594 3508 2669">
     <span class='ocr_line' id='line_1_58' title="bbox 1914 2594 3508 2669; baseline -0.003 -16"><span class='ocrx_word' id='word_1_400' title='bbox 1914 2605 1967 2653; x_wconf 93' lang='lat' dir='ltr'><strong>et</strong></span> <span class='ocrx_word' id='word_1_401' title='bbox 2022 2613 2256 2669; x_wconf 88' lang='lat' dir='ltr'><strong>arguens</strong></span> <span class='ocrx_word' id='word_1_402' title='bbox 2302 2613 2400 2668; x_wconf 92' lang='lat' dir='ltr'><strong>pro</strong></span> <span class='ocrx_word' id='word_1_403' title='bbox 2451 2603 2694 2667; x_wconf 87' lang='lat' dir='ltr'><strong>peccato,</strong></span> <span class='ocrx_word' id='word_1_404' title='bbox 2743 2597 2862 2651; x_wconf 90' lang='lat' dir='ltr'><strong>sine</strong></span> <span class='ocrx_word' id='word_1_405' title='bbox 2891 2597 3075 2669; x_wconf 89' lang='lat' dir='ltr'><strong>aliqua</strong></span> <span class='ocrx_word' id='word_1_406' title='bbox 3101 2594 3508 2667; x_wconf 70' lang='lat' dir='ltr'><strong>praedicationis</strong></span> 
     </span>
    </p>
   </div>
   <div class='ocr_carea' id='block_1_59' title="bbox 1914 2683 3504 2755">
    <p class='ocr_par' dir='ltr' id='par_1_59' title="bbox 1914 2683 3504 2755">
     <span class='ocr_line' id='line_1_59' title="bbox 1914 2683 3504 2755; baseline -0.003 -12"><span class='ocrx_word' id='word_1_407' title='bbox 1914 2685 2288 2743; x_wconf 88' lang='lat' dir='ltr'><strong>consolatione</strong></span> <span class='ocrx_word' id='word_1_408' title='bbox 2318 2684 2655 2741; x_wconf 88' lang='lat' dir='ltr'><strong>dimiserim.</strong></span> <span class='ocrx_word' id='word_1_409' title='bbox 2697 2685 2863 2741; x_wconf 83' lang='lat' dir='ltr'><strong>Volui</strong></span> <span class='ocrx_word' id='word_1_410' title='bbox 2894 2685 3040 2741; x_wconf 93' lang='lat' dir='ltr'><strong>enim</strong></span> <span class='ocrx_word' id='word_1_411' title='bbox 3063 2701 3164 2740; x_wconf 89' lang='lat' dir='ltr'><strong>vos</strong></span> <span class='ocrx_word' id='word_1_412' title='bbox 3191 2685 3295 2750; x_wconf 81' lang='lat' dir='ltr'><strong>hoc</strong></span> <span class='ocrx_word' id='word_1_413' title='bbox 3326 2683 3504 2755; x_wconf 89' lang='lat' dir='ltr'><strong>ipsum</strong></span> 
     </span>
    </p>
   </div>
   <div class='ocr_carea' id='block_1_60' title="bbox 1915 2775 3509 2849">
    <p class='ocr_par' dir='ltr' id='par_1_60' title="bbox 1915 2775 3509 2849">
     <span class='ocr_line' id='line_1_60' title="bbox 1915 2775 3509 2849; baseline -0.002 -17"><span class='ocrx_word' id='word_1_414' title='bbox 1915 2778 2225 2849; x_wconf 89' lang='lat' dir='ltr'><strong>intelligere</strong></span> <span class='ocrx_word' id='word_1_415' title='bbox 2279 2793 2442 2848; x_wconf 91' lang='lat' dir='ltr'><strong>quam</strong></span> <span class='ocrx_word' id='word_1_416' title='bbox 2505 2775 2743 2847; x_wconf 85' lang='lat' dir='ltr'><strong>graviter</strong></span> <span class='ocrx_word' id='word_1_417' title='bbox 2786 2776 3160 2848; x_wconf 89' lang='lat' dir='ltr'><strong>peccaveritis,</strong></span> <span class='ocrx_word' id='word_1_418' title='bbox 3194 2777 3288 2849; x_wconf 91' lang='lat' dir='ltr'><strong>qui</strong></span> <span class='ocrx_word' id='word_1_419' title='bbox 3316 2775 3509 2830; x_wconf 90' lang='lat' dir='ltr'><strong>divina</strong></span> 
     </span>
    </p>
   </div>
   <div class='ocr_carea' id='block_1_61' title="bbox 1915 2864 3510 2938">
    <p class='ocr_par' dir='ltr' id='par_1_61' title="bbox 1915 2864 3510 2938">
     <span class='ocr_line' id='line_1_61' title="bbox 1915 2864 3510 2938; baseline -0.001 -17"><span class='ocrx_word' id='word_1_420' title='bbox 1915 2866 2130 2938; x_wconf 90' lang='lat' dir='ltr'><strong>eloquia</strong></span> <span class='ocrx_word' id='word_1_421' title='bbox 2164 2865 2354 2922; x_wconf 89' lang='lat' dir='ltr'><strong>audire</strong></span> <span class='ocrx_word' id='word_1_422' title='bbox 2385 2864 2616 2922; x_wconf 87' lang='lat' dir='ltr'><strong>minime</strong></span> <span class='ocrx_word' id='word_1_423' title='bbox 2647 2867 2945 2922; x_wconf 91' lang='lat' dir='ltr'><strong>meruistis.</strong></span> <span class='ocrx_word' id='word_1_424' title='bbox 2968 2867 3095 2923; x_wconf 82' lang='lat' dir='ltr'><strong>Haec</strong></span> <span class='ocrx_word' id='word_1_425' title='bbox 3122 2866 3270 2921; x_wconf 89' lang='lat' dir='ltr'><strong>enim</strong></span> <span class='ocrx_word' id='word_1_426' title='bbox 3319 2879 3510 2920; x_wconf 86' lang='lat' dir='ltr'><strong>sacer-</strong></span> 
     </span>
    </p>
   </div>
   <div class='ocr_carea' id='block_1_62' title="bbox 1914 2953 3510 3026">
    <p class='ocr_par' dir='ltr' id='par_1_62' title="bbox 1914 2953 3510 3026">
     <span class='ocr_line' id='line_1_62' title="bbox 1914 2953 3510 3026; baseline 0 -16"><span class='ocrx_word' id='word_1_427' title='bbox 1914 2955 2106 3010; x_wconf 91' lang='lat' dir='ltr'><strong>dotum</strong></span> <span class='ocrx_word' id='word_1_428' title='bbox 2167 2954 2464 3010; x_wconf 88' lang='lat' dir='ltr'><strong>vehemens</strong></span> <span class='ocrx_word' id='word_1_429' title='bbox 2491 2961 2545 3009; x_wconf 91' lang='lat' dir='ltr'><strong>et</strong></span> <span class='ocrx_word' id='word_1_430' title='bbox 2598 2954 2821 3026; x_wconf 90' lang='lat' dir='ltr'><strong>copiosa</strong></span> <span class='ocrx_word' id='word_1_431' title='bbox 2851 2953 3099 3010; x_wconf 89' lang='lat' dir='ltr'><strong>vindicta</strong></span> <span class='ocrx_word' id='word_1_432' title='bbox 3133 2961 3234 3022; x_wconf 90' lang='lat' dir='ltr'><strong>est,</strong></span> <span class='ocrx_word' id='word_1_433' title='bbox 3267 2953 3510 3026; x_wconf 87' lang='lat' dir='ltr'><strong>indignis</strong></span> 
     </span>
    </p>
   </div>
   <div class='ocr_carea' id='block_1_63' title="bbox 1914 3042 3508 3116">
    <p class='ocr_par' dir='ltr' id='par_1_63' title="bbox 1914 3042 3508 3116">
     <span class='ocr_line' id='line_1_63' title="bbox 1914 3042 3508 3116; baseline -0.001 -18"><span class='ocrx_word' id='word_1_434' title='bbox 1914 3043 2223 3116; x_wconf 89' lang='lat' dir='ltr'><strong>quibusque</strong></span> <span class='ocrx_word' id='word_1_435' title='bbox 2262 3042 2666 3114; x_wconf 90' lang='lat' dir='ltr'><strong>Scripturarum</strong></span> <span class='ocrx_word' id='word_1_436' title='bbox 2697 3043 3001 3099; x_wconf 82' lang='lat' dir='ltr'><strong>caelestium</strong></span> <span class='ocrx_word' id='word_1_437' title='bbox 3031 3050 3369 3098; x_wconf 88' lang='lat' dir='ltr'><strong>sacramenta</strong></span> <span class='ocrx_word' id='word_1_438' title='bbox 3396 3057 3508 3098; x_wconf 88' lang='lat' dir='ltr'><strong>non</strong></span> 
     </span>
    </p>
   </div>
   <div class='ocr_carea' id='block_1_64' title="bbox 205 3130 3508 3205">
    <p class='ocr_par' dir='ltr' id='par_1_64' title="bbox 205 3130 3508 3205">
     <span class='ocr_line' id='line_1_64' title="bbox 205 3130 3508 3205; baseline -0.001 -17"><span class='ocrx_word' id='word_1_439' title='bbox 205 3131 405 3201; x_wconf 88' lang='lat' dir='ltr'><strong>esuris,</strong></span> <span class='ocrx_word' id='word_1_440' title='bbox 438 3147 561 3189; x_wconf 91' lang='lat' dir='ltr'><strong>ecce</strong></span> <span class='ocrx_word' id='word_1_441' title='bbox 607 3132 807 3186; x_wconf 85' lang='lat' dir='ltr'><strong>famem</strong></span> <span class='ocrx_word' id='word_1_442' title='bbox 857 3131 986 3186; x_wconf 87' lang='lat' dir='ltr'><strong>ﬁdei</strong></span> <span class='ocrx_word' id='word_1_443' title='bbox 1029 3139 1137 3187; x_wconf 58' lang='lat' dir='ltr'><strong>tua;</strong></span> <span class='ocrx_word' id='word_1_444' title='bbox 1186 3141 1512 3190; x_wconf 89' lang='lat' dir='ltr'><strong>cunctarum</strong></span> <span class='ocrx_word' id='word_1_445' title='bbox 1561 3131 1804 3205; x_wconf 87' lang='lat' dir='ltr'><strong>gentium</strong></span> <span class='ocrx_word' id='word_1_446' title='bbox 1846 3135 1888 3194; x_wconf 88' lang='lat' dir='ltr'><strong>C.</strong></span> <span class='ocrx_word' id='word_1_447' title='bbox 1918 3132 2177 3199; x_wconf 90' lang='lat' dir='ltr'><strong>credere;</strong></span> <span class='ocrx_word' id='word_1_448' title='bbox 2239 3148 2363 3200; x_wconf 89' lang='lat' dir='ltr'><strong>nec,</strong></span> <span class='ocrx_word' id='word_1_449' title='bbox 2403 3132 2547 3188; x_wconf 89' lang='lat' dir='ltr'><strong>sicut</strong></span> <span class='ocrx_word' id='word_1_450' title='bbox 2601 3134 2678 3187; x_wconf 89' lang='lat' dir='ltr'><strong>ait</strong></span> <span class='ocrx_word' id='word_1_451' title='bbox 2719 3131 3008 3199; x_wconf 90' lang='lat' dir='ltr'><strong>Dominus,</strong></span> <span class='ocrx_word' id='word_1_452' title='bbox 3055 3157 3073 3179; x_wconf 76' lang='grc' dir='ltr'>ι</span> <span class='ocrx_word' id='word_1_453' title='bbox 3102 3130 3230 3188; x_wconf 89' lang='lat' dir='ltr'><strong>dare</strong></span> <span class='ocrx_word' id='word_1_454' title='bbox 3258 3138 3508 3188; x_wconf 90' lang='lat' dir='ltr'><strong>sanctum</strong></span> 
     </span>
    </p>
   </div>
   <div class='ocr_carea' id='block_1_65' title="bbox 207 3220 1805 3294">
    <p class='ocr_par' dir='ltr' id='par_1_65' title="bbox 207 3220 1805 3294">
     <span class='ocr_line' id='line_1_65' title="bbox 207 3220 1805 3294; baseline -0.001 -17"><span class='ocrx_word' id='word_1_455' title='bbox 207 3220 533 3277; x_wconf 86' lang='lat' dir='ltr'><strong>diversitate</strong></span> <span class='ocrx_word' id='word_1_456' title='bbox 568 3220 775 3278; x_wconf 83' lang='lat' dir='ltr'><strong>reficio.</strong></span> <span class='ocrx_word' id='word_1_457' title='bbox 832 3220 968 3276; x_wconf 89' lang='lat' dir='ltr'><strong>Nam</strong></span> <span class='ocrx_word' id='word_1_458' title='bbox 1020 3221 1212 3294; x_wconf 88' lang='lat' dir='ltr'><strong>utique</strong></span> <span class='ocrx_word' id='word_1_459' title='bbox 1270 3221 1488 3277; x_wconf 91' lang='lat' dir='ltr'><strong>diversa</strong></span> <span class='ocrx_word' id='word_1_460' title='bbox 1543 3222 1805 3277; x_wconf 89' lang='lat' dir='ltr'><strong>animalia</strong></span> 
     </span>
    </p>
   </div>
   <div class='ocr_carea' id='block_1_66' title="bbox 200 3308 1803 3384">
    <p class='ocr_par' dir='ltr' id='par_1_66' title="bbox 200 3308 1803 3384">
     <span class='ocr_line' id='line_1_66' title="bbox 200 3308 1803 3384; baseline 0.001 -17"><span class='ocrx_word' id='word_1_461' title='bbox 200 3310 434 3367; x_wconf 85' lang='lat' dir='ltr'><strong>collecta</strong></span> <span class='ocrx_word' id='word_1_462' title='bbox 464 3309 522 3364; x_wconf 91' lang='lat' dir='ltr'><strong>in</strong></span> <span class='ocrx_word' id='word_1_463' title='bbox 576 3325 688 3364; x_wconf 91' lang='lat' dir='ltr'><strong>uno</strong></span> <span class='ocrx_word' id='word_1_464' title='bbox 738 3309 962 3365; x_wconf 91' lang='lat' dir='ltr'><strong>vasculo</strong></span> <span class='ocrx_word' id='word_1_465' title='bbox 1000 3308 1341 3366; x_wconf 86' lang='lat' dir='ltr'><strong>diversarum</strong></span> <span class='ocrx_word' id='word_1_466' title='bbox 1397 3311 1640 3384; x_wconf 88' lang='lat' dir='ltr'><strong>gentium</strong></span> <span class='ocrx_word' id='word_1_467' title='bbox 1671 3328 1803 3370; x_wconf 92' lang='lat' dir='ltr'><strong>con-</strong></span> 
     </span>
    </p>
   </div>
   <div class='ocr_carea' id='block_1_67' title="bbox 201 3397 1806 3475">
    <p class='ocr_par' dir='ltr' id='par_1_67' title="bbox 201 3397 1806 3475">
     <span class='ocr_line' id='line_1_67' title="bbox 201 3397 1806 3475; baseline 0.001 -20"><span class='ocrx_word' id='word_1_468' title='bbox 201 3399 448 3473; x_wconf 88' lang='lat' dir='ltr'><strong>gregatio</strong></span> <span class='ocrx_word' id='word_1_469' title='bbox 462 3399 696 3455; x_wconf 92' lang='lat' dir='ltr'><strong>collecta</strong></span> <span class='ocrx_word' id='word_1_470' title='bbox 714 3397 772 3453; x_wconf 91' lang='lat' dir='ltr'><strong>in</strong></span> <span class='ocrx_word' id='word_1_471' title='bbox 795 3415 906 3454; x_wconf 91' lang='lat' dir='ltr'><strong>una</strong></span> <span class='ocrx_word' id='word_1_472' title='bbox 929 3399 1175 3456; x_wconf 86' lang='lat' dir='ltr'><strong>Ecclesia</strong></span> <span class='ocrx_word' id='word_1_473' title='bbox 1205 3398 1613 3457; x_wconf 88' lang='lat' dir='ltr'><strong>demonstratur</strong></span> <span class='ocrx_word' id='word_1_474' title='bbox 1636 3420 1648 3458; x_wconf 90' lang='lat'><em>:</em></span> <span class='ocrx_word' id='word_1_475' title='bbox 1685 3417 1806 3475; x_wconf 68' lang='lat' dir='ltr'><strong>quae</strong></span> 
     </span>
    </p>
   </div>
   <div class='ocr_carea' id='block_1_68' title="bbox 157 3487 1806 3561">
    <p class='ocr_par' dir='ltr' id='par_1_68' title="bbox 157 3487 1806 3561">
     <span class='ocr_line' id='line_1_68' title="bbox 157 3487 1806 3561; baseline 0.001 -16"><span class='ocrx_word' id='word_1_476' title='bbox 157 3502 161 3504; x_wconf 75' lang='lat'><strong><em>&#39;</em></strong></span> <span class='ocrx_word' id='word_1_477' title='bbox 200 3488 456 3545; x_wconf 90' lang='lat' dir='ltr'><strong>Ecclesia</strong></span> <span class='ocrx_word' id='word_1_478' title='bbox 481 3487 539 3543; x_wconf 93' lang='lat' dir='ltr'><strong>in</strong></span> <span class='ocrx_word' id='word_1_479' title='bbox 569 3487 723 3543; x_wconf 92' lang='lat' dir='ltr'><strong>illius</strong></span> <span class='ocrx_word' id='word_1_480' title='bbox 751 3490 978 3545; x_wconf 89' lang='lat' dir='ltr'><strong>vasculo</strong></span> <span class='ocrx_word' id='word_1_481' title='bbox 993 3489 1305 3561; x_wconf 89' lang='lat' dir='ltr'><strong>splendido,</strong></span> <span class='ocrx_word' id='word_1_482' title='bbox 1327 3489 1457 3545; x_wconf 93' lang='lat' dir='ltr'><strong>dum</strong></span> <span class='ocrx_word' id='word_1_483' title='bbox 1499 3507 1610 3546; x_wconf 93' lang='lat' dir='ltr'><strong>non</strong></span> <span class='ocrx_word' id='word_1_484' title='bbox 1643 3489 1806 3547; x_wconf 91' lang='lat' dir='ltr'><strong>habet</strong></span> 
     </span>
    </p>
   </div>
   <div class='ocr_carea' id='block_1_69' title="bbox 201 3577 1804 3652">
    <p class='ocr_par' dir='ltr' id='par_1_69' title="bbox 201 3577 1804 3652">
     <span class='ocr_line' id='line_1_69' title="bbox 201 3577 1804 3652; baseline 0.001 -18"><span class='ocrx_word' id='word_1_485' title='bbox 201 3580 478 3635; x_wconf 91' lang='lat' dir='ltr'><strong>maculam</strong></span> <span class='ocrx_word' id='word_1_486' title='bbox 519 3593 696 3650; x_wconf 91' lang='lat' dir='ltr'><strong>neque</strong></span> <span class='ocrx_word' id='word_1_487' title='bbox 725 3593 938 3649; x_wconf 89' lang='lat' dir='ltr'><strong>rugam,</strong></span> <span class='ocrx_word' id='word_1_488' title='bbox 971 3577 1130 3634; x_wconf 89' lang='lat' dir='ltr'><strong>lintei</strong></span> <span class='ocrx_word' id='word_1_489' title='bbox 1170 3579 1350 3635; x_wconf 91' lang='lat' dir='ltr'><strong>nitore</strong></span> <span class='ocrx_word' id='word_1_490' title='bbox 1381 3581 1706 3652; x_wconf 90' lang='lat' dir='ltr'><strong>resplendet.</strong></span> <span class='ocrx_word' id='word_1_491' title='bbox 1741 3581 1804 3637; x_wconf 93' lang='lat' dir='ltr'><strong>In</strong></span> 
     </span>
    </p>
   </div>
   <div class='ocr_carea' id='block_1_70' title="bbox 202 3667 1802 3742">
    <p class='ocr_par' dir='ltr' id='par_1_70' title="bbox 202 3667 1802 3742">
     <span class='ocr_line' id='line_1_70' title="bbox 202 3667 1802 3742; baseline 0.001 -18"><span class='ocrx_word' id='word_1_492' title='bbox 202 3684 313 3742; x_wconf 87' lang='lat' dir='ltr'><strong>qua</strong></span> <span class='ocrx_word' id='word_1_493' title='bbox 341 3667 582 3740; x_wconf 89' lang='lat' dir='ltr'><strong>primum</strong></span> <span class='ocrx_word' id='word_1_494' title='bbox 613 3667 820 3723; x_wconf 90' lang='lat' dir='ltr'><strong>animal</strong></span> <span class='ocrx_word' id='word_1_495' title='bbox 855 3669 968 3724; x_wconf 93' lang='lat' dir='ltr'><strong>Deo</strong></span> <span class='ocrx_word' id='word_1_496' title='bbox 1007 3683 1077 3723; x_wconf 85' lang='lat' dir='ltr'><strong>ex</strong></span> <span class='ocrx_word' id='word_1_497' title='bbox 1107 3667 1360 3741; x_wconf 91' lang='lat' dir='ltr'><strong>gentibus</strong></span> <span class='ocrx_word' id='word_1_498' title='bbox 1395 3670 1646 3726; x_wconf 91' lang='lat' dir='ltr'><strong>centurio</strong></span> <span class='ocrx_word' id='word_1_499' title='bbox 1675 3669 1802 3728; x_wconf 90' lang='lat' dir='ltr'><strong>Cor-</strong></span> 
     </span>
    </p>
   </div>
   <div class='ocr_carea' id='block_1_71' title="bbox 201 3757 752 3815">
    <p class='ocr_par' dir='ltr' id='par_1_71' title="bbox 201 3757 752 3815">
     <span class='ocr_line' id='line_1_71' title="bbox 201 3757 752 3815; baseline -0.004 -1"><span class='ocrx_word' id='word_1_500' title='bbox 201 3757 385 3815; x_wconf 90' lang='lat' dir='ltr'><strong>nelius</strong></span> <span class='ocrx_word' id='word_1_501' title='bbox 416 3757 752 3813; x_wconf 89' lang='lat' dir='ltr'><strong>immolatur.</strong></span> 
     </span>
    </p>
   </div>
   <div class='ocr_carea' id='block_1_72' title="bbox 274 3853 1803 3927">
    <p class='ocr_par' dir='ltr' id='par_1_72' title="bbox 274 3853 1803 3927">
     <span class='ocr_line' id='line_1_72' title="bbox 274 3853 1803 3927; baseline -0.001 -15"><span class='ocrx_word' id='word_1_502' title='bbox 274 3855 327 3912; x_wconf 89' lang='lat'><strong>6.</strong></span> <span class='ocrx_word' id='word_1_503' title='bbox 360 3855 440 3911; x_wconf 91' lang='lat' dir='ltr'><strong>De</strong></span> <span class='ocrx_word' id='word_1_504' title='bbox 462 3853 567 3911; x_wconf 88' lang='lat' dir='ltr'><strong>hoc</strong></span> <span class='ocrx_word' id='word_1_505' title='bbox 593 3871 720 3927; x_wconf 90' lang='lat' dir='ltr'><strong>ergo</strong></span> <span class='ocrx_word' id='word_1_506' title='bbox 751 3853 976 3910; x_wconf 88' lang='lat' dir='ltr'><strong>vasculo</strong></span> <span class='ocrx_word' id='word_1_507' title='bbox 1016 3870 1117 3912; x_wconf 93' lang='lat' dir='ltr'><strong>suo</strong></span> <span class='ocrx_word' id='word_1_508' title='bbox 1147 3853 1312 3912; x_wconf 89' lang='lat' dir='ltr'><strong>hodie</strong></span> <span class='ocrx_word' id='word_1_509' title='bbox 1345 3872 1448 3914; x_wconf 89' lang='lat' dir='ltr'><strong>nos</strong></span> <span class='ocrx_word' id='word_1_510' title='bbox 1478 3856 1656 3913; x_wconf 87' lang='lat' dir='ltr'><strong>reﬁcit</strong></span> <span class='ocrx_word' id='word_1_511' title='bbox 1708 3857 1803 3912; x_wconf 86' lang='lat' dir='ltr'><strong>Pe-</strong></span> 
     </span>
    </p>
   </div>
   <div class='ocr_carea' id='block_1_73' title="bbox 202 3943 1802 4016">
    <p class='ocr_par' dir='ltr' id='par_1_73' title="bbox 202 3943 1802 4016">
     <span class='ocr_line' id='line_1_73' title="bbox 202 3943 1802 4016; baseline 0 -15"><span class='ocrx_word' id='word_1_512' title='bbox 202 3952 361 4012; x_wconf 89' lang='lat' dir='ltr'><strong>trus;</strong></span> <span class='ocrx_word' id='word_1_513' title='bbox 394 3960 519 4000; x_wconf 89' lang='lat' dir='ltr'><strong>cum</strong></span> <span class='ocrx_word' id='word_1_514' title='bbox 551 3943 699 4000; x_wconf 91' lang='lat' dir='ltr'><strong>enim</strong></span> <span class='ocrx_word' id='word_1_515' title='bbox 731 3943 986 4001; x_wconf 90' lang='lat' dir='ltr'><strong>videmus</strong></span> <span class='ocrx_word' id='word_1_516' title='bbox 1015 3945 1307 4016; x_wconf 85' lang='lat' dir='ltr'><strong>gentilium</strong></span> <span class='ocrx_word' id='word_1_517' title='bbox 1339 3947 1528 4002; x_wconf 86' lang='lat' dir='ltr'><strong>turbas</strong></span> <span class='ocrx_word' id='word_1_518' title='bbox 1549 3946 1616 4003; x_wconf 90' lang='lat' dir='ltr'><strong>ad</strong></span> <span class='ocrx_word' id='word_1_519' title='bbox 1637 3945 1802 4002; x_wconf 87' lang='lat' dir='ltr'><strong>ﬁdem</strong></span> 
     </span>
    </p>
   </div>
   <div class='ocr_carea' id='block_1_74' title="bbox 156 4031 1803 4108">
    <p class='ocr_par' dir='ltr' id='par_1_74' title="bbox 156 4031 1803 4108">
     <span class='ocr_line' id='line_1_74' title="bbox 156 4031 1803 4108; baseline -0.001 -17"><span class='ocrx_word' id='word_1_520' title='bbox 156 4044 160 4049; x_wconf 87' lang='lat'><strong><em>&#39;</em></strong></span> <span class='ocrx_word' id='word_1_521' title='bbox 203 4031 632 4091; x_wconf 88' lang='lat' dir='ltr'><strong>christianitatis</strong></span> <span class='ocrx_word' id='word_1_522' title='bbox 677 4049 979 4102; x_wconf 91' lang='lat' dir='ltr'><strong>accurrere,</strong></span> <span class='ocrx_word' id='word_1_523' title='bbox 1011 4035 1176 4091; x_wconf 92' lang='lat' dir='ltr'><strong>simul</strong></span> <span class='ocrx_word' id='word_1_524' title='bbox 1223 4053 1349 4093; x_wconf 92' lang='lat' dir='ltr'><strong>cum</strong></span> <span class='ocrx_word' id='word_1_525' title='bbox 1397 4035 1657 4108; x_wconf 85' lang='lat' dir='ltr'><strong>apostolis</strong></span> <span class='ocrx_word' id='word_1_526' title='bbox 1689 4052 1803 4107; x_wconf 88' lang='lat' dir='ltr'><strong>gra-</strong></span> 
     </span>
    </p>
   </div>
   <div class='ocr_carea' id='block_1_75' title="bbox 207 4121 1804 4196">
    <p class='ocr_par' dir='ltr' id='par_1_75' title="bbox 207 4121 1804 4196">
     <span class='ocr_line' id='line_1_75' title="bbox 207 4121 1804 4196; baseline -0.001 -16"><span class='ocrx_word' id='word_1_527' title='bbox 207 4123 473 4180; x_wconf 91' lang='lat' dir='ltr'><strong>tulamur.</strong></span> <span class='ocrx_word' id='word_1_528' title='bbox 503 4122 623 4178; x_wconf 88' lang='lat' dir='ltr'><strong>Non</strong></span> <span class='ocrx_word' id='word_1_529' title='bbox 655 4121 798 4178; x_wconf 90' lang='lat' dir='ltr'><strong>enim</strong></span> <span class='ocrx_word' id='word_1_530' title='bbox 843 4124 1049 4178; x_wconf 89' lang='lat' dir='ltr'><strong>mortui</strong></span> <span class='ocrx_word' id='word_1_531' title='bbox 1098 4133 1248 4192; x_wconf 90' lang='lat' dir='ltr'><strong>sunt,</strong></span> <span class='ocrx_word' id='word_1_532' title='bbox 1281 4141 1514 4196; x_wconf 90' lang='lat' dir='ltr'><strong>quorum</strong></span> <span class='ocrx_word' id='word_1_533' title='bbox 1547 4139 1804 4180; x_wconf 89' lang='lat' dir='ltr'><strong>curamus</strong></span> 
     </span>
    </p>
   </div>
   <div class='ocr_carea' id='block_1_76' title="bbox 206 4212 1807 4286">
    <p class='ocr_par' dir='ltr' id='par_1_76' title="bbox 206 4212 1807 4286">
     <span class='ocr_line' id='line_1_76' title="bbox 206 4212 1807 4286; baseline -0.002 -16"><span class='ocrx_word' id='word_1_534' title='bbox 206 4212 445 4270; x_wconf 87' lang='lat' dir='ltr'><strong>natalem</strong></span> <span class='ocrx_word' id='word_1_535' title='bbox 477 4212 676 4269; x_wconf 89' lang='lat' dir='ltr'><strong>hodie:</strong></span> <span class='ocrx_word' id='word_1_536' title='bbox 711 4212 804 4269; x_wconf 90' lang='lat' dir='ltr'><strong>sed</strong></span> <span class='ocrx_word' id='word_1_537' title='bbox 835 4213 1011 4268; x_wconf 88' lang='lat' dir='ltr'><strong>renati</strong></span> <span class='ocrx_word' id='word_1_538' title='bbox 1043 4213 1240 4269; x_wconf 92' lang='lat' dir='ltr'><strong>vivunt</strong></span> <span class='ocrx_word' id='word_1_539' title='bbox 1281 4214 1443 4285; x_wconf 89' lang='lat' dir='ltr'><strong>plane</strong></span> <span class='ocrx_word' id='word_1_540' title='bbox 1488 4214 1603 4286; x_wconf 90' lang='lat'><strong>(79)</strong></span> <span class='ocrx_word' id='word_1_541' title='bbox 1631 4231 1644 4279; x_wconf 92' lang='lat'><strong>;</strong></span> <span class='ocrx_word' id='word_1_542' title='bbox 1677 4213 1807 4285; x_wconf 90' lang='lat' dir='ltr'><strong>quia</strong></span> 
     </span>
    </p>
   </div>
   <div class='ocr_carea' id='block_1_77' title="bbox 207 4301 1802 4376">
    <p class='ocr_par' dir='ltr' id='par_1_77' title="bbox 207 4301 1802 4376">
     <span class='ocr_line' id='line_1_77' title="bbox 207 4301 1802 4376; baseline -0.001 -17"><span class='ocrx_word' id='word_1_543' title='bbox 207 4302 505 4376; x_wconf 84' lang='lat' dir='ltr'><strong>participes</strong></span> <span class='ocrx_word' id='word_1_544' title='bbox 531 4302 709 4358; x_wconf 74' lang='lat' dir='ltr'><strong>eﬂ‘ecti</strong></span> <span class='ocrx_word' id='word_1_545' title='bbox 741 4310 871 4358; x_wconf 90' lang='lat' dir='ltr'><strong>sunt</strong></span> <span class='ocrx_word' id='word_1_546' title='bbox 908 4301 1138 4370; x_wconf 90' lang='lat' dir='ltr'><strong>Christi,</strong></span> <span class='ocrx_word' id='word_1_547' title='bbox 1159 4302 1250 4374; x_wconf 89' lang='lat' dir='ltr'><strong>qui</strong></span> <span class='ocrx_word' id='word_1_548' title='bbox 1275 4301 1393 4357; x_wconf 88' lang='lat' dir='ltr'><strong>vita</strong></span> <span class='ocrx_word' id='word_1_549' title='bbox 1420 4310 1501 4358; x_wconf 93' lang='lat' dir='ltr'><strong>est</strong></span> <span class='ocrx_word' id='word_1_550' title='bbox 1531 4301 1802 4358; x_wconf 91' lang='lat' dir='ltr'><strong>omnium.</strong></span> 
     </span>
    </p>
   </div>
   <div class='ocr_carea' id='block_1_78' title="bbox 206 4390 1804 4464">
    <p class='ocr_par' dir='ltr' id='par_1_78' title="bbox 206 4390 1804 4464">
     <span class='ocr_line' id='line_1_78' title="bbox 206 4390 1804 4464; baseline 0.001 -17"><span class='ocrx_word' id='word_1_551' title='bbox 206 4390 473 4459; x_wconf 87' lang='lat' dir='ltr'><strong>Quamvis</strong></span> <span class='ocrx_word' id='word_1_552' title='bbox 499 4391 650 4446; x_wconf 91' lang='lat' dir='ltr'><strong>enim</strong></span> <span class='ocrx_word' id='word_1_553' title='bbox 685 4407 919 4464; x_wconf 87' lang='lat' dir='ltr'><strong>corpora</strong></span> <span class='ocrx_word' id='word_1_554' title='bbox 960 4391 1212 4462; x_wconf 91' lang='lat' dir='ltr'><strong>passione</strong></span> <span class='ocrx_word' id='word_1_555' title='bbox 1239 4408 1377 4448; x_wconf 67' lang='lat' dir='ltr'><strong>cazsa</strong></span> <span class='ocrx_word' id='word_1_556' title='bbox 1404 4391 1538 4459; x_wconf 90' lang='lat' dir='ltr'><strong>sint,</strong></span> <span class='ocrx_word' id='word_1_557' title='bbox 1571 4392 1804 4448; x_wconf 85' lang='lat' dir='ltr'><strong>interru-</strong></span> 
     </span>
    </p>
   </div>
   <div class='ocr_carea' id='block_1_79' title="bbox 1916 3220 3500 3295">
    <p class='ocr_par' dir='ltr' id='par_1_79' title="bbox 1916 3220 3500 3295">
     <span class='ocr_line' id='line_1_79' title="bbox 1916 3220 3500 3295; baseline -0.002 -16"><span class='ocrx_word' id='word_1_558' title='bbox 1916 3222 2169 3291; x_wconf 87' lang='lat' dir='ltr'><strong>canibus,</strong></span> <span class='ocrx_word' id='word_1_559' title='bbox 2206 3237 2381 3295; x_wconf 91' lang='lat' dir='ltr'><strong>neque</strong></span> <span class='ocrx_word' id='word_1_560' title='bbox 2431 3221 2753 3294; x_wconf 88' lang='lat' dir='ltr'><strong>margaritas</strong></span> <span class='ocrx_word' id='word_1_561' title='bbox 2783 3220 3048 3293; x_wconf 89' lang='lat' dir='ltr'><strong>projicere</strong></span> <span class='ocrx_word' id='word_1_562' title='bbox 3091 3237 3383 3293; x_wconf 88' lang='lat' dir='ltr'><strong>porcorum</strong></span> <span class='ocrx_word' id='word_1_563' title='bbox 3412 3237 3500 3294; x_wconf 87' lang='lat' dir='ltr'><strong>pe-</strong></span> 
     </span>
    </p>
   </div>
   <div class='ocr_carea' id='block_1_80' title="bbox 1918 3310 3464 3388">
    <p class='ocr_par' dir='ltr' id='par_1_80' title="bbox 1918 3310 3464 3388">
     <span class='ocr_line' id='line_1_80' title="bbox 1918 3310 3464 3388; baseline -0.001 -20"><span class='ocrx_word' id='word_1_564' title='bbox 1918 3312 2082 3368; x_wconf 90' lang='lat' dir='ltr'><strong>dibus</strong></span> <span class='ocrx_word' id='word_1_565' title='bbox 2114 3311 2516 3368; x_wconf 88' lang='lat' dir='ltr'><strong>conculcandas</strong></span> <span class='ocrx_word' id='word_1_566' title='bbox 2547 3311 2765 3382; x_wconf 76' lang='lat' dir='ltr'><strong>(Matth.</strong></span> <span class='ocrx_word' id='word_1_567' title='bbox 2799 3327 2900 3379; x_wconf 86' lang='lat' dir='ltr'><strong>vn,</strong></span> <span class='ocrx_word' id='word_1_568' title='bbox 2941 3310 3021 3382; x_wconf 88' lang='lat'><strong>6).</strong></span> <span class='ocrx_word' id='word_1_569' title='bbox 3054 3335 3072 3360; x_wconf 75' lang='grc' dir='ltr'><strong><em>ι</em></strong></span> <span class='ocrx_word' id='word_1_570' title='bbox 3459 3385 3464 3388; x_wconf 91' lang='lat'><em>_</em></span> 
     </span>
    </p>
   </div>
   <div class='ocr_carea' id='block_1_81' title="bbox 1987 3399 3507 3473">
    <p class='ocr_par' dir='ltr' id='par_1_81' title="bbox 1987 3399 3507 3473">
     <span class='ocr_line' id='line_1_81' title="bbox 1987 3399 3507 3473; baseline -0.001 -15"><span class='ocrx_word' id='word_1_571' title='bbox 1987 3403 2041 3459; x_wconf 80' lang='lat'><strong>2.</strong></span> <span class='ocrx_word' id='word_1_572' title='bbox 2083 3400 2269 3457; x_wconf 89' lang='lat' dir='ltr'><strong>Perdit</strong></span> <span class='ocrx_word' id='word_1_573' title='bbox 2299 3400 2444 3456; x_wconf 90' lang='lat' dir='ltr'><strong>enim</strong></span> <span class='ocrx_word' id='word_1_574' title='bbox 2466 3399 2703 3456; x_wconf 65' lang='lat' dir='ltr'><strong>caelestis</strong></span> <span class='ocrx_word' id='word_1_575' title='bbox 2733 3399 3038 3472; x_wconf 70' lang='lat' dir='ltr'><strong>margaritae</strong></span> <span class='ocrx_word' id='word_1_576' title='bbox 3060 3400 3312 3473; x_wconf 88' lang='lat' dir='ltr'><strong>gratiam,</strong></span> <span class='ocrx_word' id='word_1_577' title='bbox 3346 3399 3507 3473; x_wconf 89' lang='lat' dir='ltr'><strong>quis-</strong></span> 
     </span>
    </p>
   </div>
   <div class='ocr_carea' id='block_1_82' title="bbox 1919 3488 3511 3563">
    <p class='ocr_par' dir='ltr' id='par_1_82' title="bbox 1919 3488 3511 3563">
     <span class='ocr_line' id='line_1_82' title="bbox 1919 3488 3511 3563; baseline 0.001 -18"><span class='ocrx_word' id='word_1_578' title='bbox 1919 3491 2041 3563; x_wconf 92' lang='lat' dir='ltr'><strong>quis</strong></span> <span class='ocrx_word' id='word_1_579' title='bbox 2095 3505 2215 3546; x_wconf 89' lang='lat' dir='ltr'><strong>eam</strong></span> <span class='ocrx_word' id='word_1_580' title='bbox 2273 3489 2577 3546; x_wconf 62' lang='lat' dir='ltr'><strong>foedissimo</strong></span> <span class='ocrx_word' id='word_1_581' title='bbox 2610 3489 2879 3562; x_wconf 89' lang='lat' dir='ltr'><strong>peccatori</strong></span> <span class='ocrx_word' id='word_1_582' title='bbox 2913 3489 3030 3561; x_wconf 88' lang='grc'><strong>(81)</strong></span> <span class='ocrx_word' id='word_1_583' title='bbox 3060 3488 3400 3546; x_wconf 88' lang='lat' dir='ltr'><strong>circumdare</strong></span> <span class='ocrx_word' id='word_1_584' title='bbox 3424 3505 3511 3546; x_wconf 86' lang='lat' dir='ltr'><strong>co-</strong></span> 
     </span>
    </p>
   </div>
   <div class='ocr_carea' id='block_1_83' title="bbox 1916 3577 3512 3651">
    <p class='ocr_par' dir='ltr' id='par_1_83' title="bbox 1916 3577 3512 3651">
     <span class='ocr_line' id='line_1_83' title="bbox 1916 3577 3512 3651; baseline 0 -15"><span class='ocrx_word' id='word_1_585' title='bbox 1916 3587 2115 3647; x_wconf 90' lang='lat' dir='ltr'><strong>natur;</strong></span> <span class='ocrx_word' id='word_1_586' title='bbox 2145 3595 2359 3651; x_wconf 88' lang='lat' dir='ltr'><strong>gemma</strong></span> <span class='ocrx_word' id='word_1_587' title='bbox 2387 3579 2558 3648; x_wconf 92' lang='lat' dir='ltr'><strong>enim,</strong></span> <span class='ocrx_word' id='word_1_588' title='bbox 2589 3578 2732 3635; x_wconf 91' lang='lat' dir='ltr'><strong>sicut</strong></span> <span class='ocrx_word' id='word_1_589' title='bbox 2763 3577 2866 3650; x_wconf 91' lang='lat' dir='ltr'><strong>ipsi</strong></span> <span class='ocrx_word' id='word_1_590' title='bbox 2897 3577 3072 3647; x_wconf 90' lang='lat' dir='ltr'><strong>scitis,</strong></span> <span class='ocrx_word' id='word_1_591' title='bbox 3104 3578 3213 3634; x_wconf 91' lang='lat' dir='ltr'><strong>nisi</strong></span> <span class='ocrx_word' id='word_1_592' title='bbox 3240 3595 3374 3636; x_wconf 90' lang='lat' dir='ltr'><strong>auro</strong></span> <span class='ocrx_word' id='word_1_593' title='bbox 3399 3595 3512 3636; x_wconf 90' lang='lat' dir='ltr'><strong>non</strong></span> 
     </span>
    </p>
   </div>
   <div class='ocr_carea' id='block_1_84' title="bbox 1917 3664 3511 3739">
    <p class='ocr_par' dir='ltr' id='par_1_84' title="bbox 1917 3664 3511 3739">
     <span class='ocr_line' id='line_1_84' title="bbox 1917 3664 3511 3739; baseline -0.003 -15"><span class='ocrx_word' id='word_1_594' title='bbox 1917 3666 2200 3735; x_wconf 89' lang='lat' dir='ltr'><strong>convenit,</strong></span> <span class='ocrx_word' id='word_1_595' title='bbox 2247 3666 2538 3739; x_wconf 89' lang='lat' dir='ltr'><strong>margarita</strong></span> <span class='ocrx_word' id='word_1_596' title='bbox 2596 3665 2703 3722; x_wconf 89' lang='lat' dir='ltr'><strong>nisi</strong></span> <span class='ocrx_word' id='word_1_597' title='bbox 2743 3666 2996 3738; x_wconf 91' lang='lat' dir='ltr'><strong>pretiosis</strong></span> <span class='ocrx_word' id='word_1_598' title='bbox 3052 3664 3355 3721; x_wconf 90' lang='lat' dir='ltr'><strong>monilibus</strong></span> <span class='ocrx_word' id='word_1_599' title='bbox 3400 3681 3511 3721; x_wconf 93' lang='lat' dir='ltr'><strong>non</strong></span> 
     </span>
    </p>
   </div>
   <div class='ocr_carea' id='block_1_85' title="bbox 1915 3755 3514 3830">
    <p class='ocr_par' dir='ltr' id='par_1_85' title="bbox 1915 3755 3514 3830">
     <span class='ocr_line' id='line_1_85' title="bbox 1915 3755 3514 3830; baseline -0.003 -17"><span class='ocrx_word' id='word_1_600' title='bbox 1915 3765 2152 3830; x_wconf 91' lang='lat' dir='ltr'><strong>aptatur.</strong></span> <span class='ocrx_word' id='word_1_601' title='bbox 2211 3757 2403 3812; x_wconf 90' lang='lat' dir='ltr'><strong>Estote</strong></span> <span class='ocrx_word' id='word_1_602' title='bbox 2437 3771 2564 3829; x_wconf 89' lang='lat' dir='ltr'><strong>ergo</strong></span> <span class='ocrx_word' id='word_1_603' title='bbox 2617 3768 2814 3812; x_wconf 79' lang='lat' dir='ltr'><strong>aurum</strong></span> <span class='ocrx_word' id='word_1_604' title='bbox 2844 3755 3136 3828; x_wconf 91' lang='lat' dir='ltr'><strong>optimum,</strong></span> <span class='ocrx_word' id='word_1_605' title='bbox 3167 3761 3314 3817; x_wconf 83' lang='lat'><strong>465</strong></span> <span class='ocrx_word' id='word_1_606' title='bbox 3341 3761 3514 3812; x_wconf 88' lang='lat' dir='ltr'><strong>estote</strong></span> 
     </span>
    </p>
   </div>
   <div class='ocr_carea' id='block_1_86' title="bbox 1916 3851 3515 3925">
    <p class='ocr_par' dir='ltr' id='par_1_86' title="bbox 1916 3851 3515 3925">
     <span class='ocr_line' id='line_1_86' title="bbox 1916 3851 3515 3925; baseline -0.001 -16"><span class='ocrx_word' id='word_1_607' title='bbox 1916 3855 2127 3909; x_wconf 90' lang='lat' dir='ltr'><strong>monile</strong></span> <span class='ocrx_word' id='word_1_608' title='bbox 2182 3853 2523 3925; x_wconf 87' lang='lat' dir='ltr'><strong>pretiosum;</strong></span> <span class='ocrx_word' id='word_1_609' title='bbox 2583 3859 2644 3907; x_wconf 94' lang='lat' dir='ltr'><strong>ut</strong></span> <span class='ocrx_word' id='word_1_610' title='bbox 2701 3853 2872 3924; x_wconf 89' lang='lat' dir='ltr'><strong>possit</strong></span> <span class='ocrx_word' id='word_1_611' title='bbox 2928 3852 2986 3906; x_wconf 91' lang='lat' dir='ltr'><strong>in</strong></span> <span class='ocrx_word' id='word_1_612' title='bbox 3026 3851 3184 3907; x_wconf 88' lang='lat' dir='ltr'><strong>vobis</strong></span> <span class='ocrx_word' id='word_1_613' title='bbox 3220 3852 3515 3924; x_wconf 86' lang='lat' dir='ltr'><strong>margarita</strong></span> 
     </span>
    </p>
   </div>
   <div class='ocr_carea' id='block_1_87' title="bbox 1915 3941 3512 4016">
    <p class='ocr_par' dir='ltr' id='par_1_87' title="bbox 1915 3941 3512 4016">
     <span class='ocr_line' id='line_1_87' title="bbox 1915 3941 3512 4016; baseline 0 -17"><span class='ocrx_word' id='word_1_614' title='bbox 1915 3943 2185 4016; x_wconf 89' lang='lat' dir='ltr'><strong>spiritalis</strong></span> <span class='ocrx_word' id='word_1_615' title='bbox 2242 3943 2476 3998; x_wconf 91' lang='lat' dir='ltr'><strong>includi.</strong></span> <span class='ocrx_word' id='word_1_616' title='bbox 2518 3943 2810 4013; x_wconf 88' lang='lat' dir='ltr'><strong>Margarita</strong></span> <span class='ocrx_word' id='word_1_617' title='bbox 2842 3943 2990 3998; x_wconf 90' lang='lat' dir='ltr'><strong>enim</strong></span> <span class='ocrx_word' id='word_1_618' title='bbox 3022 3941 3273 4000; x_wconf 90' lang='lat' dir='ltr'><strong>Christus</strong></span> <span class='ocrx_word' id='word_1_619' title='bbox 3300 3950 3380 3998; x_wconf 90' lang='lat' dir='ltr'><strong>est</strong></span> <span class='ocrx_word' id='word_1_620' title='bbox 3408 3943 3512 3999; x_wconf 84' lang='lat' dir='ltr'><strong>Do-</strong></span> 
     </span>
    </p>
   </div>
   <div class='ocr_carea' id='block_1_88' title="bbox 1917 4031 3512 4118">
    <p class='ocr_par' dir='ltr' id='par_1_88' title="bbox 1917 4031 3512 4118">
     <span class='ocr_line' id='line_1_88' title="bbox 1917 4031 3512 4118; baseline 0.001 -31"><span class='ocrx_word' id='word_1_621' title='bbox 1917 4033 2123 4098; x_wconf 85' lang='lat' dir='ltr'><strong>minus,</strong></span> <span class='ocrx_word' id='word_1_622' title='bbox 2179 4048 2342 4104; x_wconf 90' lang='lat' dir='ltr'><strong>quam</strong></span> <span class='ocrx_word' id='word_1_623' title='bbox 2401 4032 2713 4103; x_wconf 90' lang='lat' dir='ltr'><strong>negotiator</strong></span> <span class='ocrx_word' id='word_1_624' title='bbox 2783 4032 2877 4087; x_wconf 93' lang='lat' dir='ltr'><strong>ille</strong></span> <span class='ocrx_word' id='word_1_625' title='bbox 2921 4032 3075 4088; x_wconf 88' lang='lat' dir='ltr'><strong>dives</strong></span> <span class='ocrx_word' id='word_1_626' title='bbox 3103 4032 3162 4087; x_wconf 93' lang='lat' dir='ltr'><strong>in</strong></span> <span class='ocrx_word' id='word_1_627' title='bbox 3190 4031 3512 4118; x_wconf 58' lang='lat' dir='ltr'><strong>Evangelia,</strong></span> 
     </span>
    </p>
   </div>
   <div class='ocr_carea' id='block_1_89' title="bbox 1917 4121 3511 4195">
    <p class='ocr_par' dir='ltr' id='par_1_89' title="bbox 1917 4121 3511 4195">
     <span class='ocr_line' id='line_1_89' title="bbox 1917 4121 3511 4195; baseline -0.001 -15"><span class='ocrx_word' id='word_1_628' title='bbox 1917 4122 2160 4180; x_wconf 90' lang='lat' dir='ltr'><strong>venditis</strong></span> <span class='ocrx_word' id='word_1_629' title='bbox 2191 4121 2451 4178; x_wconf 91' lang='lat' dir='ltr'><strong>omnibus</strong></span> <span class='ocrx_word' id='word_1_630' title='bbox 2471 4122 2633 4178; x_wconf 91' lang='lat' dir='ltr'><strong>rebus</strong></span> <span class='ocrx_word' id='word_1_631' title='bbox 2660 4122 2978 4192; x_wconf 89' lang='lat' dir='ltr'><strong>suis,emere</strong></span> <span class='ocrx_word' id='word_1_632' title='bbox 3000 4122 3511 4195; x_wconf 80' lang='lat' dir='ltr'><strong>festinavit(Matth.</strong></span> 
     </span>
    </p>
   </div>
   <div class='ocr_carea' id='block_1_90' title="bbox 1917 4212 3514 4288">
    <p class='ocr_par' dir='ltr' id='par_1_90' title="bbox 1917 4212 3514 4288">
     <span class='ocr_line' id='line_1_90' title="bbox 1917 4212 3514 4288; baseline -0.001 -18"><span class='ocrx_word' id='word_1_633' title='bbox 1917 4212 2167 4285; x_wconf 66' lang='lat' dir='ltr'><strong>xm,46),</strong></span> <span class='ocrx_word' id='word_1_634' title='bbox 2191 4220 2245 4268; x_wconf 89' lang='lat' dir='ltr'><strong>et</strong></span> <span class='ocrx_word' id='word_1_635' title='bbox 2275 4213 2472 4269; x_wconf 88' lang='lat' dir='ltr'><strong>maluit</strong></span> <span class='ocrx_word' id='word_1_636' title='bbox 2500 4230 2690 4270; x_wconf 91' lang='lat' dir='ltr'><strong>omnes</strong></span> <span class='ocrx_word' id='word_1_637' title='bbox 2716 4231 2850 4288; x_wconf 89' lang='lat' dir='ltr'><strong>quas</strong></span> <span class='ocrx_word' id='word_1_638' title='bbox 2875 4214 3126 4285; x_wconf 86' lang='lat' dir='ltr'><strong>habebat,</strong></span> <span class='ocrx_word' id='word_1_639' title='bbox 3155 4214 3342 4272; x_wconf 85' lang='lat' dir='ltr'><strong>saeculi</strong></span> <span class='ocrx_word' id='word_1_640' title='bbox 3371 4229 3514 4286; x_wconf 88' lang='lat' dir='ltr'><strong>gem-</strong></span> 
     </span>
    </p>
   </div>
   <div class='ocr_carea' id='block_1_91' title="bbox 1920 4302 3514 4373">
    <p class='ocr_par' dir='ltr' id='par_1_91' title="bbox 1920 4302 3514 4373">
     <span class='ocr_line' id='line_1_91' title="bbox 1920 4302 3514 4373; baseline 0.001 -16"><span class='ocrx_word' id='word_1_641' title='bbox 1920 4319 2034 4358; x_wconf 90' lang='lat' dir='ltr'><strong>mas</strong></span> <span class='ocrx_word' id='word_1_642' title='bbox 2067 4302 2344 4373; x_wconf 89' lang='lat' dir='ltr'><strong>amittere,</strong></span> <span class='ocrx_word' id='word_1_643' title='bbox 2369 4310 2582 4361; x_wconf 88' lang='lat' dir='ltr'><strong>tantum</strong></span> <span class='ocrx_word' id='word_1_644' title='bbox 2609 4313 2670 4362; x_wconf 91' lang='lat' dir='ltr'><strong>ut</strong></span> <span class='ocrx_word' id='word_1_645' title='bbox 2707 4321 2875 4361; x_wconf 90' lang='lat' dir='ltr'><strong>unam</strong></span> <span class='ocrx_word' id='word_1_646' title='bbox 2909 4303 3114 4363; x_wconf 85' lang='lat' dir='ltr'><strong>Christi</strong></span> <span class='ocrx_word' id='word_1_647' title='bbox 3140 4311 3344 4361; x_wconf 87' lang='lat' dir='ltr'><strong>emeret</strong></span> <span class='ocrx_word' id='word_1_648' title='bbox 3374 4319 3514 4359; x_wconf 86' lang='lat' dir='ltr'><strong>mar-</strong></span> 
     </span>
    </p>
   </div>
   <div class='ocr_carea' id='block_1_92' title="bbox 1919 4392 2172 4465">
    <p class='ocr_par' dir='ltr' id='par_1_92' title="bbox 1919 4392 2172 4465">
     <span class='ocr_line' id='line_1_92' title="bbox 1919 4392 2172 4465; baseline -0.008 -17"><span class='ocrx_word' id='word_1_649' title='bbox 1919 4392 2150 4465; x_wconf 87' lang='lat' dir='ltr'><strong>garitam</strong></span> <span class='ocrx_word' id='word_1_650' title='bbox 2161 4435 2172 4446; x_wconf 97' lang='lat'><strong>.</strong></span> 
     </span>
    </p>
   </div>
   <div class='ocr_carea' id='block_1_93' title="bbox 209 4479 3516 4558">
    <p class='ocr_par' dir='ltr' id='par_1_93' title="bbox 209 4479 3516 4558">
     <span class='ocr_line' id='line_1_93' title="bbox 209 4479 3516 4558; baseline -0.001 -21"><span class='ocrx_word' id='word_1_651' title='bbox 209 4489 333 4554; x_wconf 88' lang='lat' dir='ltr'><strong>ptus</strong></span> <span class='ocrx_word' id='word_1_652' title='bbox 361 4487 544 4536; x_wconf 89' lang='lat' dir='ltr'><strong>tamen</strong></span> <span class='ocrx_word' id='word_1_653' title='bbox 576 4496 688 4536; x_wconf 88' lang='lat' dir='ltr'><strong>non</strong></span> <span class='ocrx_word' id='word_1_654' title='bbox 718 4489 798 4537; x_wconf 89' lang='lat' dir='ltr'><strong>est</strong></span> <span class='ocrx_word' id='word_1_655' title='bbox 817 4479 952 4537; x_wconf 88' lang='lat' dir='ltr'><strong>ordo</strong></span> <span class='ocrx_word' id='word_1_656' title='bbox 977 4480 1204 4536; x_wconf 90' lang='lat' dir='ltr'><strong>vivendi</strong></span> <span class='ocrx_word' id='word_1_657' title='bbox 1239 4481 1354 4554; x_wconf 89' lang='lat'><strong>(80)</strong></span> <span class='ocrx_word' id='word_1_658' title='bbox 1382 4500 1394 4549; x_wconf 92' lang='lat'><strong>;</strong></span> <span class='ocrx_word' id='word_1_659' title='bbox 1420 4480 1629 4554; x_wconf 88' lang='lat' dir='ltr'><strong>jugiter</strong></span> <span class='ocrx_word' id='word_1_660' title='bbox 1657 4482 1805 4539; x_wconf 89' lang='lat' dir='ltr'><strong>enim</strong></span> <span class='ocrx_word' id='word_1_661' title='bbox 1839 4499 1890 4558; x_wconf 82' lang='lat' dir='ltr'><strong>D</strong></span> <span class='ocrx_word' id='word_1_662' title='bbox 1993 4484 2046 4539; x_wconf 94' lang='lat'><strong>3.</strong></span> <span class='ocrx_word' id='word_1_663' title='bbox 2110 4480 2262 4538; x_wconf 90' lang='lat' dir='ltr'><strong>Unde</strong></span> <span class='ocrx_word' id='word_1_664' title='bbox 2317 4491 2370 4540; x_wconf 95' lang='lat' dir='ltr'><strong>et</strong></span> <span class='ocrx_word' id='word_1_665' title='bbox 2427 4499 2545 4556; x_wconf 89' lang='lat' dir='ltr'><strong>ego,</strong></span> <span class='ocrx_word' id='word_1_666' title='bbox 2601 4484 2816 4554; x_wconf 87' lang='lat' dir='ltr'><strong>fratres,</strong></span> <span class='ocrx_word' id='word_1_667' title='bbox 2847 4501 2946 4556; x_wconf 90' lang='lat' dir='ltr'><strong>pro</strong></span> <span class='ocrx_word' id='word_1_668' title='bbox 2976 4482 3372 4557; x_wconf 85' lang='lat' dir='ltr'><strong>magnitudine,</strong></span> <span class='ocrx_word' id='word_1_669' title='bbox 3406 4496 3516 4553; x_wconf 90' lang='lat' dir='ltr'><strong>quo</strong></span> 
     </span>
    </p>
   </div>
   <div class='ocr_carea' id='block_1_94' title="bbox 208 4569 1805 4642">
    <p class='ocr_par' dir='ltr' id='par_1_94' title="bbox 208 4569 1805 4642">
     <span class='ocr_line' id='line_1_94' title="bbox 208 4569 1805 4642; baseline 0 -14"><span class='ocrx_word' id='word_1_670' title='bbox 208 4581 261 4628; x_wconf 90' lang='lat' dir='ltr'><strong>et</strong></span> <span class='ocrx_word' id='word_1_671' title='bbox 287 4572 403 4627; x_wconf 92' lang='lat' dir='ltr'><strong>Deo</strong></span> <span class='ocrx_word' id='word_1_672' title='bbox 451 4569 650 4642; x_wconf 86' lang='lat' dir='ltr'><strong>gratias</strong></span> <span class='ocrx_word' id='word_1_673' title='bbox 678 4578 866 4642; x_wconf 90' lang='lat' dir='ltr'><strong>agunt,</strong></span> <span class='ocrx_word' id='word_1_674' title='bbox 917 4577 970 4626; x_wconf 89' lang='lat' dir='ltr'><strong>et</strong></span> <span class='ocrx_word' id='word_1_675' title='bbox 999 4570 1188 4627; x_wconf 92' lang='lat' dir='ltr'><strong>laudes</strong></span> <span class='ocrx_word' id='word_1_676' title='bbox 1217 4571 1491 4628; x_wconf 90' lang='lat' dir='ltr'><strong>Salvatori</strong></span> <span class='ocrx_word' id='word_1_677' title='bbox 1522 4572 1767 4628; x_wconf 85' lang='lat' dir='ltr'><strong>referunt</strong></span> <span class='ocrx_word' id='word_1_678' title='bbox 1792 4591 1805 4639; x_wconf 94' lang='lat'><strong>;</strong></span> 
     </span>
    </p>
   </div>
   <div class='ocr_carea' id='block_1_95' title="bbox 209 4658 1808 4733">
    <p class='ocr_par' dir='ltr' id='par_1_95' title="bbox 209 4658 1808 4733">
     <span class='ocr_line' id='line_1_95' title="bbox 209 4658 1808 4733; baseline 0.001 -18"><span class='ocrx_word' id='word_1_679' title='bbox 209 4659 317 4716; x_wconf 89' lang='lat' dir='ltr'><strong>nisi</strong></span> <span class='ocrx_word' id='word_1_680' title='bbox 349 4659 497 4732; x_wconf 90' lang='lat' dir='ltr'><strong>quod</strong></span> <span class='ocrx_word' id='word_1_681' title='bbox 536 4661 778 4718; x_wconf 86' lang='lat' dir='ltr'><strong>resoluta</strong></span> <span class='ocrx_word' id='word_1_682' title='bbox 823 4658 1196 4714; x_wconf 89' lang='lat' dir='ltr'><strong>membrorum</strong></span> <span class='ocrx_word' id='word_1_683' title='bbox 1230 4660 1466 4729; x_wconf 89' lang='lat' dir='ltr'><strong>sarcina,</strong></span> <span class='ocrx_word' id='word_1_684' title='bbox 1508 4662 1681 4733; x_wconf 89' lang='lat' dir='ltr'><strong>magis</strong></span> <span class='ocrx_word' id='word_1_685' title='bbox 1719 4662 1808 4717; x_wconf 88' lang='lat' dir='ltr'><strong>ad-</strong></span> 
     </span>
    </p>
   </div>
   <div class='ocr_carea' id='block_1_96' title="bbox 209 4746 1811 4821">
    <p class='ocr_par' dir='ltr' id='par_1_96' title="bbox 209 4746 1811 4821">
     <span class='ocr_line' id='line_1_96' title="bbox 209 4746 1811 4821; baseline 0.002 -18"><span class='ocrx_word' id='word_1_686' title='bbox 209 4746 423 4804; x_wconf 71' lang='lat' dir='ltr'><strong>haerent</strong></span> <span class='ocrx_word' id='word_1_687' title='bbox 463 4747 706 4818; x_wconf 89' lang='lat' dir='ltr'><strong>Christo,</strong></span> <span class='ocrx_word' id='word_1_688' title='bbox 739 4748 882 4804; x_wconf 89' lang='lat' dir='ltr'><strong>sicut</strong></span> <span class='ocrx_word' id='word_1_689' title='bbox 911 4748 989 4803; x_wconf 91' lang='lat' dir='ltr'><strong>ait</strong></span> <span class='ocrx_word' id='word_1_690' title='bbox 1035 4747 1234 4804; x_wconf 87' lang='lat' dir='ltr'><strong>Paulus</strong></span> <span class='ocrx_word' id='word_1_691' title='bbox 1271 4751 1551 4821; x_wconf 89' lang='lat' dir='ltr'><strong>apostolus</strong></span> <span class='ocrx_word' id='word_1_692' title='bbox 1581 4768 1592 4804; x_wconf 90' lang='lat'><em>:</em></span> <span class='ocrx_word' id='word_1_693' title='bbox 1643 4775 1660 4797; x_wconf 78' lang='grc' dir='ltr'>ι</span> <span class='ocrx_word' id='word_1_694' title='bbox 1691 4750 1811 4806; x_wconf 90' lang='lat' dir='ltr'><strong>Dis-</strong></span> 
     </span>
    </p>
   </div>
   <div class='ocr_carea' id='block_1_97' title="bbox 210 4837 1807 4910">
    <p class='ocr_par' dir='ltr' id='par_1_97' title="bbox 210 4837 1807 4910">
     <span class='ocr_line' id='line_1_97' title="bbox 210 4837 1807 4910; baseline -0.001 -17"><span class='ocrx_word' id='word_1_695' title='bbox 210 4838 372 4904; x_wconf 85' lang='lat' dir='ltr'><strong>solvi,</strong></span> <span class='ocrx_word' id='word_1_696' title='bbox 421 4844 476 4892; x_wconf 92' lang='lat' dir='ltr'><strong>et</strong></span> <span class='ocrx_word' id='word_1_697' title='bbox 513 4854 639 4893; x_wconf 91' lang='lat' dir='ltr'><strong>cum</strong></span> <span class='ocrx_word' id='word_1_698' title='bbox 672 4837 893 4894; x_wconf 88' lang='lat' dir='ltr'><strong>Christo</strong></span> <span class='ocrx_word' id='word_1_699' title='bbox 923 4852 1059 4904; x_wconf 90' lang='lat' dir='ltr'><strong>esse,</strong></span> <span class='ocrx_word' id='word_1_700' title='bbox 1092 4838 1268 4893; x_wconf 89' lang='lat' dir='ltr'><strong>multo</strong></span> <span class='ocrx_word' id='word_1_701' title='bbox 1314 4838 1512 4894; x_wconf 90' lang='lat' dir='ltr'><strong>melius</strong></span> <span class='ocrx_word' id='word_1_702' title='bbox 1545 4839 1807 4910; x_wconf 81' lang='lat' dir='ltr'><strong>(Philipp.</strong></span> 
     </span>
    </p>
   </div>
   <div class='ocr_carea' id='block_1_98' title="bbox 212 4926 1810 5001">
    <p class='ocr_par' dir='ltr' id='par_1_98' title="bbox 212 4926 1810 5001">
     <span class='ocr_line' id='line_1_98' title="bbox 212 4926 1810 5001; baseline 0.001 -18"><span class='ocrx_word' id='word_1_703' title='bbox 212 4945 252 4996; x_wconf 83' lang='grc' dir='ltr'><strong>ι,</strong></span> <span class='ocrx_word' id='word_1_704' title='bbox 285 4927 402 4999; x_wconf 78' lang='lat'><strong>23).</strong></span> <span class='ocrx_word' id='word_1_705' title='bbox 445 4952 464 4977; x_wconf 74' lang='grc' dir='ltr'><strong><em>ι</em></strong></span> <span class='ocrx_word' id='word_1_706' title='bbox 513 4928 633 4984; x_wconf 88' lang='lat' dir='ltr'><strong>Non</strong></span> <span class='ocrx_word' id='word_1_707' title='bbox 665 4944 792 5001; x_wconf 89' lang='lat' dir='ltr'><strong>ergo</strong></span> <span class='ocrx_word' id='word_1_708' title='bbox 823 4926 1056 4983; x_wconf 89' lang='lat' dir='ltr'><strong>dicenda</strong></span> <span class='ocrx_word' id='word_1_709' title='bbox 1097 4936 1180 4983; x_wconf 90' lang='lat' dir='ltr'><strong>est</strong></span> <span class='ocrx_word' id='word_1_710' title='bbox 1231 4944 1397 4995; x_wconf 90' lang='lat' dir='ltr'><strong>mors,</strong></span> <span class='ocrx_word' id='word_1_711' title='bbox 1440 4945 1547 5000; x_wconf 90' lang='lat' dir='ltr'><strong>qua</strong></span> <span class='ocrx_word' id='word_1_712' title='bbox 1576 4929 1810 4984; x_wconf 90' lang='lat' dir='ltr'><strong>interve-</strong></span> 
     </span>
    </p>
   </div>
   <div class='ocr_carea' id='block_1_99' title="bbox 211 5020 1812 5094">
    <p class='ocr_par' dir='ltr' id='par_1_99' title="bbox 211 5020 1812 5094">
     <span class='ocr_line' id='line_1_99' title="bbox 211 5020 1812 5094; baseline 0.001 -18"><span class='ocrx_word' id='word_1_713' title='bbox 211 5020 420 5091; x_wconf 91' lang='lat' dir='ltr'><strong>niente,</strong></span> <span class='ocrx_word' id='word_1_714' title='bbox 451 5036 703 5078; x_wconf 91' lang='lat' dir='ltr'><strong>caremus</strong></span> <span class='ocrx_word' id='word_1_715' title='bbox 740 5021 1202 5094; x_wconf 90' lang='lat' dir='ltr'><strong>persecutoribus,</strong></span> <span class='ocrx_word' id='word_1_716' title='bbox 1250 5030 1302 5077; x_wconf 92' lang='lat' dir='ltr'><strong>et</strong></span> <span class='ocrx_word' id='word_1_717' title='bbox 1333 5020 1553 5078; x_wconf 90' lang='lat' dir='ltr'><strong>Christo</strong></span> <span class='ocrx_word' id='word_1_718' title='bbox 1582 5039 1812 5079; x_wconf 86' lang='lat' dir='ltr'><strong>connec-</strong></span> 
     </span>
    </p>
   </div>
   <div class='ocr_carea' id='block_1_100' title="bbox 212 5110 1814 5185">
    <p class='ocr_par' dir='ltr' id='par_1_100' title="bbox 212 5110 1814 5185">
     <span class='ocr_line' id='line_1_100' title="bbox 212 5110 1814 5185; baseline 0.002 -20"><span class='ocrx_word' id='word_1_719' title='bbox 212 5110 402 5169; x_wconf 91' lang='lat' dir='ltr'><strong>timur.</strong></span> <span class='ocrx_word' id='word_1_720' title='bbox 436 5112 559 5169; x_wconf 90' lang='lat' dir='ltr'><strong>Non</strong></span> <span class='ocrx_word' id='word_1_721' title='bbox 603 5119 688 5168; x_wconf 89' lang='lat' dir='ltr'><strong>est</strong></span> <span class='ocrx_word' id='word_1_722' title='bbox 734 5111 895 5184; x_wconf 90' lang='lat' dir='ltr'><strong>plane</strong></span> <span class='ocrx_word' id='word_1_723' title='bbox 925 5111 1159 5171; x_wconf 89' lang='lat' dir='ltr'><strong>dicenda</strong></span> <span class='ocrx_word' id='word_1_724' title='bbox 1211 5128 1380 5181; x_wconf 90' lang='lat' dir='ltr'><strong>mors,</strong></span> <span class='ocrx_word' id='word_1_725' title='bbox 1433 5128 1554 5185; x_wconf 70' lang='lat' dir='ltr'><strong>quae</strong></span> <span class='ocrx_word' id='word_1_726' title='bbox 1593 5111 1814 5170; x_wconf 89' lang='lat' dir='ltr'><strong>Christo</strong></span> 
     </span>
    </p>
   </div>
   <div class='ocr_carea' id='block_1_101' title="bbox 255 5272 1817 5353">
    <p class='ocr_par' dir='ltr' id='par_1_101' title="bbox 255 5272 1817 5353">
     <span class='ocr_line' id='line_1_101' title="bbox 255 5272 1817 5353; baseline 0.001 -24"><span class='ocrx_word' id='word_1_727' title='bbox 255 5272 402 5353; x_wconf 42' lang='grc'>,(78)</span> <span class='ocrx_word' id='word_1_728' title='bbox 452 5272 640 5353; x_wconf 76' lang='lat' dir='ltr'><strong>Iidem</strong></span> <span class='ocrx_word' id='word_1_729' title='bbox 818 5273 1122 5353; x_wconf 83' lang='lat' dir='ltr'><strong>omi_ttur_1t_:</strong></span> <span class='ocrx_word' id='word_1_730' title='bbox 1174 5274 1417 5353; x_wconf 88' lang='lat' dir='ltr'><strong>Leg_imus</strong></span> <span class='ocrx_word' id='word_1_731' title='bbox 1568 5275 1817 5353; x_wconf 75' lang='lat' dir='ltr'><strong>Scriptu-</strong></span> 
     </span>
    </p>
   </div>
   <div class='ocr_carea' id='block_1_102' title="bbox 469 5345 1818 5403">
    <p class='ocr_par' dir='ltr' id='par_1_102' title="bbox 469 5345 1818 5403">
     <span class='ocr_line' id='line_1_102' title="bbox 469 5345 1818 5403; baseline 0.002 -4"><span class='ocrx_word' id='word_1_732' title='bbox 469 5345 855 5402; x_wconf 81' lang='lat' dir='ltr'><strong>subministrat.</strong></span> <span class='ocrx_word' id='word_1_733' title='bbox 905 5346 979 5402; x_wconf 90' lang='lat' dir='ltr'><strong>Et</strong></span> <span class='ocrx_word' id='word_1_734' title='bbox 1027 5345 1209 5402; x_wconf 87' lang='lat' dir='ltr'><strong>infra:</strong></span> <span class='ocrx_word' id='word_1_735' title='bbox 1246 5347 1386 5402; x_wconf 86' lang='lat' dir='ltr'><strong>Bene</strong></span> <span class='ocrx_word' id='word_1_736' title='bbox 1424 5347 1504 5401; x_wconf 83' lang='lat' dir='ltr'><strong>ait</strong></span> <span class='ocrx_word' id='word_1_737' title='bbox 1528 5345 1818 5403; x_wconf 80' lang='lat' dir='ltr'><strong>ascendisse</strong></span> 
     </span>
    </p>
   </div>
   <div class='ocr_carea' id='block_1_103' title="bbox 287 5458 1817 5560">
    <p class='ocr_par' dir='ltr' id='par_1_103' title="bbox 287 5485 1817 5560">
     <span class='ocr_line' id='line_1_103' title="bbox 287 5485 1817 5560; baseline 0.003 -17"><span class='ocrx_word' id='word_1_738' title='bbox 287 5485 840 5560; x_wconf 16' lang='lat' dir='ltr'><strong>(79)70mnes_edit.,</strong></span> <span class='ocrx_word' id='word_1_739' title='bbox 896 5488 1097 5560; x_wconf 83' lang='lat' dir='ltr'><strong>vivunt</strong></span> <span class='ocrx_word' id='word_1_740' title='bbox 1117 5505 1283 5560; x_wconf 82' lang='lat' dir='ltr'><strong>pane;</strong></span> <span class='ocrx_word' id='word_1_741' title='bbox 1332 5503 1524 5544; x_wconf 88' lang='lat' dir='ltr'><strong>omnes</strong></span> <span class='ocrx_word' id='word_1_742' title='bbox 1561 5506 1715 5558; x_wconf 88' lang='lat' dir='ltr'><strong>mss.,</strong></span> <span class='ocrx_word' id='word_1_743' title='bbox 1744 5491 1817 5547; x_wconf 87' lang='lat' dir='ltr'><strong>vi-</strong></span> 
     </span>
    </p>
   </div>
   <div class='ocr_carea' id='block_1_104' title="bbox 216 5557 1818 5638">
    <p class='ocr_par' dir='ltr' id='par_1_104' title="bbox 216 5557 1818 5638">
     <span class='ocr_line' id='line_1_104' title="bbox 216 5557 1818 5638; baseline 0.003 -26"><span class='ocrx_word' id='word_1_744' title='bbox 216 5557 341 5613; x_wconf 73' lang='lat' dir='ltr'><strong>vunt</strong></span> <span class='ocrx_word' id='word_1_745' title='bbox 360 5557 549 5638; x_wconf 74' lang='lat' dir='ltr'><strong>plane.</strong></span> <span class='ocrx_word' id='word_1_746' title='bbox 581 5557 733 5614; x_wconf 86' lang='lat' dir='ltr'><strong>Infra</strong></span> <span class='ocrx_word' id='word_1_747' title='bbox 756 5574 888 5616; x_wconf 88' lang='lat' dir='ltr'><strong>vero</strong></span> <span class='ocrx_word' id='word_1_748' title='bbox 919 5559 1056 5618; x_wconf 90' lang='lat' dir='ltr'><strong>edit.</strong></span> <span class='ocrx_word' id='word_1_749' title='bbox 1089 5557 1248 5619; x_wconf 80' lang='lat' dir='ltr'><strong>Rom.</strong></span> <span class='ocrx_word' id='word_1_750' title='bbox 1281 5561 1416 5629; x_wconf 87' lang='lat' dir='ltr'><strong>sola,</strong></span> <span class='ocrx_word' id='word_1_751' title='bbox 1449 5561 1542 5631; x_wconf 85' lang='lat' dir='ltr'><strong>qui</strong></span> <span class='ocrx_word' id='word_1_752' title='bbox 1564 5557 1724 5633; x_wconf 87' lang='lat' dir='ltr'><strong>panis</strong></span> <span class='ocrx_word' id='word_1_753' title='bbox 1743 5562 1818 5617; x_wconf 86' lang='lat' dir='ltr'><strong>vi-</strong></span> 
     </span>
    </p>
   </div>
   <div class='ocr_carea' id='block_1_105' title="bbox 217 5636 650 5706">
    <p class='ocr_par' dir='ltr' id='par_1_105' title="bbox 217 5636 650 5706">
     <span class='ocr_line' id='line_1_105' title="bbox 217 5636 650 5706; baseline -0.007 -19"><span class='ocrx_word' id='word_1_754' title='bbox 217 5646 271 5706; x_wconf 64' lang='grc' dir='ltr'><em>ια</em></span> <span class='ocrx_word' id='word_1_755' title='bbox 296 5636 372 5686; x_wconf 86' lang='lat' dir='ltr'><strong>est</strong></span> <span class='ocrx_word' id='word_1_756' title='bbox 393 5636 650 5685; x_wconf 83' lang='lat' dir='ltr'><strong>omnium.</strong></span> 
     </span>
    </p>
   </div>
   <div class='ocr_carea' id='block_1_106' title="bbox 1919 4572 3515 4644">
    <p class='ocr_par' dir='ltr' id='par_1_106' title="bbox 1919 4572 3515 4644">
     <span class='ocr_line' id='line_1_106' title="bbox 1919 4572 3515 4644; baseline -0.002 -16"><span class='ocrx_word' id='word_1_757' title='bbox 1919 4572 2339 4642; x_wconf 89' lang='lat' dir='ltr'><strong>commiseratis,</strong></span> <span class='ocrx_word' id='word_1_758' title='bbox 2379 4573 2592 4640; x_wconf 91' lang='lat' dir='ltr'><strong>delicti,</strong></span> <span class='ocrx_word' id='word_1_759' title='bbox 2635 4574 2789 4629; x_wconf 89' lang='lat' dir='ltr'><strong>nolui</strong></span> <span class='ocrx_word' id='word_1_760' title='bbox 2833 4573 2990 4630; x_wconf 89' lang='lat' dir='ltr'><strong>vobis</strong></span> <span class='ocrx_word' id='word_1_761' title='bbox 3021 4572 3258 4644; x_wconf 89' lang='lat' dir='ltr'><strong>pandere</strong></span> <span class='ocrx_word' id='word_1_762' title='bbox 3287 4585 3515 4640; x_wconf 89' lang='lat' dir='ltr'><strong>evange-</strong></span> 
     </span>
    </p>
   </div>
   <div class='ocr_carea' id='block_1_107' title="bbox 1920 4657 3514 4733">
    <p class='ocr_par' dir='ltr' id='par_1_107' title="bbox 1920 4657 3514 4733">
     <span class='ocr_line' id='line_1_107' title="bbox 1920 4657 3514 4733; baseline -0.001 -17"><span class='ocrx_word' id='word_1_763' title='bbox 1920 4662 2038 4717; x_wconf 60' lang='lat' dir='ltr'><strong>lica</strong></span> <span class='ocrx_word' id='word_1_764' title='bbox 2096 4662 2417 4717; x_wconf 89' lang='lat' dir='ltr'><strong>refectionis</strong></span> <span class='ocrx_word' id='word_1_765' title='bbox 2456 4661 2705 4733; x_wconf 89' lang='lat' dir='ltr'><strong>eloquia;</strong></span> <span class='ocrx_word' id='word_1_766' title='bbox 2757 4661 2852 4717; x_wconf 90' lang='lat' dir='ltr'><strong>sed</strong></span> <span class='ocrx_word' id='word_1_767' title='bbox 2908 4660 3082 4731; x_wconf 85' lang='lat' dir='ltr'><strong>magis</strong></span> <span class='ocrx_word' id='word_1_768' title='bbox 3127 4660 3371 4731; x_wconf 89' lang='lat' dir='ltr'><strong>ingerere</strong></span> <span class='ocrx_word' id='word_1_769' title='bbox 3401 4657 3514 4714; x_wconf 88' lang='lat' dir='ltr'><strong>ani-</strong></span> 
     </span>
    </p>
   </div>
   <div class='ocr_carea' id='block_1_108' title="bbox 1922 4746 3520 4820">
    <p class='ocr_par' dir='ltr' id='par_1_108' title="bbox 1922 4746 3520 4820">
     <span class='ocr_line' id='line_1_108' title="bbox 1922 4746 3520 4820; baseline -0.001 -16"><span class='ocrx_word' id='word_1_770' title='bbox 1922 4766 2086 4805; x_wconf 80' lang='lat' dir='ltr'><strong>mosae</strong></span> <span class='ocrx_word' id='word_1_771' title='bbox 2118 4749 2517 4820; x_wconf 89' lang='lat' dir='ltr'><strong>indignationis</strong></span> <span class='ocrx_word' id='word_1_772' title='bbox 2549 4748 2832 4819; x_wconf 89' lang='lat' dir='ltr'><strong>injuriam,</strong></span> <span class='ocrx_word' id='word_1_773' title='bbox 2865 4758 2917 4803; x_wconf 88' lang='lat' dir='ltr'><strong>et</strong></span> <span class='ocrx_word' id='word_1_774' title='bbox 2954 4749 3107 4819; x_wconf 90' lang='lat' dir='ltr'><strong>prius</strong></span> <span class='ocrx_word' id='word_1_775' title='bbox 3135 4764 3234 4802; x_wconf 90' lang='lat' dir='ltr'><strong>vos</strong></span> <span class='ocrx_word' id='word_1_776' title='bbox 3265 4746 3520 4803; x_wconf 86' lang='lat' dir='ltr'><strong>verberi-</strong></span> 
     </span>
    </p>
   </div>
   <div class='ocr_carea' id='block_1_109' title="bbox 1920 4835 3517 4910">
    <p class='ocr_par' dir='ltr' id='par_1_109' title="bbox 1920 4835 3517 4910">
     <span class='ocr_line' id='line_1_109' title="bbox 1920 4835 3517 4910; baseline -0.001 -16"><span class='ocrx_word' id='word_1_777' title='bbox 1920 4840 2024 4894; x_wconf 88' lang='lat' dir='ltr'><strong>bus</strong></span> <span class='ocrx_word' id='word_1_778' title='bbox 2065 4838 2408 4910; x_wconf 87' lang='lat' dir='ltr'><strong>spiritalibus</strong></span> <span class='ocrx_word' id='word_1_779' title='bbox 2457 4837 2764 4904; x_wconf 89' lang='lat' dir='ltr'><strong>emendare,</strong></span> <span class='ocrx_word' id='word_1_780' title='bbox 2796 4852 2860 4892; x_wconf 89' lang='lat' dir='ltr'><strong>ac</strong></span> <span class='ocrx_word' id='word_1_781' title='bbox 2888 4836 2968 4892; x_wconf 89' lang='lat' dir='ltr'><strong>sic</strong></span> <span class='ocrx_word' id='word_1_782' title='bbox 2999 4835 3305 4906; x_wconf 59' lang='lat' dir='ltr'><strong>margarita</strong></span> <span class='ocrx_word' id='word_1_783' title='bbox 3345 4835 3517 4902; x_wconf 83' lang='lat' dir='ltr'><strong>ditam</strong></span> 
     </span>
    </p>
   </div>
   <div class='ocr_carea' id='block_1_110' title="bbox 1922 4926 3520 4999">
    <p class='ocr_par' dir='ltr' id='par_1_110' title="bbox 1922 4926 3520 4999">
     <span class='ocr_line' id='line_1_110' title="bbox 1922 4926 3520 4999; baseline -0.003 -13"><span class='ocrx_word' id='word_1_784' title='bbox 1922 4931 2266 4987; x_wconf 90' lang='lat' dir='ltr'><strong>muneribus.</strong></span> <span class='ocrx_word' id='word_1_785' title='bbox 2326 4929 2515 4997; x_wconf 89' lang='lat' dir='ltr'><strong>Malui,</strong></span> <span class='ocrx_word' id='word_1_786' title='bbox 2549 4929 2794 4999; x_wconf 89' lang='lat' dir='ltr'><strong>inquam,</strong></span> <span class='ocrx_word' id='word_1_787' title='bbox 2831 4933 3116 4999; x_wconf 90' lang='lat' dir='ltr'><strong>peccatum</strong></span> <span class='ocrx_word' id='word_1_788' title='bbox 3144 4934 3391 4982; x_wconf 91' lang='lat' dir='ltr'><strong>vestrum</strong></span> <span class='ocrx_word' id='word_1_789' title='bbox 3419 4926 3520 4982; x_wconf 91' lang='lat' dir='ltr'><strong>in-</strong></span> 
     </span>
    </p>
   </div>
   <div class='ocr_carea' id='block_1_111' title="bbox 1923 5015 3520 5091">
    <p class='ocr_par' dir='ltr' id='par_1_111' title="bbox 1923 5015 3520 5091">
     <span class='ocr_line' id='line_1_111' title="bbox 1923 5015 3520 5091; baseline -0.004 -12"><span class='ocrx_word' id='word_1_790' title='bbox 1923 5021 2168 5079; x_wconf 87' lang='lat' dir='ltr'><strong>cusando</strong></span> <span class='ocrx_word' id='word_1_791' title='bbox 2215 5019 2415 5076; x_wconf 90' lang='lat' dir='ltr'><strong>acriter</strong></span> <span class='ocrx_word' id='word_1_792' title='bbox 2470 5020 2770 5089; x_wconf 90' lang='lat' dir='ltr'><strong>increpare,</strong></span> <span class='ocrx_word' id='word_1_793' title='bbox 2826 5033 2991 5091; x_wconf 90' lang='lat' dir='ltr'><strong>quam</strong></span> <span class='ocrx_word' id='word_1_794' title='bbox 3035 5017 3233 5072; x_wconf 89' lang='lat' dir='ltr'><strong>leniter</strong></span> <span class='ocrx_word' id='word_1_795' title='bbox 3263 5015 3520 5072; x_wconf 87' lang='lat' dir='ltr'><strong>dissimu-</strong></span> 
     </span>
    </p>
   </div>
   <div class='ocr_carea' id='block_1_112' title="bbox 1924 5104 3522 5181">
    <p class='ocr_par' dir='ltr' id='par_1_112' title="bbox 1924 5104 3522 5181">
     <span class='ocr_line' id='line_1_112' title="bbox 1924 5104 3522 5181; baseline -0.004 -14"><span class='ocrx_word' id='word_1_796' title='bbox 1924 5111 2087 5167; x_wconf 87' lang='lat' dir='ltr'><strong>lando</strong></span> <span class='ocrx_word' id='word_1_797' title='bbox 2144 5110 2392 5178; x_wconf 89' lang='lat' dir='ltr'><strong>nutrire;</strong></span> <span class='ocrx_word' id='word_1_798' title='bbox 2449 5107 2702 5181; x_wconf 90' lang='lat' dir='ltr'><strong>quisquis</strong></span> <span class='ocrx_word' id='word_1_799' title='bbox 2747 5106 2896 5163; x_wconf 90' lang='lat' dir='ltr'><strong>enim</strong></span> <span class='ocrx_word' id='word_1_800' title='bbox 2936 5106 3160 5164; x_wconf 89' lang='lat' dir='ltr'><strong>fratrem</strong></span> <span class='ocrx_word' id='word_1_801' title='bbox 3200 5122 3312 5162; x_wconf 91' lang='lat' dir='ltr'><strong>non</strong></span> <span class='ocrx_word' id='word_1_802' title='bbox 3341 5104 3522 5178; x_wconf 90' lang='lat' dir='ltr'><strong>arguit</strong></span> 
     </span>
    </p>
   </div>
   <div class='ocr_carea' id='block_1_113' title="bbox 1999 5271 3523 5346">
    <p class='ocr_par' dir='ltr' id='par_1_113' title="bbox 1999 5271 3523 5346">
     <span class='ocr_line' id='line_1_113' title="bbox 1999 5271 3523 5346; baseline -0.003 -16"><span class='ocrx_word' id='word_1_803' title='bbox 1999 5273 2117 5346; x_wconf 86' lang='lat'><strong>(80)</strong></span> <span class='ocrx_word' id='word_1_804' title='bbox 2149 5274 2300 5330; x_wconf 91' lang='lat' dir='ltr'><strong>Edit.</strong></span> <span class='ocrx_word' id='word_1_805' title='bbox 2333 5289 2459 5346; x_wconf 89' lang='lat' dir='ltr'><strong>cum</strong></span> <span class='ocrx_word' id='word_1_806' title='bbox 2491 5289 2594 5346; x_wconf 89' lang='lat' dir='ltr'><strong>ms.</strong></span> <span class='ocrx_word' id='word_1_807' title='bbox 2626 5273 2825 5345; x_wconf 90' lang='lat' dir='ltr'><strong>Lugd.,</strong></span> <span class='ocrx_word' id='word_1_808' title='bbox 2852 5273 2999 5346; x_wconf 84' lang='lat' dir='ltr'><strong>ordo</strong></span> <span class='ocrx_word' id='word_1_809' title='bbox 3038 5271 3324 5328; x_wconf 83' lang='lat' dir='ltr'><strong>viventium</strong></span> <span class='ocrx_word' id='word_1_810' title='bbox 3350 5287 3364 5338; x_wconf 87' lang='lat'><strong>;</strong></span> <span class='ocrx_word' id='word_1_811' title='bbox 3397 5283 3523 5328; x_wconf 84' lang='lat' dir='ltr'><strong>con-</strong></span> 
     </span>
    </p>
   </div>
   <div class='ocr_carea' id='block_1_114' title="bbox 1925 5345 2878 5413">
    <p class='ocr_par' dir='ltr' id='par_1_114' title="bbox 1925 5345 2878 5413">
     <span class='ocr_line' id='line_1_114' title="bbox 1925 5345 2878 5413; baseline -0.003 -10"><span class='ocrx_word' id='word_1_812' title='bbox 1925 5345 2148 5403; x_wconf 89' lang='lat' dir='ltr'><strong>cinnius</strong></span> <span class='ocrx_word' id='word_1_813' title='bbox 2178 5347 2273 5401; x_wconf 90' lang='lat' dir='ltr'><strong>alii</strong></span> <span class='ocrx_word' id='word_1_814' title='bbox 2299 5345 2448 5413; x_wconf 92' lang='lat' dir='ltr'><strong>cod.,</strong></span> <span class='ocrx_word' id='word_1_815' title='bbox 2478 5345 2611 5400; x_wconf 88' lang='lat' dir='ltr'><strong>ordo</strong></span> <span class='ocrx_word' id='word_1_816' title='bbox 2649 5345 2878 5400; x_wconf 85' lang='lat' dir='ltr'><strong>vivendi.</strong></span> 
     </span>
    </p>
   </div>
   <div class='ocr_carea' id='block_1_115' title="bbox 2001 5411 3522 5488">
    <p class='ocr_par' dir='ltr' id='par_1_115' title="bbox 2001 5411 3522 5488">
     <span class='ocr_line' id='line_1_115' title="bbox 2001 5411 3522 5488; baseline -0.005 -15"><span class='ocrx_word' id='word_1_817' title='bbox 2001 5417 2118 5488; x_wconf 88' lang='grc'>(81)</span> <span class='ocrx_word' id='word_1_818' title='bbox 2177 5419 2256 5473; x_wconf 92' lang='lat' dir='ltr'><strong>Ita</strong></span> <span class='ocrx_word' id='word_1_819' title='bbox 2292 5425 2403 5472; x_wconf 90' lang='lat' dir='ltr'><strong>vet.</strong></span> <span class='ocrx_word' id='word_1_820' title='bbox 2433 5411 2590 5472; x_wconf 44' lang='lat' dir='ltr'><strong>&#39;edit.</strong></span> <span class='ocrx_word' id='word_1_821' title='bbox 2621 5423 2750 5488; x_wconf 16' lang='lat' dir='ltr'><strong>;7_at</strong></span> <span class='ocrx_word' id='word_1_822' title='bbox 2804 5433 2956 5488; x_wconf 86' lang='lat' dir='ltr'><strong>mss._</strong></span> <span class='ocrx_word' id='word_1_823' title='bbox 2984 5414 3157 5488; x_wconf 71' lang='lat' dir='ltr'><strong>Lugd.</strong></span> <span class='ocrx_word' id='word_1_824' title='bbox 3221 5429 3284 5488; x_wconf 83' lang='lat' dir='ltr'><strong>ac</strong></span> <span class='ocrx_word' id='word_1_825' title='bbox 3311 5411 3522 5488; x_wconf 71' lang='lat' dir='ltr'><strong>Bemig.</strong></span> 
     </span>
    </p>
   </div>
   <div class='ocr_carea' id='block_1_116' title="bbox 1927 5483 3526 5572">
    <p class='ocr_par' dir='ltr' id='par_1_116' title="bbox 1927 5483 3526 5572">
     <span class='ocr_line' id='line_1_116' title="bbox 1927 5483 3526 5572; baseline -0.007 -28"><span class='ocrx_word' id='word_1_826' title='bbox 1927 5483 2216 5572; x_wconf 71' lang='lat' dir='ltr'><strong>{mitissimo</strong></span> <span class='ocrx_word' id='word_1_827' title='bbox 2267 5488 2506 5559; x_wconf 81' lang='lat' dir='ltr'><strong>pectori;</strong></span> <span class='ocrx_word' id='word_1_828' title='bbox 2562 5486 2762 5545; x_wconf 88' lang='lat' dir='ltr'><strong>melius</strong></span> <span class='ocrx_word' id='word_1_829' title='bbox 2815 5485 2963 5544; x_wconf 92' lang='lat' dir='ltr'><strong>haud</strong></span> <span class='ocrx_word' id='word_1_830' title='bbox 3021 5483 3208 5554; x_wconf 81' lang='lat' dir='ltr'><strong>dubie,</strong></span> <span class='ocrx_word' id='word_1_831' title='bbox 3235 5483 3526 5554; x_wconf 64' lang='lat' dir='ltr'><strong>foedissimo</strong></span> 
     </span>
    </p>
   </div>
   <div class='ocr_carea' id='block_1_117' title="bbox 1923 5577 2129 5634">
    <p class='ocr_par' dir='ltr' id='par_1_117' title="bbox 1923 5577 2129 5634">
     <span class='ocr_line' id='line_1_117' title="bbox 1923 5577 2129 5634; baseline -0.015 -17"><span class='ocrx_word' id='word_1_832' title='bbox 1923 5577 2129 5634; x_wconf 70' lang='lat' dir='ltr'><strong>pecori.</strong></span> 
     </span>
    </p>
   </div>
  </div>
