3864 6188
387 257 490 315 739

1411 254 1506 308 AD
1545 253 1778 308 oesua
1817 253 1873 307 s.
1915 250 2247 308 AMBROSII
2284 249 2664 307 APPENDIX.
2735 213 2741 219 ’

3598 246 3700 305 πθ

389 391 729 456 peccantem,
785 379 1192 455 quodammodo
1230 378 1482 434 hortatur
1515 385 1576 432 ut
1606 383 1810 448 peccet.
1843 376 1981 431 Nolo
2008 379 2060 438 A
2092 375 2238 446 apud
2268 374 2599 431 domesticos
2629 373 2727 430 Dei
2773 380 2989 430 tantum
3019 371 3440 429 intercessionis
3465 387 3704 444 prome-

389 488 573 536 autem
633 477 839 551 putetis
870 475 1017 549 quod
1053 489 1164 530 non
1194 473 1262 529 de
1289 488 1473 529 amore
1507 471 1725 539 faciam,
1761 487 1859 526 vos
1887 486 1979 525 sae-

390 568 516 642 pius
540 566 916 632 verberando;
951 563 1100 620 ﬁlius
1139 563 1310 629 enim,
1345 560 1439 633 qui
1486 559 1842 632 castigatione
1887 557 1983 614 di—

392 677 531 732 gnus
587 666 688 727 est,
743 658 868 730 plus
915 662 1150 721 amatur,
1179 652 1320 709 sicut
1349 651 1425 707 ait
1453 651 1736 723 Scriptura
1763 655 1977 705 sancta:

406 775 425 798 ι
461 751 637 819 Quem
695 747 840 804 enim
897 744 1080 817 diligit
1128 744 1419 812 Dominus,
1452 741 1716 813 corripit:
1759 741 1986 812 castigat

390 847 578 895 autem
610 852 829 891 omnem
865 833 1043 889 ﬁlium
1076 849 1236 905 quem
1271 832 1466 904 recipit
1498 832 1650 902 (Heb.
1695 848 1799 898 x11,
1841 830 1920 901 6).
1952 853 1969 876 ι

463 929 517 984 4.
552 926 730 984 Dicite
755 925 902 981 enim
955 924 1093 979 mihi
1127 924 1171 979 si
1214 941 1323 980 non
1349 924 1646 982 dolendum
1677 923 1844 980 fuerit
1883 922 1987 979 hoc

392 1027 698 1092 peccatum,
749 1016 828 1074 sic
882 1034 984 1072 vos
1031 1016 1224 1072 salutis
1253 1025 1446 1073 vestrae
1478 1016 1826 1072 immemores
1855 1021 1989 1070 tunc

396 1111 585 1178 fuisse,
629 1117 691 1164 ut
732 1107 1073 1164 beatissimis
1125 1107 1386 1179 apostolis
1415 1108 1574 1163 Petro
1603 1115 1658 1162 et
1687 1106 1854 1162 Paulo
1878 1105 1989 1161 ho-

395 1196 802 1255 noriﬁcentiam
874 1195 1104 1251 minime
1141 1195 1513 1264 reddideritis,
1543 1213 1667 1252 cum
1701 1195 1846 1266 ipsos
1875 1209 1990 1249 esse

396 1287 584 1345 sciatis
611 1287 862 1344 doctores
910 1286 1176 1358 gentium,
1206 1294 1456 1343 auctores
1484 1294 1814 1358 martyrum,
1845 1283 1991 1356 prin-

397 1376 546 1448 cipes
591 1375 969 1433 sacerdotum:
1024 1391 1123 1432 nec
1179 1375 1468 1431 volueritis
1521 1391 1710 1431 eorum
1755 1374 1992 1430 natalem

398 1464 688 1522 nobiscum
711 1463 1133 1521 festivissimum
1162 1463 1457 1533 celebrare,
1489 1471 1650 1536 atque
1674 1463 1757 1519 illi
1787 1460 1994 1519 cmlesti

403 1554 669 1610 interesse
719 1552 1002 1621 convivio,
1055 1552 1114 1607 in
1170 1568 1279 1625 quo
1309 1569 1406 1624 pro
1432 1561 1737 1625 martyrum
1771 1565 1995 1608 suorum

403 1651 558 1700 tanta
586 1641 802 1710 latitia,
831 1640 1196 1697 substantiam
1241 1641 1370 1697 vitae
1401 1643 1515 1713 ipse
1545 1640 1704 1698 nobis
1731 1639 1999 1696 Dominus

401 1731 739 1790 ministravit
799 1730 915 1804 (82)
948 1731 976 1787 ‘I
998 1731 1183 1789 Vultis
1211 1738 1393 1787 autem
1424 1730 1564 1787 scire
1593 1729 1812 1804 quantis
1840 1725 2000 1784 bonis
2027 1769 2072 1830 Β

398 1821 644 1879 fraudati
675 1820 926 1877 fueritis?
968 1821 1308 1894 lnterrogate
1328 1821 1546 1890 fratres,
1577 1819 1670 1892 qui
1690 1834 1838 1874 nunc
1862 1823 1996 1873 tem-

400 1913 551 1988 poris
577 1928 793 1970 mecum
828 1911 1033 1984 pariter
1065 1912 1384 1982 adfuerunt,
1413 1928 1575 1986 quam
1611 1909 1801 1966 refecti
1825 1926 1856 1965 a
1875 1909 1998 1964 Do-

401 2003 608 2059 minica
637 2017 826 2059 mensa
854 2001 1200 2072 dicesserint,
1226 2003 1311 2058 vel
1343 2002 1530 2076 quales
1558 2017 1743 2060 secum
1773 1997 1998 2056 domum

404 2095 681 2170 spiritales
708 2093 934 2151 divitias
973 2093 1393 2166 reportaverint.

480 2187 535 2243 5.
571 2187 752 2242 Unum
799 2187 932 2254 scio,
993 2185 1140 2258 quod
1190 2184 1236 2240 si
1290 2185 1415 2256 quis
1461 2183 1556 2239 illa
1582 2181 1672 2239 die
1701 2181 2001 2237 honoratus

406 2285 503 2334 aut
543 2275 698 2332 dives
731 2275 800 2332 ob
848 2277 1085 2331 natalem
1133 2273 1237 2329 ﬁlii
1293 2273 1379 2329 sui
1409 2272 1477 2330 ad
1524 2271 1796 2328 decimum
1829 2285 2003 2342 usque

409 2365 734 2422 milliarium
767 2365 834 2422 ad
878 2365 1168 2439 prandium
1200 2364 1519 2436 rogavisset,
1549 2368 1769 2434 propter
1789 2376 2004 2418 accura-

357 2485 364 2494 κ
412 2462 498 2512 tas
536 2457 808 2528 epulas,et
839 2455 1139 2528 inaequales
1169 2470 1453 2510 mensuras
1481 2452 1682 2526 absque
1710 2451 1881 2509 dubio
1908 2466 2005 2507 vos

409 2545 584 2602 ituros
642 2545 829 2602 fuisse.
890 2545 1082 2618 Igitur,
1126 2545 1340 2612 fratres,
1392 2543 1824 2617 quotiescunque
1867 2558 2006 2598 mar-

409 2644 596 2710 tyrum
663 2636 986 2693 memoriam
1040 2635 1401 2703 celebramus,
1434 2633 1812 2707 praetermissis
1831 2631 2005 2688 omni-

409 2726 514 2783 bus
564 2727 750 2784 saeculi
809 2726 1044 2795 actibus,
1068 2725 1185 2781 sine
1217 2725 1401 2798 aliqua
1431 2724 1696 2780 dilatione
1728 2722 1844 2795 (83)
1871 2737 2006 2777 con-

411 2835 632 2876 currere
681 2819 980 2886 debemus,
1043 2817 1268 2873 reddere
1334 2817 1444 2873 illis
1507 2814 2006 2882 honoriﬁcentiam,

415 2910 511 2982 qui
565 2909 725 2966 nobis
772 2911 1003 2966 salutem
1045 2907 1362 2979 profusione
1413 2906 1498 2962 sui
1554 2907 1835 2979 sanguinis
1855 2920 2009 2978 pepe-

420 3010 630 3071 rerunt,
692 3002 786 3075 qui
816 3009 1077 3073 tanquam
1107 3008 1316 3056 sacrata
1345 2999 1523 3055 hostia
1551 3016 1650 3072 pro
1680 3006 1866 3055 nostra
1890 3013 2010 3070 pro-

2089 464 2286 532 rueris,
2317 472 2586 537 quantum
2614 463 2986 520 venerationis
3041 461 3405 536 impenderis.
3465 461 3707 536 Oportet

2092 554 2274 627 itaque
2305 561 2366 609 ut
2391 553 2600 610 alienos
2615 554 2800 626 potius
2830 552 2990 610 nobis
3024 552 3246 610 devotio
3277 551 3548 627 religiosa
3577 569 3706 609 con-

2092 647 2262 713 ciliet,
2293 664 2455 721 quam
2479 649 2619 704 forte
2650 645 2902 721 proprios
2932 662 2964 702 a
2994 646 3157 703 nobis
3195 643 3547 718 negligentia
3576 644 3709 701 irre-

2093 737 2274 809 ligiosi
2305 738 2508 810 teporis
2537 738 2760 794 alienet.

2165 829 2216 885 2.
2260 831 2656 902 Agnoscamus,
2687 827 3028 894 charissimi,
3060 826 3208 884 circa
3247 825 3570 884 Ecclesiam
3603 843 3711 883 no-

2095 925 2264 974 stram
2303 920 2611 976 uberiorem
2665 917 2985 974 divinorum
3037 933 3332 974 munerum
3364 917 3709 991 largitatem.

2097 1016 2392 1070 Exsultant
2413 1015 2601 1070 felices
2621 1014 2965 1085 singularum
2987 1011 3208 1068 urbium
3235 1013 3449 1086 populi,
3469 1013 3518 1070 si
3539 1013 3714 1068 unius

2098 1106 2287 1161 saltem
2347 1103 2608 1177 martyris
2657 1102 2911 1176 reliquiis
2966 1105 3297 1160 muniantur
3347 1121 3359 1159 :
3429 1121 3564 1163 ecce
3617 1122 3716 1163 nos

2100 1197 2331 1268 populos
2363 1203 2670 1269 martyrum
2703 1194 3064 1268 possidemus.
3101 1195 3353 1253 Gaudeat
3387 1204 3541 1253 terra
3573 1213 3718 1254 nos-

2101 1292 2185 1340 tra
2237 1285 2428 1341 nutrix
2480 1284 2787 1343 caelestium
2817 1285 3083 1354 militum,
3115 1294 3171 1343 et
3199 1293 3484 1343 tantarum
3515 1303 3716 1359 parens

2102 1372 2336 1431 fecunda
2364 1375 2659 1432 virtutum.
2701 1374 2867 1431 Recte
2897 1375 3082 1448 itaque
3115 1383 3172 1433 et
3200 1393 3270 1432 ex
3291 1376 3489 1433 debito
3519 1393 3551 1432 a
3581 1375 3716 1433 ﬁliis

2104 1464 2345 1536 parentis
2367 1463 2626 1523 Ecclesiae
2655 1462 2853 1520 horum
2893 1463 3180 1522 beatorum
3211 1474 3532 1540 martyrum
3561 1467 3717 1522 cele-

2103 1553 2335 1610 brantur
2391 1555 2649 1630 insignia,
2705 1559 2853 1618 466
2921 1555 3018 1629 qui
3071 1554 3463 1613 illuminantes
3506 1554 3717 1611 virtute

2107 1648 2236 1706 ﬁdei
2267 1667 2378 1707 suae
2408 1652 2842 1710 innumerabiles
2871 1652 3124 1726 populos,
3156 1652 3260 1709 soli
3304 1650 3542 1725 quidem
3585 1652 3718 1708 illa-

2107 1747 2217 1797 tam
2261 1742 2366 1800 sibi
2413 1761 2628 1803 sensere
2661 1754 2918 1813 mortem,
2950 1743 3046 1800 sed
3091 1759 3204 1800 non
3233 1743 3342 1800 soli
3374 1744 3576 1799 mortis
3610 1759 3714 1799 sua

2109 1829 2374 1888 beneﬁcia
2403 1834 2783 1905 possederunt.
2809 1834 3087 1890 Immensa
3103 1831 3253 1888 enim
3277 1830 3382 1888 Dei
3408 1833 3590 1889 nostri
3612 1833 3715 1904 pie-

2111 1929 2196 1978 tas
2222 1922 2521 1996 multiplex
2552 1925 2621 1982 ad
2651 1924 2980 1995 bonitatem,
3011 1932 3066 1980 et
3111 1923 3316 1981 artifex
3362 1924 3436 1980 ad
3459 1925 3712 1994 salutem,

2113 2032 2423 2089 proponens
2451 2018 2681 2075 arduam
2712 2016 2989 2075 virtutum
3019 2017 3281 2091 palmam,
3325 2034 3454 2073 raro
3499 2019 3716 2091 appeti-

2113 2112 2231 2162 tore
2259 2107 2578 2179 pretiosam,
2612 2108 2670 2164 in
2701 2125 3005 2181 paucorum
3030 2106 3331 2180 triumphis
3346 2108 3714 2180 plurimorum

2114 2197 2418 2254 commodis
2439 2197 2722 2271 prospicit.
2758 2198 2985 2254 Illorum
3016 2196 3292 2270 siquidem
3339 2199 3545 2255 merita
3591 2217 3718 2256 nos-

2115 2296 2200 2345 tra
2231 2290 2352 2345 vult
2385 2305 2500 2345 esse
2530 2287 2787 2360 suffragia
2826 2304 2839 2342 :
2871 2286 3149 2360 simulque
3181 2286 3313 2344 dum
3352 2288 3524 2346 nobis
3557 2289 3712 2346 ﬁdem

2115 2394 2300 2434 veram
2357 2377 2467 2435 duo
2530 2376 2784 2451 martyrii
2842 2393 3015 2450 agone
3051 2376 3428 2446 commendat,
3461 2378 3720 2436 afﬂictio-

2119 2487 2246 2527 nem
2305 2471 2741 2546 praecedentium
2799 2471 3223 2529 instructionem
3254 2470 3428 2528 efﬁcit
3473 2480 3724 2545 postero-

2119 2577 2263 2618 rum.

2191 2651 2245 2708 3.
2279 2651 2496 2720 Quanta
2549 2659 2632 2710 est
2677 2652 2825 2710 circa
2879 2668 2978 2708 nos
3022 2653 3122 2709 Dei
3151 2652 3330 2708 nostri
3361 2653 3714 2711 sollicitudo!

2119 2741 2250 2797 Illos
2279 2741 2581 2811 examinat,
2615 2750 2676 2798 ut
2705 2759 2806 2798 nos
2849 2741 3064 2798 erudiat
3097 2759 3109 2797 :
3169 2741 3297 2799 illos
3352 2745 3624 2814 conterit,
3663 2753 3719 2800 ut

2122 2847 2221 2887 nos
2249 2832 2534 2905 acquirat;
2569 2847 2866 2906 eorumque
2890 2831 3167 2888 cruciatus
3195 2839 3418 2889 nostros
3442 2835 3570 2890 vult
3611 2850 3720 2891 esse

2122 2922 2418 2996 profectus.
2476 2922 2672 2981 Merito
2717 2939 2844 2996 ergo
2889 2939 2982 2979 eos
3027 2923 3266 2980 colimus
3314 2925 3412 2997 qui
3462 2926 3720 2998 periculis

2123 3011 2240 3069 suis
2270 3021 2537 3085 pugnant,
2567 3021 2621 3068 et
2667 3011 2870 3068 nostris
2900 3011 3240 3069 utilitatibus
3271 3013 3520 3070 militant
3552 3033 3565 3080 ;
3623 3015 3712 3089 qui

420 3093 711 3166 pitiatione
741 3091 980 3148 Domino
1011 3099 1141 3147 sunt
1160 3090 1352 3160 oblati,
1388 3091 1690 3193 praesertim
1712 3087 2015 3193 cnm‘dicat
2046 3132 2089 3193 Ο
2125 3119 2221 3175 ρει-
2248 3103 2391 3159 lucis
2418 3101 2657 3176 vimque
2684 3109 3062 3176 contemptum
3081 3103 3313 3160 edocent
3332 3121 3437 3161 nos
3456 3087 3719 3179 quamam

421 3188 490 3245 ad
521 3196 739 3247 sanctos
767 3205 898 3245 suos
937 3187 1290 3261 omnipotens
1316 3189 1493 3244 Deus:
1540 3210 1558 3235 ‹
1587 3184 1694 3253 Qui
1721 3201 1819 3241 vos
1844 3183 2013 3240 bono-

416 3290 521 3351 rat,
577 3299 665 3338 me
718 3281 992 3339 honorat:
1055 3289 1108 3338 et
1164 3281 1258 3355 qui
1298 3297 1396 3338 vos
1433 3279 1662 3352 spernit,
1695 3294 1781 3334 me
1806 3275 2016 3350 spernit

419 3371 572 3443 (Luc.
603 3387 664 3440 x,
689 3372 802 3441 16).
833 3397 851 3421 ι
884 3372 1148 3445 Quisquis
1177 3390 1305 3446 ergo
1334 3372 1570 3428 honorat
1598 3375 1888 3442 martyres,
1919 3365 2015 3422 ho-

417 3465 576 3512 norat
631 3465 686 3511 et
715 3457 1005 3515 Christum
1031 3478 1042 3515 :
1097 3468 1152 3515 et
1181 3462 1278 3534 qui
1308 3460 1519 3534 spernit
1541 3466 1777 3528 sanctos,
1808 3454 2018 3528 spernit

418 3555 472 3602 et
503 3545 824 3602 Dominum.

1020 3687 1256 3748 SERMO
1295 3692 1410 3750 LV.

599 3789 662 3847 In
680 3788 862 3848 Natali
885 3790 979 3848 SS.
1005 3790 1220 3847 Nazarii
1251 3798 1305 3848 et
1343 3789 1488 3850 Celsi
1519 3797 1848 3863 martyrum.

423 3912 521 3970 Hic
564 3929 735 3969 sermo
779 3930 886 3969 non
931 3917 1107 3969 ea'stat
1135 3912 1187 3967 in
1219 3913 1342 3969 edit.
1383 3911 1596 3968 Amerb.
1640 3928 1802 3983 neque
1825 3912 2016 3978 Eras.,

493 3985 582 4041 sed
638 4001 729 4040 nec
769 3986 827 4040 in
877 3986 1006 4042 ullis
1029 4002 1154 4040 mss.
1188 4001 1317 4056 quos
1336 3985 1546 4056 quidem
1575 3983 1750 4039 videre
1781 3983 1930 4039 nobis
1959 3984 2021 4039 li-

492 4058 681 4128 cuerit,
703 4059 990 4128 reperitur.
1029 4059 1092 4114 Ut
1119 4064 1295 4112 autem
1323 4075 1440 4113 eum
1484 4057 1753 4128 Ambrosii
1782 4073 1888 4111 non
1918 4072 2020 4111 esse

494 4125 668 4252 $uivis
712 4125 992 4200 intelligat,
1057 4146 1174 4185 cum
1228 4147 1285 4185 eo
1338 4136 1542 4186 tantum
1587 4127 1903 4199 conferenda
1947 4133 2022 4183 est

543 4196 720 4250 aulini
763 4200 1032 4252 narratio.
1073 4218 1179 4252 aua
1233 4202 1473 4252 inventas
1503 4203 1691 4252 horum
1722 4206 2022 4252 marturum

543 4196 720 4276 aulini
763 4196 1032 4276 narratio,
1073 4218 1180 4276 qua
1233 4202 1473 4276 inventas
1503 4196 1691 4276 horum
1722 4206 2022 4276 martyrum

496 4267 755 4348 reliquias
805 4267 1096 4348 describit.’
1130 4273 1340 4348 Etenim
1369 4274 1715 4348 inuentionem
1752 4267 1906 4348 illam
1934 4288 2020 4326 ea:-

500 4342 680 4414 tremis
735 4345 936 4414 tantum
995 4342 1164 4396 sancti
1217 4344 1444 4414 episcopi
1497 4345 1654 4398 annis
1681 4345 1873 4398 asserit
1899 4360 2023 4397 eve-

497 4411 655 4485 nisse,
692 4427 823 4485 cum
879 4413 1014 4467 idem
1074 4411 1257 4485 sermo'
1287 4411 1405 4482 jam.
1460 4415 1646 4470 celebri
1696 4431 1794 4485 per
1821 4431 2022 4470 omnem

2121 3194 2234 3248 Deo
2266 3201 2455 3250 nostro
2481 3193 2778 3250 debeamus
2829 3193 3107 3251 aﬁ'ectum.
3154 3194 3492 3252 Noverimus
3544 3197 3719 3269 itaque

2123 3283 2254 3355 quia
2282 3300 2394 3339 non
2421 3283 2540 3339 sine
2569 3300 2766 3357 magno
2795 3282 3118 3340 discrimine
3153 3283 3220 3340 de
3250 3285 3544 3358 religionis
3571 3285 3719 3341 veri-

2124 3377 2235 3428 tate
2263 3372 2604 3444 dubitamus,
2636 3390 2800 3447 quam
2831 3381 3115 3432 tantorum
3142 3375 3412 3447 sanguine
3438 3376 3720 3433 confirma-

2123 3469 2237 3519 tam
2268 3462 2536 3522 videmus.
2570 3465 2753 3538 Magni
2776 3464 3012 3537 periculi
3041 3480 3127 3521 res
3155 3472 3257 3534 est,
3279 3465 3326 3520 si
3343 3473 3471 3539 post
3499 3466 3720 3539 prophe-

2123 3561 2306 3610 tarum
2343 3555 2585 3625 oracula,
2633 3562 2757 3630 post
2802 3555 3178 3627 apostolorum
3215 3553 3563 3626 testimonia,
3609 3565 3719 3629 post

2125 3655 2435 3720 martyrum
2465 3649 2717 3717 vulnera,
2753 3655 2992 3704 veterem
3020 3647 3187 3704 ﬁdem
3237 3647 3394 3722 quasi
3448 3649 3716 3704 novellam

2128 3736 2402 3796 discutere
2430 3754 2748 3813 praesumas,
2779 3745 2833 3794 et
2857 3745 2981 3812 post
3027 3744 3142 3794 tam
3189 3738 3520 3795 manifestos
3566 3738 3716 3796 duces

2127 3824 2186 3882 in
2215 3842 2398 3885 errore
2427 3843 2765 3900 permaneas,
2810 3835 2864 3883 et
2916 3834 3041 3900 post
3090 3827 3459 3884 morientium
3507 3829 3717 3886 sudores

2127 3916 2303 3974 otiosa
2331 3916 2703 3990 disputatione
2721 3917 3042 3974 contendas.

2198 4007 2251 4066 4.
2285 4009 2745 4083 Congratulamur
2768 4027 2917 4083 ergo,
2962 4008 3310 4066 dilectissimi
3350 4010 3573 4079 fratres,
3620 4026 3716 4066 ma-

2129 4116 2247 4172 gnai
2277 4099 2408 4157 ﬁdei
2433 4108 2652 4170 vestrae,
2671 4117 2766 4173 per
2786 4117 2950 4174 quam
2973 4099 3105 4156 dum
3121 4100 3340 4157 exsules
3359 4101 3578 4174 proﬂua
3605 4100 3716 4158 cha-

2129 4191 2290 4249 ritate
2313 4194 2616 4267 suscipitis,
2652 4193 2818 4250 etiam
2841 4194 3051 4251 incolas
3070 4193 3312 4266 paradisi
3331 4201 3388 4250 et
3421 4193 3557 4252 coeli
3579 4195 3715 4251 cives

2129 4283 2330 4341 habere
2361 4285 2660 4343 meruistis.
2694 4285 2922 4342 Beatum
2952 4285 3138 4358 itaque
3182 4284 3480 4341 Nazarium
3531 4292 3717 4358 marty-

2131 4392 2246 4432 rem
2273 4376 2479 4434 Christi
2511 4388 2700 4436 sancta
2726 4377 3150 4435 Mediolanensis
3195 4379 3449 4436 Ecclesia
3497 4379 3627 4435 licet
3651 4385 3717 4434 to-

498 4467 791 4557 Εεοιέείαηι
828 4499 1006 4539 αρτ-ατη
1030 4556 1034 4557 γ
1059 4483 1211 4557 [σεεέ
1240 4467 1448 4539 hibita,
1466 4467 1659 4554 γάρῆι
1696 4467 2021 4557 ﬂagitari;
2050 4495 2100 4554 D
2135 4475 2252 4524 tum
2286 4485 2512 4540 corpore
2542 4486 2726 4527 secum
2751 4469 3006 4538 retineat,
3027 4476 3081 4524 et
3102 4467 3310 4524 mundo
3341 4477 3532 4526 tamen
3559 4475 3719 4526 totum

499 4569 681 4609 sarum
720 4555 830 4610 dies
864 4556 1063 4612 natalis
1091 4572 1122 4608 v
1157 4555 1286 4610 Kal.
1330 4557 1598 4627 Augustas
1623 4575 1643 4622 ;
1669 4557 1896 4611 inventio
1927 4555 2022 4613 au-

502 4633 600 4682 tem
627 4643 685 4682 vr
715 4628 844 4683 Idus
873 4629 1064 4686 Maias.
1098 4627 1176 4682 De
1194 4628 1380 4697 quibus
1407 4629 1602 4684 sanctis
1630 4629 1832 4683 consuli
1869 4629 2026 4684 etiam

534 4704 664 4754 otest
722 4706 934 4756 sanctus
979 4699 1243 4758 Paulinus
1269 4701 1451 4758 Carm.
1480 4701 1513 4759 9
1543 4701 1600 4756 in
1629 4701 1800 4756 natali
1836 4701 1891 4758 S.
1932 4702 2026 4757 Fe-

522 4771 636 4827 ἰοὺ.

504 4916 796 4974 LEtiamsi
828 4921 1162 4994 martyribus
1190 4921 1430 4995 regionis
1451 4930 1722 4980 extraneae
1753 4924 1842 4996 pia
1872 4932 2022 4981 voto-

432 5022 554 5064 rum
596 5007 784 5066 debita
811 5011 1186 5082 redderemus,
1217 5015 1454 5087 propriis
1487 5017 1775 5073 consulere
1820 5017 2025 5074 utilita-

433 5095 584 5154 tibus
639 5106 693 5154 et
739 5102 1046 5158 commodis
1091 5103 1482 5175 probaremur;
1519 5115 1732 5162 nostros
1760 5106 1907 5162 enim
1934 5123 2026 5163 eos

430 5184 568 5244 ﬁdes
619 5187 839 5259 faceret,
881 5199 936 5248 et
973 5194 1197 5250 remotis
1235 5194 1537 5266 quamlibet
1586 5196 1788 5251 ﬁnibus
1814 5205 2027 5268 sperata

430 5276 591 5335 nobis
647 5280 958 5350 patrocinia
1003 5292 1371 5357 corrogarent.
1404 5285 1723 5342 Studiorum
1753 5286 2024 5359 siquidem

431 5375 562 5424 sunt
618 5367 940 5442 hujusmodi
992 5373 1269 5448 suffragia,
1325 5392 1438 5432 non
1482 5375 1762 5446 locorum,
1797 5378 2026 5450 proinde

507 5493 622 5576 (82)
667 5494 871 5576 omnes
899 5493 1031 5576 edit.
1061 5505 1116 5576 et
1142 5497 1314 5576 codex
1343 5500 1503 5576 Lug.,
1531 5501 1793 5576 Dominus
1820 5503 2027 5559 demon-

435 5568 626 5641 stravit
648 5568 1170 5641 ;_optime_Bemig.,
1196 5568 1454 5626 Dominus
1465 5568 1808 5630 ministravit.

509 5635 628 5704 (83)
680 5635 807 5691 Yet.
867 5636 1028 5704 edit.,
1081 5635 1193 5695 sine
1235 5641 1429 5712 aliqua
1463 5642 1821 5710 dubitatione;
1862 5646 2022 5702 Rom.

2133 4559 2192 4615 in
2223 4558 2607 4616 benedictione
2636 4559 2964 4617 transmisit.
2987 4561 3117 4617 Haec
3129 4567 3210 4616 est
3229 4559 3382 4616 enim
3417 4569 3721 4618 sanctorum

2133 4660 2440 4725 martyrum
2479 4651 2670 4724 gloria,
2704 4668 2938 4725 quorum
2963 4652 3065 4709 etsi
3095 4667 3190 4724 per
3219 4651 3557 4710 universum
3583 4667 3720 4708 mun-

2134 4743 2266 4800 dum
2300 4743 2602 4800 seminetur
2635 4743 2692 4799 in
2732 4743 3018 4800 cineribus
3058 4743 3261 4816 portio,
3314 4751 3506 4800 manet
3555 4751 3722 4800 tamen

2134 4834 2345 4905 integra
2391 4835 2451 4890 in
2506 4832 2807 4890 virtutibus
2860 4833 3166 4906 plenitudo.
3223 4833 3577 4892 Veneramur
3613 4849 3724 4906 ergo

2134 4923 2194 4979 in
2220 4932 2374 4982 tanto
2405 4924 2614 4982 Christi
2644 4923 2822 4980 milite
2853 4923 3019 4980 ﬁdem
3059 4932 3342 4991 nostram;
3383 4933 3568 4981 mater
3587 4940 3723 4980 nam-

2133 5032 2239 5089 que
2288 5016 2541 5089 martyrii
2594 5016 2729 5073 ﬁdes
2769 5015 3041 5072 catholica
3068 5022 3168 5082 est,
3204 5014 3264 5070 in
3294 5029 3404 5086 qua
3434 5015 3543 5071 iste
3573 5014 3722 5070 illus-

2135 5105 2237 5162 tris
2265 5105 2491 5175 athleta,
2531 5106 2796 5178 sanguine
2830 5105 2974 5174 fuso,
3000 5114 3234 5162 mortem
3266 5121 3366 5178 pro
3403 5105 3528 5178 ipsa
3554 5106 3720 5163 calca-

2133 5195 2236 5250 vit.
2291 5195 2480 5264 Mater,
2517 5194 2765 5268 inquam,
2797 5194 3050 5268 martyrii
3080 5194 3217 5251 ﬁdes
3245 5204 3330 5252 est
3363 5214 3375 5252 :
3412 5209 3722 5274 veneremur

2135 5302 2262 5360 ergo
2289 5286 2347 5344 in
2387 5296 2702 5345 sanctorum
2733 5295 3039 5361 martyrum
3063 5287 3239 5360 gloria
3271 5285 3441 5344 ﬁdem
3472 5296 3716 5344 nostram.

2134 5376 2421 5444 Quomodo
2452 5377 2616 5435 ﬁdem
2645 5387 2889 5435 nostram
2912 5377 2941 5434 ?
2968 5367 3055 5434 Ab
3076 5377 3198 5434 istis
3218 5376 3366 5433 enim
3387 5375 3526 5433 dum
3547 5374 3718 5434 mortis

2135 5511 2191 5560 et
2220 5521 2350 5561 mss.
2385 5512 2448 5561 ut
2477 5521 2577 5561 nos
2609 5505 2665 5562 in
2697 5511 2873 5561 textu.
2909 5503 3059 5560 Infra
3086 5518 3219 5559 vero
3251 5500 3347 5558 ubi
3373 5518 3569 5559 omnes
3596 5499 3710 5557 edit.

2138 5590 2202 5631 ac
2222 5592 2369 5650 mss:
2391 5577 2626 5650 Remig.,
2651 5583 2760 5633 tam
2779 5581 2990 5633 sacrata
3013 5574 3188 5650 hostia
3207 5574 3431 5650 ;_magis
3448 5570 3711 5633 commode

2139 5645 2315 5704 codex
2345 5645 2846 5722 Lugd.,'tamquam
2872 5652 3081 5703 sacrata
3109 5646 3304 5702 hostia.
