3864 6188
106 260 246 317 741
999 262 1372 321 SERMONES
1409 265 1462 321 S.
1505 263 1861 322 AMBROSIO
1899 264 2270 321 HACTENUS
2309 266 2644 323 ASCRIPTI.
3381 273 3485 331 742

107 386 457 444 tolerantia
476 388 854 446 indubitanter
869 390 1162 462 excipitur,
1185 408 1306 463 spes
1332 391 1763 447 immortalitatis
1790 393 1840 450 A
1868 389 2127 461 angelicis
2177 390 2544 448 confortatum
2599 393 2878 467 alloquiis,
2962 395 3021 450 in
3084 395 3292 454 Christi
3354 398 3481 455 Jesu

105 475 448 534 evidenter
495 477 790 546 asseritur;
860 495 1143 552 nunquam
1207 480 1355 535 enim
1403 480 1546 536 hanc
1593 481 1765 538 vitam
1876 478 2131 535 laudibus
2176 481 2472 539 exsultare.
2523 483 2664 541 Ecce
2700 481 2964 556 profanus
2992 482 3169 542 hostis
3194 501 3478 560 nunquam

103 573 254 622 tam
321 576 638 625 constanter
694 569 1085 641 expenderent,
1116 569 1225 626 nisi
1271 587 1385 627 esse
1413 571 1637 627 alteram
1669 571 1768 627 in—
1874 568 2035 626 beato
2065 571 2296 642 martyri
2338 579 2554 630 tantum
2584 572 2866 646 prodesset
2892 573 3178 648 obsequio,
3209 583 3476 650 quantum

102 658 611 733 comparabiliter
652 660 953 717 beatiorem
999 660 1236 732 perfecta
1280 661 1601 717 definitione
1632 679 1767 719 sen—
1872 660 2094 732 profuit
2117 661 2266 717 odio.

105 747 351 804 tirent.
387 751 450 805 In
480 749 686 806 sanctis
715 751 902 824 itaque
934 750 1277 822 praeconibus
1305 751 1554 807 veritatis
1575 769 1767 808 resur—
1945 749 1997 804 8.
2031 749 2135 806 Sed
2185 751 2406 808 tandem
2463 751 2704 824 perfecto
2757 751 2946 823 agonis
2983 753 3300 824 certamine,
3348 771 3476 812 cum

99 839 424 896 rectionis
465 840 765 897 auctoritas
809 848 922 907 est;
974 841 1211 913 prompti
1254 841 1400 897 enim
1432 850 1659 912 pereunt
1705 842 1764 898 in
1876 839 2035 898 Celso
2093 843 2347 914 puerulo,
2407 859 2570 915 quem
2627 844 2741 915 ipse
2801 847 2915 900 Deo
2981 845 3038 900 in
3095 845 3476 904 holocaustum

111 929 362 986 melius
413 930 728 1002 reparandi,
789 931 992 1004 quibus
1041 947 1138 1003 per
1192 932 1470 1002 angustias
1518 933 1765 988 tribula—
1878 931 2091 1000 polluto
2139 941 2505 1004 assumpserat
2572 949 2640 988 ex
2696 933 2918 1001 saeculo,
2985 933 3198 989 crudeli
3247 934 3478 1007 imperio

103 1018 372 1074 tionum
414 1019 659 1093 aperitur
701 1020 891 1076 exitus
936 1020 1005 1076 ad
1063 1020 1487 1092 amplitudinem
1530 1021 1767 1094 gaudio—
1876 1018 2230 1076 damnatione
2274 1021 2600 1090 absolvitur,
2664 1021 2843 1094 gladio
2902 1030 3272 1080 consecratur.
3319 1023 3477 1080 Felix

107 1123 290 1164 rum.
1876 1111 1969 1169 hic
1997 1113 2096 1169 tali
2126 1113 2281 1169 exitu
2306 1133 2319 1182 ;
2361 1131 2470 1187 quo
2498 1130 2661 1171 omne
2711 1114 2973 1173 delictum
3004 1116 3080 1172 ita
3116 1115 3184 1172 ab
3213 1131 3277 1171 eo
3315 1114 3475 1185 exiit,

188 1203 257 1260 5.
301 1202 468 1260 Unde
513 1211 567 1259 et
619 1203 814 1260 beatus
841 1202 1121 1272 Nazarius,
1153 1202 1312 1276 cujus
1358 1203 1521 1260 hodie
1561 1206 1763 1278 glorio-
1874 1211 1936 1259 ut
1991 1204 2153 1261 etiam
2197 1205 2374 1262 redire
2431 1221 2540 1262 non
2598 1206 2804 1277 possit:
2870 1222 2979 1280 quo
3022 1206 3102 1264 sic
3142 1206 3329 1263 debita
3375 1222 3476 1264 sua

107 1312 245 1352 sam
285 1293 368 1351 de
403 1295 598 1353 mundi
645 1295 805 1352 hoste
837 1294 1125 1352 victoriam
1155 1296 1486 1352 universalis
1516 1298 1766 1355 Ecclesia
1874 1293 2062 1364 solvit,
2110 1309 2180 1350 ne
2221 1295 2367 1350 ultra
2393 1293 2722 1352 creditorem
2753 1295 3008 1364 timeret;
3065 1313 3174 1371 quo
3204 1295 3261 1351 in
3294 1312 3351 1352 se
3378 1294 3476 1352 ho-

107 1385 281 1441 festa
308 1384 690 1442 exsultatione
728 1386 1093 1448 concelebrat,
1145 1401 1270 1441 cum
1303 1395 1546 1458 tempore
1578 1388 1765 1458 genti-

1873 1384 2043 1439 stium
2103 1393 2324 1457 peccata
2387 1385 2495 1442 ﬁde
2548 1387 2766 1456 clausit,
2835 1385 2944 1442 ﬁde
3003 1385 3322 1446 damnavit:
3380 1403 3479 1459 per

107 1459 316 1531 litatis
350 1490 467 1530 non
499 1474 835 1548 ignobilibus
864 1475 1182 1548 parentibus
1229 1476 1496 1533 oriundus
1521 1475 1765 1547 {exsiste-

1874 1488 2037 1545 quem
2068 1473 2444 1531 innocentiam
2474 1474 2768 1532 devotione
2797 1475 3083 1549 quaesivit;
3126 1491 3474 1549 perseveran-

109 1573 232 1635 ret,
296 1565 563 1637 sacrilegi
615 1565 796 1622 adhuc
840 1581 976 1638 puer
1005 1566 1266 1638 genitoris
1310 1567 1566 1624 militiam
1596 1568 1762 1624 simul

112 1662 175 1713 et
235 1655 569 1714 doctrinam
610 1654 871 1713 detestari
917 1672 987 1712 ex
1015 1655 1318 1728 improviso
1367 1658 1562 1729 ccepit:
1599 1665 1762 1730 atque

1870 1561 1950 1616 tia
1980 1560 2215 1631 invenit,
2250 1571 2426 1619 morte
2454 1565 2713 1621 servavit.

1941 1652 1994 1707 9.
2030 1650 2162 1718 Quae
2192 1669 2318 1710 cum
2365 1653 2443 1710 ita
2471 1655 2601 1723 sint,
2637 1654 2968 1725 charissimi,
3002 1655 3131 1714 licet
3158 1654 3252 1713 hic
3287 1662 3476 1713 tantus

112 1745 190 1802 ab
227 1746 549 1803 innocente
579 1753 773 1814 matre,
797 1763 917 1819 qua;
946 1745 1061 1819 jam
1091 1745 1408 1802 christianae
1432 1746 1561 1804 ﬁdei
1582 1748 1762 1803 titulis
1797 1764 1844 1824 B
1872 1740 2078 1799 Christi
2111 1742 2267 1799 testis
2304 1745 2578 1816 pretiosus
2613 1745 2977 1815 confessione,
3019 1745 3310 1818 pretiosior
3337 1761 3474 1802 san-

111 1834 434 1909 insignita,
497 1834 719 1894 Christo
775 1835 966 1893 sedule
1031 1835 1340 1904 insistebat,
1399 1845 1756 1894 sacrosanctae

114 1926 578 1998 regenerationis
625 1925 832 1983 ﬂuenta
889 1925 1069 1982 ﬁdelis
1115 1925 1229 1998 jam
1276 1925 1496 1998 spiritu,
1551 1943 1614 1984 ac
1647 1927 1755 1984 fide

113 2015 409 2072 instituta
461 2017 826 2088 praiveniens,
879 2016 1243 2072 demonstrari
1294 2015 1402 2072 sibi
1451 2017 1751 2089 ﬂagitabat.

113 2105 413 2162 Nondum
445 2104 721 2177 siquidem
748 2104 1084 2178 baptismum
1113 2113 1460 2174 consecutus,
1485 2107 1578 2162 sed
1611 2107 1755 2164 inter

112 2193 446 2266 religionis
477 2193 751 2266 principia
781 2201 1228 2262 consummatus;
1269 2203 1323 2251 et
1350 2195 1595 2251 nondum
1628 2213 1753 2252 ma-

120 2283 432 2340 nifestatis
461 2282 566 2340 sibi
591 2282 826 2355 legibus,
858 2285 972 2339 Deo
998 2284 1214 2355 plenus,
1244 2290 1466 2356 repente
1485 2285 1753 2356 possessio

122 2380 298 2446 atque
355 2370 744 2428 habitaculum
791 2372 890 2428 Dei
929 2372 1107 2430 factus
1152 2383 1268 2430 est:
1316 2381 1477 2446 atque
1513 2375 1588 2430 ita
1636 2391 1752 2446 per-

125 2469 396 2518 venturae
429 2477 603 2534 usque
633 2461 702 2517 ad
739 2463 907 2519 caelos
932 2463 1102 2518 turris
1132 2462 1285 2534 prius
1314 2463 1516 2519 meruit
1540 2464 1752 2520 elevare

128 2551 434 2624 fastigium
497 2550 638 2623 (84),
703 2568 866 2624 quam
929 2552 1245 2624 disponeret
1302 2552 1746 2622 fundamentum,

125 2639 389 2696 nondum
445 2649 912 2698 sacramentorum
941 2641 1214 2710 conscius,
1245 2648 1302 2698 et
1329 2642 1387 2697 in
1417 2641 1747 2700 sacrificium

123 2729 237 2802 jam
269 2728 623 2802 praeelectus.

202 2828 257 2886 6.
290 2826 448 2896 Quid
494 2826 563 2883 ad
609 2825 729 2884 hac
773 2843 876 2883 nos
907 2827 1155 2884 infelices
1191 2827 1519 2901 respondere
1547 2828 1748 2902 poteri-

132 2934 276 2987 mus,
341 2917 443 2990 qui
501 2923 624 2989 post
679 2917 918 2974 nitorem
978 2917 1257 2990 baptismi,
1309 2925 1432 2991 post
1483 2920 1746 2976 collatum

133 3007 296 3064 nobis
343 3023 508 3064 sacra
557 3009 969 3080 regeneratione
1031 3008 1347 3078 candorem,
1391 3016 1515 3080 post
1563 3007 1745 3080 acqui-

136 3097 295 3154 sitam
338 3097 664 3153 indumenti
716 3096 982 3170 nuptialis
1027 3097 1328 3170 angelicam
1380 3097 1743 3170 dignitatem;

137 3187 195 3244 in
232 3195 595 3260 peccatorum
625 3204 842 3245 caenum
872 3187 1094 3260 relapsi,
1126 3195 1180 3244 et
1207 3187 1266 3243 in
1295 3188 1522 3260 antiqua
1548 3187 1750 3244 crimi—

139 3293 264 3334 num
292 3275 600 3334 volutabra
627 3276 888 3346 revoluti,
922 3276 1148 3333 niveum
1181 3277 1572 3334 vestimentum
1597 3275 1750 3332 tetris

139 3365 508 3440 iniquitatum
545 3381 610 3423 ac
647 3364 947 3421 libidinum
987 3365 1256 3439 contagiis
1287 3365 1664 3423 sordidamus:
1697 3373 1753 3423 et

143 3455 530 3526 holosericam,
566 3457 626 3513 in
654 3472 763 3530 qua
792 3457 1037 3530 sigillum
1067 3458 1273 3515 divinae
1303 3458 1560 3532 imaginis
1588 3475 1753 3516 acce-

147 3562 393 3619 peramus
421 3547 781 3621 impressum,
804 3547 1035 3606 maculis
1064 3549 1363 3606 mortiferae
1382 3549 1752 3622 corruptionis

153 3635 475 3706 infecimus;
509 3647 568 3694 et
595 3645 720 3711 post
754 3637 1089 3711 singularem
1117 3638 1220 3695 Dei
1247 3638 1423 3696 nostri
1451 3638 1753 3712 indulgen-

153 3725 278 3783 tiam
327 3728 597 3785 innovata
642 3727 931 3798 fmdamus,
982 3729 1195 3802 integra
1231 3729 1616 3798 rescindimus,
1659 3744 1750 3785 ex-

159 3813 294 3885 piata
329 3817 627 3886 violamus,
686 3824 991 3889 repetentes
1045 3834 1210 3892 opera
1251 3833 1362 3876 non
1412 3817 1526 3891 jam
1587 3817 1753 3874 undis

160 3906 446 3978 purganda,
487 3905 588 3963 sed
621 3905 876 3964 ﬂammis.

227 4005 276 4060 7.
307 4004 447 4072 Quid
498 4003 665 4072 illud,
716 4021 991 4078 quamque
1041 4005 1256 4079 insigne
1306 4005 1513 4063 divinae
1568 4004 1753 4077 gratia)

165 4106 374 4163 munus,
432 4094 584 4169 quod
637 4101 859 4168 accepto
900 4093 1014 4167 jam
1064 4095 1290 4151 salutari
1349 4096 1588 4164 lavacro,
1633 4103 1755 4167 post

169 4178 441 4242 innumera
487 4185 763 4241 virtutum
816 4185 988 4257 signa,
1022 4194 1144 4257 post
1186 4193 1494 4257 peragratas
1521 4185 1754 4242 circum-

172 4281 366 4345 quaque
394 4273 462 4329 ob
491 4273 701 4332 Christi
733 4273 1179 4346 praedicationem
1226 4275 1542 4330 innumeras
1582 4275 1751 4346 regio-

173 4374 294 4429 nes;
323 4379 443 4419 cum
473 4380 575 4437 pro
621 4363 722 4420 Dei
769 4363 970 4419 summi
1017 4363 1359 4420 confessione
1397 4363 1616 4420 diversa
1659 4379 1756 4434 per

177 4450 427 4522 supplicia
462 4453 721 4510 adversus
768 4469 895 4509 eum
942 4460 1090 4509 totus
1121 4469 1258 4525 pene
1287 4453 1436 4510 orbis
1465 4452 1752 4510 bacchare-

1867 1831 2052 1905 guine,
2109 1835 2323 1892 crudeli
2373 1836 2603 1893 vulnere
2659 1835 2971 1909 pretiosior,
3025 1844 3081 1894 et
3116 1835 3291 1894 tincta
3319 1843 3473 1894 veste

1864 1923 2190 1993 candidior;
2224 1925 2355 1982 licet
2393 1925 2486 1982 hic
2522 1925 3016 1983 Mediolanensium
3054 1926 3348 2000 peculiaris
3374 1943 3470 2001 pu-

1863 2019 2012 2070 tetur
2052 2014 2345 2088 privilegio
2384 2015 2644 2088 sepulcri,
2691 2015 2787 2072 sed
2817 2016 3071 2072 omnium
3101 2023 3184 2073 est
3225 2033 3471 2074 commu-

1863 2103 2029 2159 nione
2076 2105 2345 2177 suffragii.
2390 2107 2574 2180 Neque
2621 2104 2770 2161 enim
2821 2105 2985 2162 istius
3031 2105 3186 2162 urbis
3231 2105 3470 2164 charitas

1863 2193 2079 2265 proﬂua
2108 2202 2162 2251 et
2192 2194 2328 2251 ﬁdes
2362 2211 2526 2252 avara
2553 2203 2770 2252 tantum
2799 2194 2935 2252 huic
2965 2196 3203 2270 martyri
3232 2195 3470 2270 deroga—

1862 2284 2027 2353 verit,
2057 2284 2190 2341 dum
2232 2285 2340 2340 sibi
2369 2293 2620 2358 arrogat;
2655 2293 2717 2342 ut
2758 2285 2940 2342 solum
2970 2301 3096 2359 erga
3136 2287 3342 2344 maznia
3373 2303 3471 2344 sua

1861 2374 2153 2445 patrocinii
2193 2375 2348 2431 illius
2394 2375 2662 2432 beneficia
2691 2376 2948 2432 adfutura
2994 2393 3109 2434 esse
3149 2377 3466 2435 crediderit.

1859 2465 1980 2519 Non
2007 2465 2287 2521 clauditur
2307 2466 2465 2535 locis,
2498 2465 2646 2538 quod
2675 2466 3012 2523 diffunditur
3044 2467 3280 2526 meritis.
3309 2471 3468 2527 Invo-

1859 2553 1994 2608 casti
2038 2553 2243 2626 ubique
2292 2563 2614 2627 martyrem,
2669 2555 2873 2628 ubique
2930 2562 2984 2612 te
3034 2557 3321 2614 exaudivit
3373 2559 3468 2616 ille

1859 2641 1954 2714 qui
2000 2641 2305 2700 honoratur
2351 2643 2410 2698 in
2469 2653 2733 2716 martyre.
2789 2642 3102 2701 Moderante
3141 2645 3328 2719 itaque
3383 2664 3467 2737 eo,

1857 2731 1952 2804 qui
2012 2739 2201 2803 pensat
2259 2740 2387 2788 vota
2442 2740 2556 2802 tua,
2613 2740 2667 2789 et
2721 2732 2999 2806 dispensat
3054 2751 3284 2792 munera
3324 2731 3466 2822 sua;

1860 2822 1920 2877 in
1978 2829 2195 2880 tantum
2253 2824 2438 2882 vicina
2493 2824 2786 2896 praesentia
2850 2824 3087 2882 efﬁcacis
3138 2826 3472 2900 praebebitur

1860 2912 2139 2980 advocati,
2186 2913 2245 2970 in
2276 2922 2541 2986 quantum
2577 2913 2746 2970 fuerit
2785 2912 2923 2969 ﬁdes
2958 2914 3157 2970 devota
3194 2916 3457 2988 suscepti.

1863 3004 2053 3060 Oratio
2083 3003 2229 3060 enim
2262 3021 2384 3077 quai
2411 3005 2700 3075 castitatis,
2737 3004 2990 3078 justitiaz,
3023 3014 3077 3062 et
3103 3007 3469 3080 eleemosyna-

1858 3111 1982 3149 rum
2015 3094 2274 3168 operibus
2307 3095 2622 3168 adjuvatur,
2655 3097 2874 3154 excedit
2904 3097 3196 3168 mundum,
3223 3105 3471 3171 penetrat

1861 3184 2196 3256 paradisum,
2229 3186 2411 3242 evolat
2445 3202 2618 3259 usque
2649 3185 2718 3241 ad
2748 3185 2928 3258 ipsum
2956 3204 3189 3243 summa;
3220 3187 3467 3258 majesta-

1860 3279 1950 3348 tis,
1997 3281 2191 3352 angelo
2240 3281 2575 3351 conferente,
2621 3289 2994 3354 conspectum,
3026 3283 3172 3340 sicut
3224 3283 3462 3357 quodam

1860 3367 1980 3424 loco
2036 3386 2148 3425 vox
2208 3377 2438 3426 testatur
2483 3371 2770 3443 angelica:
2829 3372 2902 3428 Et
2958 3389 3083 3429 cum
3122 3381 3204 3443 tu,
3253 3373 3458 3448 inquit,

1861 3475 2061 3528 orares,
2121 3475 2220 3532 ego
2276 3459 2455 3516 obtuli
2505 3460 2808 3518 orationem
2866 3469 3018 3519 tuam
3055 3462 3116 3519 in
3165 3472 3462 3537 conspectu

1859 3549 2127 3607 claritatis
2168 3549 2309 3622 (Act.
2343 3566 2400 3619 x,
2435 3549 2516 3622 4).

1935 3639 2020 3697 10.
2049 3639 2214 3695 Beata
2251 3639 2454 3708 anima,
2487 3637 2828 3710 charissimi,
2859 3637 3018 3712 cujus
3055 3647 3268 3710 votum,
3305 3640 3463 3715 cujus

1861 3729 2314 3803 compunctionis
2343 3730 2651 3798 incensum,
2682 3727 2840 3801 cujus
2868 3729 3287 3802 supplicationis
3306 3729 3462 3787 holo-

1861 3826 2136 3888 caustum,
2170 3820 2326 3876 nulla
2350 3818 2680 3874 inﬁdelitate
2711 3817 3009 3886 fumidum,
3042 3819 3198 3874 nullo
3227 3819 3463 3875 carnalis

1861 3906 2135 3964 illecebrae
2165 3907 2338 3963 fetore
2357 3906 2653 3978 pollutum,
2673 3906 2830 3960 nulla
2850 3905 3064 3961 saevitia
3090 3912 3462 3978 cruentatum,

1863 3996 2020 4051 nulla
2054 3995 2170 4051 odii
2218 3994 2503 4052 simultate
2533 3993 2908 4050 maculatum:
2943 3992 3039 4048 sed
3082 3991 3190 4049 fide
3216 3994 3462 4067 igneum,

1862 4083 2205 4142 conscientia
2232 4083 2499 4151 nitidum,
2530 4082 2850 4139 sinceritate
2881 4082 3064 4140 cordis
3100 4081 3460 4154 odoriferum,

1863 4174 2162 4231 concordia
2213 4181 2266 4230 et
2302 4172 2573 4231 charitate
2629 4172 2962 4245 perfectum,
3019 4189 3194 4247 usque
3249 4173 3318 4230 ad
3359 4173 3462 4231 Dei

1863 4264 2081 4320 vultum
2113 4280 2207 4337 per
2226 4263 2535 4320 caelestium
2564 4263 2892 4320 nuntiorum
2914 4262 3162 4320 defertur
3177 4262 3458 4337 obsequia.
3481 4297 3485 4299 -

1863 4354 1994 4422 Quae
2051 4372 2174 4413 cum
2223 4355 2301 4411 ita
2351 4355 2481 4423 sint,
2543 4353 2878 4411 honoremus
2930 4353 3118 4411 beatos
3168 4361 3460 4426 martyres,

1864 4445 2138 4520 principes
2180 4446 2330 4514 ﬁdei,
2381 4446 2764 4504 intercessores
2807 4444 3024 4514 mundi,
3056 4459 3332 4517 praecones
3364 4459 3462 4499 re-

177 4541 293 4593 tur:
347 4549 398 4597 et
449 4559 596 4598 nunc
643 4541 1001 4598 atrocissimis
1053 4550 1356 4599 arctaretur
1410 4543 1585 4615 poenis
1631 4559 1751 4598 cru-
1781 4517 1831 4576 D
1866 4538 1979 4609 gui,
2024 4537 2338 4594 cohaeredes
2365 4537 2486 4594 Dei.

181 4625 408 4699 ciandus,
447 4638 592 4696 467
629 4649 779 4688 nunc
826 4630 884 4686 in
916 4631 1232 4706 longinquis
1265 4632 1469 4689 ﬁnibus
1509 4643 1749 4690 transve-

1934 4629 2018 4684 11.
2063 4628 2223 4696 Quod
2268 4628 2312 4684 si
2342 4627 2493 4684 dicas
2531 4627 2705 4682 mihi:
2739 4624 2884 4692 Quid
2925 4624 3163 4679 bonoras
3202 4622 3263 4678 in
3299 4639 3461 4679 carne

181 4716 386 4781 heretur
408 4732 736 4790 exsulandus
758 4751 771 4798 ;
795 4732 873 4789 ita
899 4731 1284 4788 robustissimo
1313 4730 1516 4788 Christi
1545 4729 1752 4785 athleta
1855 4715 1968 4790 iam
2017 4719 2260 4775 ι’θδοῘυῐδ
2298 4725 2459 4788 atque
2510 4721 2853 4784 consumpta:
2904 4713 2971 4767 de
3007 4727 3115 4782 qua
3151 4713 3304 4768 nulla
3343 4709 3461 4784 iam

185 4821 380 4879 pectore
419 4826 687 4878 tormenta
731 4822 918 4879 omnia
963 4821 1308 4885 devincebat,
1358 4829 1418 4876 ut
1462 4828 1750 4876 strenuum

187 4895 244 4952 de
287 4914 544 4973 prostrato
590 4919 896 4984 reportaret
951 4910 1108 4967 hoste
1151 4919 1453 4983 tropaeum:
1503 4909 1754 4981 interque

189 5001 392 5074 cruenta
424 4995 652 5057 Caesaris
676 5001 829 5074 jussa
862 5001 1004 5058 vasti
1043 5001 1210 5056 maris
1254 4998 1496 5070 dejectus
1527 4999 1751 5071 gurgiti-

188 5071 295 5146 bus,
337 5081 608 5143 ambulare
666 5071 713 5147 ei
769 5090 961 5147 divina
1006 5105 1169 5160 super
1223 5104 1390 5161 aquas
1438 5103 1752 5144 concessum

191 5173 261 5221 est
300 5173 650 5248 providentia,
705 5188 760 5236 et
812 5197 994 5237 rerum
1060 5178 1475 5249 obstupescente
1538 5184 1753 5245 natura,

188 5266 273 5324 per
315 5259 503 5321 insueti
556 5266 778 5326 itineris
819 5285 990 5326 novas
1027 5268 1146 5324 vias
1183 5266 1486 5341 pendulum
1517 5265 1758 5322 inferens

194 5357 430 5417 Mum,
475 5359 748 5414 tumentia
800 5360 966 5417 maris
1013 5358 1174 5416 dorsa
1220 5355 1502 5414 calcavit?
1532 5353 1759 5412 Videres

1859 4815 1973 4869 Deo
2017 4829 2149 4869 cura
2193 4810 2323 4866 est?
2369 4811 2441 4865 Et
2491 4808 2587 4862 ubi
2621 4816 2704 4862 est
2734 4805 2898 4873 illud,
2939 4804 3272 4874 charissimi,
3313 4805 3461 4879 quod

1861 4902 1979 4975 ipsa
2031 4901 2235 4958 veritas
2282 4901 2527 4972 loquitur
2584 4915 2679 4970 per
2717 4895 3082 4969 Prophetam:
3141 4921 3159 4946 ι
3197 4897 3458 4966 Pretiosa,

1864 4991 2065 5065 inquit,
2097 4991 2155 5046 in
2203 4995 2501 5062 conspectu
2545 4986 2768 5044 Domini
2809 5002 2958 5042 mors
2987 4992 3305 5042 sanctorum
3343 4984 3463 5058 ejus

1867 5083 2040 5154 (Psal.
2084 5099 2213 5151 cxv,
2254 5081 2342 5151 15)
2367 5080 2394 5136 ?
2425 5105 2444 5129 ι
2484 5088 2537 5136 et
2567 5079 2805 5135 iterum:
2855 5102 2873 5127 ι
2898 5077 3035 5135 Mihi
3083 5085 3267 5133 autem
3301 5076 3462 5134 valde

1865 5172 2268 5230 honorificandi
2305 5178 2435 5227 sunt
2463 5169 2628 5226 amici
2655 5169 2762 5238 tui,
2797 5171 2943 5225 Deus
2977 5168 3150 5242 (Psal.
3185 5185 3461 5239 cxxxvru,

1869 5264 1958 5335 17)
1981 5264 2009 5320 Ῡ
2030 5290 2048 5313 ι
2086 5263 2364 5319 Honorare
2393 5261 2659 5317 debemus
2688 5275 2874 5316 servos
2903 5258 3023 5327 Dei,
3058 5265 3264 5332 quanto
3290 5259 3466 5332 magis

1866 5355 2075 5412 amicos
2103 5356 2202 5412 Dei
2230 5356 2241 5410 l
2277 5354 2345 5411 de
2391 5353 2593 5426 quibus
2621 5352 2731 5408 alio
2760 5352 2882 5408 loco
2920 5349 3126 5408 dicitur
3149 5369 3162 5408 ;
3183 5347 3197 5358 ’
3219 5375 3238 5400 ι
3276 5349 3463 5408 1)οωί-

189 5447 437 5508 amores:
479 5443 670 5505 Sancti
699 5449 973 5518 substerni
1007 5447 1221 5507 meritis
1247 5445 1444 5519 undas,
1491 5459 1761 5520 supraque
1868 5460 1992 5512 nus,
2036 5442 2240 5518 inquit,
2287 5440 2533 5500 custodit
2568 5439 2754 5498 omnia
2787 5454 2911 5496 ossa
2955 5454 3167 5508 eorum,
3207 5445 3262 5495 et
3288 5453 3463 5494 unum

265 5617 373 5695 (δῖε)
398 5620 550 5686 Rom.
602 5628 760 5700 edit.,
801 5634 957 5703 prius
990 5632 1192 5690 elevare
1227 5627 1525 5702 fastigium,
1553 5626 1759 5686 omisso
1793 5625 2074 5695 videlicet,
2103 5623 2313 5681 meruit.
