3864 6188
455 286 558 344 743

453 431 523 471 ex
553 414 640 470 his
670 430 783 471 non
809 423 1127 473 conteretur
1157 419 1330 488 (Psal.
1367 435 1570 485 χχχιιι,
1607 419 1722 488 21).
1760 446 1775 466 ι

453 523 581 579 ergo
617 505 674 560 in
703 521 867 563 carne
893 507 1153 578 martyris
1181 515 1434 578 exceptas
1463 525 1561 579 pro
1591 509 1795 564 Christi
1828 513 2051 569 nomine

451 597 778 664 cicatrices;
816 597 1028 652 honoro
1064 596 1307 650 viventis
1355 597 1672 652 memoriam
1713 601 2052 669 perennitate

451 689 710 757 virtutis;
747 689 960 744 honoro
996 703 1091 759 per
1119 687 1522 742 confessionem
1557 689 1779 744 Domini
1813 700 2051 748 sacratos

451 781 682 848 cineres,
741 779 952 833 honoro
1007 777 1066 831 in
1126 775 1408 832 cineribus
1455 778 1664 834 semina
1706 780 2046 848 aeternitatis,

452 873 668 929 honoro
697 888 897 942 corpus
919 868 1064 942 quod
1099 869 1237 925 mihi
1270 871 1568 926 Dominum
1603 889 1783 928 meum
1814 874 2053 930 ostendit

451 963 702 1033 diligere,
737 960 884 1032 quod
915 977 1002 1015 me
1026 969 1247 1033 propter
1278 961 1576 1017 Dominum
1606 971 1835 1018 mortem
1864 963 2052 1020 docuit

449 1066 563 1106 non
604 1051 819 1105 timere.
863 1049 975 1106 Cur
1001 1058 1184 1105 autem
1233 1067 1345 1106 non
1385 1050 1659 1108 honorent
1687 1069 1884 1124 corpus
1908 1052 2048 1108 illud

449 1139 659 1208 ﬁdeles,
717 1138 866 1211 quod
917 1147 1239 1195 reverentur
1296 1147 1349 1195 et
1406 1140 1726 1198 daemones?
1783 1143 1931 1214 quod
1994 1152 2048 1199 et

447 1229 770 1286 aﬂlixerunt
792 1227 848 1282 in
880 1229 1171 1301 supplicio,
1203 1229 1296 1286 sed
1318 1229 1630 1300 gloriﬁcant
1660 1231 1719 1286 in
1752 1232 2047 1303 sepulcro?

449 1317 675 1373 Honoro
705 1317 892 1390 itaque
919 1333 1118 1388 corpus
1159 1317 1306 1390 quod
1347 1317 1600 1375 Christus
1645 1319 1940 1376 honoravit
1987 1323 2042 1377 in

450 1405 652 1479 gladio,
685 1405 833 1478 quod
863 1421 990 1462 cum
1015 1404 1235 1462 Christo
1262 1407 1510 1479 regnabit
1537 1408 1595 1463 in
1624 1408 1784 1465 coalo.

948 1545 1094 1604 468
1138 1540 1372 1598 SERMO
1404 1541 1544 1601 LVI.

517 1644 597 1700 De
626 1640 805 1699 Natali
835 1641 1009 1705 sancti
1035 1641 1263 1699 Eusebii
1293 1641 1660 1700 Vercellensis
1686 1641 1948 1716 episcopi.

449 1760 516 1815 In
561 1755 654 1808 hoc
704 1769 940 1808 sermone
968 1753 1031 1807 de
1058 1760 1236 1808 sancto
1283 1754 1509 1810 Eusebio
1537 1761 1787 1824 tanquam
1817 1754 1878 1808 de
1903 1770 2044 1808 mar-

521 1833 634 1895 tyre
661 1824 863 1895 agitur,
893 1825 1137 1894 quamvis
1166 1826 1223 1880 in
1257 1825 1612 1896 confessorum
1635 1815 1825 1880 hrdine
1853 1841 2054 1896 semper
2084 1815 2130 1875 B

519 1902 814 1968 reponatur
843 1897 1009 1968 apud
1065 1897 1350 1968 antiquos:
1397 1903 1580 1952 cratera
1634 1896 1764 1951 satis
1818 1896 2055 1951 historice

519 1966 684 2038 hujus
735 1966 990 2040 antistitis
1050 1966 1207 2023 idem’
1253 1970 1510 2040 congruit.
1578 1968 1840 2040 Habemus
1907 1968 2053 2040 apud

520 2040 824 2099 Maximum
882 2039 1051 2094 alium
1103 2039 1391 2095 sermonem
1435 2041 1497 2095 de
1551 2039 1724 2094 eodem
1770 2046 1949 2094 sancto
1994 2039 2053 2093 in

518 2112 704 2167 multis
733 2112 854 2165 huic
891 2111 997 2181 ipsi
1035 2112 1380 2181 persimilem,
1421 2112 1510 2166 sed
1537 2112 1643 2181 sive
1671 2110 1756 2166 illi
1783 2111 1849 2165 ab
1878 2111 2054 2166 eodem

521 2191 759 2248 auctore,
813 2180 922 2238 sive
947 2200 980 2237 a
1008 2180 1229 2237 diversis
1266 2182 1494 2254 profecti
1518 2180 1738 2252 fuerint,
1767 2183 1902 2236 hunc
1947 2198 2054 2236 non

521 2272 626 2310 esse
655 2254 886 2312 Maximi
927 2253 1277 2325 perspicuum
1313 2261 1404 2321 est,
1438 2271 1553 2308 cum
1585 2254 1638 2308 in
1678 2253 1900 2325 ipsamet
1933 2254 2051 2312 Ver-

520 2325 730 2381 cellensi
783 2325 1020 2381 Ecclesia
1051 2324 1136 2379 sit
1185 2327 1585 2388 pronuntiatus.
1624 2324 1764 2394 Ejus
1808 2342 1932 2380 vero
1957 2341 2051 2380 au-

518 2404 709 2452 ctorem
766 2399 1044 2467 antiquum
1103 2396 1269 2466 fuisse
1329 2415 1394 2452 ea:
1453 2415 1509 2452 eo
1563 2404 1729 2468 patet,
1783 2398 1926 2466 quod
1979 2414 2048 2467 se,

511 2474 770 2540 prasente
803 2470 1219 2539 Exsuperantio,
1265 2469 1493 2538 ejusdem
1531 2469 1742 2525 Eusebii
1770 2468 2048 2539 discipulo,

521 2539 669 2610 loqui
720 2541 1001 2611 signiﬁcat.
1047 2541 1234 2598 Verum
1263 2541 1502 2612 quisquis
1545 2542 1636 2596 ille
1665 2541 1754 2605 sit,
1788 2540 2053 2595 diversum

518 2629 635 2668 eum
667 2629 770 2666 esse
789 2612 853 2666 ab
874 2612 1180 2678 Ambrosio,
1212 2619 1259 2667 et
1283 2613 1384 2668 alii
1405 2612 1523 2681 jam
1562 2619 1681 2667 ante
1707 2619 2051 2683 agnoverunt,

520 2688 568 2738 et
598 2689 705 2739 tota
734 2684 999 2738 sermonis
1026 2686 1186 2740 series
1214 2685 1420 2740 abunde
1454 2686 1664 2754 probat.

524 2799 572 2856 l.
611 2799 697 2856 Ad
767 2800 940 2855 sancti
1000 2799 1260 2870 martyris
1311 2799 1533 2854 Eusebii
1585 2797 1802 2855 laudem
1840 2797 2050 2871 aliquid

443 2888 646 2944 addere
677 2888 837 2956 velle,
890 2888 1185 2957 decerpere
1214 2895 1332 2952 est;
1371 2894 1477 2941 tam
1511 2885 1868 2943 ineﬁabilium
1899 2888 2046 2944 enim

452 2976 832 3032 doctrinarum
880 2977 1136 3047 magister
1166 2974 1402 3042 exstitit,
1435 2982 1496 3030 ut
1524 2977 1719 3033 merita
1756 2977 1874 3050 ejus
1901 2979 2047 3036 faci-

449 3063 558 3118 lius
601 3062 863 3135 operibus
911 3063 1165 3135 cognosci
1217 3063 1430 3136 possint
1489 3080 1650 3137 quam
1699 3068 2047 3126 sermonibus

1496 295 1591 348 AD
1631 294 1865 349 OPERA
1903 295 1957 349 S.
2000 295 2331 352 AMBROSII
2367 296 2746 354 APPENDIX.

3695 304 3786 361 744

1832 422 2052 480 l-Ionoro
2079 427 2130 485 Α
2157 424 2316 496 cujus
2343 432 2458 480 tota
2487 425 2642 496 plebs
2672 425 2776 482 ista
2804 425 2876 482 sit
2907 426 3121 498 gloria?
3146 429 3222 483 Et
3257 444 3390 486 cum
3423 429 3582 488 dicat
3611 431 3787 506 Scrip‘

2169 522 2328 570 tura:
2387 540 2405 564 ‹
2463 515 2651 572 Gloria
2716 516 2886 588 patris
2948 525 3028 573 est
3092 517 3240 574 ﬁlius
3305 520 3534 591 sapiens
3597 523 3783 593 (Prov.

2170 622 2227 671 x,
2263 604 2397 675 1);»
2441 614 2659 678 quanta:
2709 607 2876 678 hujus
2919 616 3050 663 sunt
3096 609 3306 680 glorias,
3356 611 3458 682 qui
3496 619 3783 669 tantorum

2171 692 2413 748 ﬁliorum
2449 695 2716 767 sapientia
2761 705 2815 753 et
2841 697 3135 754 devotione
3170 699 3429 754 laetatur!
3465 701 3532 755 In
3563 700 3783 758 Christo

2123 787 2135 802 '
2170 781 2317 835 enim
2359 782 2487 838 Jesu
2531 799 2626 854 per
2674 784 3039 855 Evangelium
3088 785 3204 857 ipse
3234 801 3337 842 nos
3365 786 3587 858 genuit.
3621 788 3782 855 Quid~

2170 870 2303 941 quid
2335 886 2462 942 ergo
2519 871 2577 927 in
2609 872 2713 929 hac
2741 880 2930 929 sancta
2962 873 3119 945 plebe
3149 883 3329 946 potest
3357 893 3478 932 esse
3507 878 3780 934 virtutum

2169 968 2223 1015 et
2269 960 2474 1031 gratiae,
2521 962 2579 1016 in
2634 963 2809 1018 sancti
2860 964 3087 1020 Eusebii
3116 967 3434 1037 magisterio
3485 969 3777 1039 reperitur.

2170 1050 2257 1104 Ex
2299 1049 2404 1106 hoc
2440 1060 2622 1107 autem
2655 1052 2808 1124 quasi
2840 1053 3076 1124 quodam
3109 1055 3381 1111 virtutum
3434 1057 3596 1112 fonte
3639 1059 3780 1114 luci-

2171 1137 2402 1195 dissimo
2431 1140 2741 1197 rivulorum
2774 1141 2893 1199 haec
2923 1145 3134 1214 puritas
3168 1145 3470 1203 emanavit.
3494 1148 3642 1203 Nam
3659 1151 3779 1222 quia

2171 1229 2438 1285 castitatis
2490 1231 2681 1303 vigore
2725 1232 2984 1304 pollebat,
3038 1235 3382 1306 propositum
3435 1237 3778 1310 virginitatis

2174 1317 2451 1387 instituit;
2504 1321 2632 1392 quia
2695 1320 3044 1378 abstinentiae
3092 1324 3430 1396 gloriabatur
3480 1329 3769 1399 angustiis,

2170 1407 2566 1465 monachorum
2596 1409 2910 1467 introduxit
2937 1413 3077 1468 forte
3107 1415 3396 1471 servitium
3422 1435 3436 1483 ;
3462 1418 3603 1490 quia
3630 1418 3774 1474 blan-

2127 1539 2145 1554 .
2169 1494 2432 1554 dimentis
2461 1507 2576 1554 erat
2603 1500 2867 1573 praeditus
2897 1503 3159 1573 lenitatis,
3191 1515 3533 1562 cunctorum
3571 1508 3770 1564 civium

2166 1585 2226 1641 in
2255 1588 2430 1644 Deum
2462 1590 2786 1662 provocavit
2805 1591 3062 1649 aﬁ‘ectum
3087 1611 3102 1660 ;
3135 1593 3264 1665 quia
3295 1594 3577 1666 pontiﬁcii
3604 1595 3770 1651 admi~

2168 1678 2497 1736 nistratione
2535 1680 2798 1753 fulgebat,
2848 1682 3033 1754 plures
3079 1699 3108 1738 e
3156 1681 3454 1756 discipulis
3484 1685 3766 1741 sacerdotii

2170 1766 2256 1822 sui
2296 1767 2461 1840 elegit
2489 1767 2750 1827 heredes.
2778 1771 3044 1838 Quamvis
3089 1771 3260 1845 igitur
3287 1775 3560 1830 nonnulli
3593 1775 3767 1831 liberis

2160 1859 2275 1915 suis
2333 1861 2650 1934 relinquant
2697 1863 2817 1919 auri
2879 1865 3201 1938 argentique
3256 1865 3577 1934 thesauros,
3619 1885 3764 1924 nemo

2161 1956 2346 2005 tamen
2397 1958 2588 2008 sancto
2639 1952 2882 2009 Eusebio
2925 1952 3156 2010 ditiores
3185 1955 3453 2029 reliquit;
3497 1956 3763 2029 siquidem

2159 2055 2355 2095 omnes
2383 2041 2720 2098 exstiterunt
2749 2051 2846 2100 aut
2877 2044 3205 2114 sacerdotes,
3237 2053 3335 2102 aut
3361 2055 3660 2119 martyres.

2235 2127 2289 2184 4.
2309 2128 2446 2184 Nam
2479 2139 2542 2186 ut
2571 2139 2767 2188 caetera
2792 2142 3024 2203 taceam,
3057 2134 3201 2191 illud
3237 2152 3406 2208 quam
3445 2136 3760 2193 admirabile

2162 2224 2263 2285 est,
2295 2218 2442 2291 quod
2471 2219 2528 2274 in
2571 2220 2680 2278 hac
2708 2230 2897 2279 sancta
2923 2223 3171 2280 Ecclesia
3218 2223 3440 2281 eosdem
3475 2226 3761 2282 monachos

2162 2306 2405 2364 instituit
2432 2325 2567 2378 esse,
2601 2328 2740 2384 quos
2779 2314 3008 2370 clericos
3034 2332 3047 2382 ;
3077 2322 3240 2387 atque
3279 2314 3481 2372 iisdem
3510 2325 3763 2388 penetra-

2162 2396 2308 2454 libus
2349 2401 2710 2459 sacerdotalia
2749 2404 2929 2460 ofﬁcia
2977 2405 3272 2473 contineri,
3307 2406 3519 2478 quibus
3557 2416 3614 2463 et
3648 2408 3761 2462 sin-

2162 2490 2365 2562 gularis
2413 2493 2742 2550 castimonia
2789 2505 3178 2564 conservatur;
3230 2505 3292 2551 ut
3333 2504 3481 2552 esset
3531 2498 3591 2553 in
3641 2498 3759 2570 ipsis

2163 2580 2302 2636 viris
2325 2592 2680 2656 contemptus
2691 2601 2896 2653 rerum,
2913 2595 2966 2642 et
2982 2585 3258 2643 accuratio
3275 2585 3606 2642 Levitarum
3630 2587 3756 2658 (87):

2161 2678 2224 2726 ut
2261 2671 2308 2727 si
2358 2673 2578 2732 videres
2612 2676 2933 2733 monasterii
2963 2677 3213 2746 lectulos,
3266 2677 3446 2732 instar
3473 2677 3757 2734 Orientalis

2164 2763 2432 2834 propositi
2492 2764 2806 2837 judicares:
2876 2767 2924 2824 si
2984 2767 3338 2823 devotionem
3396 2769 3593 2825 clerici
3653 2786 3755 2840 per-

2159 2852 2431 2924 spiceres,
2540 2857 2776 2929 angelici
2857 2856 3070 2915 ordinis
3151 2857 3552 2915 observatione
3629 2876 3756 2932 gau-

2157 2939 2332 3000 deres.

2226 3042 2279 3098 5.
2322 3043 2468 3099 Illud
2507 3052 2692 3100 autem
2736 3045 3030 3103 tacendum
3081 3048 3311 3103 omnino
3349 3064 3467 3104 non
3504 3046 3750 3113 arbitror,

448 3131 737 3226 explicari.
772 3131 1008 3209 Tantum
1043 3131 1236 3210 autem—
1259 3152 1326 3209 de
1355 3169 1418 3210 eo
1449 3131 1785 3211 conscientia
1823 3157 2044 3224 retinet,
2076 3176 2118 3236 ρ
2156 3131 2302 3232 (ΙΨίῙ
2330 3148 2456 3188 cum
2482 3133 2813 3236 Ατίῗηίξτηξξ]
2830 3135 3148 3236 detestati?“
3172 3135 3406 3236 perﬁdi?
3432 3145 3612 3232 tota?”
3639 3152 3750 3236 (Eum

445 3252 715 3320 quantum
737 3245 913 3303 oratio
947 3256 1000 3305 et
1042 3246 1284 3303 narratio
1316 3263 1428 3301 non
1460 3243 1720 3318 piaevalet
1751 3247 1891 3318 (85).
1925 3248 2044 3320 Igi—

441 3339 533 3390 tur
589 3341 740 3407 gesta
794 3335 946 3392 illius
1002 3354 1113 3394 non
1169 3337 1354 3395 verbis
1409 3338 1726 3396 adornanda
1754 3346 1903 3406 sunt,
1951 3337 2046 3394 sed

440 3424 856 3496 perstringenda
903 3427 1227 3494 sententiis;
1274 3428 1575 3498 przesertim
1627 3427 1756 3499 quia
1800 3443 1902 3483 nos
1942 3424 2043 3482 sci-

442 3534 567 3575 mus
595 3538 715 3575 eam
747 3538 859 3576 rem
891 3537 1106 3578 comere
1128 3539 1239 3578 non
1269 3523 1466 3579 debere
1496 3523 2042 3594 sermonibus,quam

445 3606 698 3662 videmus
748 3607 863 3678 jam
906 3619 1179 3680 comptam
1238 3618 1353 3666 esse
1383 3613 1705 3680 virtutibus,
1738 3628 1865 3668 cum
1896 3611 2044 3667 dicat

395 3764 401 3768 _
437 3697 738 3767 Apostolus
764 3715 776 3754 :
824 3721 842 3745 ε
872 3697 1119 3769 Regnum
1151 3699 1250 3754 Dei
1299 3715 1412 3754 non
1442 3699 1501 3754 in
1539 3715 1792 3756 sermone
1816 3707 1919 3768 est,
1947 3700 2041 3757 sed

394 3840 397 3844 .
438 3784 496 3842 in
526 3783 733 3842 virtute
772 3787 829 3859 (Ι
850 3787 976 3845 Cor.
1012 3804 1088 3856 1v,
1114 3786 1230 3858 20).
1259 3813 1278 3836 ι

508 3876 560 3934 2.
594 3879 739 3952 Ergo
770 3878 838 3935 ad
869 3878 1067 3935 merita
1096 3877 1214 3950 ejus
1257 3878 1469 3951 aliquid
1515 3878 1714 3935 addere
1742 3880 1906 3948 velle,
1949 3879 2038 3936 de-

393 3955 395 3958 ﬁ
435 3983 656 4040 cerpere
701 3977 804 4035 est,
864 3985 953 4024 me
1010 3967 1303 4042 pracipue,
1337 3968 1432 4042 qui
1480 3976 1534 4025 et
1580 3969 1801 4041 ignarus
1853 3985 2034 4025 rerum

387 4043 393 4050 ’
437 4065 711 4130 gestarum
738 4061 864 4129 sim,
899 4068 952 4116 et
983 4059 1291 4117 litterarum
1332 4059 1621 4132 imperitus
1659 4075 1956 4128 sacrarum,
1983 4067 2038 4115 et

385 4133 392 4139 ’
437 4147 592 4202 rudis
647 4150 1071 4206 sacerdotalium
1129 4150 1504 4206 functionum.
1560 4151 1875 4207 Potuissent
1928 4166 2036 4206 au-

434 4240 543 4288 tem
569 4233 685 4307 (86)
715 4236 1011 4306 praedicare
1038 4238 1155 4294 haec
1184 4239 1359 4295 sancti
1389 4255 1743 4311 praecessores
1773 4240 1881 4295 mei
1928 4255 2034 4295 usu

387 4311 392 4316 ’
433 4320 670 4391 facilius,
728 4324 1106 4394 experimento
1157 4328 1462 4398 probatius,
1502 4329 1755 4384 doctrina
1812 4329 2031 4400 praecla-

377 4399 387 4481 ξ
432 4409 588 4467 rius:
622 4411 886 4468 domnum
935 4421 988 4469 et
1016 4422 1224 4485 patrem
1269 4416 1578 4488 specialiter
1605 4399 1827 4474 beatum
1855 4419 2029 4473 Exsu-

2156 3223 2417 3279 universo
2439 3223 2648 3280 mundo
2677 3224 2889 3281 Italiam
2913 3225 3301 3298 perturbasset,
3324 3232 3494 3297 atque
3516 3225 3746 3296 ejusdem

2155 3311 2482 3383 pestilentias
2511 3315 2819 3372 sacerdotes
2846 3315 3254 3388 simplicitatem
3288 3315 3472 3372 sancti
3503 3315 3746 3388 Dionysii

2158 3403 2417 3476 martyris
2445 3405 2844 3478 captivassent;
2867 3407 2944 3462 ita
2964 3415 3027 3462 ut
3046 3406 3474 3478 subscriptionis
3501 3408 3549 3479 ej
3558 3425 3621 3464 us
3641 3408 3747 3462 vin-

2153 3493 2339 3547 culum
2386 3493 2706 3563 retinerent,
2753 3512 2862 3568 qua
2908 3496 3068 3552 illum
3096 3513 3125 3552 e
3155 3496 3413 3552 manibus
3459 3513 3654 3552 eorum
3675 3512 3745 3550 sa-

2153 3580 2360 3652 pientia
2408 3583 2712 3640 liberavit?
2740 3584 2895 3642 Sicut
2937 3585 3086 3642 enim
3123 3585 3202 3642 ait
3247 3595 3478 3641 sanctus
3515 3586 3740 3641 Paulus:

2165 3691 2184 3716 ι
2228 3671 2425 3727 Factus
2453 3689 2574 3727 sum
2623 3671 2828 3730 Iudaeis
2867 3682 3128 3748 tanquam
3157 3673 3400 3743 Iudaeus,
3436 3683 3502 3730 ut
3538 3674 3740 3730 Judeos

2153 3759 2529 3819 lucrifacerem
2563 3762 2620 3834 (Ι
2656 3766 2783 3822 Cor.
2815 3781 2897 3833 rx,
2926 3764 3018 3836 20)
3047 3784 3060 3833 ;
3091 3789 3110 3812 ι
3165 3764 3242 3820 ita
3268 3763 3548 3820 Eusebius
3587 3764 3737 3819 hare

2147 3852 2278 3908 ticis
2307 3852 2629 3911 haereticum
2661 3871 2719 3912 se
2759 3872 2874 3913 esse
2912 3855 3176 3913 mentitus
3212 3865 3313 3925 est,
3346 3863 3410 3912 ut
3450 3856 3521 3913 de
3560 3855 3735 3912 haeresi

2148 3941 2330 3998 ﬁlium
2377 3943 2652 4002 liberaret.
2703 3945 2862 4002 Dixit
2907 3946 3056 4002 enim
3097 3964 3155 4004 se
3191 3963 3384 4002 eorum
3436 3947 3736 4004 consentire

2147 4031 2409 4103 perﬁdiae,
2444 4032 2551 4090 hoc
2573 4034 2680 4090 sibi
2712 4036 2944 4108 placere,
2974 4036 3123 4108 quod
3155 4037 3304 4093 illis:
3338 4036 3434 4092 sed
3467 4037 3617 4110 quod
3641 4034 3734 4090 sibi

2143 4119 2321 4175 ﬁlium
2384 4123 2714 4195 Dionysium
2778 4124 2836 4179 in
2886 4124 3282 4182 subscribendo
3338 4132 3731 4198 prmponerent,

2142 4210 2383 4281 graviter
2427 4218 2574 4276 469
2627 4230 2682 4270 se
2725 4214 2969 4271 moveri:
3014 4215 3127 4272 Vos
3177 4214 3349 4284 enim,
3401 4215 3610 4287 inquit,
3649 4211 3730 4286 qui

2142 4307 2328 4367 dicitis
2383 4313 2586 4369 Filium
2645 4315 2745 4371 Dei
2806 4317 2952 4371 Patri
3004 4318 3118 4372 Deo
3167 4315 3436 4388 aaqualem
3478 4331 3596 4371 esse
3632 4328 3727 4369 non

2142 4415 2319 4470 posse,
2354 4417 2454 4458 cur
2483 4390 2623 4458 mihi
2661 4403 2840 4460 ﬁlium
2879 4420 3063 4460 meum
3101 4404 3425 4477 prsetulistis
3450 4405 3480 4460 7
3511 4404 3628 4471 Qua
3653 4399 3727 4458 illi

431 4503 742 4575 perantium
786 4503 1000 4576 loquor,
1048 4504 1143 4576 qui
1194 4487 1311 4560 fuit
1326 4503 1444 4577 ejus
1482 4507 1734 4563 minister
1774 4509 1832 4563 in
1858 4525 2028 4566 sacer-

2155 4487 2351 4544 ratione
2390 4492 2644 4561 permoti,
2687 4494 2872 4549 statim
2932 4494 3107 4550 sancti
3157 4493 3416 4566 Dionysii
3462 4493 3725 4564 chirogra-

374 4644 384 4653 .
431 4595 603 4665 dotio,
649 4612 832 4653 comes
867 4596 924 4651 in
968 4597 1259 4668 martyrio,
1306 4599 1576 4670 particeps
1617 4600 1670 4654 in
1717 4600 1921 4656 labore.
1963 4602 2025 4656 In

427 4683 586 4757 cujus
625 4685 786 4742 vultu
829 4694 1077 4742 sanctum
1110 4703 1327 4759 quoque
1365 4686 1666 4742 Eusebium
1698 4687 1884 4743 videre
1921 4705 2022 4746 nos

423 4774 722 4843 credimus,
774 4782 828 4830 et
879 4775 1034 4849 quasi
1093 4775 1151 4830 in
1197 4775 1432 4848 quodam
1481 4778 1704 4848 speculo
1757 4776 2022 4834 bonitatis

427 4863 580 4922 illius
613 4866 909 4940 imaginem
958 4875 1320 4935 contuemur;
1359 4868 1519 4925 facile
1556 4870 1704 4925 enim
1744 4870 2020 4942 cognosci-

425 4970 548 5011 mus
592 4957 770 5028 qualis
816 4958 1074 5030 magister
1116 4957 1304 5026 fuerit,
1354 4958 1512 5030 cujus
1555 4961 1720 5016 talem
1769 4959 2020 5015 videmus

424 5057 540 5100 esse
597 5043 955 5116 discipulum.
1001 5047 1107 5104 Sed
1155 5049 1416 5120 quoniam
1465 5048 1829 5106 confessionis
1867 5050 2020 5106 illius

407 5133 625 5195 similis
680 5134 830 5192 hunc
898 5138 1071 5208 gloria
1133 5138 1446 5207 comitatur,
1515 5141 1727 5195 mavult
1792 5140 2019 5196 reticere

361 5217 368 5285 ξ
423 5222 613 5280 laudes
669 5232 959 5296 paternas;
1018 5241 1088 5281 ne
1145 5241 1392 5299 proprias
1437 5226 1641 5300 pariter
1679 5228 1887 5300 jactare
1924 5229 2021 5298 vie-

359 5310 366 5388 ξ
421 5310 636 5373 deatur.

493 5402 545 5460 3.
579 5401 724 5470 Quid
745 5419 872 5476 ergo
891 5403 959 5460 de
980 5405 1240 5476 martyris
1265 5404 1490 5461 Eusebii
1511 5406 1684 5478 gloria
1703 5407 2016 5482 praedicem,

413 5517 834 5657 “((3,5)u90dex
862 5519 1096 5590 Theod.,
1128 5529 1384 5593 quantum
1431 5525 1603 5580 oratio
1629 5543 1888 5584 enarrare
1913 5543 2020 5583 non

563 5607 598 5644 a
674 5632 686 5645 .

563 5607 686 5645 αιει.

495 5657 613 5730 (86)
645 5661 730 5715 Ita
756 5675 887 5717 mss.
917 5677 982 5720 ac
1021 5670 1135 5721 vet.
1166 5663 1337 5732 edit.;
1368 5664 1556 5725 locum
1593 5681 1724 5724 vero
1743 5667 1908 5726 Rom.
1936 5667 2022 5732 sio

2136 4574 2308 4648 phum
2339 4577 2683 4650 deleverunt,
2709 4583 2946 4655 priorem
2970 4583 3150 4639 locum
3174 4582 3726 4639 subscribendibeato

2132 4668 2373 4724 Eusebio
2417 4669 2743 4729 deferentes.
2791 4674 2937 4741 Quos
2964 4675 3059 4730 ille
3093 4674 3385 4746 increpans
3412 4683 3469 4730 et
3501 4673 3726 4730 irridens

2132 4758 2238 4813 ait:
2276 4759 2461 4832 Neque
2492 4777 2589 4832 ego
2620 4778 2707 4819 me
2739 4765 2934 4821 vestris
2971 4765 3270 4821 sceleribus
3301 4765 3517 4837 polluo,
3559 4778 3724 4836 neque

2131 4850 2310 4907 ﬁlium
2340 4868 2524 4909 meum
2563 4855 2854 4913 vobiscum
2887 4857 3210 4930 participare
3250 4858 3534 4929 permitto.
3579 4853 3724 4913 Unde

2128 4957 2254 4998 cum
2285 4941 2432 4998 dicat
2484 4944 2847 5017 Evangelium
2879 4947 2940 5002 in
2969 4947 3073 5002 hac
3101 4947 3455 5018 generatione
3496 4945 3723 5019 pruden-

2127 5030 2295 5086 tiores
2335 5031 2480 5088 ﬁlios
2518 5035 2866 5092 tenebrarum
2905 5053 3020 5093 esse
3051 5052 3215 5109 quam
3249 5035 3391 5092 lucis
3424 5037 3580 5106 (Luc.
3609 5051 3715 5101 xw,

2125 5119 2222 5193 8);
2267 5138 2389 5178 ecce
2434 5122 2525 5180 hic
2560 5123 2694 5197 ipsis
2739 5124 2980 5181 tenebris
3022 5124 3352 5198 prudentior
3393 5124 3549 5181 ﬁlius
3590 5124 3718 5182 lucis

2125 5210 2385 5268 inventus
2411 5220 2512 5269 est.

2197 5311 2251 5367 6.
2293 5311 2446 5368 Tunc
2493 5313 2574 5369 illi
2614 5315 2852 5386 graviter
2905 5315 3276 5388 indignantes,
3307 5316 3387 5371 ita
3415 5315 3712 5389 nequitiam

2125 5416 2280 5460 suam
2319 5402 2486 5460 fuisse
2527 5404 2792 5477 delusam,
2842 5405 3003 5464 novis
3043 5422 3169 5463 eum
3199 5423 3296 5480 per
3332 5406 3708 5466 Constantium

2125 5523 2431 5598 contraxit,
2464 5522 2557 5594 qui
2595 5541 2775 5581 rerum
2829 5545 2870 5581 a
2913 5543 2965 5580 se
3003 5531 3268 5596 gestarum
3307 5541 3442 5598 pene
3495 5526 3709 5597 ignarus

2126 5591 2252 5666 sim.
2274 5591 2570 5651 Ροιαίδὲεηί
2596 5603 2789 5666 autem,
2821 5605 2923 5654 etc.

2206 5665 2325 5738 (87)
2365 5667 2552 5728 Codex
2579 5665 2811 5741 Theod.,
2840 5676 2890 5728 et
2918 5669 3186 5728 accuratio
3219 5669 3544 5726 litterariam.
