  <div class='ocr_page' id='page_1' title='image "/cluster/home/n/w/nwhite01/storage/ocr_20150623/17/uva.x000826553/380.png"; bbox 0 0 3864 6188; ppageno 0'>
   <div class='ocr_carea' id='block_1_1' title="bbox 79 369 253 426">
    <p class='ocr_par' dir='ltr' id='par_1_1' title="bbox 79 369 253 426">
     <span class='ocr_line' id='line_1_1' title="bbox 79 369 253 426; baseline 0.011 -3"><span class='ocrx_word' id='word_1_1' title='bbox 79 369 253 426; x_wconf 57' lang='lat'>7&amp;5-</span> 
     </span>
    </p>
   </div>
   <div class='ocr_carea' id='block_1_2' title="bbox 893 361 2548 428">
    <p class='ocr_par' dir='ltr' id='par_1_2' title="bbox 893 361 2548 428">
     <span class='ocr_line' id='line_1_2' title="bbox 893 361 2548 428; baseline -0.001 -2"><span class='ocrx_word' id='word_1_2' title='bbox 893 367 1263 428; x_wconf 80' lang='lat' dir='ltr'>SERMONES</span> <span class='ocrx_word' id='word_1_3' title='bbox 1300 368 1357 426; x_wconf 91' lang='lat' dir='ltr'>S.</span> <span class='ocrx_word' id='word_1_4' title='bbox 1401 361 1756 425; x_wconf 79' lang='lat' dir='ltr'>AMBROSIO</span> <span class='ocrx_word' id='word_1_5' title='bbox 1790 365 2169 426; x_wconf 82' lang='lat' dir='ltr'>HACTENUS</span> <span class='ocrx_word' id='word_1_6' title='bbox 2208 364 2548 425; x_wconf 83' lang='lat' dir='ltr'>ASCRIPTI.</span> 
     </span>
    </p>
   </div>
   <div class='ocr_carea' id='block_1_3' title="bbox 3281 331 3460 426">
    <p class='ocr_par' dir='ltr' id='par_1_3' title="bbox 3281 331 3460 426">
     <span class='ocr_line' id='line_1_3' title="bbox 3281 331 3460 426; baseline -0.017 0"><span class='ocrx_word' id='word_1_7' title='bbox 3281 331 3460 426; x_wconf 61' lang='grc' dir='ltr'>ηδ’</span> 
     </span>
    </p>
   </div>
   <div class='ocr_carea' id='block_1_4' title="bbox 79 491 3383 568">
    <p class='ocr_par' dir='ltr' id='par_1_4' title="bbox 79 491 3383 568">
     <span class='ocr_line' id='line_1_4' title="bbox 79 491 3383 568; baseline 0.002 -21"><span class='ocrx_word' id='word_1_8' title='bbox 79 492 393 567; x_wconf 83' lang='lat' dir='ltr'>principem</span> <span class='ocrx_word' id='word_1_9' title='bbox 428 495 777 568; x_wconf 85' lang='lat' dir='ltr'>passionibus</span> <span class='ocrx_word' id='word_1_10' title='bbox 805 504 1146 552; x_wconf 88' lang='lat' dir='ltr'>vexaverunt</span> <span class='ocrx_word' id='word_1_11' title='bbox 1179 494 1336 567; x_wconf 90' lang='lat'>(88);</span> <span class='ocrx_word' id='word_1_12' title='bbox 1381 510 1508 551; x_wconf 89' lang='lat' dir='ltr'>nam</span> <span class='ocrx_word' id='word_1_13' title='bbox 1561 501 1681 567; x_wconf 91' lang='lat' dir='ltr'>post</span> <span class='ocrx_word' id='word_1_14' title='bbox 1707 494 1760 555; x_wconf 80' lang='grc' dir='ltr'>Α</span> <span class='ocrx_word' id='word_1_15' title='bbox 1789 493 1857 550; x_wconf 91' lang='lat' dir='ltr'>ad</span> <span class='ocrx_word' id='word_1_16' title='bbox 1887 491 2028 550; x_wconf 90' lang='lat' dir='ltr'>hanc</span> <span class='ocrx_word' id='word_1_17' title='bbox 2058 493 2200 550; x_wconf 90' lang='lat' dir='ltr'>diem</span> <span class='ocrx_word' id='word_1_18' title='bbox 2235 493 2595 567; x_wconf 86' lang='lat' dir='ltr'>depositionis</span> <span class='ocrx_word' id='word_1_19' title='bbox 2636 494 2940 554; x_wconf 81' lang='lat' dir='ltr'>advenerit.</span> <span class='ocrx_word' id='word_1_20' title='bbox 2985 495 3202 554; x_wconf 89' lang='lat' dir='ltr'>Dicitur</span> <span class='ocrx_word' id='word_1_21' title='bbox 3234 499 3383 555; x_wconf 89' lang='lat' dir='ltr'>enim</span> 
     </span>
    </p>
   </div>
   <div class='ocr_carea' id='block_1_5' title="bbox 81 582 1688 659">
    <p class='ocr_par' dir='ltr' id='par_1_5' title="bbox 81 582 1688 659">
     <span class='ocr_line' id='line_1_5' title="bbox 81 582 1688 659; baseline 0 -22"><span class='ocrx_word' id='word_1_22' title='bbox 81 582 295 639; x_wconf 89' lang='lat' dir='ltr'>multas</span> <span class='ocrx_word' id='word_1_23' title='bbox 327 583 562 656; x_wconf 82' lang='lat' dir='ltr'>injurias</span> <span class='ocrx_word' id='word_1_24' title='bbox 593 585 822 643; x_wconf 87' lang='lat' dir='ltr'>orientis</span> <span class='ocrx_word' id='word_1_25' title='bbox 851 586 1020 659; x_wconf 66' lang='lat' dir='ltr'>plaga:</span> <span class='ocrx_word' id='word_1_26' title='bbox 1050 585 1208 642; x_wconf 91' lang='lat' dir='ltr'>illum</span> <span class='ocrx_word' id='word_1_27' title='bbox 1247 584 1444 640; x_wconf 87' lang='lat' dir='ltr'>exsilio</span> <span class='ocrx_word' id='word_1_28' title='bbox 1473 584 1688 655; x_wconf 85' lang='lat' dir='ltr'>relega-</span> 
     </span>
    </p>
   </div>
   <div class='ocr_carea' id='block_1_6' title="bbox 80 671 1688 749">
    <p class='ocr_par' dir='ltr' id='par_1_6' title="bbox 80 671 1688 749">
     <span class='ocr_line' id='line_1_6' title="bbox 80 671 1688 749; baseline 0.001 -23"><span class='ocrx_word' id='word_1_29' title='bbox 80 680 244 741; x_wconf 91' lang='lat' dir='ltr'>runt,</span> <span class='ocrx_word' id='word_1_30' title='bbox 273 671 330 728; x_wconf 92' lang='lat' dir='ltr'>in</span> <span class='ocrx_word' id='word_1_31' title='bbox 361 690 471 747; x_wconf 90' lang='lat' dir='ltr'>quo</span> <span class='ocrx_word' id='word_1_32' title='bbox 500 681 654 732; x_wconf 89' lang='lat' dir='ltr'>tanta</span> <span class='ocrx_word' id='word_1_33' title='bbox 683 693 872 749; x_wconf 90' lang='lat' dir='ltr'>passus</span> <span class='ocrx_word' id='word_1_34' title='bbox 908 683 1007 744; x_wconf 92' lang='lat' dir='ltr'>est,</span> <span class='ocrx_word' id='word_1_35' title='bbox 1040 682 1102 731; x_wconf 91' lang='lat' dir='ltr'>ut</span> <span class='ocrx_word' id='word_1_36' title='bbox 1140 674 1390 748; x_wconf 85' lang='lat' dir='ltr'>martyrii</span> <span class='ocrx_word' id='word_1_37' title='bbox 1423 674 1688 730; x_wconf 87' lang='lat' dir='ltr'>invictam</span> 
     </span>
    </p>
   </div>
   <div class='ocr_carea' id='block_1_7' title="bbox 82 759 1691 836">
    <p class='ocr_par' dir='ltr' id='par_1_7' title="bbox 82 759 1691 836">
     <span class='ocr_line' id='line_1_7' title="bbox 82 759 1691 836; baseline 0.004 -22"><span class='ocrx_word' id='word_1_38' title='bbox 82 759 321 832; x_wconf 76' lang='lat' dir='ltr'>gloriam</span> <span class='ocrx_word' id='word_1_39' title='bbox 355 773 673 836; x_wconf 81' lang='lat' dir='ltr'>reportaret.</span> <span class='ocrx_word' id='word_1_40' title='bbox 706 767 922 823; x_wconf 86' lang='lat' dir='ltr'>Dicitur</span> <span class='ocrx_word' id='word_1_41' title='bbox 948 765 1094 823; x_wconf 90' lang='lat' dir='ltr'>enim</span> <span class='ocrx_word' id='word_1_42' title='bbox 1145 765 1288 821; x_wconf 91' lang='lat' dir='ltr'>inter</span> <span class='ocrx_word' id='word_1_43' title='bbox 1334 771 1528 821; x_wconf 76' lang='lat' dir='ltr'>caatera</span> <span class='ocrx_word' id='word_1_44' title='bbox 1558 780 1691 836; x_wconf 88' lang='lat' dir='ltr'>pas—</span> 
     </span>
    </p>
   </div>
   <div class='ocr_carea' id='block_1_8' title="bbox 81 849 1690 927">
    <p class='ocr_par' dir='ltr' id='par_1_8' title="bbox 81 849 1690 927">
     <span class='ocr_line' id='line_1_8' title="bbox 81 849 1690 927; baseline 0.001 -21"><span class='ocrx_word' id='word_1_45' title='bbox 81 849 314 909; x_wconf 87' lang='lat' dir='ltr'>sionum</span> <span class='ocrx_word' id='word_1_46' title='bbox 364 869 562 927; x_wconf 90' lang='lat' dir='ltr'>genera</span> <span class='ocrx_word' id='word_1_47' title='bbox 626 854 731 911; x_wconf 91' lang='lat' dir='ltr'>hoc</span> <span class='ocrx_word' id='word_1_48' title='bbox 787 855 998 927; x_wconf 72' lang='lat' dir='ltr'>poenale</span> <span class='ocrx_word' id='word_1_49' title='bbox 1041 853 1307 926; x_wconf 85' lang='lat' dir='ltr'>passionis</span> <span class='ocrx_word' id='word_1_50' title='bbox 1357 851 1690 924; x_wconf 89' lang='lat' dir='ltr'>supplicium</span> 
     </span>
    </p>
   </div>
   <div class='ocr_carea' id='block_1_9' title="bbox 81 943 1692 1014">
    <p class='ocr_par' dir='ltr' id='par_1_9' title="bbox 81 943 1692 1014">
     <span class='ocr_line' id='line_1_9' title="bbox 81 943 1692 1014; baseline 0.001 -18"><span class='ocrx_word' id='word_1_51' title='bbox 81 943 405 1014; x_wconf 87' lang='lat' dir='ltr'>pertulisse,</span> <span class='ocrx_word' id='word_1_52' title='bbox 454 954 515 1000; x_wconf 93' lang='lat' dir='ltr'>ut</span> <span class='ocrx_word' id='word_1_53' title='bbox 557 943 688 1000; x_wconf 91' lang='lat' dir='ltr'>dum</span> <span class='ocrx_word' id='word_1_54' title='bbox 721 943 1148 1014; x_wconf 78' lang='lat' dir='ltr'>interrogaretur</span> <span class='ocrx_word' id='word_1_55' title='bbox 1174 943 1241 999; x_wconf 87' lang='lat' dir='ltr'>ab</span> <span class='ocrx_word' id='word_1_56' title='bbox 1273 943 1512 1011; x_wconf 87' lang='lat' dir='ltr'>Arianis,</span> <span class='ocrx_word' id='word_1_57' title='bbox 1554 952 1608 998; x_wconf 91' lang='lat' dir='ltr'>et</span> <span class='ocrx_word' id='word_1_58' title='bbox 1636 959 1692 998; x_wconf 92' lang='lat' dir='ltr'>se</span> 
     </span>
    </p>
   </div>
   <div class='ocr_carea' id='block_1_10' title="bbox 81 1032 1691 1105">
    <p class='ocr_par' dir='ltr' id='par_1_10' title="bbox 81 1032 1691 1105">
     <span class='ocr_line' id='line_1_10' title="bbox 81 1032 1691 1105; baseline 0.001 -20"><span class='ocrx_word' id='word_1_59' title='bbox 81 1045 282 1086; x_wconf 88' lang='lat' dir='ltr'>eorum</span> <span class='ocrx_word' id='word_1_60' title='bbox 317 1033 732 1090; x_wconf 86' lang='lat' dir='ltr'>communicare</span> <span class='ocrx_word' id='word_1_61' title='bbox 761 1032 1000 1105; x_wconf 69' lang='lat' dir='ltr'>perﬁdia:</span> <span class='ocrx_word' id='word_1_62' title='bbox 1031 1032 1368 1104; x_wconf 82' lang='lat' dir='ltr'>denegasset,</span> <span class='ocrx_word' id='word_1_63' title='bbox 1421 1033 1691 1087; x_wconf 87' lang='lat' dir='ltr'>scalarum</span> 
     </span>
    </p>
   </div>
   <div class='ocr_carea' id='block_1_11' title="bbox 83 1120 1692 1196">
    <p class='ocr_par' dir='ltr' id='par_1_11' title="bbox 83 1120 1692 1196">
     <span class='ocr_line' id='line_1_11' title="bbox 83 1120 1692 1196; baseline 0.001 -22"><span class='ocrx_word' id='word_1_64' title='bbox 83 1120 332 1192; x_wconf 86' lang='lat' dir='ltr'>proclivi</span> <span class='ocrx_word' id='word_1_65' title='bbox 363 1130 541 1179; x_wconf 90' lang='lat' dir='ltr'>tractu</span> <span class='ocrx_word' id='word_1_66' title='bbox 575 1123 790 1193; x_wconf 88' lang='lat' dir='ltr'>supinis</span> <span class='ocrx_word' id='word_1_67' title='bbox 817 1121 1050 1196; x_wconf 88' lang='lat' dir='ltr'>pedibus</span> <span class='ocrx_word' id='word_1_68' title='bbox 1077 1122 1145 1178; x_wconf 92' lang='lat' dir='ltr'>ad</span> <span class='ocrx_word' id='word_1_69' title='bbox 1175 1123 1347 1177; x_wconf 88' lang='lat' dir='ltr'>imum</span> <span class='ocrx_word' id='word_1_70' title='bbox 1374 1137 1546 1194; x_wconf 88' lang='lat' dir='ltr'>usque</span> <span class='ocrx_word' id='word_1_71' title='bbox 1577 1137 1692 1194; x_wconf 90' lang='lat' dir='ltr'>per-</span> 
     </span>
    </p>
   </div>
   <div class='ocr_carea' id='block_1_12' title="bbox 87 1209 1694 1279">
    <p class='ocr_par' dir='ltr' id='par_1_12' title="bbox 87 1209 1694 1279">
     <span class='ocr_line' id='line_1_12' title="bbox 87 1209 1694 1279; baseline -0.001 -13"><span class='ocrx_word' id='word_1_72' title='bbox 87 1209 414 1266; x_wconf 87' lang='lat' dir='ltr'>traheretur</span> <span class='ocrx_word' id='word_1_73' title='bbox 447 1229 458 1267; x_wconf 91' lang='lat'>:</span> <span class='ocrx_word' id='word_1_74' title='bbox 493 1218 547 1267; x_wconf 91' lang='lat' dir='ltr'>et</span> <span class='ocrx_word' id='word_1_75' title='bbox 578 1210 776 1268; x_wconf 89' lang='lat' dir='ltr'>iterum</span> <span class='ocrx_word' id='word_1_76' title='bbox 807 1220 1096 1269; x_wconf 89' lang='lat' dir='ltr'>revocatus</span> <span class='ocrx_word' id='word_1_77' title='bbox 1141 1212 1209 1267; x_wconf 90' lang='lat' dir='ltr'>ad</span> <span class='ocrx_word' id='word_1_78' title='bbox 1255 1228 1554 1279; x_wconf 89' lang='lat' dir='ltr'>summum,</span> <span class='ocrx_word' id='word_1_79' title='bbox 1599 1210 1694 1265; x_wconf 89' lang='lat' dir='ltr'>in-</span> 
     </span>
    </p>
   </div>
   <div class='ocr_carea' id='block_1_13' title="bbox 85 1299 1692 1374">
    <p class='ocr_par' dir='ltr' id='par_1_13' title="bbox 85 1299 1692 1374">
     <span class='ocr_line' id='line_1_13' title="bbox 85 1299 1692 1374; baseline -0.001 -18"><span class='ocrx_word' id='word_1_80' title='bbox 85 1308 405 1374; x_wconf 79' lang='lat' dir='ltr'>terrogatus</span> <span class='ocrx_word' id='word_1_81' title='bbox 439 1300 622 1358; x_wconf 91' lang='lat' dir='ltr'>denuo</span> <span class='ocrx_word' id='word_1_82' title='bbox 668 1318 793 1358; x_wconf 90' lang='lat' dir='ltr'>cum</span> <span class='ocrx_word' id='word_1_83' title='bbox 836 1303 1024 1360; x_wconf 90' lang='lat' dir='ltr'>eadem</span> <span class='ocrx_word' id='word_1_84' title='bbox 1069 1301 1458 1374; x_wconf 87' lang='lat' dir='ltr'>respondisset,</span> <span class='ocrx_word' id='word_1_85' title='bbox 1503 1299 1692 1356; x_wconf 89' lang='lat' dir='ltr'>eadem</span> 
     </span>
    </p>
   </div>
   <div class='ocr_carea' id='block_1_14' title="bbox 85 1390 1694 1465">
    <p class='ocr_par' dir='ltr' id='par_1_14' title="bbox 85 1390 1694 1465">
     <span class='ocr_line' id='line_1_14' title="bbox 85 1390 1694 1465; baseline -0.002 -19"><span class='ocrx_word' id='word_1_86' title='bbox 85 1398 393 1463; x_wconf 87' lang='lat' dir='ltr'>pateretur,</span> <span class='ocrx_word' id='word_1_87' title='bbox 425 1407 486 1448; x_wconf 92' lang='lat' dir='ltr'>ac</span> <span class='ocrx_word' id='word_1_88' title='bbox 518 1392 858 1465; x_wconf 85' lang='lat' dir='ltr'>frequentem</span> <span class='ocrx_word' id='word_1_89' title='bbox 893 1392 1374 1465; x_wconf 84' lang='lat' dir='ltr'>interrogationem</span> <span class='ocrx_word' id='word_1_90' title='bbox 1425 1390 1694 1462; x_wconf 87' lang='lat' dir='ltr'>frequen-</span> 
     </span>
    </p>
   </div>
   <div class='ocr_carea' id='block_1_15' title="bbox 87 1477 1696 1555">
    <p class='ocr_par' dir='ltr' id='par_1_15' title="bbox 87 1477 1696 1555">
     <span class='ocr_line' id='line_1_15' title="bbox 87 1477 1696 1555; baseline -0.003 -19"><span class='ocrx_word' id='word_1_91' title='bbox 87 1487 179 1536; x_wconf 88' lang='lat' dir='ltr'>ter</span> <span class='ocrx_word' id='word_1_92' title='bbox 228 1479 547 1552; x_wconf 90' lang='lat' dir='ltr'>hujusmodi</span> <span class='ocrx_word' id='word_1_93' title='bbox 606 1483 940 1555; x_wconf 86' lang='lat' dir='ltr'>supplicium</span> <span class='ocrx_word' id='word_1_94' title='bbox 989 1482 1156 1538; x_wconf 87' lang='lat' dir='ltr'>fuerit</span> <span class='ocrx_word' id='word_1_95' title='bbox 1202 1481 1574 1538; x_wconf 88' lang='lat' dir='ltr'>subsecutum.</span> <span class='ocrx_word' id='word_1_96' title='bbox 1632 1477 1696 1532; x_wconf 91' lang='lat' dir='ltr'>In</span> 
     </span>
    </p>
   </div>
   <div class='ocr_carea' id='block_1_16' title="bbox 89 1565 1698 1644">
    <p class='ocr_par' dir='ltr' id='par_1_16' title="bbox 89 1565 1698 1644">
     <span class='ocr_line' id='line_1_16' title="bbox 89 1565 1698 1644; baseline -0.002 -19"><span class='ocrx_word' id='word_1_97' title='bbox 89 1585 208 1642; x_wconf 91' lang='lat' dir='ltr'>qua</span> <span class='ocrx_word' id='word_1_98' title='bbox 239 1570 490 1643; x_wconf 90' lang='lat' dir='ltr'>passione</span> <span class='ocrx_word' id='word_1_99' title='bbox 517 1571 692 1628; x_wconf 83' lang='lat' dir='ltr'>sancti</span> <span class='ocrx_word' id='word_1_100' title='bbox 739 1571 971 1630; x_wconf 88' lang='lat' dir='ltr'>Eusebii</span> <span class='ocrx_word' id='word_1_101' title='bbox 1018 1571 1300 1644; x_wconf 84' lang='lat' dir='ltr'>martyris,</span> <span class='ocrx_word' id='word_1_102' title='bbox 1349 1569 1477 1625; x_wconf 88' lang='lat' dir='ltr'>licet</span> <span class='ocrx_word' id='word_1_103' title='bbox 1531 1565 1698 1623; x_wconf 90' lang='lat' dir='ltr'>fuerit</span> 
     </span>
    </p>
   </div>
   <div class='ocr_carea' id='block_1_17' title="bbox 89 1657 1702 1733">
    <p class='ocr_par' dir='ltr' id='par_1_17' title="bbox 89 1657 1702 1733">
     <span class='ocr_line' id='line_1_17' title="bbox 89 1657 1702 1733; baseline -0.004 -17"><span class='ocrx_word' id='word_1_104' title='bbox 89 1666 421 1732; x_wconf 84' lang='lat' dir='ltr'>quassatum</span> <span class='ocrx_word' id='word_1_105' title='bbox 453 1669 645 1733; x_wconf 90' lang='lat' dir='ltr'>caput,</span> <span class='ocrx_word' id='word_1_106' title='bbox 677 1659 873 1718; x_wconf 90' lang='lat' dir='ltr'>elisum</span> <span class='ocrx_word' id='word_1_107' title='bbox 897 1676 1124 1733; x_wconf 88' lang='lat' dir='ltr'>corpus,</span> <span class='ocrx_word' id='word_1_108' title='bbox 1149 1657 1396 1714; x_wconf 91' lang='lat' dir='ltr'>membra</span> <span class='ocrx_word' id='word_1_109' title='bbox 1423 1657 1702 1714; x_wconf 87' lang='lat' dir='ltr'>confracta</span> 
     </span>
    </p>
   </div>
   <div class='ocr_carea' id='block_1_18' title="bbox 84 1751 1695 1820">
    <p class='ocr_par' dir='ltr' id='par_1_18' title="bbox 84 1751 1695 1820">
     <span class='ocr_line' id='line_1_18' title="bbox 84 1751 1695 1820; baseline -0.004 -12"><span class='ocrx_word' id='word_1_110' title='bbox 84 1751 321 1808; x_wconf 82' lang='lat' dir='ltr'>animus</span> <span class='ocrx_word' id='word_1_111' title='bbox 349 1759 532 1808; x_wconf 89' lang='lat' dir='ltr'>tamen</span> <span class='ocrx_word' id='word_1_112' title='bbox 576 1753 704 1809; x_wconf 91' lang='lat' dir='ltr'>ﬁdei</span> <span class='ocrx_word' id='word_1_113' title='bbox 748 1751 952 1808; x_wconf 88' lang='lat' dir='ltr'>mansit</span> <span class='ocrx_word' id='word_1_114' title='bbox 997 1751 1258 1808; x_wconf 92' lang='lat' dir='ltr'>invictus.</span> <span class='ocrx_word' id='word_1_115' title='bbox 1312 1751 1447 1806; x_wconf 90' lang='lat' dir='ltr'>Nam</span> <span class='ocrx_word' id='word_1_116' title='bbox 1491 1753 1695 1820; x_wconf 89' lang='lat' dir='ltr'>quanto</span> 
     </span>
    </p>
   </div>
   <div class='ocr_carea' id='block_1_19' title="bbox 1797 583 3387 656">
    <p class='ocr_par' dir='ltr' id='par_1_19' title="bbox 1797 583 3387 656">
     <span class='ocr_line' id='line_1_19' title="bbox 1797 583 3387 656; baseline 0.003 -18"><span class='ocrx_word' id='word_1_117' title='bbox 1797 591 1922 640; x_wconf 90' lang='lat' dir='ltr'>ante</span> <span class='ocrx_word' id='word_1_118' title='bbox 1983 583 2329 656; x_wconf 87' lang='lat' dir='ltr'>aliquantum</span> <span class='ocrx_word' id='word_1_119' title='bbox 2381 583 2645 655; x_wconf 90' lang='lat' dir='ltr'>temporis</span> <span class='ocrx_word' id='word_1_120' title='bbox 2694 584 2875 642; x_wconf 83' lang='lat' dir='ltr'>exitus</span> <span class='ocrx_word' id='word_1_121' title='bbox 2926 586 3011 642; x_wconf 91' lang='lat' dir='ltr'>sui</span> <span class='ocrx_word' id='word_1_122' title='bbox 3096 588 3387 644; x_wconf 88' lang='lat' dir='ltr'>manifesta</span> 
     </span>
    </p>
   </div>
   <div class='ocr_carea' id='block_1_20' title="bbox 1798 672 3388 747">
    <p class='ocr_par' dir='ltr' id='par_1_20' title="bbox 1798 672 3388 747">
     <span class='ocr_line' id='line_1_20' title="bbox 1798 672 3388 747; baseline 0.004 -19"><span class='ocrx_word' id='word_1_123' title='bbox 1798 673 2134 729; x_wconf 86' lang='lat' dir='ltr'>revelatione</span> <span class='ocrx_word' id='word_1_124' title='bbox 2164 672 2368 730; x_wconf 84' lang='lat' dir='ltr'>vidisse</span> <span class='ocrx_word' id='word_1_125' title='bbox 2406 689 2462 728; x_wconf 91' lang='lat' dir='ltr'>se</span> <span class='ocrx_word' id='word_1_126' title='bbox 2491 673 2754 730; x_wconf 85' lang='lat' dir='ltr'>Kalendis</span> <span class='ocrx_word' id='word_1_127' title='bbox 2806 676 3038 747; x_wconf 81' lang='lat' dir='ltr'>Augusti</span> <span class='ocrx_word' id='word_1_128' title='bbox 3087 675 3154 732; x_wconf 90' lang='lat' dir='ltr'>de</span> <span class='ocrx_word' id='word_1_129' title='bbox 3200 687 3388 734; x_wconf 89' lang='lat' dir='ltr'>monte</span> 
     </span>
    </p>
   </div>
   <div class='ocr_carea' id='block_1_21' title="bbox 1798 762 3389 838">
    <p class='ocr_par' dir='ltr' id='par_1_21' title="bbox 1798 762 3389 838">
     <span class='ocr_line' id='line_1_21' title="bbox 1798 762 3389 838; baseline 0.004 -20"><span class='ocrx_word' id='word_1_130' title='bbox 1798 762 1866 819; x_wconf 91' lang='lat' dir='ltr'>ad</span> <span class='ocrx_word' id='word_1_131' title='bbox 1913 773 2152 820; x_wconf 88' lang='lat' dir='ltr'>montem</span> <span class='ocrx_word' id='word_1_132' title='bbox 2202 765 2410 834; x_wconf 89' lang='lat' dir='ltr'>volare,</span> <span class='ocrx_word' id='word_1_133' title='bbox 2465 773 2519 821; x_wconf 90' lang='lat' dir='ltr'>et</span> <span class='ocrx_word' id='word_1_134' title='bbox 2567 764 2852 836; x_wconf 83' lang='lat' dir='ltr'>prophetia</span> <span class='ocrx_word' id='word_1_135' title='bbox 2894 765 3126 838; x_wconf 89' lang='lat' dir='ltr'>quadam</span> <span class='ocrx_word' id='word_1_136' title='bbox 3161 766 3265 823; x_wconf 93' lang='lat' dir='ltr'>hoc</span> <span class='ocrx_word' id='word_1_137' title='bbox 3292 768 3389 824; x_wconf 91' lang='lat' dir='ltr'>in-</span> 
     </span>
    </p>
   </div>
   <div class='ocr_carea' id='block_1_22' title="bbox 1799 853 3390 923">
    <p class='ocr_par' dir='ltr' id='par_1_22' title="bbox 1799 853 3390 923">
     <span class='ocr_line' id='line_1_22' title="bbox 1799 853 3390 923; baseline 0.004 -17"><span class='ocrx_word' id='word_1_138' title='bbox 1799 859 2129 923; x_wconf 88' lang='lat' dir='ltr'>terpretatus</span> <span class='ocrx_word' id='word_1_139' title='bbox 2176 861 2256 908; x_wconf 85' lang='lat' dir='ltr'>est</span> <span class='ocrx_word' id='word_1_140' title='bbox 2311 853 2413 909; x_wconf 90' lang='lat' dir='ltr'>hac</span> <span class='ocrx_word' id='word_1_141' title='bbox 2461 853 2551 909; x_wconf 92' lang='lat' dir='ltr'>die</span> <span class='ocrx_word' id='word_1_142' title='bbox 2599 855 2878 910; x_wconf 82' lang='lat' dir='ltr'>exiturum</span> <span class='ocrx_word' id='word_1_143' title='bbox 2929 871 2985 910; x_wconf 92' lang='lat' dir='ltr'>se</span> <span class='ocrx_word' id='word_1_144' title='bbox 3032 871 3146 910; x_wconf 89' lang='lat' dir='ltr'>esse</span> <span class='ocrx_word' id='word_1_145' title='bbox 3177 855 3243 911; x_wconf 91' lang='lat' dir='ltr'>de</span> <span class='ocrx_word' id='word_1_146' title='bbox 3273 873 3390 912; x_wconf 88' lang='lat' dir='ltr'>cor-</span> 
     </span>
    </p>
   </div>
   <div class='ocr_carea' id='block_1_23' title="bbox 1800 942 3393 1016">
    <p class='ocr_par' dir='ltr' id='par_1_23' title="bbox 1800 942 3393 1016">
     <span class='ocr_line' id='line_1_23' title="bbox 1800 942 3393 1016; baseline 0.003 -21"><span class='ocrx_word' id='word_1_147' title='bbox 1800 957 1950 1014; x_wconf 81' lang='lat' dir='ltr'>pore.</span> <span class='ocrx_word' id='word_1_148' title='bbox 1980 942 2041 996; x_wconf 91' lang='lat' dir='ltr'>ln</span> <span class='ocrx_word' id='word_1_149' title='bbox 2072 959 2180 1014; x_wconf 91' lang='lat' dir='ltr'>quo</span> <span class='ocrx_word' id='word_1_150' title='bbox 2211 943 2353 998; x_wconf 88' lang='lat' dir='ltr'>facto</span> <span class='ocrx_word' id='word_1_151' title='bbox 2381 944 2570 998; x_wconf 89' lang='lat' dir='ltr'>nescio</span> <span class='ocrx_word' id='word_1_152' title='bbox 2619 943 2752 1015; x_wconf 90' lang='lat' dir='ltr'>quid</span> <span class='ocrx_word' id='word_1_153' title='bbox 2802 943 3040 1016; x_wconf 89' lang='lat' dir='ltr'>primum</span> <span class='ocrx_word' id='word_1_154' title='bbox 3087 944 3158 999; x_wconf 92' lang='lat' dir='ltr'>sit</span> <span class='ocrx_word' id='word_1_155' title='bbox 3206 944 3393 1000; x_wconf 88' lang='lat' dir='ltr'>admi-</span> 
     </span>
    </p>
   </div>
   <div class='ocr_carea' id='block_1_24' title="bbox 1801 1031 3391 1106">
    <p class='ocr_par' dir='ltr' id='par_1_24' title="bbox 1801 1031 3391 1106">
     <span class='ocr_line' id='line_1_24' title="bbox 1801 1031 3391 1106; baseline 0.003 -20"><span class='ocrx_word' id='word_1_156' title='bbox 1801 1033 2056 1100; x_wconf 89' lang='lat' dir='ltr'>randum,</span> <span class='ocrx_word' id='word_1_157' title='bbox 2086 1041 2273 1088; x_wconf 90' lang='lat' dir='ltr'>utrum</span> <span class='ocrx_word' id='word_1_158' title='bbox 2304 1031 2450 1106; x_wconf 91' lang='lat' dir='ltr'>quod</span> <span class='ocrx_word' id='word_1_159' title='bbox 2473 1031 2673 1088; x_wconf 91' lang='lat' dir='ltr'>meruit</span> <span class='ocrx_word' id='word_1_160' title='bbox 2694 1033 2876 1089; x_wconf 83' lang='lat' dir='ltr'>exitus</span> <span class='ocrx_word' id='word_1_161' title='bbox 2906 1033 2990 1088; x_wconf 90' lang='lat' dir='ltr'>sui</span> <span class='ocrx_word' id='word_1_162' title='bbox 3021 1033 3184 1089; x_wconf 89' lang='lat' dir='ltr'>ﬁnem</span> <span class='ocrx_word' id='word_1_163' title='bbox 3212 1051 3391 1104; x_wconf 89' lang='lat' dir='ltr'>nosse,</span> 
     </span>
    </p>
   </div>
   <div class='ocr_carea' id='block_1_25' title="bbox 1801 1121 3396 1196">
    <p class='ocr_par' dir='ltr' id='par_1_25' title="bbox 1801 1121 3396 1196">
     <span class='ocr_line' id='line_1_25' title="bbox 1801 1121 3396 1196; baseline 0.002 -20"><span class='ocrx_word' id='word_1_164' title='bbox 1801 1137 1868 1177; x_wconf 91' lang='lat' dir='ltr'>an</span> <span class='ocrx_word' id='word_1_165' title='bbox 1901 1121 2047 1194; x_wconf 90' lang='lat' dir='ltr'>quod</span> <span class='ocrx_word' id='word_1_166' title='bbox 2071 1122 2210 1178; x_wconf 91' lang='lat' dir='ltr'>scire</span> <span class='ocrx_word' id='word_1_167' title='bbox 2246 1122 2485 1195; x_wconf 90' lang='lat' dir='ltr'>potuerit</span> <span class='ocrx_word' id='word_1_168' title='bbox 2516 1139 2634 1195; x_wconf 66' lang='lat' dir='ltr'>quae</span> <span class='ocrx_word' id='word_1_169' title='bbox 2668 1122 2826 1178; x_wconf 91' lang='lat' dir='ltr'>illum</span> <span class='ocrx_word' id='word_1_170' title='bbox 2859 1131 2980 1194; x_wconf 93' lang='lat' dir='ltr'>post</span> <span class='ocrx_word' id='word_1_171' title='bbox 3012 1124 3226 1178; x_wconf 84' lang='lat' dir='ltr'>exitum</span> <span class='ocrx_word' id='word_1_172' title='bbox 3261 1140 3396 1196; x_wconf 82' lang='lat' dir='ltr'>gra-</span> 
     </span>
    </p>
   </div>
   <div class='ocr_carea' id='block_1_26' title="bbox 1803 1211 3398 1282">
    <p class='ocr_par' dir='ltr' id='par_1_26' title="bbox 1803 1211 3398 1282">
     <span class='ocr_line' id='line_1_26' title="bbox 1803 1211 3398 1282; baseline 0.003 -16"><span class='ocrx_word' id='word_1_173' title='bbox 1803 1211 1878 1266; x_wconf 90' lang='lat' dir='ltr'>tia</span> <span class='ocrx_word' id='word_1_174' title='bbox 1912 1219 2272 1282; x_wconf 87' lang='lat' dir='ltr'>permaneret.</span> <span class='ocrx_word' id='word_1_175' title='bbox 2307 1211 2454 1268; x_wconf 89' lang='lat' dir='ltr'>Dicit</span> <span class='ocrx_word' id='word_1_176' title='bbox 2485 1221 2707 1269; x_wconf 89' lang='lat' dir='ltr'>sanctus</span> <span class='ocrx_word' id='word_1_177' title='bbox 2734 1213 2912 1269; x_wconf 90' lang='lat' dir='ltr'>David</span> <span class='ocrx_word' id='word_1_178' title='bbox 2946 1231 2958 1269; x_wconf 88' lang='lat'><em>:</em></span> <span class='ocrx_word' id='word_1_179' title='bbox 3017 1238 3034 1262; x_wconf 83' lang='grc'><strong>‹</strong></span> <span class='ocrx_word' id='word_1_180' title='bbox 3075 1213 3276 1270; x_wconf 89' lang='lat' dir='ltr'>Notum</span> <span class='ocrx_word' id='word_1_181' title='bbox 3311 1215 3398 1270; x_wconf 89' lang='lat' dir='ltr'>fac</span> 
     </span>
    </p>
   </div>
   <div class='ocr_carea' id='block_1_27' title="bbox 1805 1301 3395 1374">
    <p class='ocr_par' dir='ltr' id='par_1_27' title="bbox 1805 1301 3395 1374">
     <span class='ocr_line' id='line_1_27' title="bbox 1805 1301 3395 1374; baseline 0.001 -16"><span class='ocrx_word' id='word_1_182' title='bbox 1805 1301 1964 1371; x_wconf 91' lang='lat' dir='ltr'>mihi,</span> <span class='ocrx_word' id='word_1_183' title='bbox 1997 1303 2252 1370; x_wconf 86' lang='lat' dir='ltr'>Domine,</span> <span class='ocrx_word' id='word_1_184' title='bbox 2279 1301 2444 1359; x_wconf 90' lang='lat' dir='ltr'>ﬁnem</span> <span class='ocrx_word' id='word_1_185' title='bbox 2477 1320 2681 1374; x_wconf 90' lang='lat' dir='ltr'>meum,</span> <span class='ocrx_word' id='word_1_186' title='bbox 2731 1312 2785 1360; x_wconf 89' lang='lat' dir='ltr'>et</span> <span class='ocrx_word' id='word_1_187' title='bbox 2838 1321 3131 1360; x_wconf 89' lang='lat' dir='ltr'>numerum</span> <span class='ocrx_word' id='word_1_188' title='bbox 3180 1304 3395 1360; x_wconf 90' lang='lat' dir='ltr'>dierum</span> 
     </span>
    </p>
   </div>
   <div class='ocr_carea' id='block_1_28' title="bbox 1805 1393 3397 1467">
    <p class='ocr_par' dir='ltr' id='par_1_28' title="bbox 1805 1393 3397 1467">
     <span class='ocr_line' id='line_1_28' title="bbox 1805 1393 3397 1467; baseline 0.001 -21"><span class='ocrx_word' id='word_1_189' title='bbox 1805 1407 2076 1460; x_wconf 89' lang='lat' dir='ltr'>meorum,</span> <span class='ocrx_word' id='word_1_190' title='bbox 2105 1402 2158 1450; x_wconf 91' lang='lat' dir='ltr'>et</span> <span class='ocrx_word' id='word_1_191' title='bbox 2188 1394 2399 1467; x_wconf 89' lang='lat' dir='ltr'>reliqua</span> <span class='ocrx_word' id='word_1_192' title='bbox 2429 1395 2600 1466; x_wconf 88' lang='lat' dir='ltr'>(Psal.</span> <span class='ocrx_word' id='word_1_193' title='bbox 2626 1411 2872 1463; x_wconf 83' lang='lat' dir='ltr'>xxxvm,</span> <span class='ocrx_word' id='word_1_194' title='bbox 2903 1397 2986 1462; x_wconf 82' lang='lat'>5).</span> <span class='ocrx_word' id='word_1_195' title='bbox 3020 1421 3037 1444; x_wconf 78' lang='grc' dir='ltr'><strong><em>ι</em></strong></span> <span class='ocrx_word' id='word_1_196' title='bbox 3081 1396 3220 1451; x_wconf 87' lang='lat' dir='ltr'>Ecce</span> <span class='ocrx_word' id='word_1_197' title='bbox 3251 1393 3397 1466; x_wconf 85' lang='lat' dir='ltr'>quod</span> 
     </span>
    </p>
   </div>
   <div class='ocr_carea' id='block_1_29' title="bbox 1804 1481 3396 1556">
    <p class='ocr_par' dir='ltr' id='par_1_29' title="bbox 1804 1481 3396 1556">
     <span class='ocr_line' id='line_1_29' title="bbox 1804 1481 3396 1556; baseline 0.001 -21"><span class='ocrx_word' id='word_1_198' title='bbox 1804 1481 2077 1552; x_wconf 82' lang='lat' dir='ltr'>Propheta</span> <span class='ocrx_word' id='word_1_199' title='bbox 2146 1491 2449 1554; x_wconf 90' lang='lat' dir='ltr'>optaverat,</span> <span class='ocrx_word' id='word_1_200' title='bbox 2517 1483 2728 1556; x_wconf 88' lang='lat' dir='ltr'>Martyr</span> <span class='ocrx_word' id='word_1_201' title='bbox 2782 1485 2990 1556; x_wconf 89' lang='lat' dir='ltr'>accepit</span> <span class='ocrx_word' id='word_1_202' title='bbox 3060 1501 3072 1539; x_wconf 91' lang='lat'><strong>:</strong></span> <span class='ocrx_word' id='word_1_203' title='bbox 3144 1484 3396 1540; x_wconf 85' lang='lat' dir='ltr'>notitiam</span> 
     </span>
    </p>
   </div>
   <div class='ocr_carea' id='block_1_30' title="bbox 1806 1571 3401 1646">
    <p class='ocr_par' dir='ltr' id='par_1_30' title="bbox 1806 1571 3401 1646">
     <span class='ocr_line' id='line_1_30' title="bbox 1806 1571 3401 1646; baseline 0.002 -22"><span class='ocrx_word' id='word_1_204' title='bbox 1806 1585 1967 1641; x_wconf 91' lang='lat' dir='ltr'>quam</span> <span class='ocrx_word' id='word_1_205' title='bbox 1998 1571 2089 1626; x_wconf 91' lang='lat' dir='ltr'>ille</span> <span class='ocrx_word' id='word_1_206' title='bbox 2122 1580 2332 1638; x_wconf 87' lang='lat' dir='ltr'>exorat,</span> <span class='ocrx_word' id='word_1_207' title='bbox 2368 1571 2472 1628; x_wconf 90' lang='lat' dir='ltr'>iste</span> <span class='ocrx_word' id='word_1_208' title='bbox 2507 1574 2897 1646; x_wconf 85' lang='lat' dir='ltr'>consequitur;</span> <span class='ocrx_word' id='word_1_209' title='bbox 2933 1573 3040 1628; x_wconf 89' lang='lat' dir='ltr'>nisi</span> <span class='ocrx_word' id='word_1_210' title='bbox 3073 1572 3221 1644; x_wconf 91' lang='lat' dir='ltr'>quod</span> <span class='ocrx_word' id='word_1_211' title='bbox 3249 1573 3401 1629; x_wconf 85' lang='lat' dir='ltr'>salva</span> 
     </span>
    </p>
   </div>
   <div class='ocr_carea' id='block_1_31' title="bbox 1806 1661 3400 1736">
    <p class='ocr_par' dir='ltr' id='par_1_31' title="bbox 1806 1661 3400 1736">
     <span class='ocr_line' id='line_1_31' title="bbox 1806 1661 3400 1736; baseline 0 -20"><span class='ocrx_word' id='word_1_212' title='bbox 1806 1661 1914 1716; x_wconf 88' lang='lat' dir='ltr'>ﬁde</span> <span class='ocrx_word' id='word_1_213' title='bbox 1942 1661 2201 1731; x_wconf 84' lang='lat' dir='ltr'>dixerim,</span> <span class='ocrx_word' id='word_1_214' title='bbox 2232 1664 2468 1736; x_wconf 89' lang='lat' dir='ltr'>amplius</span> <span class='ocrx_word' id='word_1_215' title='bbox 2497 1672 2870 1736; x_wconf 89' lang='lat' dir='ltr'>promereatur</span> <span class='ocrx_word' id='word_1_216' title='bbox 2916 1665 3032 1735; x_wconf 90' lang='lat'>(90)</span> <span class='ocrx_word' id='word_1_217' title='bbox 3061 1682 3074 1731; x_wconf 90' lang='lat'>;</span> <span class='ocrx_word' id='word_1_218' title='bbox 3130 1664 3223 1720; x_wconf 91' lang='lat' dir='ltr'>ille</span> <span class='ocrx_word' id='word_1_219' title='bbox 3252 1663 3400 1719; x_wconf 87' lang='lat' dir='ltr'>enim</span> 
     </span>
    </p>
   </div>
   <div class='ocr_carea' id='block_1_32' title="bbox 1807 1749 3403 1823">
    <p class='ocr_par' dir='ltr' id='par_1_32' title="bbox 1807 1749 3403 1823">
     <span class='ocr_line' id='line_1_32' title="bbox 1807 1749 3403 1823; baseline 0.001 -19"><span class='ocrx_word' id='word_1_220' title='bbox 1807 1749 1972 1806; x_wconf 90' lang='lat' dir='ltr'>ﬁnem</span> <span class='ocrx_word' id='word_1_221' title='bbox 2005 1753 2244 1823; x_wconf 89' lang='lat' dir='ltr'>postulat</span> <span class='ocrx_word' id='word_1_222' title='bbox 2271 1769 2448 1821; x_wconf 90' lang='lat' dir='ltr'>nosse,</span> <span class='ocrx_word' id='word_1_223' title='bbox 2485 1753 2588 1808; x_wconf 90' lang='lat' dir='ltr'>iste</span> <span class='ocrx_word' id='word_1_224' title='bbox 2648 1754 2814 1808; x_wconf 89' lang='lat' dir='ltr'>etiam</span> <span class='ocrx_word' id='word_1_225' title='bbox 2860 1753 3008 1807; x_wconf 90' lang='lat' dir='ltr'>ultra</span> <span class='ocrx_word' id='word_1_226' title='bbox 3049 1751 3218 1807; x_wconf 88' lang='lat' dir='ltr'>ﬁnem</span> <span class='ocrx_word' id='word_1_227' title='bbox 3267 1750 3403 1822; x_wconf 89' lang='lat' dir='ltr'>quid</span> 
     </span>
    </p>
   </div>
   <div class='ocr_carea' id='block_1_33' title="bbox 85 1837 3404 1923">
    <p class='ocr_par' dir='ltr' id='par_1_33' title="bbox 85 1837 3404 1923">
     <span class='ocr_line' id='line_1_33' title="bbox 85 1837 3404 1923; baseline -0.001 -25"><span class='ocrx_word' id='word_1_228' title='bbox 85 1843 226 1916; x_wconf 84' lang='lat' dir='ltr'>plus</span> <span class='ocrx_word' id='word_1_229' title='bbox 275 1843 430 1898; x_wconf 91' lang='lat' dir='ltr'>illum</span> <span class='ocrx_word' id='word_1_230' title='bbox 479 1843 686 1900; x_wconf 84' lang='lat' dir='ltr'>Ariana</span> <span class='ocrx_word' id='word_1_231' title='bbox 731 1844 959 1917; x_wconf 85' lang='lat' dir='ltr'>perﬁdia</span> <span class='ocrx_word' id='word_1_232' title='bbox 1000 1841 1359 1916; x_wconf 88' lang='lat' dir='ltr'>corporaliter</span> <span class='ocrx_word' id='word_1_233' title='bbox 1404 1837 1693 1904; x_wconf 86' lang='lat' dir='ltr'>lacerabat,</span> <span class='ocrx_word' id='word_1_234' title='bbox 1730 1861 1779 1923; x_wconf 80' lang='grc' dir='ltr'>Β</span> <span class='ocrx_word' id='word_1_235' title='bbox 1810 1839 2029 1897; x_wconf 85' lang='lat' dir='ltr'>futurus</span> <span class='ocrx_word' id='word_1_236' title='bbox 2058 1850 2218 1910; x_wconf 78' lang='lat' dir='ltr'>esset,</span> <span class='ocrx_word' id='word_1_237' title='bbox 2250 1842 2497 1914; x_wconf 86' lang='lat' dir='ltr'>agnoscit</span> <span class='ocrx_word' id='word_1_238' title='bbox 2527 1861 2537 1898; x_wconf 91' lang='lat'><strong>:</strong></span> <span class='ocrx_word' id='word_1_239' title='bbox 2574 1842 2672 1899; x_wconf 92' lang='lat' dir='ltr'>ille</span> <span class='ocrx_word' id='word_1_240' title='bbox 2710 1858 2882 1914; x_wconf 89' lang='lat' dir='ltr'>usque</span> <span class='ocrx_word' id='word_1_241' title='bbox 2911 1841 2980 1897; x_wconf 90' lang='lat' dir='ltr'>ad</span> <span class='ocrx_word' id='word_1_242' title='bbox 3010 1840 3221 1897; x_wconf 89' lang='lat' dir='ltr'>exitum</span> <span class='ocrx_word' id='word_1_243' title='bbox 3270 1839 3404 1913; x_wconf 87' lang='lat' dir='ltr'>quid</span> 
     </span>
    </p>
   </div>
   <div class='ocr_carea' id='block_1_34' title="bbox 85 1929 1697 2006">
    <p class='ocr_par' dir='ltr' id='par_1_34' title="bbox 85 1929 1697 2006">
     <span class='ocr_line' id='line_1_34' title="bbox 85 1929 1697 2006; baseline -0.003 -18"><span class='ocrx_word' id='word_1_244' title='bbox 85 1940 257 1988; x_wconf 86' lang='lat' dir='ltr'>tanto</span> <span class='ocrx_word' id='word_1_245' title='bbox 300 1931 473 2006; x_wconf 88' lang='lat' dir='ltr'>magis</span> <span class='ocrx_word' id='word_1_246' title='bbox 524 1949 648 1989; x_wconf 90' lang='lat' dir='ltr'>eum</span> <span class='ocrx_word' id='word_1_247' title='bbox 705 1931 978 1991; x_wconf 86' lang='lat' dir='ltr'>catholica</span> <span class='ocrx_word' id='word_1_248' title='bbox 1034 1929 1322 2004; x_wconf 88' lang='lat' dir='ltr'>integritas</span> <span class='ocrx_word' id='word_1_249' title='bbox 1375 1929 1697 2003; x_wconf 89' lang='lat' dir='ltr'>spiritaliter</span> 
     </span>
    </p>
   </div>
   <div class='ocr_carea' id='block_1_35' title="bbox 87 2021 406 2079">
    <p class='ocr_par' dir='ltr' id='par_1_35' title="bbox 87 2021 406 2079">
     <span class='ocr_line' id='line_1_35' title="bbox 87 2021 406 2079; baseline 0.006 -2"><span class='ocrx_word' id='word_1_250' title='bbox 87 2021 406 2079; x_wconf 82' lang='lat' dir='ltr'>refovebat.</span> 
     </span>
    </p>
   </div>
   <div class='ocr_carea' id='block_1_36' title="bbox 171 2108 1702 2183">
    <p class='ocr_par' dir='ltr' id='par_1_36' title="bbox 171 2108 1702 2183">
     <span class='ocr_line' id='line_1_36' title="bbox 171 2108 1702 2183; baseline -0.001 -17"><span class='ocrx_word' id='word_1_251' title='bbox 171 2109 227 2166; x_wconf 91' lang='lat'>7.</span> <span class='ocrx_word' id='word_1_252' title='bbox 261 2109 435 2178; x_wconf 88' lang='lat' dir='ltr'>Quem</span> <span class='ocrx_word' id='word_1_253' title='bbox 468 2111 690 2183; x_wconf 87' lang='lat' dir='ltr'>quidem</span> <span class='ocrx_word' id='word_1_254' title='bbox 721 2110 990 2166; x_wconf 88' lang='lat' dir='ltr'>scalarum</span> <span class='ocrx_word' id='word_1_255' title='bbox 1040 2125 1324 2166; x_wconf 88' lang='lat' dir='ltr'>ascensum</span> <span class='ocrx_word' id='word_1_256' title='bbox 1377 2116 1538 2182; x_wconf 90' lang='lat' dir='ltr'>atque</span> <span class='ocrx_word' id='word_1_257' title='bbox 1595 2108 1702 2164; x_wconf 92' lang='lat' dir='ltr'>de-</span> 
     </span>
    </p>
   </div>
   <div class='ocr_carea' id='block_1_37' title="bbox 86 2197 1704 2271">
    <p class='ocr_par' dir='ltr' id='par_1_37' title="bbox 86 2197 1704 2271">
     <span class='ocr_line' id='line_1_37' title="bbox 86 2197 1704 2271; baseline -0.002 -15"><span class='ocrx_word' id='word_1_258' title='bbox 86 2214 361 2256; x_wconf 81' lang='lat' dir='ltr'>scensum</span> <span class='ocrx_word' id='word_1_259' title='bbox 389 2213 680 2271; x_wconf 90' lang='lat' dir='ltr'>possumus</span> <span class='ocrx_word' id='word_1_260' title='bbox 721 2197 925 2267; x_wconf 90' lang='lat' dir='ltr'>dicere,</span> <span class='ocrx_word' id='word_1_261' title='bbox 986 2215 1146 2270; x_wconf 84' lang='lat' dir='ltr'>quem</span> <span class='ocrx_word' id='word_1_262' title='bbox 1202 2199 1366 2254; x_wconf 81' lang='lat' dir='ltr'>Jaccb</span> <span class='ocrx_word' id='word_1_263' title='bbox 1423 2198 1704 2254; x_wconf 87' lang='lat' dir='ltr'>somnians</span> 
     </span>
    </p>
   </div>
   <div class='ocr_carea' id='block_1_38' title="bbox 88 2285 1705 2361">
    <p class='ocr_par' dir='ltr' id='par_1_38' title="bbox 88 2285 1705 2361">
     <span class='ocr_line' id='line_1_38' title="bbox 88 2285 1705 2361; baseline -0.002 -17"><span class='ocrx_word' id='word_1_264' title='bbox 88 2285 461 2361; x_wconf 86' lang='lat' dir='ltr'>prOphetavit</span> <span class='ocrx_word' id='word_1_265' title='bbox 521 2287 678 2357; x_wconf 86' lang='lat' dir='ltr'>(Gen.</span> <span class='ocrx_word' id='word_1_266' title='bbox 710 2287 1076 2358; x_wconf 74' lang='lat' dir='ltr'>xxvm,12);</span> <span class='ocrx_word' id='word_1_267' title='bbox 1140 2293 1194 2342; x_wconf 91' lang='lat' dir='ltr'>et</span> <span class='ocrx_word' id='word_1_268' title='bbox 1245 2286 1388 2342; x_wconf 88' lang='lat' dir='ltr'>sicut</span> <span class='ocrx_word' id='word_1_269' title='bbox 1441 2286 1533 2342; x_wconf 90' lang='lat' dir='ltr'>ille</span> <span class='ocrx_word' id='word_1_270' title='bbox 1562 2287 1705 2341; x_wconf 86' lang='lat' dir='ltr'>vidit</span> 
     </span>
    </p>
   </div>
   <div class='ocr_carea' id='block_1_39' title="bbox 89 2373 1706 2448">
    <p class='ocr_par' dir='ltr' id='par_1_39' title="bbox 89 2373 1706 2448">
     <span class='ocr_line' id='line_1_39' title="bbox 89 2373 1706 2448; baseline -0.003 -15"><span class='ocrx_word' id='word_1_271' title='bbox 89 2375 272 2433; x_wconf 89' lang='lat' dir='ltr'>etiam</span> <span class='ocrx_word' id='word_1_272' title='bbox 305 2373 437 2430; x_wconf 89' lang='lat' dir='ltr'>istas</span> <span class='ocrx_word' id='word_1_273' title='bbox 455 2377 631 2432; x_wconf 90' lang='lat' dir='ltr'>scalas</span> <span class='ocrx_word' id='word_1_274' title='bbox 657 2375 724 2432; x_wconf 89' lang='lat' dir='ltr'>ab</span> <span class='ocrx_word' id='word_1_275' title='bbox 757 2375 870 2432; x_wconf 90' lang='lat' dir='ltr'>imo</span> <span class='ocrx_word' id='word_1_276' title='bbox 905 2376 972 2432; x_wconf 93' lang='lat' dir='ltr'>ad</span> <span class='ocrx_word' id='word_1_277' title='bbox 1001 2375 1242 2432; x_wconf 69' lang='lat' dir='ltr'>caalestia</span> <span class='ocrx_word' id='word_1_278' title='bbox 1273 2391 1445 2447; x_wconf 90' lang='lat' dir='ltr'>usque</span> <span class='ocrx_word' id='word_1_279' title='bbox 1485 2374 1706 2448; x_wconf 88' lang='lat' dir='ltr'>pertin-</span> 
     </span>
    </p>
   </div>
   <div class='ocr_carea' id='block_1_40' title="bbox 93 2465 1708 2542">
    <p class='ocr_par' dir='ltr' id='par_1_40' title="bbox 93 2465 1708 2542">
     <span class='ocr_line' id='line_1_40' title="bbox 93 2465 1708 2542; baseline -0.003 -16"><span class='ocrx_word' id='word_1_280' title='bbox 93 2485 231 2542; x_wconf 86' lang='lat' dir='ltr'>gere</span> <span class='ocrx_word' id='word_1_281' title='bbox 257 2467 453 2538; x_wconf 84' lang='lat' dir='ltr'>(Ibid.)</span> <span class='ocrx_word' id='word_1_282' title='bbox 478 2486 491 2536; x_wconf 93' lang='lat'>;</span> <span class='ocrx_word' id='word_1_283' title='bbox 523 2468 604 2526; x_wconf 90' lang='lat' dir='ltr'>sic</span> <span class='ocrx_word' id='word_1_284' title='bbox 634 2469 857 2542; x_wconf 90' lang='lat' dir='ltr'>quidem</span> <span class='ocrx_word' id='word_1_285' title='bbox 890 2485 985 2541; x_wconf 91' lang='lat' dir='ltr'>per</span> <span class='ocrx_word' id='word_1_286' title='bbox 1013 2468 1113 2524; x_wconf 88' lang='lat' dir='ltr'>has</span> <span class='ocrx_word' id='word_1_287' title='bbox 1145 2476 1200 2524; x_wconf 93' lang='lat' dir='ltr'>et</span> <span class='ocrx_word' id='word_1_288' title='bbox 1226 2465 1499 2524; x_wconf 89' lang='lat' dir='ltr'>Eusebius</span> <span class='ocrx_word' id='word_1_289' title='bbox 1526 2481 1708 2522; x_wconf 87' lang='lat' dir='ltr'>ascen-</span> 
     </span>
    </p>
   </div>
   <div class='ocr_carea' id='block_1_41' title="bbox 93 2558 1705 2629">
    <p class='ocr_par' dir='ltr' id='par_1_41' title="bbox 93 2558 1705 2629">
     <span class='ocr_line' id='line_1_41' title="bbox 93 2558 1705 2629; baseline -0.002 -12"><span class='ocrx_word' id='word_1_290' title='bbox 93 2561 189 2618; x_wconf 88' lang='lat' dir='ltr'>dit</span> <span class='ocrx_word' id='word_1_291' title='bbox 237 2559 308 2615; x_wconf 90' lang='lat' dir='ltr'>ad</span> <span class='ocrx_word' id='word_1_292' title='bbox 359 2561 580 2629; x_wconf 73' lang='lat' dir='ltr'>cualum,</span> <span class='ocrx_word' id='word_1_293' title='bbox 626 2568 680 2616; x_wconf 92' lang='lat' dir='ltr'>et</span> <span class='ocrx_word' id='word_1_294' title='bbox 713 2560 906 2615; x_wconf 85' lang='lat' dir='ltr'>Ariani</span> <span class='ocrx_word' id='word_1_295' title='bbox 949 2559 1017 2616; x_wconf 90' lang='lat' dir='ltr'>ad</span> <span class='ocrx_word' id='word_1_296' title='bbox 1055 2559 1262 2616; x_wconf 89' lang='lat' dir='ltr'>inferos</span> <span class='ocrx_word' id='word_1_297' title='bbox 1288 2558 1705 2615; x_wconf 89' lang='lat' dir='ltr'>descenderunt.</span> 
     </span>
    </p>
   </div>
   <div class='ocr_carea' id='block_1_42' title="bbox 99 2649 1709 2719">
    <p class='ocr_par' dir='ltr' id='par_1_42' title="bbox 99 2649 1709 2719">
     <span class='ocr_line' id='line_1_42' title="bbox 99 2649 1709 2719; baseline -0.004 -10"><span class='ocrx_word' id='word_1_298' title='bbox 99 2651 288 2719; x_wconf 87' lang='lat' dir='ltr'>Unde,</span> <span class='ocrx_word' id='word_1_299' title='bbox 339 2649 559 2716; x_wconf 87' lang='lat' dir='ltr'>fratres,</span> <span class='ocrx_word' id='word_1_300' title='bbox 608 2657 860 2706; x_wconf 85' lang='lat' dir='ltr'>sanctum</span> <span class='ocrx_word' id='word_1_301' title='bbox 923 2649 1226 2706; x_wconf 90' lang='lat' dir='ltr'>Eusebium</span> <span class='ocrx_word' id='word_1_302' title='bbox 1271 2649 1709 2706; x_wconf 75' lang='lat' dir='ltr'>Machabzeorum</span> 
     </span>
    </p>
   </div>
   <div class='ocr_carea' id='block_1_43' title="bbox 99 2734 1712 2812">
    <p class='ocr_par' dir='ltr' id='par_1_43' title="bbox 99 2734 1712 2812">
     <span class='ocr_line' id='line_1_43' title="bbox 99 2734 1712 2812; baseline -0.004 -15"><span class='ocrx_word' id='word_1_303' title='bbox 99 2747 421 2812; x_wconf 85' lang='lat' dir='ltr'>martyrum</span> <span class='ocrx_word' id='word_1_304' title='bbox 451 2739 620 2796; x_wconf 90' lang='lat' dir='ltr'>choro</span> <span class='ocrx_word' id='word_1_305' title='bbox 649 2739 1121 2795; x_wconf 89' lang='lat' dir='ltr'>annumerandum</span> <span class='ocrx_word' id='word_1_306' title='bbox 1153 2747 1306 2810; x_wconf 91' lang='lat' dir='ltr'>puto.</span> <span class='ocrx_word' id='word_1_307' title='bbox 1325 2737 1605 2810; x_wconf 92' lang='lat' dir='ltr'>Siquidem</span> <span class='ocrx_word' id='word_1_308' title='bbox 1628 2734 1712 2791; x_wconf 91' lang='lat' dir='ltr'>illi</span> 
     </span>
    </p>
   </div>
   <div class='ocr_carea' id='block_1_44' title="bbox 101 2829 1712 2906">
    <p class='ocr_par' dir='ltr' id='par_1_44' title="bbox 101 2829 1712 2906">
     <span class='ocr_line' id='line_1_44' title="bbox 101 2829 1712 2906; baseline -0.004 -16"><span class='ocrx_word' id='word_1_309' title='bbox 101 2834 350 2906; x_wconf 87' lang='lat' dir='ltr'>singulis</span> <span class='ocrx_word' id='word_1_310' title='bbox 381 2831 642 2888; x_wconf 90' lang='lat' dir='ltr'>membris</span> <span class='ocrx_word' id='word_1_311' title='bbox 677 2831 1005 2904; x_wconf 86' lang='lat' dir='ltr'>martyrium</span> <span class='ocrx_word' id='word_1_312' title='bbox 1036 2830 1382 2904; x_wconf 88' lang='lat' dir='ltr'>pertulerint,</span> <span class='ocrx_word' id='word_1_313' title='bbox 1411 2829 1502 2885; x_wconf 92' lang='lat' dir='ltr'>hic</span> <span class='ocrx_word' id='word_1_314' title='bbox 1529 2836 1712 2884; x_wconf 90' lang='lat' dir='ltr'>autem</span> 
     </span>
    </p>
   </div>
   <div class='ocr_carea' id='block_1_45' title="bbox 103 2919 1708 2998">
    <p class='ocr_par' dir='ltr' id='par_1_45' title="bbox 103 2919 1708 2998">
     <span class='ocr_line' id='line_1_45' title="bbox 103 2919 1708 2998; baseline -0.006 -15"><span class='ocrx_word' id='word_1_315' title='bbox 103 2926 288 2983; x_wconf 88' lang='lat' dir='ltr'>totius</span> <span class='ocrx_word' id='word_1_316' title='bbox 340 2924 584 2998; x_wconf 87' lang='lat' dir='ltr'>corporis</span> <span class='ocrx_word' id='word_1_317' title='bbox 631 2925 881 2998; x_wconf 88' lang='lat' dir='ltr'>passione</span> <span class='ocrx_word' id='word_1_318' title='bbox 924 2926 1220 2981; x_wconf 88' lang='lat' dir='ltr'>Dominum</span> <span class='ocrx_word' id='word_1_319' title='bbox 1265 2922 1337 2978; x_wconf 92' lang='lat' dir='ltr'>sit</span> <span class='ocrx_word' id='word_1_320' title='bbox 1382 2919 1708 2978; x_wconf 89' lang='lat' dir='ltr'>confessus:</span> 
     </span>
    </p>
   </div>
   <div class='ocr_carea' id='block_1_46' title="bbox 106 3008 1714 3088">
    <p class='ocr_par' dir='ltr' id='par_1_46' title="bbox 106 3008 1714 3088">
     <span class='ocr_line' id='line_1_46' title="bbox 106 3008 1714 3088; baseline -0.006 -14"><span class='ocrx_word' id='word_1_321' title='bbox 106 3033 220 3074; x_wconf 86' lang='lat' dir='ltr'>nec</span> <span class='ocrx_word' id='word_1_322' title='bbox 251 3015 527 3088; x_wconf 89' lang='lat' dir='ltr'>disparem</span> <span class='ocrx_word' id='word_1_323' title='bbox 571 3030 760 3071; x_wconf 91' lang='lat' dir='ltr'>eorum</span> <span class='ocrx_word' id='word_1_324' title='bbox 788 3030 903 3071; x_wconf 88' lang='lat' dir='ltr'>esse</span> <span class='ocrx_word' id='word_1_325' title='bbox 933 3013 1183 3086; x_wconf 83' lang='lat' dir='ltr'>gratiam,</span> <span class='ocrx_word' id='word_1_326' title='bbox 1227 3028 1364 3086; x_wconf 90' lang='lat' dir='ltr'>quos</span> <span class='ocrx_word' id='word_1_327' title='bbox 1402 3009 1567 3067; x_wconf 89' lang='lat' dir='ltr'>etiam</span> <span class='ocrx_word' id='word_1_328' title='bbox 1598 3008 1714 3066; x_wconf 90' lang='lat' dir='ltr'>dies</span> 
     </span>
    </p>
   </div>
   <div class='ocr_carea' id='block_1_47' title="bbox 106 3103 947 3178">
    <p class='ocr_par' dir='ltr' id='par_1_47' title="bbox 106 3103 947 3178">
     <span class='ocr_line' id='line_1_47' title="bbox 106 3103 947 3178; baseline -0.007 -14"><span class='ocrx_word' id='word_1_329' title='bbox 106 3121 230 3164; x_wconf 81' lang='lat' dir='ltr'>una</span> <span class='ocrx_word' id='word_1_330' title='bbox 257 3105 320 3162; x_wconf 87' lang='lat' dir='ltr'>in</span> <span class='ocrx_word' id='word_1_331' title='bbox 351 3104 619 3178; x_wconf 84' lang='lat' dir='ltr'>martyrio</span> <span class='ocrx_word' id='word_1_332' title='bbox 647 3103 947 3177; x_wconf 88' lang='lat' dir='ltr'>copulavit.</span> 
     </span>
    </p>
   </div>
   <div class='ocr_carea' id='block_1_48' title="bbox 696 3257 1142 3316">
    <p class='ocr_par' dir='ltr' id='par_1_48' title="bbox 696 3257 1142 3316">
     <span class='ocr_line' id='line_1_48' title="bbox 696 3257 1142 3316; baseline -0.007 -1"><span class='ocrx_word' id='word_1_333' title='bbox 696 3257 931 3316; x_wconf 84' lang='lat' dir='ltr'>SERMO</span> <span class='ocrx_word' id='word_1_334' title='bbox 977 3257 1142 3315; x_wconf 83' lang='lat' dir='ltr'><strong>LVII.</strong></span> 
     </span>
    </p>
   </div>
   <div class='ocr_carea' id='block_1_49' title="bbox 298 3351 1535 3461">
    <p class='ocr_par' dir='ltr' id='par_1_49' title="bbox 298 3351 1535 3461">
     <span class='ocr_line' id='line_1_49' title="bbox 298 3351 1535 3461; baseline -0.006 -45"><span class='ocrx_word' id='word_1_335' title='bbox 298 3359 379 3416; x_wconf 90' lang='lat' dir='ltr'>De</span> <span class='ocrx_word' id='word_1_336' title='bbox 407 3355 763 3429; x_wconf 91' lang='lat' dir='ltr'>Depositione</span> <span class='ocrx_word' id='word_1_337' title='bbox 801 3353 1044 3461; x_wconf 66' lang='lat' dir='ltr'>ejusdem</span> <span class='ocrx_word' id='word_1_338' title='bbox 1083 3352 1259 3410; x_wconf 90' lang='lat' dir='ltr'>sancti</span> <span class='ocrx_word' id='word_1_339' title='bbox 1289 3351 1535 3409; x_wconf 89' lang='lat' dir='ltr'>Eusebii.</span> 
     </span>
    </p>
   </div>
   <div class='ocr_carea' id='block_1_50' title="bbox 109 3470 1718 3548">
    <p class='ocr_par' dir='ltr' id='par_1_50' title="bbox 109 3470 1718 3548">
     <span class='ocr_line' id='line_1_50' title="bbox 109 3470 1718 3548; baseline -0.007 -14"><span class='ocrx_word' id='word_1_340' title='bbox 109 3477 224 3546; x_wconf 78' lang='lat' dir='ltr'>Qui</span> <span class='ocrx_word' id='word_1_341' title='bbox 272 3475 600 3548; x_wconf 74' lang='lat' dir='ltr'>superiorem</span> <span class='ocrx_word' id='word_1_342' title='bbox 658 3490 949 3548; x_wconf 72' lang='lat' dir='ltr'>sermonem</span> <span class='ocrx_word' id='word_1_343' title='bbox 1003 3473 1240 3548; x_wconf 71' lang='lat' dir='ltr'>Maximo</span> <span class='ocrx_word' id='word_1_344' title='bbox 1297 3470 1623 3548; x_wconf 67' lang='lat' dir='ltr'>attribuunt,</span> <span class='ocrx_word' id='word_1_345' title='bbox 1671 3474 1718 3548; x_wconf 85' lang='lat' dir='ltr'>et</span> 
     </span>
    </p>
   </div>
   <div class='ocr_carea' id='block_1_51' title="bbox 184 3541 1720 3618">
    <p class='ocr_par' dir='ltr' id='par_1_51' title="bbox 184 3541 1720 3618">
     <span class='ocr_line' id='line_1_51' title="bbox 184 3541 1720 3618; baseline -0.007 -14"><span class='ocrx_word' id='word_1_346' title='bbox 184 3541 351 3604; x_wconf 57' lang='lat' dir='ltr'>hunc&#39;</span> <span class='ocrx_word' id='word_1_347' title='bbox 381 3564 582 3618; x_wconf 87' lang='lat' dir='ltr'>quoque</span> <span class='ocrx_word' id='word_1_348' title='bbox 635 3546 798 3602; x_wconf 84' lang='lat' dir='ltr'>eidem</span> <span class='ocrx_word' id='word_1_349' title='bbox 843 3552 1035 3618; x_wconf 82' lang='lat' dir='ltr'>putant</span> <span class='ocrx_word' id='word_1_350' title='bbox 1078 3543 1474 3618; x_wconf 73' lang='lat' dir='ltr'>assignandum.</span> <span class='ocrx_word' id='word_1_351' title='bbox 1522 3541 1623 3618; x_wconf 69' lang='grc' dir='ltr'>βοά</span> <span class='ocrx_word' id='word_1_352' title='bbox 1661 3546 1720 3618; x_wconf 86' lang='lat' dir='ltr'>ut</span> 
     </span>
    </p>
   </div>
   <div class='ocr_carea' id='block_1_52' title="bbox 182 3613 1720 3683">
    <p class='ocr_par' dir='ltr' id='par_1_52' title="bbox 182 3613 1720 3683">
     <span class='ocr_line' id='line_1_52' title="bbox 182 3613 1720 3683; baseline -0.008 -7"><span class='ocrx_word' id='word_1_353' title='bbox 182 3613 738 3676; x_wconf 49' lang='lat' dir='ltr'>memorato—Praesuli</span> <span class='ocrx_word' id='word_1_354' title='bbox 765 3620 812 3672; x_wconf 81' lang='lat' dir='ltr'>is</span> <span class='ocrx_word' id='word_1_355' title='bbox 843 3613 1153 3682; x_wconf 61' lang='grc' dir='ltr'>ἀεί’-παίων,</span> <span class='ocrx_word' id='word_1_356' title='bbox 1194 3613 1247 3670; x_wconf 79' lang='lat' dir='ltr'>et</span> <span class='ocrx_word' id='word_1_357' title='bbox 1274 3613 1385 3683; x_wconf 83' lang='lat' dir='ltr'>ejus</span> <span class='ocrx_word' id='word_1_358' title='bbox 1429 3614 1642 3682; x_wconf 80' lang='lat' dir='ltr'>stylum,</span> <span class='ocrx_word' id='word_1_359' title='bbox 1673 3617 1720 3666; x_wconf 89' lang='lat' dir='ltr'>et</span> 
     </span>
    </p>
   </div>
   <div class='ocr_carea' id='block_1_53' title="bbox 185 3683 1717 3747">
    <p class='ocr_par' dir='ltr' id='par_1_53' title="bbox 185 3683 1717 3747">
     <span class='ocr_line' id='line_1_53' title="bbox 185 3683 1717 3747; baseline -0.007 0"><span class='ocrx_word' id='word_1_360' title='bbox 185 3708 310 3747; x_wconf 88' lang='lat' dir='ltr'>cum</span> <span class='ocrx_word' id='word_1_361' title='bbox 364 3691 700 3747; x_wconf 69' lang='lat' dir='ltr'>Maximiano</span> <span class='ocrx_word' id='word_1_362' title='bbox 770 3706 1004 3745; x_wconf 85' lang='lat' dir='ltr'>sermone</span> <span class='ocrx_word' id='word_1_363' title='bbox 1057 3688 1114 3742; x_wconf 83' lang='lat' dir='ltr'>in</span> <span class='ocrx_word' id='word_1_364' title='bbox 1169 3686 1449 3742; x_wconf 83' lang='lat' dir='ltr'>Eusebium</span> <span class='ocrx_word' id='word_1_365' title='bbox 1495 3683 1717 3738; x_wconf 81' lang='lat' dir='ltr'>secundo</span> 
     </span>
    </p>
   </div>
   <div class='ocr_carea' id='block_1_54' title="bbox 183 3753 1716 3834">
    <p class='ocr_par' dir='ltr' id='par_1_54' title="bbox 183 3753 1716 3834">
     <span class='ocr_line' id='line_1_54' title="bbox 183 3753 1716 3834; baseline -0.006 -17"><span class='ocrx_word' id='word_1_366' title='bbox 183 3763 550 3834; x_wconf 78' lang='lat' dir='ltr'>cognationem</span> <span class='ocrx_word' id='word_1_367' title='bbox 577 3763 743 3818; x_wconf 87' lang='lat' dir='ltr'>multo</span> <span class='ocrx_word' id='word_1_368' title='bbox 775 3761 1004 3818; x_wconf 84' lang='lat' dir='ltr'>validius</span> <span class='ocrx_word' id='word_1_369' title='bbox 1033 3763 1399 3831; x_wconf 78' lang='lat' dir='ltr'>argumentum</span> <span class='ocrx_word' id='word_1_370' title='bbox 1447 3771 1552 3811; x_wconf 82' lang='lat' dir='ltr'>esse</span> <span class='ocrx_word' id='word_1_371' title='bbox 1570 3753 1716 3825; x_wconf 82' lang='lat' dir='ltr'>judi-</span> 
     </span>
    </p>
   </div>
   <div class='ocr_carea' id='block_1_55' title="bbox 184 3850 391 3890">
    <p class='ocr_par' dir='ltr' id='par_1_55' title="bbox 184 3850 391 3890">
     <span class='ocr_line' id='line_1_55' title="bbox 184 3850 391 3890; baseline 0 0"><span class='ocrx_word' id='word_1_372' title='bbox 184 3850 391 3890; x_wconf 87' lang='lat' dir='ltr'>camus.</span> 
     </span>
    </p>
   </div>
   <div class='ocr_carea' id='block_1_56' title="bbox 192 3960 1716 4044">
    <p class='ocr_par' dir='ltr' id='par_1_56' title="bbox 192 3960 1716 4044">
     <span class='ocr_line' id='line_1_56' title="bbox 192 3960 1716 4044; baseline -0.008 -16"><span class='ocrx_word' id='word_1_373' title='bbox 192 3971 246 4029; x_wconf 80' lang='grc' dir='ltr'>ι.</span> <span class='ocrx_word' id='word_1_374' title='bbox 283 3970 696 4044; x_wconf 90' lang='lat' dir='ltr'>Depositionem</span> <span class='ocrx_word' id='word_1_375' title='bbox 714 3967 890 4024; x_wconf 89' lang='lat' dir='ltr'>sancti</span> <span class='ocrx_word' id='word_1_376' title='bbox 915 3965 1139 4023; x_wconf 89' lang='lat' dir='ltr'>Eusebii</span> <span class='ocrx_word' id='word_1_377' title='bbox 1170 3963 1334 4021; x_wconf 86' lang='lat' dir='ltr'>hodie</span> <span class='ocrx_word' id='word_1_378' title='bbox 1357 3960 1716 4020; x_wconf 89' lang='lat' dir='ltr'>celebramus.</span> 
     </span>
    </p>
   </div>
   <div class='ocr_carea' id='block_1_57' title="bbox 113 4051 1721 4134">
    <p class='ocr_par' dir='ltr' id='par_1_57' title="bbox 113 4051 1721 4134">
     <span class='ocr_line' id='line_1_57' title="bbox 113 4051 1721 4134; baseline -0.008 -17"><span class='ocrx_word' id='word_1_379' title='bbox 113 4060 268 4130; x_wconf 88' lang='lat' dir='ltr'>Quid</span> <span class='ocrx_word' id='word_1_380' title='bbox 302 4068 384 4117; x_wconf 89' lang='lat' dir='ltr'>est</span> <span class='ocrx_word' id='word_1_381' title='bbox 414 4060 686 4134; x_wconf 91' lang='lat' dir='ltr'>depositio</span> <span class='ocrx_word' id='word_1_382' title='bbox 716 4059 743 4117; x_wconf 81' lang='lat'><strong>?</strong></span> <span class='ocrx_word' id='word_1_383' title='bbox 770 4059 892 4116; x_wconf 91' lang='lat' dir='ltr'>Non</span> <span class='ocrx_word' id='word_1_384' title='bbox 923 4058 1021 4115; x_wconf 90' lang='lat' dir='ltr'>illa</span> <span class='ocrx_word' id='word_1_385' title='bbox 1049 4058 1239 4131; x_wconf 90' lang='lat' dir='ltr'>utique</span> <span class='ocrx_word' id='word_1_386' title='bbox 1285 4072 1405 4129; x_wconf 71' lang='lat' dir='ltr'>quae</span> <span class='ocrx_word' id='word_1_387' title='bbox 1442 4051 1721 4125; x_wconf 89' lang='lat' dir='ltr'>sepelien-</span> 
     </span>
    </p>
   </div>
   <div class='ocr_carea' id='block_1_58' title="bbox 115 4144 1722 4221">
    <p class='ocr_par' dir='ltr' id='par_1_58' title="bbox 115 4144 1722 4221">
     <span class='ocr_line' id='line_1_58' title="bbox 115 4144 1722 4221; baseline -0.007 -14"><span class='ocrx_word' id='word_1_388' title='bbox 115 4151 206 4208; x_wconf 90' lang='lat' dir='ltr'>dis</span> <span class='ocrx_word' id='word_1_389' title='bbox 237 4151 297 4206; x_wconf 91' lang='lat' dir='ltr'>in</span> <span class='ocrx_word' id='word_1_390' title='bbox 331 4158 476 4206; x_wconf 90' lang='lat' dir='ltr'>terra</span> <span class='ocrx_word' id='word_1_391' title='bbox 512 4149 886 4207; x_wconf 88' lang='lat' dir='ltr'>membrorum</span> <span class='ocrx_word' id='word_1_392' title='bbox 933 4147 1184 4221; x_wconf 91' lang='lat' dir='ltr'>reliquiis</span> <span class='ocrx_word' id='word_1_393' title='bbox 1226 4144 1554 4202; x_wconf 89' lang='lat' dir='ltr'>clericorum</span> <span class='ocrx_word' id='word_1_394' title='bbox 1595 4156 1722 4196; x_wconf 90' lang='lat' dir='ltr'>ma-</span> 
     </span>
    </p>
   </div>
   <div class='ocr_carea' id='block_1_59' title="bbox 115 4228 1721 4312">
    <p class='ocr_par' dir='ltr' id='par_1_59' title="bbox 115 4228 1721 4312">
     <span class='ocr_line' id='line_1_59' title="bbox 115 4228 1721 4312; baseline -0.009 -15"><span class='ocrx_word' id='word_1_395' title='bbox 115 4240 291 4297; x_wconf 90' lang='lat' dir='ltr'>nibus</span> <span class='ocrx_word' id='word_1_396' title='bbox 351 4250 677 4312; x_wconf 85' lang='lat' dir='ltr'>procuratur</span> <span class='ocrx_word' id='word_1_397' title='bbox 729 4257 740 4296; x_wconf 89' lang='lat'><strong>:</strong></span> <span class='ocrx_word' id='word_1_398' title='bbox 799 4238 894 4296; x_wconf 91' lang='lat' dir='ltr'>sed</span> <span class='ocrx_word' id='word_1_399' title='bbox 945 4238 1042 4294; x_wconf 90' lang='lat' dir='ltr'>illa</span> <span class='ocrx_word' id='word_1_400' title='bbox 1097 4252 1204 4309; x_wconf 89' lang='lat' dir='ltr'>qua</span> <span class='ocrx_word' id='word_1_401' title='bbox 1260 4234 1426 4289; x_wconf 90' lang='lat' dir='ltr'>homo</span> <span class='ocrx_word' id='word_1_402' title='bbox 1480 4228 1721 4285; x_wconf 90' lang='lat' dir='ltr'>vinculis</span> 
     </span>
    </p>
   </div>
   <div class='ocr_carea' id='block_1_60' title="bbox 114 4322 1722 4398">
    <p class='ocr_par' dir='ltr' id='par_1_60' title="bbox 114 4322 1722 4398">
     <span class='ocr_line' id='line_1_60' title="bbox 114 4322 1722 4398; baseline -0.01 -10"><span class='ocrx_word' id='word_1_403' title='bbox 114 4329 439 4388; x_wconf 85' lang='lat' dir='ltr'>carnalibus</span> <span class='ocrx_word' id='word_1_404' title='bbox 467 4329 772 4398; x_wconf 89' lang='lat' dir='ltr'>absolutus,</span> <span class='ocrx_word' id='word_1_405' title='bbox 803 4328 942 4384; x_wconf 91' lang='lat' dir='ltr'>liber</span> <span class='ocrx_word' id='word_1_406' title='bbox 990 4327 1168 4382; x_wconf 91' lang='lat' dir='ltr'>iturus</span> <span class='ocrx_word' id='word_1_407' title='bbox 1196 4323 1264 4379; x_wconf 88' lang='lat' dir='ltr'>ad</span> <span class='ocrx_word' id='word_1_408' title='bbox 1300 4322 1521 4388; x_wconf 72' lang='lat' dir='ltr'>caelum,</span> <span class='ocrx_word' id='word_1_409' title='bbox 1553 4327 1722 4374; x_wconf 89' lang='lat' dir='ltr'>terre-</span> 
     </span>
    </p>
   </div>
   <div class='ocr_carea' id='block_1_61' title="bbox 117 4406 1722 4494">
    <p class='ocr_par' dir='ltr' id='par_1_61' title="bbox 117 4406 1722 4494">
     <span class='ocr_line' id='line_1_61' title="bbox 117 4406 1722 4494; baseline -0.012 -15"><span class='ocrx_word' id='word_1_410' title='bbox 117 4438 260 4479; x_wconf 89' lang='lat' dir='ltr'>num</span> <span class='ocrx_word' id='word_1_411' title='bbox 295 4437 498 4494; x_wconf 87' lang='lat' dir='ltr'>corpus</span> <span class='ocrx_word' id='word_1_412' title='bbox 524 4421 773 4494; x_wconf 86' lang='lat' dir='ltr'>exponit.</span> <span class='ocrx_word' id='word_1_413' title='bbox 814 4419 936 4491; x_wconf 90' lang='lat' dir='ltr'>Ipsa</span> <span class='ocrx_word' id='word_1_414' title='bbox 989 4416 1148 4488; x_wconf 90' lang='lat' dir='ltr'>plane</span> <span class='ocrx_word' id='word_1_415' title='bbox 1199 4418 1279 4467; x_wconf 89' lang='lat' dir='ltr'>est</span> <span class='ocrx_word' id='word_1_416' title='bbox 1327 4407 1618 4482; x_wconf 90' lang='lat' dir='ltr'>depositio,</span> <span class='ocrx_word' id='word_1_417' title='bbox 1664 4406 1722 4461; x_wconf 90' lang='lat' dir='ltr'>in</span> 
     </span>
    </p>
   </div>
   <div class='ocr_carea' id='block_1_62' title="bbox 119 4498 1719 4584">
    <p class='ocr_par' dir='ltr' id='par_1_62' title="bbox 119 4498 1719 4584">
     <span class='ocr_line' id='line_1_62' title="bbox 119 4498 1719 4584; baseline -0.011 -16"><span class='ocrx_word' id='word_1_418' title='bbox 119 4527 233 4584; x_wconf 89' lang='lat' dir='ltr'>qua</span> <span class='ocrx_word' id='word_1_419' title='bbox 261 4510 650 4583; x_wconf 85' lang='lat' dir='ltr'>concupiscere</span> <span class='ocrx_word' id='word_1_420' title='bbox 704 4507 1016 4580; x_wconf 90' lang='lat' dir='ltr'>abjicimus,</span> <span class='ocrx_word' id='word_1_421' title='bbox 1066 4517 1338 4560; x_wconf 90' lang='lat' dir='ltr'>cessamus</span> <span class='ocrx_word' id='word_1_422' title='bbox 1380 4498 1719 4570; x_wconf 87' lang='lat' dir='ltr'>delinquere,</span> 
     </span>
    </p>
   </div>
   <div class='ocr_carea' id='block_1_63' title="bbox 118 4589 1720 4675">
    <p class='ocr_par' dir='ltr' id='par_1_63' title="bbox 118 4589 1720 4675">
     <span class='ocr_line' id='line_1_63' title="bbox 118 4589 1720 4675; baseline -0.011 -15"><span class='ocrx_word' id='word_1_423' title='bbox 118 4617 354 4675; x_wconf 86' lang='lat' dir='ltr'>peccare</span> <span class='ocrx_word' id='word_1_424' title='bbox 412 4599 738 4668; x_wconf 87' lang='lat' dir='ltr'>desinimus,</span> <span class='ocrx_word' id='word_1_425' title='bbox 787 4605 840 4653; x_wconf 93' lang='lat' dir='ltr'>et</span> <span class='ocrx_word' id='word_1_426' title='bbox 889 4603 1066 4652; x_wconf 91' lang='lat' dir='ltr'>totum</span> <span class='ocrx_word' id='word_1_427' title='bbox 1123 4589 1392 4665; x_wconf 91' lang='lat' dir='ltr'>quidquid</span> <span class='ocrx_word' id='word_1_428' title='bbox 1444 4589 1606 4645; x_wconf 91' lang='lat' dir='ltr'>saluti</span> <span class='ocrx_word' id='word_1_429' title='bbox 1640 4595 1720 4644; x_wconf 91' lang='lat' dir='ltr'>est</span> 
     </span>
    </p>
   </div>
   <div class='ocr_carea' id='block_1_64' title="bbox 121 4678 1715 4764">
    <p class='ocr_par' dir='ltr' id='par_1_64' title="bbox 121 4678 1715 4764">
     <span class='ocr_line' id='line_1_64' title="bbox 121 4678 1715 4764; baseline -0.01 -16"><span class='ocrx_word' id='word_1_430' title='bbox 121 4707 313 4764; x_wconf 90' lang='lat' dir='ltr'>grave,</span> <span class='ocrx_word' id='word_1_431' title='bbox 370 4689 526 4764; x_wconf 89' lang='lat' dir='ltr'>quasi</span> <span class='ocrx_word' id='word_1_432' title='bbox 584 4687 794 4760; x_wconf 89' lang='lat' dir='ltr'>abjecta</span> <span class='ocrx_word' id='word_1_433' title='bbox 849 4685 1064 4741; x_wconf 88' lang='lat' dir='ltr'>sarcina</span> <span class='ocrx_word' id='word_1_434' title='bbox 1113 4682 1315 4749; x_wconf 90' lang='lat' dir='ltr'>oneris,</span> <span class='ocrx_word' id='word_1_435' title='bbox 1368 4678 1715 4752; x_wconf 88' lang='lat' dir='ltr'>exponimus.</span> 
     </span>
    </p>
   </div>
   <div class='ocr_carea' id='block_1_65' title="bbox 120 4770 1720 4850">
    <p class='ocr_par' dir='ltr' id='par_1_65' title="bbox 120 4770 1720 4850">
     <span class='ocr_line' id='line_1_65' title="bbox 120 4770 1720 4850; baseline -0.011 -11"><span class='ocrx_word' id='word_1_436' title='bbox 120 4783 262 4839; x_wconf 88' lang='lat' dir='ltr'>Nam</span> <span class='ocrx_word' id='word_1_437' title='bbox 296 4779 424 4836; x_wconf 91' lang='lat' dir='ltr'>ideo</span> <span class='ocrx_word' id='word_1_438' title='bbox 453 4779 572 4836; x_wconf 56' lang='lat' dir='ltr'>haec</span> <span class='ocrx_word' id='word_1_439' title='bbox 601 4779 720 4835; x_wconf 93' lang='lat' dir='ltr'>dies</span> <span class='ocrx_word' id='word_1_440' title='bbox 749 4793 848 4850; x_wconf 92' lang='lat' dir='ltr'>pro</span> <span class='ocrx_word' id='word_1_441' title='bbox 877 4772 1191 4832; x_wconf 90' lang='lat' dir='ltr'>celebritate</span> <span class='ocrx_word' id='word_1_442' title='bbox 1227 4770 1467 4826; x_wconf 87' lang='lat' dir='ltr'>maxima</span> <span class='ocrx_word' id='word_1_443' title='bbox 1514 4784 1720 4842; x_wconf 86' lang='lat' dir='ltr'>procu-</span> 
     </span>
    </p>
   </div>
   <div class='ocr_carea' id='block_1_66' title="bbox 123 4862 1720 4944">
    <p class='ocr_par' dir='ltr' id='par_1_66' title="bbox 123 4862 1720 4944">
     <span class='ocr_line' id='line_1_66' title="bbox 123 4862 1720 4944; baseline -0.01 -16"><span class='ocrx_word' id='word_1_444' title='bbox 123 4881 321 4940; x_wconf 88' lang='lat' dir='ltr'>ratur;</span> <span class='ocrx_word' id='word_1_445' title='bbox 373 4871 506 4944; x_wconf 90' lang='lat' dir='ltr'>quia</span> <span class='ocrx_word' id='word_1_446' title='bbox 561 4887 690 4927; x_wconf 84' lang='lat' dir='ltr'>vere</span> <span class='ocrx_word' id='word_1_447' title='bbox 734 4875 816 4925; x_wconf 88' lang='lat' dir='ltr'>est</span> <span class='ocrx_word' id='word_1_448' title='bbox 861 4881 1073 4922; x_wconf 89' lang='lat' dir='ltr'>summa</span> <span class='ocrx_word' id='word_1_449' title='bbox 1125 4862 1394 4918; x_wconf 72' lang='lat' dir='ltr'>festivitas</span> <span class='ocrx_word' id='word_1_450' title='bbox 1442 4867 1720 4914; x_wconf 88' lang='lat' dir='ltr'>mortuum</span> 
     </span>
    </p>
   </div>
   <div class='ocr_carea' id='block_1_67' title="bbox 121 4949 1722 5034">
    <p class='ocr_par' dir='ltr' id='par_1_67' title="bbox 121 4949 1722 5034">
     <span class='ocr_line' id='line_1_67' title="bbox 121 4949 1722 5034; baseline -0.012 -13"><span class='ocrx_word' id='word_1_451' title='bbox 121 4980 242 5021; x_wconf 85' lang='lat' dir='ltr'>esse</span> <span class='ocrx_word' id='word_1_452' title='bbox 263 4963 443 5030; x_wconf 84' lang='lat' dir='ltr'>vitiis,</span> <span class='ocrx_word' id='word_1_453' title='bbox 484 4961 589 5020; x_wconf 92' lang='lat' dir='ltr'>soli</span> <span class='ocrx_word' id='word_1_454' title='bbox 619 4975 802 5034; x_wconf 78' lang='lat' dir='ltr'>vigere</span> <span class='ocrx_word' id='word_1_455' title='bbox 827 4955 1090 5030; x_wconf 69' lang='lat' dir='ltr'>justitiaa;</span> <span class='ocrx_word' id='word_1_456' title='bbox 1137 4951 1281 5007; x_wconf 84' lang='lat' dir='ltr'>unde</span> <span class='ocrx_word' id='word_1_457' title='bbox 1318 4958 1370 5007; x_wconf 87' lang='lat' dir='ltr'>et</span> <span class='ocrx_word' id='word_1_458' title='bbox 1413 4949 1722 5022; x_wconf 90' lang='lat' dir='ltr'>depositio-</span> 
     </span>
    </p>
   </div>
   <div class='ocr_carea' id='block_1_68' title="bbox 124 5041 1724 5126">
    <p class='ocr_par' dir='ltr' id='par_1_68' title="bbox 124 5041 1724 5126">
     <span class='ocr_line' id='line_1_68' title="bbox 124 5041 1724 5126; baseline -0.011 -17"><span class='ocrx_word' id='word_1_459' title='bbox 124 5058 213 5111; x_wconf 89' lang='lat' dir='ltr'>nis</span> <span class='ocrx_word' id='word_1_460' title='bbox 246 5053 364 5126; x_wconf 88' lang='lat' dir='ltr'>ipsa</span> <span class='ocrx_word' id='word_1_461' title='bbox 393 5051 512 5108; x_wconf 90' lang='lat' dir='ltr'>dies</span> <span class='ocrx_word' id='word_1_462' title='bbox 542 5050 738 5107; x_wconf 87' lang='lat' dir='ltr'>natalis</span> <span class='ocrx_word' id='word_1_463' title='bbox 766 5047 990 5112; x_wconf 91' lang='lat' dir='ltr'>dicitur,</span> <span class='ocrx_word' id='word_1_464' title='bbox 1022 5041 1168 5118; x_wconf 91' lang='lat' dir='ltr'>quod</span> <span class='ocrx_word' id='word_1_465' title='bbox 1211 5042 1537 5098; x_wconf 86' lang='lat' dir='ltr'>delictorum</span> <span class='ocrx_word' id='word_1_466' title='bbox 1593 5054 1724 5094; x_wconf 89' lang='lat' dir='ltr'>car-</span> 
     </span>
    </p>
   </div>
   <div class='ocr_carea' id='block_1_69' title="bbox 125 5127 1613 5209">
    <p class='ocr_par' dir='ltr' id='par_1_69' title="bbox 125 5127 1613 5209">
     <span class='ocr_line' id='line_1_69' title="bbox 125 5127 1613 5209; baseline -0.013 -7"><span class='ocrx_word' id='word_1_467' title='bbox 125 5160 250 5202; x_wconf 86' lang='lat' dir='ltr'>cere</span> <span class='ocrx_word' id='word_1_468' title='bbox 277 5141 520 5209; x_wconf 89' lang='lat' dir='ltr'>liberati,</span> <span class='ocrx_word' id='word_1_469' title='bbox 553 5139 792 5196; x_wconf 89' lang='lat' dir='ltr'>libertati</span> <span class='ocrx_word' id='word_1_470' title='bbox 825 5134 1104 5193; x_wconf 90' lang='lat' dir='ltr'>nascimur</span> <span class='ocrx_word' id='word_1_471' title='bbox 1145 5128 1446 5187; x_wconf 87' lang='lat' dir='ltr'>Salvatoris</span> <span class='ocrx_word' id='word_1_472' title='bbox 1475 5127 1613 5199; x_wconf 85' lang='lat'>(89).</span> 
     </span>
    </p>
   </div>
   <div class='ocr_carea' id='block_1_70' title="bbox 193 5213 1726 5292">
    <p class='ocr_par' dir='ltr' id='par_1_70' title="bbox 193 5213 1726 5292">
     <span class='ocr_line' id='line_1_70' title="bbox 193 5213 1726 5292; baseline -0.016 1"><span class='ocrx_word' id='word_1_473' title='bbox 193 5235 253 5292; x_wconf 76' lang='lat'>2.</span> <span class='ocrx_word' id='word_1_474' title='bbox 285 5231 393 5292; x_wconf 89' lang='lat' dir='ltr'>Sed</span> <span class='ocrx_word' id='word_1_475' title='bbox 424 5231 677 5288; x_wconf 89' lang='lat' dir='ltr'>videatur</span> <span class='ocrx_word' id='word_1_476' title='bbox 704 5234 924 5286; x_wconf 88' lang='lat' dir='ltr'>sanctus</span> <span class='ocrx_word' id='word_1_477' title='bbox 952 5221 1224 5281; x_wconf 88' lang='lat' dir='ltr'>Eusebius</span> <span class='ocrx_word' id='word_1_478' title='bbox 1251 5235 1377 5278; x_wconf 89' lang='lat' dir='ltr'>cum</span> <span class='ocrx_word' id='word_1_479' title='bbox 1420 5233 1527 5291; x_wconf 89' lang='lat' dir='ltr'>qua</span> <span class='ocrx_word' id='word_1_480' title='bbox 1554 5213 1726 5289; x_wconf 92' lang='lat' dir='ltr'>gloria</span> 
     </span>
    </p>
   </div>
   <div class='ocr_carea' id='block_1_71' title="bbox 199 5384 1526 5465">
    <p class='ocr_par' dir='ltr' id='par_1_71' title="bbox 199 5384 1526 5465">
     <span class='ocr_line' id='line_1_71' title="bbox 199 5384 1526 5465; baseline -0.015 -13"><span class='ocrx_word' id='word_1_481' title='bbox 199 5395 322 5465; x_wconf 90' lang='lat'>(88)</span> <span class='ocrx_word' id='word_1_482' title='bbox 357 5391 546 5451; x_wconf 82' lang='lat' dir='ltr'>Codex</span> <span class='ocrx_word' id='word_1_483' title='bbox 571 5389 803 5465; x_wconf 80' lang='lat' dir='ltr'>Theod.,</span> <span class='ocrx_word' id='word_1_484' title='bbox 831 5385 1168 5465; x_wconf 65' lang='lat' dir='ltr'>pastionibus</span> <span class='ocrx_word' id='word_1_485' title='bbox 1195 5384 1526 5465; x_wconf 46' lang='lat' dir='ltr'>necauec‘unt.</span> 
     </span>
    </p>
   </div>
   <div class='ocr_carea' id='block_1_72' title="bbox 198 5447 1724 5539">
    <p class='ocr_par' dir='ltr' id='par_1_72' title="bbox 198 5447 1724 5539">
     <span class='ocr_line' id='line_1_72' title="bbox 198 5447 1724 5539; baseline -0.015 -16"><span class='ocrx_word' id='word_1_486' title='bbox 198 5447 322 5539; x_wconf 59' lang='grc' dir='ltr'>(ἑὸ)</span> <span class='ocrx_word' id='word_1_487' title='bbox 477 5447 751 5539; x_wconf 72' lang='lat' dir='ltr'>vet._e_dit.</span> <span class='ocrx_word' id='word_1_488' title='bbox 784 5447 1027 5539; x_wconf 74' lang='lat' dir='ltr'>ac_mss.,</span> <span class='ocrx_word' id='word_1_489' title='bbox 1058 5456 1162 5539; x_wconf 84' lang='lat' dir='ltr'>nisi</span> <span class='ocrx_word' id='word_1_490' title='bbox 1213 5447 1724 5539; x_wconf 29' lang='lat' dir='ltr'>quod‘TheodzApro</span> 
     </span>
    </p>
   </div>
   <div class='ocr_carea' id='block_1_73' title="bbox 132 5524 1723 5607">
    <p class='ocr_par' dir='ltr' id='par_1_73' title="bbox 132 5524 1723 5607">
     <span class='ocr_line' id='line_1_73' title="bbox 132 5524 1723 5607; baseline -0.014 -13"><span class='ocrx_word' id='word_1_491' title='bbox 132 5524 369 5593; x_wconf 67' lang='lat' dir='ltr'>libertati</span> <span class='ocrx_word' id='word_1_492' title='bbox 421 5535 552 5607; x_wconf 88' lang='lat' dir='ltr'>legit</span> <span class='ocrx_word' id='word_1_493' title='bbox 600 5533 788 5600; x_wconf 79' lang='lat' dir='ltr'>liberi;</span> <span class='ocrx_word' id='word_1_494' title='bbox 839 5524 1020 5607; x_wconf 61' lang='lat' dir='ltr'>nom;</span> <span class='ocrx_word' id='word_1_495' title='bbox 1061 5524 1408 5606; x_wconf 33' lang='lat' dir='ltr'>autemoedit.</span> <span class='ocrx_word' id='word_1_496' title='bbox 1440 5530 1723 5607; x_wconf 48' lang='lat' dir='ltr'>&quot;neutrum</span> 
     </span>
    </p>
   </div>
   <div class='ocr_carea' id='block_1_74' title="bbox 131 5593 1722 5676">
    <p class='ocr_par' dir='ltr' id='par_1_74' title="bbox 131 5593 1722 5676">
     <span class='ocr_line' id='line_1_74' title="bbox 131 5593 1722 5676; baseline -0.015 -9"><span class='ocrx_word' id='word_1_497' title='bbox 131 5609 397 5676; x_wconf 76' lang='lat' dir='ltr'>admittit,</span> <span class='ocrx_word' id='word_1_498' title='bbox 431 5593 526 5663; x_wconf 68' lang='lat' dir='ltr'>sed</span> <span class='ocrx_word' id='word_1_499' title='bbox 567 5593 786 5676; x_wconf 80' lang='lat' dir='ltr'>tantum</span> <span class='ocrx_word' id='word_1_500' title='bbox 820 5602 1065 5676; x_wconf 62' lang='lat' dir='ltr'>praefert,</span> <span class='ocrx_word' id='word_1_501' title='bbox 1089 5596 1388 5676; x_wconf 77' lang='lat' dir='ltr'>_nascimu~r</span> <span class='ocrx_word' id='word_1_502' title='bbox 1433 5593 1722 5676; x_wconf 63' lang='lat' dir='ltr'>Saluatori.</span> 
     </span>
    </p>
   </div>
   <div class='ocr_carea' id='block_1_75' title="bbox 203 5619 1721 5753">
    <p class='ocr_par' dir='ltr' id='par_1_75' title="bbox 203 5619 1721 5753">
     <span class='ocr_line' id='line_1_75' title="bbox 203 5619 1721 5676; baseline -0.015 -10"><span class='ocrx_word' id='word_1_503' title='bbox 203 5619 397 5676; x_wconf 73' lang='lat' dir='ltr'>mittit,</span> <span class='ocrx_word' id='word_1_504' title='bbox 431 5619 526 5663; x_wconf 80' lang='lat' dir='ltr'>seu</span> <span class='ocrx_word' id='word_1_505' title='bbox 567 5619 784 5662; x_wconf 86' lang='lat' dir='ltr'>tantum</span> <span class='ocrx_word' id='word_1_506' title='bbox 867 5619 1065 5669; x_wconf 67' lang='lat' dir='ltr'>rzerert,</span> <span class='ocrx_word' id='word_1_507' title='bbox 1117 5619 1387 5654; x_wconf 79' lang='lat' dir='ltr'>nascmmr</span> <span class='ocrx_word' id='word_1_508' title='bbox 1433 5619 1721 5649; x_wconf 78' lang='lat' dir='ltr'>outuuwn.</span> 
     </span>
     <span class='ocr_line' id='line_1_76' title="bbox 203 5619 1721 5753; baseline -0.016 -14"><span class='ocrx_word' id='word_1_509' title='bbox 203 5682 324 5753; x_wconf 87' lang='lat'>(90)</span> <span class='ocrx_word' id='word_1_510' title='bbox 379 5677 606 5738; x_wconf 80' lang='lat' dir='ltr'>Omittit</span> <span class='ocrx_word' id='word_1_511' title='bbox 660 5675 784 5732; x_wconf 89' lang='lat' dir='ltr'>cod.</span> <span class='ocrx_word' id='word_1_512' title='bbox 818 5619 1049 5753; x_wconf 39' lang='lat' dir='ltr'>fheodq</span> <span class='ocrx_word' id='word_1_513' title='bbox 1080 5671 1173 5727; x_wconf 83' lang='lat' dir='ltr'>iste</span> <span class='ocrx_word' id='word_1_514' title='bbox 1219 5664 1678 5753; x_wconf 29' lang='lat' dir='ltr'>consequiturim</span> <span class='ocrx_word' id='word_1_515' title='bbox 1710 5704 1721 5716; x_wconf 93' lang='lat'>.</span> 
     </span>
    </p>
   </div>
   <div class='ocr_carea' id='block_1_76' title="bbox 134 5732 1725 5826">
    <p class='ocr_par' dir='ltr' id='par_1_76' title="bbox 134 5732 1725 5826">
     <span class='ocr_line' id='line_1_77' title="bbox 134 5732 1725 5826; baseline -0.013 -19"><span class='ocrx_word' id='word_1_516' title='bbox 134 5732 364 5826; x_wconf 66' lang='lat' dir='ltr'>amplius</span> <span class='ocrx_word' id='word_1_517' title='bbox 388 5732 790 5825; x_wconf 46' lang='lat' dir='ltr'>promereatur.</span> <span class='ocrx_word' id='word_1_518' title='bbox 821 5745 970 5802; x_wconf 87' lang='lat' dir='ltr'>Infra</span> <span class='ocrx_word' id='word_1_519' title='bbox 1014 5732 1144 5800; x_wconf 73' lang='lat' dir='ltr'>vero</span> <span class='ocrx_word' id='word_1_520' title='bbox 1187 5739 1284 5797; x_wconf 88' lang='lat' dir='ltr'>ubi</span> <span class='ocrx_word' id='word_1_521' title='bbox 1327 5732 1520 5795; x_wconf 81' lang='lat' dir='ltr'>omnes</span> <span class='ocrx_word' id='word_1_522' title='bbox 1567 5732 1725 5799; x_wconf 89' lang='lat' dir='ltr'>edit.,</span> 
     </span>
    </p>
   </div>
   <div class='ocr_carea' id='block_1_77' title="bbox 453 5844 878 5909">
    <p class='ocr_par' dir='ltr' id='par_1_77' title="bbox 453 5844 878 5909">
     <span class='ocr_line' id='line_1_78' title="bbox 453 5844 878 5909; baseline -0.028 0"><span class='ocrx_word' id='word_1_523' title='bbox 453 5844 878 5909; x_wconf 70' lang='lat' dir='ltr'>PATROLXVII.</span> 
     </span>
    </p>
   </div>
   <div class='ocr_carea' id='block_1_78' title="bbox 1809 1927 3406 2004">
    <p class='ocr_par' dir='ltr' id='par_1_78' title="bbox 1809 1927 3406 2004">
     <span class='ocr_line' id='line_1_79' title="bbox 1809 1927 3406 2004; baseline -0.001 -18"><span class='ocrx_word' id='word_1_524' title='bbox 1809 1930 1970 1999; x_wconf 91' lang='lat' dir='ltr'>desit,</span> <span class='ocrx_word' id='word_1_525' title='bbox 2006 1929 2258 2004; x_wconf 85' lang='lat' dir='ltr'>ignorat;</span> <span class='ocrx_word' id='word_1_526' title='bbox 2293 1930 2394 1988; x_wconf 88' lang='lat' dir='ltr'>iste</span> <span class='ocrx_word' id='word_1_527' title='bbox 2418 1939 2541 2004; x_wconf 90' lang='lat' dir='ltr'>post</span> <span class='ocrx_word' id='word_1_528' title='bbox 2561 1929 2776 1987; x_wconf 86' lang='lat' dir='ltr'>exitum</span> <span class='ocrx_word' id='word_1_529' title='bbox 2823 1929 2956 2003; x_wconf 90' lang='lat' dir='ltr'>quid</span> <span class='ocrx_word' id='word_1_530' title='bbox 3004 1930 3264 2002; x_wconf 89' lang='lat' dir='ltr'>supersit,</span> <span class='ocrx_word' id='word_1_531' title='bbox 3298 1927 3406 1986; x_wconf 87' lang='lat' dir='ltr'>ad-</span> 
     </span>
    </p>
   </div>
   <div class='ocr_carea' id='block_1_79' title="bbox 1811 2021 1995 2078">
    <p class='ocr_par' dir='ltr' id='par_1_79' title="bbox 1811 2021 1995 2078">
     <span class='ocr_line' id='line_1_80' title="bbox 1811 2021 1995 2078; baseline 0.005 -1"><span class='ocrx_word' id='word_1_532' title='bbox 1811 2021 1995 2078; x_wconf 91' lang='lat' dir='ltr'>discit.</span> 
     </span>
    </p>
   </div>
   <div class='ocr_carea' id='block_1_80' title="bbox 1892 2108 3407 2184">
    <p class='ocr_par' dir='ltr' id='par_1_80' title="bbox 1892 2108 3407 2184">
     <span class='ocr_line' id='line_1_81' title="bbox 1892 2108 3407 2184; baseline -0.005 -11"><span class='ocrx_word' id='word_1_533' title='bbox 1892 2116 2039 2173; x_wconf 85' lang='lat'><strong>470</strong></span> <span class='ocrx_word' id='word_1_534' title='bbox 2074 2110 2126 2169; x_wconf 90' lang='lat'>3.</span> <span class='ocrx_word' id='word_1_535' title='bbox 2154 2110 2356 2170; x_wconf 82' lang='lat' dir='ltr'>Volare</span> <span class='ocrx_word' id='word_1_536' title='bbox 2387 2126 2515 2184; x_wconf 89' lang='lat' dir='ltr'>ergo</span> <span class='ocrx_word' id='word_1_537' title='bbox 2563 2128 2619 2168; x_wconf 90' lang='lat' dir='ltr'>se</span> <span class='ocrx_word' id='word_1_538' title='bbox 2650 2111 2708 2166; x_wconf 91' lang='lat' dir='ltr'>in</span> <span class='ocrx_word' id='word_1_539' title='bbox 2761 2109 2866 2166; x_wconf 88' lang='lat' dir='ltr'>hac</span> <span class='ocrx_word' id='word_1_540' title='bbox 2895 2109 2986 2166; x_wconf 90' lang='lat' dir='ltr'>die</span> <span class='ocrx_word' id='word_1_541' title='bbox 3014 2108 3159 2166; x_wconf 84' lang='lat' dir='ltr'>vidit</span> <span class='ocrx_word' id='word_1_542' title='bbox 3196 2118 3407 2182; x_wconf 85' lang='lat' dir='ltr'>martyr</span> 
     </span>
    </p>
   </div>
   <div class='ocr_carea' id='block_1_81' title="bbox 1815 2207 3406 2280">
    <p class='ocr_par' dir='ltr' id='par_1_81' title="bbox 1815 2207 3406 2280">
     <span class='ocr_line' id='line_1_82' title="bbox 1815 2207 3406 2280; baseline -0.001 -16"><span class='ocrx_word' id='word_1_543' title='bbox 1815 2207 2105 2264; x_wconf 88' lang='lat' dir='ltr'>Eusebius.</span> <span class='ocrx_word' id='word_1_544' title='bbox 2156 2207 2310 2264; x_wconf 90' lang='lat' dir='ltr'>Sicut</span> <span class='ocrx_word' id='word_1_545' title='bbox 2363 2207 2590 2278; x_wconf 89' lang='lat' dir='ltr'>scimus,</span> <span class='ocrx_word' id='word_1_546' title='bbox 2635 2207 2821 2263; x_wconf 90' lang='lat' dir='ltr'>volare</span> <span class='ocrx_word' id='word_1_547' title='bbox 2879 2221 2990 2263; x_wconf 89' lang='lat' dir='ltr'>non</span> <span class='ocrx_word' id='word_1_548' title='bbox 3042 2214 3240 2280; x_wconf 88' lang='lat' dir='ltr'>potest,</span> <span class='ocrx_word' id='word_1_549' title='bbox 3298 2207 3406 2264; x_wconf 91' lang='lat' dir='ltr'>nisi</span> 
     </span>
    </p>
   </div>
   <div class='ocr_carea' id='block_1_82' title="bbox 1817 2298 3411 2373">
    <p class='ocr_par' dir='ltr' id='par_1_82' title="bbox 1817 2298 3411 2373">
     <span class='ocr_line' id='line_1_83' title="bbox 1817 2298 3411 2373; baseline 0 -17"><span class='ocrx_word' id='word_1_550' title='bbox 1817 2300 1963 2373; x_wconf 86' lang='lat' dir='ltr'>quod</span> <span class='ocrx_word' id='word_1_551' title='bbox 2023 2315 2246 2371; x_wconf 89' lang='lat' dir='ltr'>purum,</span> <span class='ocrx_word' id='word_1_552' title='bbox 2282 2301 2402 2356; x_wconf 90' lang='lat' dir='ltr'>leve</span> <span class='ocrx_word' id='word_1_553' title='bbox 2455 2306 2618 2372; x_wconf 89' lang='lat' dir='ltr'>atque</span> <span class='ocrx_word' id='word_1_554' title='bbox 2673 2298 2876 2355; x_wconf 86' lang='lat' dir='ltr'>subtile</span> <span class='ocrx_word' id='word_1_555' title='bbox 2920 2305 3002 2355; x_wconf 89' lang='lat' dir='ltr'>est</span> <span class='ocrx_word' id='word_1_556' title='bbox 3043 2316 3054 2355; x_wconf 92' lang='lat'><strong>:</strong></span> <span class='ocrx_word' id='word_1_557' title='bbox 3100 2298 3260 2370; x_wconf 89' lang='lat' dir='ltr'>cujus</span> <span class='ocrx_word' id='word_1_558' title='bbox 3307 2314 3411 2356; x_wconf 84' lang='lat' dir='ltr'>nec</span> 
     </span>
    </p>
   </div>
   <div class='ocr_carea' id='block_1_83' title="bbox 1817 2387 3407 2461">
    <p class='ocr_par' dir='ltr' id='par_1_83' title="bbox 1817 2387 3407 2461">
     <span class='ocr_line' id='line_1_84' title="bbox 1817 2387 3407 2461; baseline -0.001 -16"><span class='ocrx_word' id='word_1_559' title='bbox 1817 2388 2103 2445; x_wconf 88' lang='lat' dir='ltr'>sinceritas</span> <span class='ocrx_word' id='word_1_560' title='bbox 2132 2387 2554 2461; x_wconf 88' lang='lat' dir='ltr'>intemperantia</span> <span class='ocrx_word' id='word_1_561' title='bbox 2600 2387 2934 2456; x_wconf 88' lang='lat' dir='ltr'>retardatur,</span> <span class='ocrx_word' id='word_1_562' title='bbox 2987 2403 3088 2444; x_wconf 90' lang='lat' dir='ltr'>nec</span> <span class='ocrx_word' id='word_1_563' title='bbox 3133 2387 3407 2456; x_wconf 86' lang='lat' dir='ltr'>alacritas,</span> 
     </span>
    </p>
   </div>
   <div class='ocr_carea' id='block_1_84' title="bbox 1819 2475 3410 2548">
    <p class='ocr_par' dir='ltr' id='par_1_84' title="bbox 1819 2475 3410 2548">
     <span class='ocr_line' id='line_1_85' title="bbox 1819 2475 3410 2548; baseline -0.001 -15"><span class='ocrx_word' id='word_1_564' title='bbox 1819 2494 1920 2534; x_wconf 89' lang='lat' dir='ltr'>nec</span> <span class='ocrx_word' id='word_1_565' title='bbox 1950 2477 2211 2534; x_wconf 88' lang='lat' dir='ltr'>velocitas</span> <span class='ocrx_word' id='word_1_566' title='bbox 2241 2479 2382 2534; x_wconf 91' lang='lat' dir='ltr'>mole</span> <span class='ocrx_word' id='word_1_567' title='bbox 2423 2483 2699 2548; x_wconf 88' lang='lat' dir='ltr'>gravatur.</span> <span class='ocrx_word' id='word_1_568' title='bbox 2751 2475 2981 2531; x_wconf 88' lang='lat' dir='ltr'>Gravari</span> <span class='ocrx_word' id='word_1_569' title='bbox 3023 2483 3204 2531; x_wconf 89' lang='lat' dir='ltr'>autem</span> <span class='ocrx_word' id='word_1_570' title='bbox 3262 2477 3410 2532; x_wconf 89' lang='lat' dir='ltr'>vola-</span> 
     </span>
    </p>
   </div>
   <div class='ocr_carea' id='block_1_85' title="bbox 1821 2564 3410 2640">
    <p class='ocr_par' dir='ltr' id='par_1_85' title="bbox 1821 2564 3410 2640">
     <span class='ocr_line' id='line_1_86' title="bbox 1821 2564 3410 2640; baseline -0.002 -17"><span class='ocrx_word' id='word_1_571' title='bbox 1821 2576 1939 2624; x_wconf 93' lang='lat' dir='ltr'>tum</span> <span class='ocrx_word' id='word_1_572' title='bbox 1969 2567 2116 2634; x_wconf 93' lang='lat' dir='ltr'>dico,</span> <span class='ocrx_word' id='word_1_573' title='bbox 2147 2573 2399 2621; x_wconf 90' lang='lat' dir='ltr'>nontam</span> <span class='ocrx_word' id='word_1_574' title='bbox 2441 2565 2584 2621; x_wconf 90' lang='lat' dir='ltr'>mole</span> <span class='ocrx_word' id='word_1_575' title='bbox 2629 2564 3024 2632; x_wconf 88' lang='lat' dir='ltr'>membrorum,</span> <span class='ocrx_word' id='word_1_576' title='bbox 3073 2581 3233 2637; x_wconf 90' lang='lat' dir='ltr'>quam</span> <span class='ocrx_word' id='word_1_577' title='bbox 3280 2581 3410 2640; x_wconf 86' lang='lat' dir='ltr'>pon-</span> 
     </span>
    </p>
   </div>
   <div class='ocr_carea' id='block_1_86' title="bbox 1821 2643 3415 2728">
    <p class='ocr_par' dir='ltr' id='par_1_86' title="bbox 1821 2643 3415 2728">
     <span class='ocr_line' id='line_1_87' title="bbox 1821 2643 3415 2728; baseline -0.004 -12"><span class='ocrx_word' id='word_1_578' title='bbox 1821 2660 1948 2716; x_wconf 90' lang='lat' dir='ltr'>dere</span> <span class='ocrx_word' id='word_1_579' title='bbox 1968 2659 2294 2716; x_wconf 89' lang='lat' dir='ltr'>delictorum</span> <span class='ocrx_word' id='word_1_580' title='bbox 2329 2673 2340 2712; x_wconf 92' lang='lat'>:</span> <span class='ocrx_word' id='word_1_581' title='bbox 2375 2656 2521 2712; x_wconf 90' lang='lat' dir='ltr'>unde</span> <span class='ocrx_word' id='word_1_582' title='bbox 2551 2662 2684 2728; x_wconf 91' lang='lat' dir='ltr'>puto</span> <span class='ocrx_word' id='word_1_583' title='bbox 2720 2656 2885 2710; x_wconf 89' lang='lat' dir='ltr'>etiam</span> <span class='ocrx_word' id='word_1_584' title='bbox 2929 2655 2986 2710; x_wconf 93' lang='lat' dir='ltr'>in</span> <span class='ocrx_word' id='word_1_585' title='bbox 3043 2655 3176 2726; x_wconf 91' lang='lat' dir='ltr'>ipsis</span> <span class='ocrx_word' id='word_1_586' title='bbox 3221 2643 3415 2710; x_wconf 88' lang='lat' dir='ltr'>avibus</span> 
     </span>
    </p>
   </div>
   <div class='ocr_carea' id='block_1_87' title="bbox 1823 2745 3412 2818">
    <p class='ocr_par' dir='ltr' id='par_1_87' title="bbox 1823 2745 3412 2818">
     <span class='ocr_line' id='line_1_88' title="bbox 1823 2745 3412 2818; baseline -0.005 -10"><span class='ocrx_word' id='word_1_587' title='bbox 1823 2752 1946 2808; x_wconf 92' lang='lat' dir='ltr'>ideo</span> <span class='ocrx_word' id='word_1_588' title='bbox 1975 2751 2220 2805; x_wconf 91' lang='lat' dir='ltr'>velocius</span> <span class='ocrx_word' id='word_1_589' title='bbox 2247 2746 2557 2805; x_wconf 88' lang='lat' dir='ltr'>columbam</span> <span class='ocrx_word' id='word_1_590' title='bbox 2582 2761 2718 2818; x_wconf 89' lang='lat' dir='ltr'>pene</span> <span class='ocrx_word' id='word_1_591' title='bbox 2747 2761 2854 2817; x_wconf 75' lang='lat' dir='ltr'>prae</span> <span class='ocrx_word' id='word_1_592' title='bbox 2877 2745 3132 2801; x_wconf 89' lang='lat' dir='ltr'>omnibus</span> <span class='ocrx_word' id='word_1_593' title='bbox 3160 2745 3412 2811; x_wconf 90' lang='lat' dir='ltr'>volitare,</span> 
     </span>
    </p>
   </div>
   <div class='ocr_carea' id='block_1_88' title="bbox 1823 2836 3414 2917">
    <p class='ocr_par' dir='ltr' id='par_1_88' title="bbox 1823 2836 3414 2917">
     <span class='ocr_line' id='line_1_89' title="bbox 1823 2836 3414 2917; baseline -0.005 -17"><span class='ocrx_word' id='word_1_594' title='bbox 1823 2843 1973 2917; x_wconf 92' lang='lat' dir='ltr'>quod</span> <span class='ocrx_word' id='word_1_595' title='bbox 1997 2841 2334 2899; x_wconf 90' lang='lat' dir='ltr'>alacritatem</span> <span class='ocrx_word' id='word_1_596' title='bbox 2358 2838 2676 2896; x_wconf 89' lang='lat' dir='ltr'>innocentia</span> <span class='ocrx_word' id='word_1_597' title='bbox 2692 2838 2986 2894; x_wconf 87' lang='lat' dir='ltr'>comitetur</span> <span class='ocrx_word' id='word_1_598' title='bbox 3007 2838 3146 2909; x_wconf 83' lang='grc'>(91).</span> <span class='ocrx_word' id='word_1_599' title='bbox 3166 2836 3414 2909; x_wconf 90' lang='lat' dir='ltr'>Denique</span> 
     </span>
    </p>
   </div>
   <div class='ocr_carea' id='block_1_89' title="bbox 1824 2926 3414 3000">
    <p class='ocr_par' dir='ltr' id='par_1_89' title="bbox 1824 2926 3414 3000">
     <span class='ocr_line' id='line_1_90' title="bbox 1824 2926 3414 3000; baseline -0.005 -11"><span class='ocrx_word' id='word_1_600' title='bbox 1824 2941 2046 2990; x_wconf 89' lang='lat' dir='ltr'>sanctus</span> <span class='ocrx_word' id='word_1_601' title='bbox 2076 2929 2252 2988; x_wconf 91' lang='lat' dir='ltr'>David</span> <span class='ocrx_word' id='word_1_602' title='bbox 2281 2945 2406 2986; x_wconf 90' lang='lat' dir='ltr'>cum</span> <span class='ocrx_word' id='word_1_603' title='bbox 2444 2928 2682 3000; x_wconf 90' lang='lat' dir='ltr'>puritate</span> <span class='ocrx_word' id='word_1_604' title='bbox 2712 2927 2914 2982; x_wconf 91' lang='lat' dir='ltr'>mentis</span> <span class='ocrx_word' id='word_1_605' title='bbox 2942 2926 3128 2982; x_wconf 87' lang='lat' dir='ltr'>volare</span> <span class='ocrx_word' id='word_1_606' title='bbox 3155 2927 3414 2997; x_wconf 86' lang='lat' dir='ltr'>concupi-</span> 
     </span>
    </p>
   </div>
   <div class='ocr_carea' id='block_1_90' title="bbox 1825 3016 3416 3090">
    <p class='ocr_par' dir='ltr' id='par_1_90' title="bbox 1825 3016 3416 3090">
     <span class='ocr_line' id='line_1_91' title="bbox 1825 3016 3416 3090; baseline -0.004 -11"><span class='ocrx_word' id='word_1_607' title='bbox 1825 3032 2022 3090; x_wconf 90' lang='lat' dir='ltr'>sceret,</span> <span class='ocrx_word' id='word_1_608' title='bbox 2055 3037 2165 3078; x_wconf 92' lang='lat' dir='ltr'>non</span> <span class='ocrx_word' id='word_1_609' title='bbox 2197 3019 2423 3078; x_wconf 89' lang='lat' dir='ltr'>alterius</span> <span class='ocrx_word' id='word_1_610' title='bbox 2452 3016 2770 3085; x_wconf 89' lang='lat' dir='ltr'>animantis,</span> <span class='ocrx_word' id='word_1_611' title='bbox 2800 3016 2906 3073; x_wconf 90' lang='lat' dir='ltr'>nisi</span> <span class='ocrx_word' id='word_1_612' title='bbox 2947 3016 3218 3073; x_wconf 61' lang='lat' dir='ltr'>columbas</span> <span class='ocrx_word' id='word_1_613' title='bbox 3266 3023 3416 3089; x_wconf 87' lang='lat' dir='ltr'>opta-</span> 
     </span>
    </p>
   </div>
   <div class='ocr_carea' id='block_1_91' title="bbox 1824 3106 3416 3184">
    <p class='ocr_par' dir='ltr' id='par_1_91' title="bbox 1824 3106 3416 3184">
     <span class='ocr_line' id='line_1_92' title="bbox 1824 3106 3416 3184; baseline -0.008 -12"><span class='ocrx_word' id='word_1_614' title='bbox 1824 3117 1909 3172; x_wconf 90' lang='lat' dir='ltr'>vit</span> <span class='ocrx_word' id='word_1_615' title='bbox 1955 3117 2086 3184; x_wconf 87' lang='lat' dir='ltr'>alas,</span> <span class='ocrx_word' id='word_1_616' title='bbox 2146 3114 2335 3171; x_wconf 89' lang='lat' dir='ltr'>dicens</span> <span class='ocrx_word' id='word_1_617' title='bbox 2385 3131 2397 3168; x_wconf 90' lang='lat'><strong>:</strong></span> <span class='ocrx_word' id='word_1_618' title='bbox 2446 3110 2618 3180; x_wconf 71' lang='lat' dir='ltr'>«Quis</span> <span class='ocrx_word' id='word_1_619' title='bbox 2647 3109 2802 3165; x_wconf 91' lang='lat' dir='ltr'>dabit</span> <span class='ocrx_word' id='word_1_620' title='bbox 2832 3107 2970 3164; x_wconf 77' lang='lat' dir='ltr'>mihi</span> <span class='ocrx_word' id='word_1_621' title='bbox 3021 3122 3224 3179; x_wconf 87' lang='lat' dir='ltr'>pennas</span> <span class='ocrx_word' id='word_1_622' title='bbox 3271 3106 3416 3162; x_wconf 89' lang='lat' dir='ltr'>sicut</span> 
     </span>
    </p>
   </div>
   <div class='ocr_carea' id='block_1_92' title="bbox 1747 3194 3401 3280">
    <p class='ocr_par' dir='ltr' id='par_1_92' title="bbox 1747 3194 3401 3280">
     <span class='ocr_line' id='line_1_93' title="bbox 1747 3194 3401 3280; baseline -0.009 -17"><span class='ocrx_word' id='word_1_623' title='bbox 1747 3220 1790 3280; x_wconf 72' lang='grc' dir='ltr'>ί]</span> <span class='ocrx_word' id='word_1_624' title='bbox 1825 3204 2094 3262; x_wconf 74' lang='lat' dir='ltr'>columbae</span> <span class='ocrx_word' id='word_1_625' title='bbox 2121 3210 2176 3260; x_wconf 88' lang='lat' dir='ltr'>et</span> <span class='ocrx_word' id='word_1_626' title='bbox 2204 3201 2424 3270; x_wconf 89' lang='lat' dir='ltr'>volabo,</span> <span class='ocrx_word' id='word_1_627' title='bbox 2455 3209 2508 3257; x_wconf 90' lang='lat' dir='ltr'>et</span> <span class='ocrx_word' id='word_1_628' title='bbox 2537 3197 2876 3272; x_wconf 86' lang='lat' dir='ltr'>requiescam</span> <span class='ocrx_word' id='word_1_629' title='bbox 2907 3197 3079 3267; x_wconf 81' lang='lat' dir='ltr'>(Psal.</span> <span class='ocrx_word' id='word_1_630' title='bbox 3104 3212 3216 3262; x_wconf 81' lang='lat' dir='ltr'>LIV,</span> <span class='ocrx_word' id='word_1_631' title='bbox 3247 3195 3302 3264; x_wconf 93' lang='lat'>7)</span> <span class='ocrx_word' id='word_1_632' title='bbox 3329 3194 3354 3249; x_wconf 64' lang='grc' dir='ltr'><em>ἲ</em></span> <span class='ocrx_word' id='word_1_633' title='bbox 3383 3218 3401 3240; x_wconf 73' lang='grc' dir='ltr'><strong>ι</strong></span> 
     </span>
    </p>
   </div>
   <div class='ocr_carea' id='block_1_93' title="bbox 1826 3284 3418 3365">
    <p class='ocr_par' dir='ltr' id='par_1_93' title="bbox 1826 3284 3418 3365">
     <span class='ocr_line' id='line_1_94' title="bbox 1826 3284 3418 3365; baseline -0.008 -15"><span class='ocrx_word' id='word_1_634' title='bbox 1826 3294 2173 3365; x_wconf 85' lang='lat' dir='ltr'>Intelligebat</span> <span class='ocrx_word' id='word_1_635' title='bbox 2201 3291 2350 3347; x_wconf 90' lang='lat' dir='ltr'>enim</span> <span class='ocrx_word' id='word_1_636' title='bbox 2381 3289 2527 3363; x_wconf 89' lang='lat' dir='ltr'>quod</span> <span class='ocrx_word' id='word_1_637' title='bbox 2567 3288 2636 3343; x_wconf 90' lang='lat' dir='ltr'>ad</span> <span class='ocrx_word' id='word_1_638' title='bbox 2681 3287 2878 3342; x_wconf 90' lang='lat' dir='ltr'>altiora</span> <span class='ocrx_word' id='word_1_639' title='bbox 2907 3284 3126 3340; x_wconf 85' lang='lat' dir='ltr'>facilius</span> <span class='ocrx_word' id='word_1_640' title='bbox 3154 3289 3418 3356; x_wconf 87' lang='lat' dir='ltr'>penetra-</span> 
     </span>
    </p>
   </div>
   <div class='ocr_carea' id='block_1_94' title="bbox 1826 3375 3343 3456">
    <p class='ocr_par' dir='ltr' id='par_1_94' title="bbox 1826 3375 3343 3456">
     <span class='ocr_line' id='line_1_95' title="bbox 1826 3375 3343 3456; baseline -0.009 -14"><span class='ocrx_word' id='word_1_641' title='bbox 1826 3392 1917 3441; x_wconf 91' lang='lat' dir='ltr'>tur</span> <span class='ocrx_word' id='word_1_642' title='bbox 1944 3383 2296 3456; x_wconf 90' lang='lat' dir='ltr'>simplicitate</span> <span class='ocrx_word' id='word_1_643' title='bbox 2327 3378 2548 3443; x_wconf 91' lang='lat' dir='ltr'>mentis,</span> <span class='ocrx_word' id='word_1_644' title='bbox 2579 3392 2741 3450; x_wconf 93' lang='lat' dir='ltr'>quam</span> <span class='ocrx_word' id='word_1_645' title='bbox 2775 3375 2994 3430; x_wconf 90' lang='lat' dir='ltr'>levitate</span> <span class='ocrx_word' id='word_1_646' title='bbox 3019 3387 3343 3444; x_wconf 90' lang='lat' dir='ltr'>pennarum.</span> 
     </span>
    </p>
   </div>
   <div class='ocr_carea' id='block_1_95' title="bbox 1898 3460 3420 3541">
    <p class='ocr_par' dir='ltr' id='par_1_95' title="bbox 1898 3460 3420 3541">
     <span class='ocr_line' id='line_1_96' title="bbox 1898 3460 3420 3541; baseline -0.009 -12"><span class='ocrx_word' id='word_1_647' title='bbox 1898 3473 1949 3528; x_wconf 73' lang='grc'>4.</span> <span class='ocrx_word' id='word_1_648' title='bbox 1979 3471 2200 3528; x_wconf 85' lang='lat' dir='ltr'>Volavit</span> <span class='ocrx_word' id='word_1_649' title='bbox 2229 3485 2356 3541; x_wconf 89' lang='lat' dir='ltr'>ergo</span> <span class='ocrx_word' id='word_1_650' title='bbox 2385 3466 2612 3523; x_wconf 65' lang='lat' dir='ltr'>hac&#39;die</span> <span class='ocrx_word' id='word_1_651' title='bbox 2641 3471 2862 3520; x_wconf 90' lang='lat' dir='ltr'>sanctus</span> <span class='ocrx_word' id='word_1_652' title='bbox 2890 3461 3179 3518; x_wconf 89' lang='lat' dir='ltr'>Eusebius.</span> <span class='ocrx_word' id='word_1_653' title='bbox 3235 3460 3420 3517; x_wconf 67' lang='lat' dir='ltr'>JEsti-</span> 
     </span>
    </p>
   </div>
   <div class='ocr_carea' id='block_1_96' title="bbox 1829 3551 3420 3632">
    <p class='ocr_par' dir='ltr' id='par_1_96' title="bbox 1829 3551 3420 3632">
     <span class='ocr_line' id='line_1_97' title="bbox 1829 3551 3420 3632; baseline -0.01 -13"><span class='ocrx_word' id='word_1_654' title='bbox 1829 3579 2041 3619; x_wconf 90' lang='lat' dir='ltr'>memus</span> <span class='ocrx_word' id='word_1_655' title='bbox 2063 3560 2176 3632; x_wconf 90' lang='lat' dir='ltr'>jam</span> <span class='ocrx_word' id='word_1_656' title='bbox 2210 3559 2326 3630; x_wconf 88' lang='lat' dir='ltr'>ejus</span> <span class='ocrx_word' id='word_1_657' title='bbox 2357 3554 2727 3612; x_wconf 89' lang='lat' dir='ltr'>innocentiam</span> <span class='ocrx_word' id='word_1_658' title='bbox 2759 3551 2826 3608; x_wconf 92' lang='lat' dir='ltr'>de</span> <span class='ocrx_word' id='word_1_659' title='bbox 2859 3552 3067 3620; x_wconf 88' lang='lat' dir='ltr'>volatu,</span> <span class='ocrx_word' id='word_1_660' title='bbox 3099 3557 3152 3605; x_wconf 90' lang='lat' dir='ltr'>et</span> <span class='ocrx_word' id='word_1_661' title='bbox 3199 3551 3420 3622; x_wconf 88' lang='lat' dir='ltr'>purita-</span> 
     </span>
    </p>
   </div>
   <div class='ocr_carea' id='block_1_97' title="bbox 1829 3641 3418 3723">
    <p class='ocr_par' dir='ltr' id='par_1_97' title="bbox 1829 3641 3418 3723">
     <span class='ocr_line' id='line_1_98' title="bbox 1829 3641 3418 3723; baseline -0.009 -16"><span class='ocrx_word' id='word_1_662' title='bbox 1829 3659 1938 3707; x_wconf 92' lang='lat' dir='ltr'>tem</span> <span class='ocrx_word' id='word_1_663' title='bbox 1969 3651 2086 3723; x_wconf 90' lang='lat' dir='ltr'>ejus</span> <span class='ocrx_word' id='word_1_664' title='bbox 2120 3649 2237 3722; x_wconf 77' lang='lat'>(92)</span> <span class='ocrx_word' id='word_1_665' title='bbox 2265 3648 2332 3703; x_wconf 93' lang='lat' dir='ltr'>de</span> <span class='ocrx_word' id='word_1_666' title='bbox 2363 3645 2479 3718; x_wconf 89' lang='lat' dir='ltr'>ipsa</span> <span class='ocrx_word' id='word_1_667' title='bbox 2507 3643 2743 3699; x_wconf 87' lang='lat' dir='ltr'>elatione</span> <span class='ocrx_word' id='word_1_668' title='bbox 2761 3641 3074 3714; x_wconf 88' lang='lat' dir='ltr'>judicemus</span> <span class='ocrx_word' id='word_1_669' title='bbox 3099 3659 3113 3707; x_wconf 89' lang='lat'>;</span> <span class='ocrx_word' id='word_1_670' title='bbox 3157 3649 3418 3712; x_wconf 89' lang='lat' dir='ltr'>tanquam</span> 
     </span>
    </p>
   </div>
   <div class='ocr_carea' id='block_1_98' title="bbox 1829 3729 3421 3803">
    <p class='ocr_par' dir='ltr' id='par_1_98' title="bbox 1829 3729 3421 3803">
     <span class='ocr_line' id='line_1_99' title="bbox 1829 3729 3421 3803; baseline -0.009 -5"><span class='ocrx_word' id='word_1_671' title='bbox 1829 3741 2084 3799; x_wconf 90' lang='lat' dir='ltr'>columba</span> <span class='ocrx_word' id='word_1_672' title='bbox 2108 3739 2256 3796; x_wconf 90' lang='lat' dir='ltr'>enim</span> <span class='ocrx_word' id='word_1_673' title='bbox 2287 3737 2345 3792; x_wconf 93' lang='lat' dir='ltr'>in</span> <span class='ocrx_word' id='word_1_674' title='bbox 2383 3735 2549 3792; x_wconf 90' lang='lat' dir='ltr'>domo</span> <span class='ocrx_word' id='word_1_675' title='bbox 2577 3733 2677 3789; x_wconf 93' lang='lat' dir='ltr'>Dei</span> <span class='ocrx_word' id='word_1_676' title='bbox 2725 3731 2946 3803; x_wconf 88' lang='lat' dir='ltr'>degens,</span> <span class='ocrx_word' id='word_1_677' title='bbox 2977 3729 3274 3801; x_wconf 90' lang='lat' dir='ltr'>assumpsit</span> <span class='ocrx_word' id='word_1_678' title='bbox 3302 3729 3421 3800; x_wconf 90' lang='lat' dir='ltr'>spi-</span> 
     </span>
    </p>
   </div>
   <div class='ocr_carea' id='block_1_99' title="bbox 1829 3819 3415 3903">
    <p class='ocr_par' dir='ltr' id='par_1_99' title="bbox 1829 3819 3415 3903">
     <span class='ocr_line' id='line_1_100' title="bbox 1829 3819 3415 3903; baseline -0.009 -14"><span class='ocrx_word' id='word_1_679' title='bbox 1829 3833 2016 3890; x_wconf 88' lang='lat' dir='ltr'>ritales</span> <span class='ocrx_word' id='word_1_680' title='bbox 2044 3847 2270 3903; x_wconf 88' lang='lat' dir='ltr'>pennas,</span> <span class='ocrx_word' id='word_1_681' title='bbox 2301 3835 2354 3884; x_wconf 90' lang='lat' dir='ltr'>et</span> <span class='ocrx_word' id='word_1_682' title='bbox 2390 3825 2662 3899; x_wconf 87' lang='lat' dir='ltr'>requievit</span> <span class='ocrx_word' id='word_1_683' title='bbox 2691 3824 2750 3880; x_wconf 92' lang='lat' dir='ltr'>in</span> <span class='ocrx_word' id='word_1_684' title='bbox 2781 3829 2986 3878; x_wconf 90' lang='lat' dir='ltr'>monte.</span> <span class='ocrx_word' id='word_1_685' title='bbox 3018 3821 3090 3875; x_wconf 89' lang='lat' dir='ltr'>Et</span> <span class='ocrx_word' id='word_1_686' title='bbox 3121 3820 3250 3875; x_wconf 89' lang='lat' dir='ltr'>licet</span> <span class='ocrx_word' id='word_1_687' title='bbox 3301 3819 3415 3890; x_wconf 89' lang='lat' dir='ltr'>ipse</span> 
     </span>
    </p>
   </div>
   <div class='ocr_carea' id='block_1_100' title="bbox 1829 3907 3413 3980">
    <p class='ocr_par' dir='ltr' id='par_1_100' title="bbox 1829 3907 3413 3980">
     <span class='ocr_line' id='line_1_101' title="bbox 1829 3907 3413 3980; baseline -0.012 0"><span class='ocrx_word' id='word_1_688' title='bbox 1829 3924 1897 3980; x_wconf 93' lang='lat' dir='ltr'>de</span> <span class='ocrx_word' id='word_1_689' title='bbox 1927 3930 2111 3978; x_wconf 89' lang='lat' dir='ltr'>monte</span> <span class='ocrx_word' id='word_1_690' title='bbox 2139 3921 2207 3976; x_wconf 91' lang='lat' dir='ltr'>ad</span> <span class='ocrx_word' id='word_1_691' title='bbox 2239 3925 2481 3974; x_wconf 87' lang='lat' dir='ltr'>montem</span> <span class='ocrx_word' id='word_1_692' title='bbox 2525 3915 2710 3971; x_wconf 91' lang='lat' dir='ltr'>volare</span> <span class='ocrx_word' id='word_1_693' title='bbox 2746 3929 2802 3968; x_wconf 89' lang='lat' dir='ltr'>se</span> <span class='ocrx_word' id='word_1_694' title='bbox 2835 3909 3042 3967; x_wconf 89' lang='lat' dir='ltr'>dixerit</span> <span class='ocrx_word' id='word_1_695' title='bbox 3075 3927 3086 3965; x_wconf 86' lang='lat'>:</span> <span class='ocrx_word' id='word_1_696' title='bbox 3122 3916 3308 3964; x_wconf 88' lang='lat' dir='ltr'>tamen</span> <span class='ocrx_word' id='word_1_697' title='bbox 3356 3907 3413 3962; x_wconf 89' lang='lat' dir='ltr'>in</span> 
     </span>
    </p>
   </div>
   <div class='ocr_carea' id='block_1_101' title="bbox 1830 3995 3418 4085">
    <p class='ocr_par' dir='ltr' id='par_1_101' title="bbox 1830 3995 3418 4085">
     <span class='ocr_line' id='line_1_102' title="bbox 1830 3995 3418 4085; baseline -0.011 -15"><span class='ocrx_word' id='word_1_698' title='bbox 1830 4013 1947 4085; x_wconf 89' lang='lat' dir='ltr'>ipsa</span> <span class='ocrx_word' id='word_1_699' title='bbox 1973 4008 2329 4067; x_wconf 89' lang='lat' dir='ltr'>translatione</span> <span class='ocrx_word' id='word_1_700' title='bbox 2355 4006 2615 4078; x_wconf 90' lang='lat' dir='ltr'>majorem</span> <span class='ocrx_word' id='word_1_701' title='bbox 2661 4001 2906 4075; x_wconf 90' lang='lat' dir='ltr'>requiem</span> <span class='ocrx_word' id='word_1_702' title='bbox 2949 3997 3119 4055; x_wconf 85' lang='lat' dir='ltr'>fuisse</span> <span class='ocrx_word' id='word_1_703' title='bbox 3147 3995 3418 4069; x_wconf 87' lang='lat' dir='ltr'>signiﬁco.</span> 
     </span>
    </p>
   </div>
   <div class='ocr_carea' id='block_1_102' title="bbox 1831 4088 3418 4170">
    <p class='ocr_par' dir='ltr' id='par_1_102' title="bbox 1831 4088 3418 4170">
     <span class='ocr_line' id='line_1_103' title="bbox 1831 4088 3418 4170; baseline -0.011 -11"><span class='ocrx_word' id='word_1_704' title='bbox 1831 4101 1977 4170; x_wconf 89' lang='lat' dir='ltr'>Quid</span> <span class='ocrx_word' id='word_1_705' title='bbox 2006 4101 2153 4157; x_wconf 90' lang='lat' dir='ltr'>enim</span> <span class='ocrx_word' id='word_1_706' title='bbox 2184 4096 2337 4154; x_wconf 89' lang='lat' dir='ltr'>aliud</span> <span class='ocrx_word' id='word_1_707' title='bbox 2367 4104 2447 4151; x_wconf 91' lang='lat' dir='ltr'>est</span> <span class='ocrx_word' id='word_1_708' title='bbox 2472 4094 2539 4150; x_wconf 90' lang='lat' dir='ltr'>de</span> <span class='ocrx_word' id='word_1_709' title='bbox 2582 4100 2770 4148; x_wconf 89' lang='lat' dir='ltr'>monte</span> <span class='ocrx_word' id='word_1_710' title='bbox 2819 4090 2888 4147; x_wconf 89' lang='lat' dir='ltr'>ad</span> <span class='ocrx_word' id='word_1_711' title='bbox 2935 4095 3179 4145; x_wconf 91' lang='lat' dir='ltr'>montem</span> <span class='ocrx_word' id='word_1_712' title='bbox 3209 4088 3418 4155; x_wconf 89' lang='lat' dir='ltr'>volare,</span> 
     </span>
    </p>
   </div>
   <div class='ocr_carea' id='block_1_103' title="bbox 1831 4181 3421 4260">
    <p class='ocr_par' dir='ltr' id='par_1_103' title="bbox 1831 4181 3421 4260">
     <span class='ocr_line' id='line_1_104' title="bbox 1831 4181 3421 4260; baseline -0.012 -8"><span class='ocrx_word' id='word_1_713' title='bbox 1831 4195 1939 4252; x_wconf 88' lang='lat' dir='ltr'>nisi</span> <span class='ocrx_word' id='word_1_714' title='bbox 1968 4193 2035 4251; x_wconf 92' lang='lat' dir='ltr'>de</span> <span class='ocrx_word' id='word_1_715' title='bbox 2065 4189 2364 4248; x_wconf 88' lang='lat' dir='ltr'>Salvatoris</span> <span class='ocrx_word' id='word_1_716' title='bbox 2393 4185 2565 4260; x_wconf 90' lang='lat' dir='ltr'>gratia</span> <span class='ocrx_word' id='word_1_717' title='bbox 2597 4183 2666 4241; x_wconf 90' lang='lat' dir='ltr'>ad</span> <span class='ocrx_word' id='word_1_718' title='bbox 2716 4182 2890 4239; x_wconf 88' lang='lat' dir='ltr'>Patris</span> <span class='ocrx_word' id='word_1_719' title='bbox 2937 4181 3165 4254; x_wconf 88' lang='lat' dir='ltr'>gloriam</span> <span class='ocrx_word' id='word_1_720' title='bbox 3205 4194 3421 4252; x_wconf 90' lang='lat' dir='ltr'>prospe-</span> 
     </span>
    </p>
   </div>
   <div class='ocr_carea' id='block_1_104' title="bbox 1832 4268 3417 4354">
    <p class='ocr_par' dir='ltr' id='par_1_104' title="bbox 1832 4268 3417 4354">
     <span class='ocr_line' id='line_1_105' title="bbox 1832 4268 3417 4354; baseline -0.012 -12"><span class='ocrx_word' id='word_1_721' title='bbox 1832 4301 1952 4343; x_wconf 90' lang='lat' dir='ltr'>rare</span> <span class='ocrx_word' id='word_1_722' title='bbox 1975 4283 2003 4340; x_wconf 84' lang='lat'><strong>?</strong></span> <span class='ocrx_word' id='word_1_723' title='bbox 2033 4281 2140 4354; x_wconf 90' lang='lat' dir='ltr'>Ipsi</span> <span class='ocrx_word' id='word_1_724' title='bbox 2169 4279 2316 4336; x_wconf 91' lang='lat' dir='ltr'>enim</span> <span class='ocrx_word' id='word_1_725' title='bbox 2349 4286 2478 4334; x_wconf 89' lang='lat' dir='ltr'>sunt</span> <span class='ocrx_word' id='word_1_726' title='bbox 2511 4283 2746 4344; x_wconf 89' lang='lat' dir='ltr'>montes,</span> <span class='ocrx_word' id='word_1_727' title='bbox 2777 4274 2919 4330; x_wconf 91' lang='lat' dir='ltr'>sicut</span> <span class='ocrx_word' id='word_1_728' title='bbox 2947 4271 3082 4327; x_wconf 90' lang='lat' dir='ltr'>dicit</span> <span class='ocrx_word' id='word_1_729' title='bbox 3110 4268 3378 4343; x_wconf 87' lang='lat' dir='ltr'>propheta</span> <span class='ocrx_word' id='word_1_730' title='bbox 3406 4286 3417 4324; x_wconf 88' lang='lat'>:</span> 
     </span>
    </p>
   </div>
   <div class='ocr_carea' id='block_1_105' title="bbox 1847 4358 3420 4433">
    <p class='ocr_par' dir='ltr' id='par_1_105' title="bbox 1847 4358 3420 4433">
     <span class='ocr_line' id='line_1_106' title="bbox 1847 4358 3420 4433; baseline -0.013 0"><span class='ocrx_word' id='word_1_731' title='bbox 1847 4400 1866 4424; x_wconf 73' lang='grc' dir='ltr'>ι</span> <span class='ocrx_word' id='word_1_732' title='bbox 1894 4376 2050 4433; x_wconf 89' lang='lat' dir='ltr'>Mons</span> <span class='ocrx_word' id='word_1_733' title='bbox 2078 4373 2144 4429; x_wconf 90' lang='lat' dir='ltr'>de</span> <span class='ocrx_word' id='word_1_734' title='bbox 2174 4377 2358 4427; x_wconf 87' lang='lat' dir='ltr'>monte</span> <span class='ocrx_word' id='word_1_735' title='bbox 2383 4367 2501 4425; x_wconf 91' lang='lat' dir='ltr'>sine</span> <span class='ocrx_word' id='word_1_736' title='bbox 2527 4364 2780 4422; x_wconf 90' lang='lat' dir='ltr'>manibus</span> <span class='ocrx_word' id='word_1_737' title='bbox 2808 4360 3218 4420; x_wconf 87' lang='lat' dir='ltr'>concidentium</span> <span class='ocrx_word' id='word_1_738' title='bbox 3253 4358 3420 4430; x_wconf 86' lang='lat' dir='ltr'>(Dan.</span> 
     </span>
    </p>
   </div>
   <div class='ocr_carea' id='block_1_106' title="bbox 1832 4447 3425 4533">
    <p class='ocr_par' dir='ltr' id='par_1_106' title="bbox 1832 4447 3425 4533">
     <span class='ocr_line' id='line_1_107' title="bbox 1832 4447 3425 4533; baseline -0.014 -9"><span class='ocrx_word' id='word_1_739' title='bbox 1832 4485 1934 4533; x_wconf 81' lang='lat' dir='ltr'>vn,</span> <span class='ocrx_word' id='word_1_740' title='bbox 1963 4466 2080 4533; x_wconf 81' lang='lat'>35),</span> <span class='ocrx_word' id='word_1_741' title='bbox 2122 4463 2228 4519; x_wconf 91' lang='lat' dir='ltr'>hoc</span> <span class='ocrx_word' id='word_1_742' title='bbox 2273 4468 2374 4530; x_wconf 90' lang='lat' dir='ltr'>est,</span> <span class='ocrx_word' id='word_1_743' title='bbox 2431 4459 2606 4516; x_wconf 89' lang='lat' dir='ltr'>Filius</span> <span class='ocrx_word' id='word_1_744' title='bbox 2661 4457 2728 4514; x_wconf 90' lang='lat' dir='ltr'>de</span> <span class='ocrx_word' id='word_1_745' title='bbox 2777 4456 2955 4523; x_wconf 89' lang='lat' dir='ltr'>Patre,</span> <span class='ocrx_word' id='word_1_746' title='bbox 3003 4451 3206 4524; x_wconf 88' lang='lat' dir='ltr'>absque</span> <span class='ocrx_word' id='word_1_747' title='bbox 3254 4447 3425 4504; x_wconf 89' lang='lat' dir='ltr'>ullius</span> 
     </span>
    </p>
   </div>
   <div class='ocr_carea' id='block_1_107' title="bbox 1747 4556 2386 4636">
    <p class='ocr_par' dir='ltr' id='par_1_107' title="bbox 1747 4556 2386 4636">
     <span class='ocr_line' id='line_1_108' title="bbox 1747 4556 2386 4636; baseline -0.014 -17"><span class='ocrx_word' id='word_1_748' title='bbox 1747 4577 1794 4636; x_wconf 77' lang='grc' dir='ltr'>ι)</span> <span class='ocrx_word' id='word_1_749' title='bbox 1828 4556 2122 4626; x_wconf 83' lang='lat' dir='ltr'>creationis</span> <span class='ocrx_word' id='word_1_750' title='bbox 2150 4569 2386 4612; x_wconf 88' lang='lat' dir='ltr'>accessu.</span> 
     </span>
    </p>
   </div>
   <div class='ocr_carea' id='block_1_108' title="bbox 2388 4688 2865 4753">
    <p class='ocr_par' dir='ltr' id='par_1_108' title="bbox 2388 4688 2865 4753">
     <span class='ocr_line' id='line_1_109' title="bbox 2388 4688 2865 4753; baseline -0.023 0"><span class='ocrx_word' id='word_1_751' title='bbox 2388 4692 2621 4753; x_wconf 81' lang='lat' dir='ltr'>SERMO</span> <span class='ocrx_word' id='word_1_752' title='bbox 2675 4688 2865 4745; x_wconf 83' lang='lat' dir='ltr'><strong>LVIII.</strong></span> 
     </span>
    </p>
   </div>
   <div class='ocr_carea' id='block_1_109' title="bbox 2318 4793 2932 4866">
    <p class='ocr_par' dir='ltr' id='par_1_109' title="bbox 2318 4793 2932 4866">
     <span class='ocr_line' id='line_1_110' title="bbox 2318 4793 2932 4866; baseline -0.024 -7"><span class='ocrx_word' id='word_1_753' title='bbox 2318 4806 2394 4860; x_wconf 88' lang='lat' dir='ltr'>De</span> <span class='ocrx_word' id='word_1_754' title='bbox 2421 4807 2606 4857; x_wconf 90' lang='lat' dir='ltr'>sancto</span> <span class='ocrx_word' id='word_1_755' title='bbox 2637 4793 2932 4866; x_wconf 84' lang='lat' dir='ltr'>Cypriano.</span> 
     </span>
    </p>
   </div>
   <div class='ocr_carea' id='block_1_110' title="bbox 1833 4891 3421 4979">
    <p class='ocr_par' dir='ltr' id='par_1_110' title="bbox 1833 4891 3421 4979">
     <span class='ocr_line' id='line_1_111' title="bbox 1833 4891 3421 4979; baseline -0.023 -3"><span class='ocrx_word' id='word_1_756' title='bbox 1833 4919 1968 4979; x_wconf 84' lang='lat' dir='ltr'>Huic</span> <span class='ocrx_word' id='word_1_757' title='bbox 1997 4911 2227 4972; x_wconf 81' lang='lat' dir='ltr'>sermoni</span> <span class='ocrx_word' id='word_1_758' title='bbox 2251 4910 2392 4965; x_wconf 86' lang='lat' dir='ltr'>alius</span> <span class='ocrx_word' id='word_1_759' title='bbox 2432 4908 2489 4960; x_wconf 83' lang='lat' dir='ltr'>in</span> <span class='ocrx_word' id='word_1_760' title='bbox 2527 4903 2758 4979; x_wconf 76' lang='lat' dir='ltr'>eumdem</span> <span class='ocrx_word' id='word_1_761' title='bbox 2802 4903 3091 4979; x_wconf 63' lang='lat' dir='ltr'>martyrem</span> <span class='ocrx_word' id='word_1_762' title='bbox 3122 4891 3421 4979; x_wconf 42' lang='lat' dir='ltr'>premite:</span> 
     </span>
    </p>
   </div>
   <div class='ocr_carea' id='block_1_111' title="bbox 1905 4965 3422 5056">
    <p class='ocr_par' dir='ltr' id='par_1_111' title="bbox 1905 4965 3422 5056">
     <span class='ocr_line' id='line_1_112' title="bbox 1905 4965 3422 5056; baseline -0.018 -10"><span class='ocrx_word' id='word_1_763' title='bbox 1905 4965 2285 5056; x_wconf 43' lang='lat' dir='ltr'>Hatﬁlﬁhi&#39;in</span> <span class='ocrx_word' id='word_1_764' title='bbox 2313 4979 2552 5056; x_wconf 62' lang='lat' dir='ltr'>omnibus</span> <span class='ocrx_word' id='word_1_765' title='bbox 2578 4973 2760 5043; x_wconf 85' lang='lat' dir='ltr'>script.</span> <span class='ocrx_word' id='word_1_766' title='bbox 2802 4970 2915 5056; x_wconf 55' lang='lat' dir='ltr'>coci:</span> <span class='ocrx_word' id='word_1_767' title='bbox 2952 4965 3013 5056; x_wconf 41' lang='lat' dir='ltr'>et,</span> <span class='ocrx_word' id='word_1_768' title='bbox 3039 4973 3152 5021; x_wconf 86' lang='lat' dir='ltr'>ant.</span> <span class='ocrx_word' id='word_1_769' title='bbox 3185 4965 3307 5056; x_wconf 65' lang='lat' dir='ltr'>edit.</span> <span class='ocrx_word' id='word_1_770' title='bbox 3339 4966 3422 5056; x_wconf 54' lang='lat' dir='ltr'>l2</span> 
     </span>
    </p>
   </div>
   <div class='ocr_carea' id='block_1_112' title="bbox 1904 5038 3418 5118">
    <p class='ocr_par' dir='ltr' id='par_1_112' title="bbox 1904 5038 3418 5118">
     <span class='ocr_line' id='line_1_113' title="bbox 1904 5038 3418 5118; baseline -0.017 -1"><span class='ocrx_word' id='word_1_771' title='bbox 1904 5038 2324 5118; x_wconf 56' lang='lat' dir='ltr'>numerabatur:</span> <span class='ocrx_word' id='word_1_772' title='bbox 2365 5052 2419 5106; x_wconf 85' lang='lat' dir='ltr'>in</span> <span class='ocrx_word' id='word_1_773' title='bbox 2451 5051 2599 5104; x_wconf 86' lang='lat' dir='ltr'>Rom.</span> <span class='ocrx_word' id='word_1_774' title='bbox 2649 5038 2766 5118; x_wconf 70' lang='lat' dir='ltr'>vero</span> <span class='ocrx_word' id='word_1_775' title='bbox 2805 5039 3040 5118; x_wconf 43' lang='lat' dir='ltr'>aliunde</span> <span class='ocrx_word' id='word_1_776' title='bbox 3087 5038 3281 5118; x_wconf 78' lang='lat' dir='ltr'>sanctis</span> <span class='ocrx_word' id='word_1_777' title='bbox 3334 5038 3418 5106; x_wconf 83' lang='grc'>18,</span> 
     </span>
    </p>
   </div>
   <div class='ocr_carea' id='block_1_113' title="bbox 1904 5112 3419 5205">
    <p class='ocr_par' dir='ltr' id='par_1_113' title="bbox 1904 5112 3419 5205">
     <span class='ocr_line' id='line_1_114' title="bbox 1904 5112 3419 5205; baseline -0.015 -17"><span class='ocrx_word' id='word_1_778' title='bbox 2084 5146 2176 5183; x_wconf 84' lang='lat' dir='ltr'>nos</span> <span class='ocrx_word' id='word_1_779' title='bbox 2203 5133 2259 5181; x_wconf 84' lang='lat' dir='ltr'>ut</span> <span class='ocrx_word' id='word_1_780' title='bbox 2308 5116 2864 5205; x_wconf 43' lang='lat' dir='ltr'>intermltfaximia‘nos‘</span> <span class='ocrx_word' id='word_1_781' title='bbox 2889 5112 3082 5166; x_wconf 87' lang='lat' dir='ltr'>editum</span> <span class='ocrx_word' id='word_1_782' title='bbox 3126 5112 3419 5205; x_wconf 48' lang='lat' dir='ltr'>regesingus.</span> 
     </span>
    </p>
   </div>
   <div class='ocr_carea' id='block_1_114' title="bbox 1909 5181 3422 5263">
    <p class='ocr_par' dir='ltr' id='par_1_114' title="bbox 1909 5181 3422 5263">
     <span class='ocr_line' id='line_1_115' title="bbox 1909 5181 3422 5263; baseline -0.019 -1"><span class='ocrx_word' id='word_1_783' title='bbox 2084 5181 2259 5257; x_wconf 80' lang='lat' dir='ltr'>autem</span> <span class='ocrx_word' id='word_1_784' title='bbox 2310 5192 2645 5263; x_wconf 76' lang='lat' dir='ltr'>manifestum</span> <span class='ocrx_word' id='word_1_785' title='bbox 2695 5189 2762 5244; x_wconf 79' lang='lat' dir='ltr'>sit</span> <span class='ocrx_word' id='word_1_786' title='bbox 2808 5192 3088 5255; x_wconf 85' lang='lat' dir='ltr'>utrumque</span> <span class='ocrx_word' id='word_1_787' title='bbox 3132 5183 3198 5238; x_wconf 87' lang='lat' dir='ltr'>ab</span> <span class='ocrx_word' id='word_1_788' title='bbox 3250 5181 3422 5237; x_wconf 88' lang='lat' dir='ltr'>eodem</span> 
     </span>
    </p>
   </div>
   <div class='ocr_carea' id='block_1_115' title="bbox 1834 5353 3421 5446">
    <p class='ocr_par' dir='ltr' id='par_1_115' title="bbox 1834 5353 3421 5446">
     <span class='ocr_line' id='line_1_116' title="bbox 1834 5353 3421 5446; baseline -0.014 -16"><span class='ocrx_word' id='word_1_789' title='bbox 1834 5375 1962 5446; x_wconf 87' lang='lat' dir='ltr'>quid</span> <span class='ocrx_word' id='word_1_790' title='bbox 1991 5366 2462 5446; x_wconf 57' lang='lat' dir='ltr'>supersit_edi:&#39;cit;_</span> <span class='ocrx_word' id='word_1_791' title='bbox 2487 5359 2831 5446; x_wconf 34' lang='lat' dir='ltr'>idemicodex</span> <span class='ocrx_word' id='word_1_792' title='bbox 2861 5355 3096 5446; x_wconf 73' lang='lat' dir='ltr'>reponit,</span> <span class='ocrx_word' id='word_1_793' title='bbox 3145 5353 3274 5425; x_wconf 83' lang='lat' dir='ltr'>quid</span> <span class='ocrx_word' id='word_1_794' title='bbox 3319 5369 3421 5408; x_wconf 88' lang='lat' dir='ltr'>su-</span> 
     </span>
    </p>
   </div>
   <div class='ocr_carea' id='block_1_116' title="bbox 1831 5433 3104 5517">
    <p class='ocr_par' dir='ltr' id='par_1_116' title="bbox 1831 5433 3104 5517">
     <span class='ocr_line' id='line_1_117' title="bbox 1831 5433 3104 5517; baseline -0.016 -16"><span class='ocrx_word' id='word_1_795' title='bbox 1831 5433 1996 5517; x_wconf 64' lang='lat' dir='ltr'>persit</span> <span class='ocrx_word' id='word_1_796' title='bbox 2025 5433 2288 5517; x_wconf 68' lang='lat' dir='ltr'>dddiscit;</span> <span class='ocrx_word' id='word_1_797' title='bbox 2315 5437 2512 5517; x_wconf 57' lang='lat' dir='ltr'>Lugd,</span> <span class='ocrx_word' id='word_1_798' title='bbox 2540 5433 2770 5517; x_wconf 53' lang='lat' dir='ltr'>addixit,</span> <span class='ocrx_word' id='word_1_799' title='bbox 2805 5447 2915 5517; x_wconf 63' lang='lat' dir='ltr'>non</span> <span class='ocrx_word' id='word_1_800' title='bbox 2941 5436 3104 5517; x_wconf 62' lang='lat' dir='ltr'>recte.</span> 
     </span>
    </p>
   </div>
   <div class='ocr_carea' id='block_1_117' title="bbox 1910 5496 3422 5598">
    <p class='ocr_par' dir='ltr' id='par_1_117' title="bbox 1910 5496 3422 5598">
     <span class='ocr_line' id='line_1_118' title="bbox 1910 5496 3422 5598; baseline -0.016 -26"><span class='ocrx_word' id='word_1_801' title='bbox 1910 5496 2433 5598; x_wconf 32' lang='lat' dir='ltr'>(ii—Uomnes&#39;edit:</span> <span class='ocrx_word' id='word_1_802' title='bbox 2454 5496 2510 5598; x_wconf 76' lang='lat' dir='ltr'>et</span> <span class='ocrx_word' id='word_1_803' title='bbox 2541 5505 2662 5562; x_wconf 93' lang='lat' dir='ltr'>cod.</span> <span class='ocrx_word' id='word_1_804' title='bbox 2696 5496 3422 5598; x_wconf 31' lang='lat' dir='ltr'>Eugdiqluoghaﬁlqcritqtem</span> 
     </span>
    </p>
   </div>
   <div class='ocr_carea' id='block_1_118' title="bbox 1835 5569 3421 5643">
    <p class='ocr_par' dir='ltr' id='par_1_118' title="bbox 1835 5569 3421 5643">
     <span class='ocr_line' id='line_1_119' title="bbox 1835 5569 3421 5643; baseline -0.015 -1"><span class='ocrx_word' id='word_1_805' title='bbox 1835 5595 1882 5643; x_wconf 89' lang='lat' dir='ltr'>et</span> <span class='ocrx_word' id='word_1_806' title='bbox 1908 5569 2256 5642; x_wconf 70' lang='lat' dir='ltr'>innocentiam</span> <span class='ocrx_word' id='word_1_807' title='bbox 2278 5580 2584 5638; x_wconf 84' lang='lat' dir='ltr'>comitetur:</span> <span class='ocrx_word' id='word_1_808' title='bbox 2615 5569 2812 5632; x_wconf 79' lang='lat' dir='ltr'>melius</span> <span class='ocrx_word' id='word_1_809' title='bbox 2841 5569 2963 5630; x_wconf 84' lang='lat' dir='ltr'>cod.</span> <span class='ocrx_word' id='word_1_810' title='bbox 2996 5569 3204 5626; x_wconf 90' lang='lat' dir='ltr'>Theod.</span> <span class='ocrx_word' id='word_1_811' title='bbox 3256 5575 3318 5623; x_wconf 90' lang='lat' dir='ltr'>ut</span> <span class='ocrx_word' id='word_1_812' title='bbox 3363 5569 3421 5620; x_wconf 91' lang='lat' dir='ltr'>in</span> 
     </span>
    </p>
   </div>
   <div class='ocr_carea' id='block_1_119' title="bbox 1835 5665 3134 5801">
    <p class='ocr_par' dir='ltr' id='par_1_119' title="bbox 1835 5665 3134 5801">
     <span class='ocr_line' id='line_1_120' title="bbox 1835 5665 3134 5801; baseline 0.014 -3"><span class='ocrx_word' id='word_1_813' title='bbox 1835 5665 2233 5801; x_wconf 44' lang='lat' dir='ltr'>coggitclédex</span> <span class='ocrx_word' id='word_1_814' title='bbox 2261 5720 2494 5789; x_wconf 89' lang='lat' dir='ltr'>Theod.,</span> <span class='ocrx_word' id='word_1_815' title='bbox 2524 5727 2571 5776; x_wconf 76' lang='lat' dir='ltr'>et</span> <span class='ocrx_word' id='word_1_816' title='bbox 2593 5719 2836 5792; x_wconf 70' lang='grc' dir='ltr'>ρίειαιεή</span> <span class='ocrx_word' id='word_1_817' title='bbox 2869 5692 3001 5782; x_wconf 56' lang='grc' dir='ltr'>εἴπω»</span> <span class='ocrx_word' id='word_1_818' title='bbox 3031 5721 3134 5770; x_wconf 66' lang='grc' dir='ltr'><strong>θίθ·</strong></span> 
     </span>
    </p>
   </div>
   <div class='ocr_carea' id='block_1_120' title="bbox 3145 5809 3216 5864">
    <p class='ocr_par' dir='ltr' id='par_1_120' title="bbox 3145 5809 3216 5864">
     <span class='ocr_line' id='line_1_121' title="bbox 3145 5809 3216 5864; baseline -0.014 0"><span class='ocrx_word' id='word_1_819' title='bbox 3145 5809 3216 5864; x_wconf 68' lang='grc'>24</span> 
     </span>
    </p>
   </div>
  </div>
