3880 6198
545 391 646 449 747

1561 391 1657 446 AD
1698 390 1930 448 OPERA
1973 389 2029 446 S.
2072 389 2402 447 AMBROSll
2443 388 2818 446 APPENDIX.
3681 426 3699 438 ο
3753 391 3832 445 748

612 515 975 571 concionatore
1001 515 1166 586 fuisse
1199 521 1625 586 pronuntiatum,
1657 522 1938 586 utrumque
1984 517 2138 571 etiam
2166 515 2323 577 Alio
2383 515 2650 583 Salvator,
2696 515 2886 572 dicens
2941 515 3263 572 seminantis
3316 531 3514 572 semen
3585 516 3832 572 cecidisse

613 587 777 644 eidem
801 587 1041 646 Maximo
1064 588 1396 643 tribuendum
1429 603 1534 642 esse
1559 588 1776 642 dubium
1803 605 1910 643 non
1938 594 2030 644 est.

618 751 670 806 1.
703 751 846 806 Ante
875 747 1018 816 dies,
1047 764 1174 805 cum
1206 747 1511 805 beatissimi
1564 749 1824 822 martyris
1871 750 2134 821 Cypriani

541 840 940 899 celebraremus
965 839 1223 906 natalem,
1257 838 1582 894 suavissime
1613 839 1667 893 in
1701 837 1818 908 ejus
1840 839 2135 896 festivitate

535 929 831 1003 jucundati
870 944 1096 996 sumus;
1139 930 1267 1000 quia
1297 927 1444 983 enim
1492 927 1598 982 hoc
1640 927 2043 982 vindemiarum
2079 929 2131 983 in

540 1027 788 1092 tempore
838 1034 1027 1090 passus
1075 1027 1176 1085 est,
1222 1027 1481 1088 tanquam
1530 1024 1582 1071 et
1629 1033 1726 1071 nos
1757 1017 1823 1071 de
1858 1017 2134 1073 vindemia

540 1107 730 1166 dulces
777 1115 832 1163 et
880 1108 1061 1164 varios
1108 1107 1319 1163 fructus
1372 1123 1440 1161 ex
1487 1105 1604 1177 ejus
1636 1107 1884 1178 passione
1915 1108 2130 1178 collegi-

542 1214 702 1265 mus;
735 1196 1102 1270 impinguavit
1139 1197 1287 1251 enim
1319 1212 1438 1263 nos,
1472 1203 1526 1250 et
1553 1195 1744 1250 refecit
1775 1203 1954 1250 musto
1994 1213 2132 1251 mar-

540 1285 677 1360 tyrii
702 1286 810 1343 sui.
831 1287 930 1342 Est
957 1285 1104 1341 enim
1136 1293 1376 1340 mustum
1424 1283 1568 1356 quod
1610 1285 1782 1339 reﬁcit
1814 1293 1868 1340 et
1900 1286 2132 1341 inebriat

542 1375 942 1444 Christianum,
971 1374 1066 1432 sed
1087 1374 1322 1431 ebrietas
1351 1374 1447 1430 illa
1476 1374 1648 1446 magis
1681 1375 1925 1430 sobrium
1961 1377 2091 1433 facit
2116 1395 2128 1444 ;

539 1465 636 1540 qui
664 1465 812 1522 enim
853 1463 1158 1520 inebriatur
1186 1463 1393 1520 caalesti
1429 1463 1993 1536 gratia,exsobriatur
2023 1483 2130 1522 sar-

539 1556 667 1613 cina
694 1563 1039 1629 peccatorum
1070 1553 1209 1626 (93).

610 1645 664 1703 2.
694 1646 811 1702 Hoc
838 1660 1076 1718 namque
1108 1651 1289 1700 musto
1323 1643 1513 1716 repleti
1563 1645 1737 1700 sancti
1767 1647 2019 1717 apostoli,
2062 1648 2129 1702 si-

539 1741 634 1791 cut
680 1734 758 1789 ait
785 1733 1088 1805 Scriptura,
1118 1733 1312 1788 alienis
1355 1733 1558 1804 linguis
1609 1734 1704 1788 Dei
1736 1737 2005 1806 magnalia
2056 1737 2129 1791 lo-

537 1821 847 1896 quebantur
871 1822 1012 1892 (Act.
1044 1838 1106 1888 ιι,
1142 1822 1226 1888 13,
1257 1821 1332 1893 5).
1366 1823 1428 1877 In
1462 1839 1571 1894 quo
1598 1822 1742 1878 facto
1774 1823 1976 1894 pariter
1991 1825 2129 1880 ebrii

535 1926 652 1968 esse
681 1909 1032 1978 videbantur,
1077 1917 1130 1964 et
1182 1910 1352 1965 sobrii
1380 1929 1393 1977 ;
1427 1910 1562 1965 ebrii
1595 1911 1740 1966 enim
1773 1911 2126 1982 putabantur,

535 1997 682 2074 quod
712 1999 771 2054 in
800 1998 868 2055 iis
899 1999 1114 2072 loquela
1146 1997 1261 2068 (94)
1296 2006 1489 2070 praeter
1528 2008 1779 2054 naturam
1808 2000 1914 2055 alte
1950 2017 2126 2071 perso-

534 2088 731 2146 nabat:
785 2087 957 2144 sobrii
1015 2095 1187 2156 erant,
1247 2087 1395 2160 quod
1445 2086 1609 2159 juxta
1672 2088 2125 2145 consuetudinem

531 2179 733 2236 mentis
782 2179 957 2235 Deum
1001 2177 1294 2234 devotione
1345 2176 1658 2233 laudabant.
1716 2177 1873 2244 Quod
1903 2179 2124 2251 quidem

528 2283 641 2323 non
662 2267 902 2324 elatione
925 2265 1110 2340 aliqua
1143 2276 1238 2322 aut
1266 2266 1606 2338 impudentia
1635 2267 1890 2339 contigit,
1925 2275 1986 2322 ut
2015 2269 2122 2324 viri

527 2357 703 2413 sancti
746 2355 1030 2430 peregrino
1069 2371 1319 2412 sermone
1367 2355 1721 2426 loquerentur
1755 2374 1766 2410 :
1816 2355 1909 2409 sed
1943 2358 2122 2427 provi-

525 2443 714 2502 dentia
754 2445 1067 2503 divinitatis
1116 2446 1320 2503 factum
1375 2453 1475 2513 est,
1508 2454 1568 2501 ut
1616 2445 1743 2518 quia
1771 2445 1841 2501 ad
1874 2448 2120 2518 magnifi-

523 2535 760 2592 candum
792 2537 965 2593 Deum
1006 2552 1118 2592 una
1154 2536 1369 2608 loquela
1397 2551 1506 2590 non
1557 2535 1783 2604 sufﬁcit,
1816 2553 1911 2608 per
1938 2537 2120 2608 plures

525 2624 742 2702 linguas
771 2626 971 2682 mentis
999 2624 1221 2682 devotio
1254 2625 1578 2682 solveretur.

592 2714 647 2772 2.
682 2714 979 2772 Jucundati
1018 2713 1166 2771 enim
1198 2731 1408 2782 sumus,
1442 2713 1570 2786 quia
1613 2713 1680 2769 de
1711 2713 1872 2769 vinea
1899 2715 2118 2770 Domini

522 2801 751 2860 sabaoth
798 2803 1042 2861 fructum
1089 2803 1407 2860 refectionis
1436 2803 1777 2873 accepimus:
1821 2803 1981 2858 vinea
2028 2820 2117 2858 au-

522 2899 633 2946 tem
673 2891 896 2946 Domini
949 2890 1200 2958 sabaoth,
1247 2891 1391 2946 sicut
1431 2889 1571 2944 dicit
1597 2891 1881 2962 propheta,
1921 2892 2118 2947 domus

526 2976 692 3032 Israel
717 2985 800 3032 est
829 2979 963 3048 (Isa.
1005 2995 1064 3046 v,
1096 2977 1173 3048 7),
1206 2993 1326 3049 quas
1371 2977 1568 3033 domus
1615 2995 1714 3034 nos
1762 2997 1972 3035 sumus.
2015 2980 2119 3033 Se-

524 3063 765 3121 cundum
807 3063 973 3120 fidem
1028 3064 1175 3120 enim
1232 3066 1489 3122 Israelita:
1541 3083 1640 3122 nos
1695 3085 1905 3135 sumus,
1973 3067 2117 3123 unde

521 3151 660 3211 dicit
711 3153 1008 3226 Apostolus
1043 3173 1055 3210 :
1107 3177 1125 3200 ι
1160 3153 1267 3222 Qui
1309 3173 1378 3210 ex
1433 3154 1539 3212 fide
1582 3163 1731 3222 sunt,
1769 3157 1806 3210 ii
1837 3155 1940 3210 filii
1988 3163 2116 3210 sunt

518 3243 754 3301 Abrahae
786 3246 994 3316 (Galat.
1020 3261 1101 3313 ιιι,
1137 3246 1214 3317 7).
1239 3269 1257 3291 ι
1302 3244 1574 3312 Quoniam
1607 3245 1774 3315 igitur
1803 3262 1902 3300 nos
1924 3261 2114 3300 sumus
2151 3243 2194 3301 C

520 3334 704 3403 Israel,
751 3335 913 3392 vinea
957 3336 1179 3392 Domini
1222 3353 1452 3392 sumus:
1487 3334 1774 3390 videamus
1821 3335 2113 3406 diligenter

519 3441 587 3480 ne
642 3440 710 3479 ex
751 3425 975 3494 palmite
1016 3425 1196 3497 operis
1240 3425 1415 3482 nostri
1461 3441 1570 3479 non
1617 3431 1870 3479 nascatur
1915 3424 2112 3478 dulce-

517 3511 666 3568 dinis
696 3529 826 3579 uva,
856 3513 950 3567 sed
982 3513 1164 3578 fellis;
1213 3531 1281 3570 ne
1337 3513 1550 3569 dicatur
1592 3513 1771 3579 nobis,
1820 3512 1966 3583 quod
2007 3512 2114 3566 Ju-

519 3597 655 3653 daeis
682 3597 894 3652 dictum
925 3607 1006 3653 est
1034 3614 1131 3670 per
1159 3601 1480 3670 prophetam
1518 3619 1528 3655 :
1577 3624 1594 3646 ι
1634 3599 1882 3655 Sustinui
1931 3608 1992 3654 ut
2038 3599 2112 3654 fa-

518 3695 667 3743 ceret
688 3701 875 3756 uvam,
906 3687 1037 3743 fecit
1073 3695 1253 3742 autem
1302 3688 1488 3759 spinas
1519 3705 1532 3752 ;
1566 3695 1620 3742 et
1665 3704 1775 3741 non
1814 3687 2109 3757 justitiam,

519 3775 616 3851 sed
644 3776 938 3834 clamorem
973 3778 1108 3849 (Isa.
1137 3794 1195 3846 v,
1246 3779 1324 3849 7).
1359 3803 1377 3825 ι
1433 3777 1607 3843 Quam
1663 3776 1799 3830 dura
1844 3779 2110 3848 conditio,

518 3876 582 3926 ut
622 3866 910 3940 possessio,
964 3883 1084 3940 qua
1140 3865 1372 3921 domino
1417 3882 1516 3920 suo
1568 3864 1854 3921 suavitatis
1903 3866 2113 3923 fructus

519 3956 714 4015 aﬂ'erre
744 3955 955 4025 debuit,
987 3956 1270 4029 spinarum
1316 3955 1472 4010 illum
1503 3954 1795 4026 asperitate
1850 3971 2111 4026 compun-

520 4047 668 4102 xerit
701 4047 714 4102 ι
749 4044 854 4102 hoc
881 4053 982 4114 est,
1033 4062 1159 4102 cum
1207 4045 1380 4101 Judaai
1436 4044 1772 4101 Salvatorem
1824 4044 2114 4100 debuerint

522 4141 639 4190 tota
666 4134 794 4189 fidei
841 4135 1135 4191 devotione
1176 4136 1474 4207 suscipere,
1525 4135 1806 4208 spinarum
1855 4151 1980 4190 eum
2025 4151 2111 4189 co-

523 4231 862 4277 ronaverunt
890 4224 1157 4294 passione.
1191 4225 1321 4292 Quae
1349 4242 1552 4282 corona
1580 4225 1823 4297 quidem,
1847 4232 2110 4296 quantum

525 4307 585 4364 in
622 4307 825 4364 Judaeis
871 4317 974 4375 est,
1003 4321 1117 4368 erat
1161 4312 1489 4383 injuriarum
1537 4315 1871 4370 contumelia
1903 4331 1914 4368 :
1947 4328 2114 4384 quan-

525 4407 645 4457 tum
677 4400 735 4454 in
765 4400 1024 4468 Domino,
1047 4409 1160 4457 erat
1179 4419 1382 4458 corona
1411 4405 1700 4460 virtutum.
1728 4405 2116 4476 Compungunt

525 4505 655 4562 ergo
683 4489 857 4545 Judaei
887 4491 1208 4559 Dominum,
1239 4491 1369 4547 dum
1398 4503 1679 4551 coronant;
1710 4501 2110 4566 compungunt,

2245 605 2388 660 inter
2437 605 2641 676 spinas,
2700 613 2752 660 et
2799 605 3034 661 crevisse
3082 621 3192 674 eas,
3240 621 3302 660 ac
3348 604 3662 660 suffocasse
3708 607 3830 677 quod

2243 701 2418 748 satum
2449 701 2528 748 est
2563 694 2773 762 (Matth.
2804 712 2925 762 xm,
2960 694 3035 765 7).
3079 693 3208 762 Quae
3253 701 3439 749 autem
3490 692 3673 766 spina
3719 694 3829 762 sint,

2245 782 2358 852 ipse
2382 782 2747 854 prosequitur,
2791 783 2978 838 dicens
3024 783 3215 854 utique
3266 781 3689 838 sollicitudines
3736 799 3830 838 esse

2246 871 2570 934 mundanas,
2603 889 2722 943 qua:
2769 889 2894 928 cum
2925 879 3177 928 crescunt
3241 871 3298 926 in
3349 871 3520 927 corde
3582 870 3827 939 hominis,

2243 961 2500 1016 mandata
2529 961 2830 1016 Salvatoris
2851 961 2906 1015 in
2959 979 3022 1016 eo
3067 961 3359 1016 suﬂ'ocant.
3394 959 3538 1028 Quis
3570 961 3720 1015 enim
3750 978 3829 1015 un-

2243 1065 2404 1122 quam
2450 1051 2722 1106 sollicitus
2769 1051 2836 1105 de
2870 1050 3097 1118 mundo,
3151 1051 3333 1123 potuit
3376 1049 3518 1106 bene
3575 1051 3829 1105 sollicitus

2242 1157 2355 1194 esse
2411 1139 2476 1194 de
2507 1139 2726 1196 Christo
2748 1141 2775 1195 ?
2819 1140 2952 1206 Quis
2980 1140 3110 1196 dum
3151 1141 3321 1196 lucris
3349 1140 3554 1196 domus
3586 1157 3698 1196 suae
3728 1157 3826 1213 pro-

2242 1227 2411 1294 videt,
2452 1228 2788 1284 utilitatibus
2819 1229 3078 1285 Ecclesiaa
3100 1229 3280 1302 potuit
3310 1231 3610 1300 providere
3637 1231 3667 1286 ?
3698 1232 3826 1287 Unde

2240 1318 2317 1373 ait
2346 1320 2643 1390 Apostolus
2680 1338 2690 1374 :
2738 1345 2754 1365 α
2787 1318 2890 1387 Qui
2922 1320 3038 1374 sine
3069 1335 3243 1374 uxore
3289 1327 3392 1387 est,
3441 1320 3727 1376 sollicitus
3763 1329 3826 1376 est

2241 1423 2359 1478 qua:
2390 1415 2520 1462 sunt
2549 1408 2790 1476 Domini,
2823 1407 3101 1480 quomodo
3146 1409 3359 1480 placeat
3405 1409 3524 1465 Deo
3563 1429 3574 1464 :
3610 1411 3706 1483 qui
3749 1427 3824 1466 au-

2241 1502 2349 1550 tem
2381 1514 2502 1552 cum
2538 1514 2708 1553 uxore
2738 1505 2840 1562 est,
2871 1497 3144 1553 sollicitus
3173 1507 3254 1554 est
3284 1515 3405 1570 quae
3436 1507 3574 1555 sunt
3628 1499 3821 1566 mundi,

2240 1586 2517 1657 quomodo
2542 1587 2750 1658 placeat
2779 1587 2940 1642 uxori
2975 1587 3034 1657 (Ι
3061 1587 3186 1643 Cor.
3220 1604 3318 1654 vn,
3353 1586 3442 1655 32,
3477 1588 3602 1659 33).
3634 1614 3652 1636 -

2311 1682 2362 1737 4.
2408 1684 2570 1755 Ergo,
2606 1685 2818 1752 fratres,
2851 1684 3031 1740 videte
3064 1701 3130 1740 ne
3160 1685 3323 1740 vinea
3343 1694 3531 1741 vestra
3552 1703 3658 1742 non
3680 1704 3819 1750 uvas,

2238 1772 2328 1827 sed
2364 1773 2549 1844 spinas
2578 1775 2745 1830 faciat
2781 1793 2792 1829 :
2826 1791 2894 1830 ne
2929 1774 3209 1830 vindemia
3258 1785 3438 1832 vestra
3487 1792 3604 1832 non
3649 1777 3818 1832 vinum

2160 1880 2204 1941 Β
2238 1861 2446 1929 afferat,
2515 1863 2607 1916 sed
2666 1873 2901 1919 acetum.
2962 1863 3222 1937 Quisquis
3275 1864 3425 1920 enim
3500 1864 3817 1921 vindemiam

2239 1949 2388 2020 legit,
2421 1961 2472 2006 et
2504 1953 2835 2024 pauperibus
2857 1971 2968 2008 non
3001 1953 3269 2025 largitur;
3331 1953 3426 2009 ille
3474 1963 3690 2010 acetum
3725 1956 3815 2011 col-

2239 2037 2378 2108 ligit,
2431 2056 2545 2094 non
2595 2041 2809 2095 vinum.
2862 2040 3123 2114 Quisquis
3191 2058 3395 2096 messes
3461 2041 3729 2109 recondit,
3772 2052 3812 2096 et

2237 2125 2612 2198 indigentibus
2640 2146 2753 2185 non
2786 2130 3083 2200 ministrat,
3117 2130 3216 2186 iste
3249 2147 3359 2187 non
3400 2131 3682 2187 alimonia:
3708 2132 3813 2186 fru-

2235 2224 2355 2270 ctus
2420 2219 2686 2289 reposuit,
2735 2219 2828 2275 sed
2879 2220 3114 2276 tribulos
3154 2220 3402 2276 avaritiae
3463 2221 3810 2293 congregavit.

2233 2301 2368 2357 Nam
2437 2315 2724 2377 propterea
2782 2305 2860 2362 ait
2927 2307 3213 2380 Scriptura
3281 2307 3348 2364 de
3400 2317 3546 2364 terra
3586 2317 3808 2364 nostra:

2248 2391 2489 2552 «sipinas
2551 2401 2606 2450 et
2673 2394 2906 2452 tribulos
2969 2396 3300 2470 germinabit
3365 2397 3474 2453 tibi
3544 2398 3697 2470 (Gen.
3742 2414 3809 2464 ιιι,

2248 2482 2260 2536 ι
2335 2524 2348 2538 .
2380 2508 2396 2528 ι

2236 2482 2348 2538 18).
2380 2508 2396 2528 ι

2813 2600 3048 2658 SERMO
3105 2603 3249 2659 LIX.

2229 2687 2292 2741 In
2337 2687 2506 2742 natali
2549 2688 2714 2744 unius
2759 2690 3036 2762 Martyris,
3095 2693 3213 2748 sive
3254 2691 3472 2748 domini
3504 2695 3807 2750 Domitiani.

2228 2795 2536 2882 Hicmseijmo
2594 2814 2700 2878 ana
2732 2816 2863 2882 cum
2908 2802 3236 2882 subsequenti
3288 2802 3617 2882 habeturin
3661 2804 3807 2857 codice

2298 2867 2626 2940 Floriacensi
2650 2877 2770 2923 ante
2796 2889 2964 2925 annos
3006 2867 3152 2927 mille
3195 2880 3437 2940 exarata,
3486 2875 3581 2928 ubi
3616 2881 3664 2928 et
3707 2891 3806 2928 san-

2297 2943 2374 2990 cto
2410 2939 2690 3015 Ambrosio
2719 2943 3044 3015 assignatur.
3087 2945 3456 2998 Verumtamen
3511 2946 3656 3015 quod
3685 2947 3806 3012 illos,

2298 3025 2413 3083 cum
2451 3011 2697 3083 hactenus
2726 3011 2930 3081 fuerint
2970 3015 3175 3083 inediti,
3226 3016 3283 3069 in
3323 3017 3489 3070 lucem
3519 3011 3806 3070 'emittimus

2295 3079 2572 3155 idcodicis
2609 3079 2920 3153 antiquitati
2967 3079 3483 3155 datum-voluimus,
3533 3105 3652 3142 cum
3695 3089 3807 3142 nihil

2296 3152 2520 3229 habeant
2574 3152 3024 3229 Ambrosianum,
3071 3164 3130 3212 ut
3174 3160 3255 3214 vel
3301 3176 3368 3213 ea:
3417 3152 3604 3229 prima
3650 3176 3809 3214 eorum

2297 3222 2512 3277 lectione
2539 3227 2712 3293 quivis
2736 3235 3001 3296 agnoscat.

2296 3329 2344 3383 1.
2393 3330 2548 3386 Diem
2590 3332 2930 3390 celebramus
2990 3333 3173 3404 hodie,
3232 3337 3428 3393 fratres
3490 3337 3805 3398 cbarissimi.

2224 3417 2426 3472 mortui
2453 3417 2610 3488 justi,
2657 3428 2709 3474 et
2739 3438 2849 3477 non
2888 3431 2968 3478 est
3000 3423 3090 3480 hic
3126 3443 3137 3480 :
3171 3424 3218 3481 si
3259 3433 3445 3480 autem
3476 3427 3622 3482 scire
3661 3426 3808 3481 vultis

2223 3503 2316 3559 ubi
2346 3505 2438 3574 sit,
2471 3505 2800 3581 interrogate
2848 3512 3169 3575 lectionem,
3238 3530 3401 3586 quam
3454 3514 3638 3587 primo
3677 3514 3805 3571 audi-

2223 3594 2321 3648 stis
2354 3613 2365 3649 :
2414 3620 2430 3640 ι
2460 3597 2647 3652 Justus
2677 3599 2722 3654 si
2755 3608 2926 3655 morte
2955 3610 3364 3674 praeoccupatus
3417 3604 3614 3672 fuerit,
3645 3605 3700 3659 iu
3730 3620 3806 3658 re-

2224 3682 2448 3753 frigerio
2477 3685 2582 3740 erit
2628 3688 2780 3758 (Sap.
2837 3705 2913 3754 IV,
2967 3692 3044 3760 7).
3096 3716 3113 3738 »
3177 3691 3552 3762 Refrigerium
3588 3693 3727 3748 enim
3760 3693 3804 3745 in

2224 3771 2333 3828 hoc
2363 3776 2588 3843 saeculo,
2619 3778 2737 3846 cui,
2764 3779 2909 3834 unde
2941 3780 2967 3834 ἲ
2997 3781 3090 3836 ubi
3133 3782 3293 3853 plena
3324 3791 3457 3838 sunt
3500 3786 3688 3840 omnia
3715 3782 3805 3839 tri-

2223 3861 2600 3920 bulationibus
2659 3885 2670 3921 :
2736 3877 2791 3923 et
2852 3869 3070 3941 quando
3125 3871 3517 3929 tribulationes
3575 3880 3801 3946 parcunt,

2223 3953 2382 4024 plena
2415 3962 2545 4010 sunt
2574 3957 2990 4015 tentationibus.
3037 3961 3278 4018 Mundus
3327 3963 3480 4018 enim
3536 3964 3659 4030 iste,
3708 3963 3803 4018 sive

2225 4049 2501 4097 metuatur
2527 4060 2642 4099 Sive
2673 4043 3007 4116 blandiatur,
3060 4050 3340 4108 timendus
3378 4060 3464 4108 est
3496 4071 3508 4108 :
3545 4053 3642 4108 sed
3683 4054 3804 4108 Deus

2223 4128 2485 4186 timeatur
2517 4150 2528 4186 :
2563 4141 2615 4189 et
2655 4136 2891 4193 mundus
2920 4139 3106 4209 potius
3127 4147 3542 4210 contemnatur,
3575 4150 3631 4198 et
3656 4142 3804 4212 magis

2224 4216 2296 4272 sit
2325 4221 2618 4278 cavendus.
2663 4224 2720 4280 Si
2757 4243 2883 4298 ergo
2931 4229 3187 4284 volumus
3243 4229 3302 4284 in
3351 4232 3644 4304 refrigerio

2225 4311 2443 4380 quando
2473 4329 2619 4370 mors
2649 4321 3134 4391 praeoccupaverit,
3157 4319 3297 4392 justi
3320 4321 3518 4378 simus.

2297 4401 2348 4456 2.
2382 4403 2543 4458 Forte
2579 4404 2716 4461 dicit
2745 4407 2944 4480 aliquis
2979 4427 2990 4464 :
3026 4409 3260 4464 Multum
3315 4418 3396 4466 est
3444 4411 3513 4466 ad
3570 4428 3677 4467 me.
3728 4413 3803 4465 At-

2225 4491 2516 4548 tendamus
2561 4495 2704 4550 enim
2751 4499 2898 4570 quod
2949 4501 3215 4572 scriptum
3269 4509 3350 4557 est
3409 4520 3421 4557 :
3485 4527 3503 4549 ε
3549 4503 3733 4559 Justus
3769 4499 3805 4553 si

527 4579 661 4638 dum
723 4579 1072 4652 crucifigunt.
1143 4581 1296 4637 Unde
1351 4581 1430 4638 ait
1493 4583 1778 4654 Scriptura
1841 4592 2027 4640 sancta
2101 4603 2111 4640 :
2148 4605 2200 4664 D
2228 4589 2402 4634 morte
2435 4593 2843 4657 praeoccupatus
2877 4587 3057 4654 fuerit,
3091 4589 3148 4643 in
3188 4589 3478 4662 refrigerio
3523 4593 3632 4647 erit
3665 4611 3677 4647 :
3712 4617 3727 4638 -
3765 4596 3806 4643 et

540 4695 560 4718 ι
589 4667 871 4727 Videbunt
931 4669 990 4726 in
1032 4686 1194 4744 quem
1261 4680 1704 4743 compunxerunt
1755 4673 1936 4744 (Joan.
1996 4691 2114 4743 χιχ,

527 4759 641 4833 37).
675 4783 692 4806 .

607 4857 747 4914 471
797 4850 849 4908 3.
882 4851 1074 4924 Igitur,
1109 4850 1321 4919 fratres,
1364 4850 1547 4908 videte
1575 4868 1642 4908 ne
1671 4859 1725 4908 et
1770 4852 1928 4909 vobis
1972 4853 2115 4911 dica-

528 4959 619 5007 tur
659 4967 671 5006 :
718 4972 738 4998 ι
767 4951 1016 5008 Sustinui
1057 4960 1118 5008 ut
1142 4951 1343 5007 faceret
1381 4969 1566 5020 uvam,
1617 4952 1746 5008 fecit
1785 4962 1966 5008 autem
2010 4953 2113 5024 spi-

529 5057 626 5097 nas
655 5041 790 5113 (Isa.
814 5058 869 5110 v,
903 5041 960 5112 2)
991 5061 1005 5110 ;
1053 5067 1071 5087 ι
1118 5041 1222 5098 hoc
1263 5051 1362 5109 est,
1398 5060 1464 5098 ne
1502 5043 1687 5114 spinas
1717 5059 1850 5115 quas
1881 5043 2114 5098 Domino

525 5129 700 5186 Judaei
737 5130 982 5186 cruentis
1031 5129 1411 5203 imposuerunt
1451 5130 1722 5199 manibus,
1766 5147 1865 5186 nos
1911 5130 2116 5204 iniquis

524 5217 776 5275 sensibus
816 5236 1172 5292 apponamus,
1231 5227 1286 5275 et
1331 5237 1761 5293 compungamus
1823 5237 1946 5274 eum
2004 5238 2114 5276 non

523 5306 814 5380 asperitate
853 5307 1132 5374 sentium,
1195 5307 1290 5362 sed
1345 5325 1570 5380 operum
1630 5308 1914 5379 pravitate.
1977 5309 2116 5365 Sunt

522 5395 672 5451 enim
703 5393 874 5467 spinae
893 5393 1097 5460 cordis,
1123 5411 1244 5468 qua
1275 5395 1518 5452 Verbum
1567 5396 1667 5451 Dei
1713 5397 1877 5452 etiam
1926 5398 2114 5453 vulne-

521 5497 640 5540 rare
671 5490 1099 5554 consueverunt,
1129 5482 1195 5539 de
1225 5482 1426 5556 quibus
1473 5483 1728 5540 meminit
1765 5486 1822 5540 in
1871 5486 2114 5558 Evange-

518 5665 710 5790 rm(:3)
745 5668 932 5727 Codex
977 5670 1209 5739 Theod.,
1253 5679 1572 5729 exoneratur
1611 5674 1826 5732 sarcina
1866 5682 2115 5744 peccato-

2175 4949 2525 5012 _occupatus
2580 4944 2764 5014 fuerit,
2825 4948 2882 5001 in
2938 4949 3224 5020 refrigerio
3266 4951 3410 5019 erit;

2227 4683 2352 4722 cum
2402 4672 2719 4742 quaerimus,
2765 4677 2897 4748 quid
2950 4679 3020 4733 sit
3057 4677 3260 4749 justus,
3313 4687 3488 4736 terret
3539 4699 3644 4738 nos
3691 4678 3807 4753 psal-

2231 4775 2394 4815 mus:
2439 4787 2455 4808 ε
2487 4763 2679 4819 Omnis
2721 4767 2885 4824 homo
2934 4769 3174 4826 mendax
3225 4772 3400 4841 (Psal.
3452 4790 3610 4842 cxvx,
3653 4775 3795 4842 ll)»

2228 4849 2532 4907 Audiamus
2563 4853 2765 4910 librum
2795 4858 3104 4929 Sapientiae.
3141 4885 3158 4907 ι
3188 4860 3377 4916 Justus
3407 4863 3454 4917 si
3489 4872 3669 4918 morte
3696 4874 3806 4933 pra:-

3473 4977 3490 4998 ι
3535 4951 3807 5007 audiamus

2229 5032 2497 5100 psalmum
2533 5051 2544 5088 :
2593 5058 2609 5079 ι
2639 5036 2754 5107 Ego
2797 5036 2916 5092 dixi
2947 5039 3004 5092 in
3032 5055 3259 5094 excessu
3299 5041 3499 5096 mentis
3531 5058 3686 5105 meae,
3712 5052 3804 5092 οω·

2227 5121 2314 5176 nis
2344 5122 2508 5178 homo
2540 5127 2771 5182 mendax
2805 5129 2993 5198 (Ibid.)
3024 5154 3041 5175 ι
3076 5129 3359 5202 Numquid
3388 5142 3617 5188 sanctus
3645 5124 3806 5186 Domi.

2226 5210 2410 5266 tianus
2441 5229 2549 5268 non
2581 5223 2695 5270 erat
2725 5214 2890 5270 homo
2919 5217 2946 5272 ‘I
2976 5216 3032 5272 Si
3063 5232 3189 5288 ergo
3210 5217 3379 5273 homo
3408 5228 3544 5287 erat,
3581 5228 3636 5274 et
3658 5210 3805 5270 enini:

2227 5301 2376 5355 homo
2433 5305 2704 5370 mendax;
2757 5307 3031 5378 quomodo
3079 5307 3262 5378 justus
3319 5316 3456 5376 erat,
3490 5309 3533 5364 si
3589 5303 3801 5362 mendax

2227 5399 2342 5446 erat
2371 5391 2512 5450 ‘Iaut
2542 5396 2818 5467 quomodo
2848 5397 2906 5452 in
2934 5396 3212 5468 refrigetio
3242 5404 3342 5466 est,
3398 5398 3447 5453 si
3481 5398 3666 5470 justus
3707 5403 3800 5447 non

2227 5489 2342 5537 erat
2363 5480 2390 5537 ?
3327 5487 3334 5496 ’

2300 5681 2416 5762 (95)
2449 5680 2829 5762 Idem‘codexr
2863 5681 3093 5762 Theod.,
3127 5683 3484 5762 loquelaipar,
3523 5686 3573 5737 et
3615 5681 3799 5733 natura

2225 5751 2414 5806 altera.
2447 5755 2517 5807 Et
2545 5752 2708 5823 infra,
2741 5761 2833 5810 aut
2855 5754 3218 5824 imprudentia
3238 5751 3470 5825 contigit.
