3880 6198
188 372 299 435 749

1003 366 1374 428 SERMONES
1410 366 1467 425 s.
1504 364 1863 425 msuosro
1903 328 2280 423 HACTENUS
2321 363 2659 423 ASCRIPTI.

3393 363 3496 423 750

267 498 321 556 3.
359 498 730 555 Attendamus
779 509 930 567 ergo,
989 491 1324 561 charissimi,
1381 489 1646 547 habemus
1693 490 1799 546 ista
1827 492 1878 550 Α
1907 489 2053 544 lunae
2110 496 2387 545 crementa
2430 489 2867 562 detrimentaque
2914 501 3128 544 menses
3172 486 3496 560 implentur,

186 585 537 659 cogitatione
557 586 720 657 plena
753 582 1019 640 testibus:
1049 598 1161 638 non
1192 597 1421 656 parvum
1452 579 1796 653 refrigerium

189 673 255 729 in
284 689 373 741 eo,
395 672 546 747 quod
571 671 828 729 audimus
850 671 1177 744 Apostolum
1208 671 1481 727 dicentem
1507 688 1519 725 :
1559 694 1577 716 ι
1601 667 1801 724 Adhuc

192 762 350 818 enim
382 761 637 818 Christus
668 768 921 817 mortuus
948 767 1050 827 est,
1097 766 1159 815 ut
1187 766 1242 815 et
1271 759 1527 815 vivorum
1560 766 1615 814 et
1643 773 1802 812 mor—

195 858 429 907 tuorum
481 849 831 918 dominetur;
887 857 965 914 et,
1015 849 1134 904 sive
1177 847 1325 903 enim
1374 847 1640 914 vivimus,
1685 845 1802 901 sive

194 944 501 1012 morimur,
529 942 754 1000 Domini
783 958 974 998 sumus
1006 942 1183 1008 (Rom.
1204 956 1325 1008 xiv,
1346 939 1401 1005 8,
1423 939 1506 1011 9).
1531 962 1549 986 ι
1593 938 1693 993 Ille
1722 945 1805 993 est

188 1030 407 1103 justus,
438 1048 547 1086 non
578 1031 770 1102 perdet
798 1045 927 1085 suos
960 1047 972 1085 :
1006 1028 1143 1085 certi
1174 1044 1365 1083 sumus
1393 1026 1522 1099 quia
1551 1025 1805 1084 Christus

193 1136 317 1178 non
348 1129 464 1177 erat
494 1119 752 1177 mendax.
808 1117 1064 1176 Christus
1093 1117 1263 1172 homo
1292 1124 1346 1172 et
1376 1132 1487 1172 non
1518 1114 1754 1171 mendax
1789 1132 1801 1169 :

198 1208 484 1283 quomodo
503 1223 630 1281 ergo
662 1208 847 1263 omnis
866 1207 1033 1263 homo
1062 1205 1305 1262 mendax
1325 1205 1354 1262 ?
1384 1205 1523 1273 Quia
1552 1203 1807 1261 Christus

197 1298 289 1356 sic
317 1298 503 1365 homo,
553 1305 617 1353 ut
645 1314 756 1353 non
791 1296 973 1353 solum
1004 1295 1193 1352 homo.
1227 1296 1326 1352 Ille
1355 1294 1466 1350 nisi
1495 1301 1549 1350 et
1579 1294 1725 1349 Deus
1753 1300 1808 1348 et

206 1386 380 1443 homo
413 1392 576 1454 esset,
609 1385 849 1442 mendax
877 1392 1037 1441 esset.
1072 1384 1220 1440 Talis
1248 1399 1376 1456 ergo
1404 1389 1458 1439 et
1499 1378 1681 1438 tantus
1709 1395 1808 1453 pro

205 1473 374 1531 nobis
402 1481 655 1530 mortuus
683 1482 782 1542 est,
814 1480 868 1529 et
907 1480 1141 1530 mortem
1181 1472 1444 1528 timemus
1465 1471 1493 1528 ?
1525 1466 1809 1526 Praecessit

201 1570 264 1620 et
292 1561 620 1633 resurrexit,
642 1562 760 1635 ejus
788 1562 1033 1620 membra
1057 1579 1271 1631 sumus,
1291 1569 1347 1617 et
1367 1568 1531 1633 caput
1557 1565 1807 1616 nostrum

201 1653 510 1726 sequimur.

278 1740 334 1798 4.
372 1742 510 1798 Nam
540 1750 597 1798 et
620 1741 735 1814 ipse
779 1741 1028 1799 Psalmus
1068 1741 1387 1811 consolatur
1415 1755 1515 1796 nos
1549 1756 1561 1794 ε
1620 1764 1637 1785 ι
1666 1734 1811 1804 Quid

1906 577 2039 633 dum
2076 593 2173 653 per
2202 576 2521 650 quadrigam
2550 586 2859 650 temporum
2890 577 2958 632 ad
2987 586 3187 634 metam
3216 594 3367 633 suam
3398 594 3501 632 ro-

1908 667 2037 722 tatis
2059 665 2259 722 axibus
2304 682 2484 721 annus
2517 665 2706 737 auriga
2747 666 3106 737 perducitur;
3157 664 3533 738 resplenduit’

1912 757 2068 811 laetus
2094 753 2261 826 hujus
2289 755 2463 811 sancti
2493 753 2750 826 Martyris
2776 754 2913 823 dies,
2945 771 3052 827 quo
3077 755 3221 811 inter
3248 755 3503 835 inimicas

1910 842 2054 900 acies
2082 843 2379 899 bellicosus
2419 844 2723 911 exsultans,
2770 851 3000 899 cunctos
3028 844 3212 899 hostes
3258 843 3414 910 vicit,
3447 849 3502 897 et

1910 931 1979 987 ad
2009 948 2175 1004 regna
2202 932 2308 989 sibi
2338 932 2523 989 debita
2550 932 2885 1005 properavit.

1982 1028 2035 1085 2.
2076 1031 2175 1086 Est
2204 1030 2428 1103 quidem
2456 1039 2671 1102 semper
2700 1030 2755 1085 in
2788 1029 3018 1103 ancipiti
3055 1030 3351 1087 certamine
3386 1048 3504 1088 sus-

1914 1128 2071 1189 pecta
2090 1118 2325 1175 victoria
2340 1136 2463 1176 cum
2487 1119 2543 1175 in
2566 1119 2906 1176 venerandos
2927 1126 3196 1192 martyres
3219 1128 3313 1176 aut
3335 1120 3509 1193 judcx

1915 1206 2071 1262 saevit
2099 1213 2193 1262 aut
2232 1208 2480 1263 carnifex
2510 1207 2732 1275 fremit;
2782 1214 2836 1262 et
2881 1224 3031 1264 nunc
3077 1208 3308 1280 gladius,
3363 1226 3510 1267 nunc

1916 1294 2049 1361 fera,
2074 1309 2223 1349 nunc
2253 1295 2494 1363 ﬂamma,
2523 1311 2670 1351 nunc
2697 1303 2969 1352 tormenta
3003 1296 3299 1363 timentur;
3332 1304 3387 1352 at
3414 1297 3511 1353 ubi

1916 1382 2144 1438 loricam
2188 1382 2319 1439 ﬁdei
2361 1383 2524 1439 virile
2566 1391 2755 1456 pectus
2780 1386 3158 1457 assumpserit,
3208 1371 3319 1440 nan
3348 1385 3515 1442 sentit

1916 1471 2136 1527 animus
2166 1472 2347 1541 fortis,
2393 1473 2664 1546 quidquid
2705 1474 2994 1547 ingesserit
3040 1492 3193 1532 mens
3222 1475 3465 1532 crudelis
3498 1493 3510 1531 :

1918 1567 2026 1616 stat
2068 1561 2213 1616 inter
2258 1561 2412 1634 ignes
2453 1562 2680 1631 illaesus,
2727 1563 2874 1619 inter
2920 1563 3122 1621 bestias
3159 1574 3212 1621 et
3245 1572 3518 1621 tormenta

1918 1650 2171 1717 validus;
2207 1651 2493 1707 securibus
2521 1652 2695 1724 magis
2724 1652 2977 1721 solvitur,
3004 1670 3176 1731 quam
3207 1661 3515 1711 truncatur.

1919 1737 2025 1793 Sed
2056 1747 2188 1795 tunc
2226 1739 2403 1797 donec
2448 1740 2517 1795 ad
2567 1757 2886 1813 prosperum
2935 1741 3101 1798 ﬁnem
3144 1742 3323 1798 felicis
3370 1743 3520 1798 horse

211 1831 519 1888 retribuam
548 1829 790 1887 Domino
819 1846 917 1902 pro
941 1829 1220 1898 omnibus,
1247 1845 1367 1902 quae
1384 1825 1644 1884 retribuit
1672 1823 1807 1879 mihi
1839 1847 1885 1906 B
1920 1843 2101 1899 pugna
2122 1828 2361 1897 veniret,
2388 1828 2744 1885 basimbamr
2759 1847 2791 1886 ει
2812 1830 3143 1887 Christianis
3162 1838 3215 1886 et
3232 1832 3517 1887 funereum

211 1923 391 1994 (Psal.
422 1938 552 1990 cxv,
583 1920 672 1992 12)
695 1920 723 1977 ?
761 1946 779 1968 ι
841 1921 940 1977 Ille
971 1918 1106 1993 quid
1134 1919 1281 1975 dixit
1310 1936 1322 1975 :
1387 1943 1406 1966 ι
1443 1918 1561 1990 Ego
1599 1915 1719 1973 dixi
1752 1914 1811 1969 in

205 2027 441 2069 excessu
488 2010 688 2067 mentis
737 2025 890 2078 meas,
941 2009 1122 2066 omnis
1158 2008 1328 2064 homo
1374 2007 1611 2062 mendax
1645 2004 1808 2075 (Ibid.

209 2099 334 2172 11).
366 2125 386 2150 ι
444 2101 620 2155 Homo
661 2098 902 2154 mendax
938 2097 1139 2170 gratias
1185 2096 1298 2168 agit
1329 2094 1589 2161 Domino,
1619 2100 1674 2148 et
1701 2108 1813 2147 non

204 2189 434 2247 invenit
453 2187 601 2260 quod
634 2187 719 2242 illi
736 2185 1006 2241 retribuat
1035 2201 1134 2257 pro
1162 2187 1331 2241 tantis
1357 2182 1661 2251 beneﬁciis,
1693 2199 1815 2255 quae

211 2277 289 2334 ab
322 2277 422 2332 illo
453 2275 681 2348 accepit.
731 2273 878 2341 Quid
921 2273 1067 2329 enim
1099 2273 1168 2329 ab
1206 2273 1306 2328 illo
1343 2273 1646 2344 accipimus
1688 2287 1813 2327 cum

206 2366 518 2441 quaerimus
551 2364 688 2437 quid
731 2363 1118 2430 retribuamus,
1163 2369 1216 2418 et
1262 2378 1375 2418 non
1423 2358 1819 2416 inveniemus?

209 2457 342 2514 Non
384 2470 620 2521 eramus,
668 2460 723 2509 et
750 2452 961 2510 creavit
995 2468 1128 2518 nos;
1175 2467 1286 2507 non
1326 2458 1482 2507 erant
1520 2465 1737 2522 pecora,
1767 2456 1822 2504 et

217 2541 434 2603 creavit
461 2558 657 2615 pecora
691 2560 704 2598 :
753 2540 991 2613 amplius
1027 2540 1175 2613 quod
1221 2540 1292 2596 ad
1340 2539 1634 2612 imaginem
1665 2553 1819 2592 suam

229 2635 367 2694 fecit
386 2650 488 2689 nos
511 2652 526 2701 ;
552 2632 910 2706 perieramus,
932 2642 986 2689 et
1000 2631 1255 2704 quaesivit
1275 2647 1376 2686 nos
1402 2648 1413 2686 :
1437 2636 1669 2685 mortem
1692 2627 1820 2684 Filii

224 2723 318 2780 sui
346 2721 545 2795 pignus
574 2721 727 2778 dedit
765 2720 946 2789 nobis,
982 2728 1036 2776 et
1062 2719 1233 2776 vitam
1283 2719 1413 2775 Filii
1443 2718 1528 2774 sui
1568 2716 1823 2791 promisit

226 2811 413 2879 nobis,
462 2811 529 2867 ab
558 2809 819 2867 omnibus
864 2808 1100 2882 peccatis
1147 2808 1351 2864 nostris
1397 2806 1455 2863 in
1497 2806 1823 2880 baptismate

219 2898 455 2958 salutari
486 2898 778 2954 inundavit
817 2914 959 2976 nos;
1001 2901 1147 2959 472
1193 2902 1247 2952 et
1290 2894 1419 2969 quia
1459 2894 1553 2951 hic
1582 2893 1824 2949 vivendo

223 3004 419 3072 postea
445 2980 826 3053 contraximus
875 2995 1021 3068 quod
1051 2993 1355 3051 dimitteret
1381 3014 1394 3062 ;
1444 3005 1506 3051 ut
1533 2995 1782 3051 dicamus
1809 3011 1821 3049 :

237 3111 259 3137 ι
287 3086 363 3141 Et
389 3083 608 3141 dimitte
637 3082 796 3139 nobis
824 3082 1008 3139 debita
1051 3091 1237 3139 nostra
1269 3083 1481 3155 (Matth.
1515 3099 1594 3150 v1,
1625 3081 1715 3153 12)
1745 3099 1758 3149 ;
1792 3103 1811 3128 ι

1923 1919 2295 1989 spectaculum
2329 1919 2474 1974 inter
2494 1920 2757 1975 athletam
2789 1918 2997 1977 Christi
3026 1928 3079 1975 et
3109 1920 3393 1976 ministros
3418 1920 3520 1976 ini-

1923 2006 2055 2063 mici
2082 2006 2301 2079 pavidis
2330 2007 2647 2080 pectoribus
2675 2015 2730 2064 et
2754 2008 3006 2082 fugitivis
3022 2008 3309 2065 obtutibus
3336 2010 3524 2083 explo-

1923 2095 2117 2151 rabant
2139 2114 2154 2163 ;
2178 2112 2245 2151 ne
2272 2096 2491 2152 vulneri
2516 2096 2776 2153 timidum
2801 2105 3011 2169 martyr
3028 2097 3155 2153 ﬁdei
3177 2097 3331 2153 claret
3358 2098 3521 2167 latus,

1925 2200 1994 2240 ne
2019 2201 2156 2256 quos
2183 2184 2421 2258 impetus
2442 2188 2733 2243 szevientes
2760 2187 3043 2260 eﬂ‘ugeret,
3061 2203 3131 2242 ne
3151 2188 3239 2242 vel
3264 2187 3525 2243 latantes

1926 2272 2071 2329 inter
2102 2281 2374 2329 tormenta
2403 2275 2689 2332 carniﬁces
2719 2276 2922 2331 teneris
2958 2274 3207 2331 sensibus
3249 2274 3527 2331 exhorre-

1929 2368 2030 2417 ret.
2068 2362 2345 2419 Pendebat
2376 2364 2601 2419 interim
2630 2381 2834 2420 corona
2858 2364 2925 2420 de
2951 2365 3091 2421 coelo
3121 2365 3256 2420 liliis
3286 2364 3525 2436 angelo-

1929 2468 2049 2507 rum
2069 2461 2124 2508 et
2152 2453 2291 2508 rosis
2313 2452 2381 2508 de
2396 2471 2555 2510 cruce
2573 2463 2628 2509 et
2650 2454 2914 2527 sanguine
2937 2453 3145 2511 Christi
3167 2453 3529 2511 vernantibus

1931 2539 2250 2608 intertexta,
2282 2549 2598 2614 sertumque
2625 2543 2843 2598 caeleste
2887 2543 3043 2599 vario
3071 2544 3266 2600 decore
3295 2543 3525 2615 pictum,

1933 2635 2196 2701 tanquam
2226 2628 2475 2686 ﬂorentis
2508 2630 2650 2704 prati
2691 2629 3056 2688 diversicolor
3100 2632 3267 2689 facies
3295 2633 3530 2705 desuper

1933 2716 2198 2775 radiabat.

2004 2814 2056 2870 3.
2089 2813 2373 2887 Pugnabat
2401 2814 2571 2887 igitur
2590 2815 2748 2873 miles
2777 2816 2898 2885 Dei,
2920 2825 2975 2872 et
3001 2816 3128 2887 ﬁde,
3160 2832 3273 2873 non
3302 2831 3529 2889 corpore

1912 2903 2284 2977 ‘conﬂigebat.
2315 2905 2457 2961 Hinc
2477 2905 2546 2961 de
2568 2905 2682 2960 vita
2700 2905 3086 2962 blandiebatur
3105 2906 3365 2975 mundus,
3396 2906 3530 2961 hinc

1935 2996 2004 3053 de
2049 3003 2224 3051 morte
2263 2996 2520 3052 terrebat.
2577 2996 2940 3053 Excitabatur
2987 2998 3046 3052 in
3093 2998 3191 3053 illo
3237 2997 3528 3054 conﬂictus

1934 3100 2114 3141 caecus
2161 3100 2337 3139 arenae
2368 3084 2573 3157 pulvis,
2622 3085 2715 3140 sed
2763 3086 2945 3142 claudi
2982 3102 3090 3141 non
3125 3086 3305 3158 potuit
3333 3087 3527 3141 oculus

226 3174 426 3233 docuit
456 3189 575 3229 nos.
625 3172 825 3228 Totum
873 3172 1166 3228 mandavit
1204 3173 1264 3228 in
1308 3171 1605 3243 baptizato,
1638 3177 1822 3268 totum
1860 3207 1904 3267 Ο
1937 3171 2284 3229 confessoris.
2335 3172 2642 3229 Videbatur
2687 3174 2999 3246 utrobique,
3032 3182 3086 3229 et
3132 3174 3269 3247 quid
3312 3181 3527 3245 pararet

227 3263 529 3321 mundavit
573 3262 629 3317 in
669 3269 859 3318 renato
905 3261 1175 3329 vivente;
1231 3277 1342 3316 non
1387 3258 1613 3332 reliquit
1662 3258 1824 3326 mori,

222 3373 346 3416 non
376 3355 646 3429 permittit
677 3354 839 3423 mori,
873 3353 996 3409 dico
1027 3354 1084 3409 in
1116 3360 1357 3426 peccato,
1385 3366 1504 3426 quae
1535 3366 1683 3406 mors
1718 3365 1826 3404 ma-

226 3448 385 3520 ligna
412 3454 466 3503 et
495 3453 700 3501 aeterna
727 3451 809 3500 est
838 3462 850 3500 :
876 3451 1132 3500 vocatum
1165 3450 1370 3510 monet,
1402 3441 1650 3507 instruit,
1675 3438 1831 3510 adju-

223 3543 349 3605 vat,
369 3535 628 3609 ignoscit,
661 3532 877 3589 liberat.
918 3557 936 3579 -
962 3531 1105 3600 Quid
1134 3531 1432 3587 retribuam
1467 3529 1703 3585 Domino
1735 3544 1832 3599 pro

225 3627 495 3688 omnibus
522 3641 642 3698 quas
674 3622 931 3680 retribuit
966 3622 1104 3679 mihi
1126 3622 1155 3678 ?
1182 3646 1201 3671 ι
1245 3620 1390 3689 Quid
1420 3619 1580 3687 dicis,
1612 3618 1779 3674 homo
1805 3618 1835 3675 7

226 3716 371 3793 quid
398 3715 487 3771 vis
514 3711 862 3771 retribuere?
891 3710 1173 3785 Quidquid
1201 3708 1499 3778 inveneris,
1518 3706 1593 3793 ab
1622 3706 1720 3763 illo
1748 3723 1834 3766 ac-

235 3790 461 3880 cepisti.
1518 3790 1527 3799 “

307 3893 365 3950 5.
407 3891 675 3950 Venimus
717 3907 865 3964 ergo,
900 3890 1176 3960 venimus,
1221 3889 1268 3946 si
1297 3904 1367 3945 ex
1404 3886 1513 3944 ﬁde
1541 3886 1833 3952 vivamus;

229 3992 376 4042 tunc
404 3974 552 4038 enim
576 3980 719 4054 justi
747 3981 975 4050 erimus,
1012 3979 1142 4053 quia
1203 4004 1222 4028 α
1245 3977 1429 4051 justus
1457 3992 1525 4033 ex
1555 3974 1663 4031 ﬁde
1691 3974 1837 4031 vivit

234 4072 471 4147 (Habac.
498 4070 665 4143 11,4).
696 4095 716 4119 ι
757 4069 1058 4128 Veniemus
1085 4084 1213 4141 ergo
1234 4067 1304 4125 ad
1330 4068 1483 4123 illam
1530 4062 1837 4121 mercedem

232 4178 365 4237 quae
409 4159 635 4234 aequalis
680 4159 786 4217 erit
823 4157 1102 4215 omnibus.
1152 4157 1313 4213 Pueri
1361 4154 1613 4221 credunt,
1662 4152 1840 4224 prima

235 4251 381 4308 hora
419 4255 691 4307 venerunt
724 4263 737 4304 :
790 4245 1163 4304 adolescentes
1204 4244 1456 4311 credunt,
1504 4242 1664 4298 tertia
1707 4241 1839 4297 hora

235 4347 518 4398 venerunt
548 4356 560 4395 :
608 4336 841 4410 juvenes
868 4335 1122 4403 credunt,
1171 4341 1328 4390 sexta
1356 4331 1493 4387 hora
1528 4337 1835 4397 venerunt;

238 4429 526 4504 graviores
555 4425 806 4494 credunt,
853 4440 1000 4481 nona
1044 4423 1181 4479 hora
1209 4426 1480 4478 venerunt
1516 4436 1528 4474 :
1577 4417 1842 4489 decrepiti

1937 3263 2103 3329 Deus,
2137 3271 2190 3317 et
2219 3261 2354 3333 quid
2397 3271 2620 3334 cuperet
2650 3262 2930 3319 inimicus.
2985 3264 3214 3319 Scutum
3263 3263 3347 3317 illi
3394 3279 3533 3333 pro-

1939 3349 2195 3406 tectionis
2226 3349 2478 3406 Christus
2520 3358 2671 3418 erat;
2730 3352 2936 3423 galeam
2967 3351 3162 3407 salutis
3204 3352 3290 3406 illi
3339 3367 3535 3406 manus

1941 3441 2260 3512 angelorum
2288 3440 2580 3497 effecerant
2604 3459 2617 3509 ;
2653 3442 2879 3496 loricam
2909 3442 3181 3513 triplicem
3206 3458 3348 3497 unus
3370 3443 3531 3509 Deus,

1943 3546 2053 3585 una
2081 3529 2236 3599 ﬁdes,
2292 3546 2465 3585 unum
2515 3529 2598 3585 illi
2642 3530 2913 3602 baptisma
2948 3530 3285 3599 fabricabat;
3324 3530 3537 3601 gladius

1944 3617 2097 3673 illius
2119 3617 2358 3690 Spiritus
2379 3629 2601 3673 sanctus
2620 3626 2756 3686 erat,
2775 3619 3049 3674 dzemones
3079 3619 3394 3690 pugnabant
3415 3617 3539 3674 telis

1944 3704 2080 3772 suis,
2104 3705 2206 3761 iste
2226 3706 2367 3773 suis;
2400 3704 2485 3761 illi
2507 3706 2701 3777 nigris,
2725 3706 2826 3760 iste
2855 3708 3024 3761 armis
3042 3706 3382 3777 fulgentibus
3410 3720 3537 3762 con-

1944 3792 2188 3866 ﬂigebat.
2215 3793 2492 3849 Tuebatur
2512 3797 2706 3866 clypeo
2724 3793 2851 3849 ﬁdei
2879 3794 3117 3849 animam
3139 3810 3316 3858 suam,
3339 3810 3539 3865 corpus

1945 3883 2250 3938 seminabat
2276 3883 2331 3938 in
2356 3890 2557 3939 terram
2581 3902 2594 3952 ;
2647 3884 2857 3956 rigabat
2886 3899 3003 3939 eam
3033 3882 3295 3954 sanguine
3324 3898 3443 3948 suo,
3478 3890 3540 3937 ut

1944 3971 2159 4028 fructus
2178 3973 2236 4029 in
2259 3973 2660 4028 resurrectione
2677 3971 3015 4043 multiplices
3037 3971 3256 4027 oﬁ‘erret
3274 3971 3388 4026 Deo
3413 3985 3536 4026 suo.

2019 4072 2072 4129 4.
2118 4096 2138 4119 ι
2161 4073 2268 4140 Qui
2296 4074 2590 4142 seminant,
2620 4074 2821 4145 inquit,
2857 4074 2915 4128 in
2944 4072 3311 4146 lacrymis,in
3342 4071 3540 4144 gaudio

1947 4168 2176 4217 metent.
2214 4162 2424 4217 Euntes
2470 4160 2625 4216 ibant
2670 4168 2724 4215 et
2764 4159 2987 4229 ﬂebant,
3023 4162 3302 4215 mittentes
3331 4160 3543 4215 semina

1949 4266 2079 4318 sua;
2130 4251 2415 4306 venientes
2456 4258 2638 4306 autem
2668 4249 2891 4305 venient
2921 4249 2980 4305 in
3006 4250 3393 4319 exsultatione,
3425 4250 3544 4304 tol-

1950 4340 2124 4396 lentes
2155 4340 2467 4413 manipulos
2495 4356 2623 4397 suos
2659 4341 2831 4413 (Psal.
2863 4356 3030 4408 cxxv,
3055 4341 3134 4411 5).
3170 4365 3187 4389 ι
3230 4338 3544 4395 Eﬁluebant

1951 4436 2104 4498 tunc,
2134 4429 2471 4486 certantibus
2518 4428 2740 4498 sanctis,
2794 4429 3049 4501 lacrymaa
3096 4428 3367 4495 ﬁdelium,
3410 4442 3544 4499 quas

237 4517 504 4585 credunt,
550 4516 856 4573 novissima
896 4514 1029 4570 hora
1058 4519 1348 4567 venerunt.
1400 4509 1645 4565 Diversis
1692 4506 1830 4563 horis

1952 4521 2125 4593 pietas
2153 4523 2505 4595 provocabat,
2555 4521 2730 4579 donec
2757 4520 2955 4577 incerti
2993 4526 3221 4574 eventus
3251 4516 3546 4590 periculosi

246 4612 551 4675 venerunt,
584 4613 637 4662 et
666 4603 972 4661 mercedem
1003 4616 1169 4658 unam
1201 4605 1546 4671 acceperunt.
1598 4596 1688 4653 Sic
1715 4596 1848 4653 facti

242 4704 384 4755 sunt
411 4694 704 4752 novissimi
736 4693 922 4767 primi,
940 4700 995 4748 et
1013 4689 1180 4763 primi
1199 4687 1518 4755 novissimi;
1554 4687 1682 4760 quia
1702 4685 1849 4758 quod

243 4793 582 4858 acceperunt
606 4783 796 4857 primi,
818 4782 926 4838 hoc
954 4787 1282 4852 acceperunt
1309 4776 1599 4834 novissimi
1631 4776 1845 4846 (Matth.

246 4890 354 4944 xx,
375 4873 492 4946 I9).
525 4872 669 4941 Quid
690 4880 771 4929 est
792 4871 908 4944 ipse
929 4869 1190 4926 denarius
1206 4868 1237 4924 ?
1269 4867 1398 4924 Vita
1420 4875 1642 4923 interna.
1674 4866 1852 4931 Quare

251 4962 486 5037 aqualis
517 4971 600 5019 est
648 4958 955 5017 omnibus?
1001 4957 1142 5026 Quia
1186 4956 1263 5012 ibi
1305 4972 1468 5011 nemo
1517 4954 1660 5009 vivit
1705 4953 1847 5024 plus,

252 5066 424 5108 nemo
455 5050 662 5107 minus.
686 5048 773 5105 Ad
800 5048 908 5106 hoc
934 5046 1245 5113 tendamus,
1269 5043 1328 5099 in
1357 5041 1593 5100 Domino
1612 5039 1852 5097 conﬁda-

256 5156 402 5209 mus,
440 5140 615 5195 vitam
645 5136 970 5195 tentationis
1012 5134 1330 5202 evadamus,
1373 5132 1545 5189 vitam
1573 5130 1855 5189 felicitatis

254 5227 580 5286 habeamus.
683 5243 689 5249 '

632 5344 765 5403 Item
797 5344 977 5402 Sermo
1006 5342 1068 5399 de
1094 5357 1200 5397 uno
1226 5345 1482 5411 martyre.

335 5454 387 5511 1.
429 5452 558 5510 Dies
608 5452 893 5520 solemnis,
948 5450 1182 5507 illustris
1237 5449 1354 5505 dies
1403 5445 1616 5520 patriae,
1667 5443 1861 5501 decore

262 5541 515 5615 angelico
543 5541 754 5611 nitens,
799 5538 1101 5598 hodiernus
1128 5536 1359 5608 eﬂ‘ulsit,
1409 5552 1573 5610 quem
1602 5533 1862 5607 martyris

265 5629 435 5705 hujus
464 5630 670 5688 ﬂorens
706 5645 910 5688 corona
948 5628 1196 5686 vestivit.
1240 5629 1384 5684 Dum
1428 5640 1527 5699 per
1557 5623 1718 5678 horas
1746 5622 1864 5678 dies

268 5719 573 5790 evolvitur,
623 5718 758 5778 dum
800 5735 896 5791 per
941 5718 1091 5779 vices
1135 5717 1351 5777 dierum
1392 5730 1457 5777 ac
1501 5713 1771 5784 noctium,
1811 5719 1867 5769 et

1956 4611 2275 4668 certaminis
2321 4626 2429 4683 qua
2475 4619 2780 4683 vergerent,
2825 4617 3165 4682 apparerent.
3216 4604 3547 4662 Excutiebat

1957 4699 2180 4772 injustas
2215 4701 2613 4772 persecutionis
2663 4699 2823 4753 dolor
2868 4695 3248 4752 lamentabiles
3276 4694 3458 4761 ﬂetus,
3496 4700 3549 4748 et

1958 4790 2336 4861 unusquisque
2387 4787 2849 4851 Christianorum,
2883 4783 3030 4856 quod
3078 4784 3136 4837 in
3167 4782 3275 4836 alio
3305 4780 3547 4845 videbat,

1962 4877 2019 4930 in
2054 4892 2111 4932 se
2139 4877 2369 4931 timebat
2394 4894 2407 4941 ;
2440 4884 2494 4930 et
2523 4874 2650 4928 licet
2678 4873 2841 4928 sciret
2872 4872 3045 4926 beatis
3072 4869 3411 4942 martyribus
3441 4871 3552 4941 glo-

1961 4966 2100 5020 riam
2152 4966 2210 5020 in
2258 4964 2413 5020 caelis
2457 4978 2572 5017 esse
2616 4968 2879 5031 paratam,
2926 4969 3113 5016 tamen
3159 4959 3304 5014 inter
3355 4958 3553 5016 dubios

1962 5054 2254 5126 variosque
2293 5052 2495 5119 exitus,
2554 5049 3005 5120 impendentibus
3041 5047 3316 5117 tristibus,
3354 5047 3555 5105 animis

1963 5146 2197 5203 delicata
2223 5142 2460 5200 charitas
2487 5157 2700 5196 amaras
2731 5140 2998 5213 lacrymas
3027 5139 3408 5212 extorquebat.

2035 5262 2089 5319 5.
2130 5259 2290 5316 Ibant
2320 5263 2588 5328 martyres
2618 5261 2829 5321 euntes,
2862 5261 2916 5310 et
2936 5251 3140 5309 ﬂebant
3170 5250 3450 5307 mittentes
3479 5266 3555 5307 se-

1967 5351 2119 5407 mina
2147 5364 2264 5405 sua.
2300 5346 2345 5403 Ο
2376 5361 2540 5419 quam
2569 5352 2721 5400 arcta
2761 5351 2815 5399 et
2841 5351 3068 5416 angusta
3098 5341 3205 5410 via,
3256 5357 3376 5413 quae
3406 5339 3561 5397 ducit

1969 5443 2035 5500 ad
2064 5440 2236 5497 vitam
2263 5440 2274 5495 l
2326 5437 2485 5494 Ibant
2529 5450 2625 5509 per
2651 5434 2852 5491 bestias
2881 5442 2933 5489 et
2964 5434 3278 5501 machaeras,
3328 5448 3423 5504 per
3453 5447 3561 5487 an—

1972 5529 2179 5605 gustias
2206 5534 2262 5583 et
2287 5541 2605 5600 pressuras;
2651 5522 2898 5579 oratione
2940 5521 3154 5590 ﬂentes,
3187 5537 3281 5594 spe
3310 5520 3562 5593 gauden-

1971 5628 2081 5688 tes;
2130 5624 2472 5690 protegentes
2506 5615 2730 5671 interra
2762 5627 2987 5683 corpora
3011 5627 3126 5678 sua,
3164 5611 3319 5682 quasi
3353 5608 3564 5664 semina

1973 5724 2090 5780 sua,
2130 5723 2202 5766 ex
2247 5705 2450 5781 quibus
2506 5702 2836 5778 germinavit
2890 5700 3077 5773 gloriae
3130 5714 3281 5771 seges
3335 5692 3559 5760 aeterna,
