3880 6198
440 362 539 421 751

1444 362 1541 416 AD
1579 360 1814 416 OPERA
1849 359 1905 416 S.
1948 358 2281 416 AMBROSII
2319 357 2697 416 APPENDIX.

3647 355 3750 411 752

428 490 577 550 473
603 492 740 544 tunc
766 487 992 544 venient
1031 487 1090 543 in
1122 483 1491 542 exsultatione
1524 490 1805 556 portantes
1831 482 2021 538 mani-
2049 493 2098 552 Α
2134 481 2254 538 ﬁeri
2284 481 2484 550 voluit,
2513 491 2568 539 et
2590 482 2670 540 sic
2697 481 2904 552 doceri,
2934 496 3004 538 ne
3022 481 3139 538 sine
3165 480 3313 538 bono
3342 494 3516 553 opere
3546 478 3746 537 verba

429 584 589 659 pulos
613 600 761 655 suos,
811 599 938 642 cum
967 585 1026 641 in
1072 584 1471 641 resurrectione
1511 584 1816 656 receperint
1861 582 2022 640 flores

431 696 560 738 suos
591 698 604 737 :
669 704 688 729 ι
734 678 944 748 Justus,
995 677 1198 753 quippe
1227 686 1289 733 ut
1320 678 1500 751 palma
1529 675 1767 746 ﬂorebit,
1798 683 1852 733 et
1879 676 2023 733 sicut

429 769 628 827 cedrus
656 766 717 824 in
747 765 958 823 Libano
989 767 1453 838 multiplicabitur
1484 766 1657 838 (Psal.
1699 783 1812 834 xcr,
1843 765 1956 837 13).
1990 789 2008 812 ι

427 859 614 920 Nescit
644 874 885 931 unquam
919 857 976 912 in
1005 856 1211 913 sanctis
1260 856 1456 914 viridis
1485 857 1649 914 decor
1679 857 1772 912 ille
1803 873 2026 912 marco-

429 967 545 1009 rem
571 968 585 1018 ;
618 949 922 1024 prasertim
952 948 1043 1006 cui
1074 951 1220 1006 Deus
1238 957 1499 1023 tanquam
1532 949 1788 1023 perennis
1821 948 2024 1005 fluvius

429 1039 725 1100 continuos
753 1038 942 1096 latices
971 1047 1025 1095 et
1052 1039 1336 1112 refrigeria
1366 1040 1513 1112 larga
1543 1037 1836 1094 ministrat.
1879 1039 2022 1094 Ecce

427 1127 498 1186 de
527 1145 640 1185 uno
668 1144 836 1202 grano
864 1128 1110 1203 corporis
1147 1127 1381 1197 Christi,
1420 1127 1565 1202 quod
1597 1128 1872 1200 sepultum
1921 1134 2019 1196 est,

426 1226 634 1296 quanta
663 1227 969 1292 martyrum
998 1219 1190 1275 messis
1216 1217 1432 1290 erupit!
1472 1219 1612 1276 Ecce
1641 1217 1709 1276 de
1738 1217 2023 1290 primitiva

427 1310 612 1385 palma
651 1319 870 1385 quanta
926 1317 1357 1367 exsurrexerunt
1403 1309 1778 1367 confessorum
1830 1311 2024 1381 palma

423 1400 683 1459 victrices
708 1401 721 1456 ι
753 1399 798 1456 Ο
829 1397 1114 1473 paradisus
1142 1407 1455 1459 sanctarum
1482 1399 1793 1457 animarum
1821 1397 2025 1456 blanda

425 1505 484 1548 se
512 1489 774 1548 societate
800 1487 1052 1547 miscenti
1078 1489 1091 1545 l

494 1578 548 1637 6.
590 1578 740 1636 Inter
770 1577 871 1636 hos
897 1577 1000 1634 iste
1030 1576 1380 1634 beatissimus
1408 1584 1620 1652 martyr
1649 1575 1814 1636 hodie
1841 1578 2029 1634 valen.

426 1668 535 1728 tior
565 1668 704 1726 festa
732 1675 920 1724 novat.
953 1665 1104 1724 Vicit
1140 1666 1288 1722 enim
1334 1667 1575 1723 moriens
1619 1667 2020 1735 adversarium,

430 1760 533 1836 qui
567 1758 879 1834 pugnabat;
932 1765 986 1815 et
1014 1774 1268 1814 coronam
1314 1757 1381 1814 de
1409 1760 1547 1816 calo
1576 1766 1901 1817 consecutus
1928 1766 2029 1826 est,

2137 589 2260 629 rum
2291 573 2510 629 inutilis
2539 580 2678 629 esset
2706 579 2760 629 et
2787 571 3166 644 superstitiosa
3190 569 3443 642 jactatio.

2207 662 2262 720 2.
2299 663 2495 720 Melius
2529 679 2656 736 ergo
2682 661 2943 720 docemur
2970 661 3136 729 facto,
3164 676 3327 736 quam
3363 675 3539 729 voce;
3572 657 3746 716 deni-

2138 766 2244 825 que
2271 752 2445 810 sancti
2481 763 2748 826 martyres
2771 751 2872 808 etsi
2902 767 3035 809 voce
3062 757 3263 812 tacent.
3297 749 3578 806 factorum
3615 746 3744 803 vir-

2135 848 2255 898 tute
2292 857 2392 898 nos
2436 842 2698 910 edocent;
2746 849 2848 898 ets:
2879 840 3069 913 lingua
3095 839 3278 906 silent,
3312 837 3576 910 martyrii
3609 852 3745 909 pas-

2135 929 2290 986 sione
2337 931 2691 1003 persuadent.
2756 929 2911 987 Unde
2955 927 3209 1003 quamvis
3253 925 3497 984 disertus
3551 933 3742 983 orator

2137 1020 2395 1077 facundia
2446 1037 2544 1077 sua
2590 1037 2676 1076 me
2704 1019 2934 1087 doceat;
2988 1019 3046 1076 id
3075 1029 3259 1076 tamen
3291 1017 3438 1092 quod
3483 1017 3632 1073 utile
3658 1023 3739 1072 est

2135 1109 2295 1177 mihi,
2347 1111 2544 1166 melius
2584 1109 2737 1167 disco
2784 1109 3038 1182 exemplo
3084 1119 3398 1166 sanctorum
3441 1123 3613 1181 quam
3645 1124 3744 1164 as-

2135 1199 2374 1255 sertione
2405 1199 2722 1258 verborum.
2770 1201 2950 1259 Citius
2997 1198 3135 1255 mihi
3189 1197 3524 1272 persuadent
3564 1197 3738 1265 oculi,

2138 1287 2282 1361 quod
2313 1297 2568 1358 cernunt,
2617 1306 2781 1364 quam
2826 1289 2975 1347 auris
3021 1289 3194 1362 possit
3237 1287 3545 1355 insinuare,
3591 1285 3739 1360 quod

2137 1378 2428 1450 prateriit;
2464 1378 2680 1436 auditui
2711 1379 2859 1435 enim
2888 1379 3002 1435 cito
3032 1377 3226 1448 irrepit
3253 1375 3490 1444 oblivio,
3536 1377 3741 1433 oculo—

2137 1482 2259 1522 rum
2290 1476 2472 1524 autem
2521 1467 2754 1525 historia
2798 1483 3013 1541 semper
3056 1465 3366 1540 inspicitur.
3419 1464 3560 1534 Quis
3589 1465 3736 1522 enim

2139 1573 2250 1614 non
2285 1557 2543 1614 omnibus
2571 1557 2723 1614 horis
2755 1558 3156 1630 momentisque
3198 1555 3507 1629 conspiciat
3536 1571 3738 1630 quem-

2139 1647 2435 1704 admodum
2463 1655 2598 1704 tunc
2626 1648 2770 1705 beati
2802 1655 3071 1720 martyres
3100 1653 3322 1720 propter
3342 1661 3554 1702 nomen
3583 1645 3736 1705 Chri-

2139 1737 2212 1793 sti
2243 1737 2477 1794 diversis
2516 1736 2838 1810 subjacuere
2868 1736 3176 1810 suppliciis,
3215 1743 3270 1792 et
3299 1734 3368 1792 de
3397 1735 3538 1808 ipsis
3565 1738 3734 1809 poenis

423 1825 900 1926 qua-pendebat.
949 1849 1236 1908 Gaudeant
1276 1868 1428 1908 nunc
1467 1851 1571 1908 ﬁlii
1616 1849 1682 1907 de
1731 1850 2034 1924 triumphis
2062 1855 2107 1916 Β
2141 1825 2566 1926 (ἶυῄίξάξιῐηφοάοὲ
2594 1826 3061 1926 ῐΐξυῐηρδειὶζόξηῖ
3115 1825 3332 1926 ῼιιξιηῐο
3377 1825 3535 1881 enim
3584 1827 3731 1926 Ph‘m

422 1953 763 2020 martyrum,
795 1953 849 2002 et
880 1945 1114 2020 posteris
1143 1944 1364 2002 tradant
1393 1961 1575 2003 annua
1611 1951 1760 2011 vota,
1791 1959 2025 2038 quorum

420 2043 602 2113 patres
654 2045 710 2094 et
758 2036 896 2094 dura
947 2045 1263 2095 sanctorum
1312 2054 1571 2112 aspexere
1608 2035 1934 2106 certamina,
1960 2035 2026 2097 'et

419 2127 738 2196 vincentum
770 2129 836 2188 la
851 2128 950 2187 tati
979 2136 1111 2187 sunt
1139 2128 1206 2186 de
1235 2143 1457 2186 corona.

1047 2264 1283 2323 SERMO
1312 2262 1428 2353 LX.

724 2363 803 2423 De
829 2360 1011 2422 Natali
1039 2369 1353 2420 sanctorum
1385 2359 1712 2434 Martyrum.

422 2467 489 2533 In
518 2471 632 2528 cod.
669 2471 861 2531 Theod.
887 2470 1197 2527 inscribitur
1225 2469 1306 2524 hic
1331 2485 1522 2539 sermo,
1554 2468 1616 2524 In
1645 2466 1736 2523 die
1765 2464 2018 2539 SS.WAle-

490 2542 711 2613 xandri,
764 2543 989 2620 Eventii
1037 2539 1418 2620 et‘Theodoli,
1477 2538 1590 2595 cum
1638 2545 1807 2595 tamen
1859 2538 2019 2620 iidem

490 2622 757 2683 martyres
792 2616 850 2671 in
877 2614 1136 2671 sermonis
1171 2619 1416 2668 contemtu
1450 2628 1713 2683 nusquam
1749 2614 2016 2683 nominen-

495 2633 637 2672 mare
703 2633 757 2671 es
792 2633 850 2671 ιη
877 2633 1136 2671 sermonis
1171 2633 1416 2668 contemtu
1450 2633 1713 2683 nusquam
1749 2633 2012 2665 nominen-

495 2693 604 2764 t_ur.
637 2633 820 2745 ﬁnito
848 2688 1034 2764 melius
1075 2686 1132 2764 in
1168 2686 1322 2742 Rom.
1355 2685 1477 2764 edit.
1507 2685 1670 2740 eidem
1698 2682 2012 2764 prceﬁgitur,

492 2758 599 2815 Pro
658 2758 941 2816 communi
992 2757 1159 2813 unius
1209 2756 1501 2829 martyris,
1563 2772 1684 2810 cum
1728 2756 1906 2829 omnia
1939 2772 2017 2829 ea:

491 2846 638 2900 (equo
667 2830 782 2900 illic
823 2829 1132 2899 referantur
1175 2827 1248 2882 ad
1287 2824 1780 2900 omnesAmartyres.
1815 2824 2017 2900 Potior

493 2897 568 2954 est
605 2899 770 2968 igitur
797 2897 1033 2955 aliorum
1068 2903 1392 2968 mssratque
1429 2897 1550 2952 edit.
1585 2897 1877 2968 inscriptio.
1927 2897 2012 2954 Ve-

489 2984 616 3039 rum
630 2967 784 3038 ’quod
810 2970 869 3024 in
911 2969 1023 3024 illis
1060 2967 1831 3039 omnibus,_rprarterquamiin
1865 2968 2007 3024 Gall.

491 3037 848 3105 cod.,’sancto
889 3038 1171 3094 Ambrosio
1211 3037 1547 3107 attribuitur,
1580 3037 1711 3095 'non
1760 3039 2011 3094 obscurus

492 3125 649 3183 error
671 3115 766 3180 est,
796 3109 1233 3183 quemadmodum
1250 3127 1325 3183 ea
1351 3109 1462 3180 ejus
1504 3112 1659 3182 stylo,
1690 3127 1780 3165 nec
1810 3127 1917 3165 non
1945 3127 2010 3166 ex

490 3181 716 3311 ἐξῖωἵὲἓ
745 3181 977 3240 sermoni
1011 3182 1082 3240 52
1111 3199 1146 3240 a
1172 3181 1324 3239 nobis
1345 3183 1626 3256 praemissa
1664 3188 1805 3252 sunt,
1840 3188 2011 3254 potest

487 3255 734 3328 intelligi.

494 3377 544 3434 1.
577 3378 633 3434 Si
663 3387 928 3452 quantum
952 3395 1039 3437 me
1067 3395 1284 3439 necesse
1313 3387 1395 3437 est
1423 3378 1625 3448 dicere,
1654 3387 1708 3435 et
1733 3393 1832 3436 vos
1859 3395 2016 3452 opor-

420 3475 498 3525 tet
551 3469 762 3539 audire,
815 3478 1032 3526 tantum
1086 3471 1341 3544 prosequi
1390 3467 1640 3542 corporis
1689 3467 1797 3523 mei
1836 3475 2017 3540 posset

420 3555 736 3623 inﬁrmitas,
771 3558 1016 3627 profecto
1047 3573 1236 3612 omnes
1265 3557 1513 3614 excusati
1544 3571 1806 3623 essemus,
1853 3554 2016 3610 scili-

419 3651 506 3700 cet
560 3657 659 3715 ego
705 3643 1040 3701 insinuando
1096 3653 1464 3717 praceptum,
1521 3661 1621 3699 vos
1665 3642 2015 3716 exsequendo

419 3732 764 3791 mandatum.
805 3734 911 3792 Sed
940 3734 1200 3810 quoniam
1232 3733 1613 3792 imbecillitate
1642 3733 2012 3806 percellimur,

419 3825 720 3900 quominus
763 3833 1030 3901 quantum
1079 3833 1295 3901 oportet
1337 3823 1522 3882 dicere
1560 3823 1860 3892 valeamus,
1905 3839 2014 3880 ex-

416 3924 573 3975 cuset
601 3933 703 3975 nos
731 3919 934 3976 mentis
962 3917 1208 3986 devotio,
1240 3933 1379 3991 quos
1408 3932 1519 3973 non
1550 3922 1778 3972 excusat
1805 3914 2016 3988 pradi—

417 4010 650 4068 cationis
695 4011 906 4080 oratio;
957 4010 1063 4068 hoc
1105 4018 1206 4082 est,
1255 4010 1361 4068 etsi
1400 4027 1433 4066 a
1476 4007 1734 4066 laudibus
1788 4006 2014 4065 Domini

417 4095 607 4170 lingua
651 4115 946 4171 cessamus,
989 4101 1268 4159 mirabilia
1311 4109 1495 4158 tamen
1525 4098 1643 4172 ejus
1672 4097 1801 4154 ﬁdei
1838 4096 2011 4170 operi-

416 4183 524 4242 bus
550 4188 916 4260 approbemus
948 4209 960 4246 :
993 4193 1040 4248 si
1071 4208 1182 4248 non
1222 4191 1506 4266 loquimur
1531 4189 1716 4246 verbis
1743 4188 1862 4262 ejus
1887 4189 2017 4262 glo-

417 4273 580 4345 riam,
612 4275 778 4334 factis
822 4294 1189 4352 exsequamur
1233 4280 1352 4352 ejus
1400 4279 1632 4353 gratiam
1678 4279 1820 4351 (95),
1867 4295 2015 4352 quo-

418 4363 570 4419 niam
616 4363 784 4423 dictis
834 4366 978 4422 facta
1025 4368 1209 4440 priora
1256 4377 1404 4426 sunt.
1453 4369 1590 4425 Nam
1634 4369 1906 4425 Dominus
1952 4369 2009 4424 in

413 4455 719 4528 Evangelio
749 4455 826 4512 ita
869 4455 1008 4515 dicit
1041 4475 1053 4514 :
1106 4482 1125 4505 -
1156 4457 1264 4524 Qui
1304 4458 1496 4514 fecerit
1523 4458 1624 4528 sic,
1655 4474 1888 4531 magnus
1924 4475 2012 4514 vo-

2136 1915 2503 1989 patiebantur,
2551 1923 2705 1972 tanto
2749 1932 2804 1973 se
2853 1914 3342 1974 victoriosissimos
3390 1930 3510 1971 esse
3540 1915 3730 1972 crede-

2133 2004 2294 2072 bant;
2319 2004 2551 2062 victoria
2567 2005 2713 2061 enim
2738 2014 2820 2062 est
2836 2005 3095 2079 martyris
3109 2002 3386 2076 judicium
3409 2019 3728 2078 persequen-

2137 2096 2224 2164 tis,
2265 2095 2406 2153 sicut
2445 2095 2710 2170 scriptum
2750 2104 2868 2153 est:
2934 2120 2953 2144 ι
2997 2097 3067 2154 Et
3095 2095 3287 2152 vincas
3314 2111 3443 2152 cum
3466 2094 3727 2168 judicaris

2135 2187 2311 2261 (Psal.
2344 2205 2396 2256 1.,
2425 2187 2506 2260 6).
2538 2212 2556 2235 ι
2601 2187 2739 2246 Cum
2761 2185 3044 2260 judicatur
3073 2185 3220 2243 enim
3251 2194 3490 2258 martyr,
3523 2194 3579 2243 et
3609 2203 3726 2244 con-

2131 2275 2444 2346 demnatur,
2478 2283 2613 2334 tunc
2651 2276 2830 2333 vincit
2857 2285 3018 2350 atque
3047 2275 3350 2349 prosternit
3383 2293 3397 2331 :
3449 2275 3553 2331 tali
3589 2275 3725 2332 enim

2125 2366 2339 2440 judicio
2370 2384 2481 2424 non
2521 2376 2603 2425 est
2650 2367 2904 2424 addictus
2929 2366 3000 2424 ad
3031 2373 3287 2433 mortem,
3322 2365 3422 2423 sed
3450 2365 3729 2424 absolutus

2128 2456 2195 2513 ad
2225 2457 2468 2530 requiem
2502 2475 2514 2513 :
2563 2474 2628 2515 ac
2652 2473 2748 2531 per
2776 2456 2881 2514 hoc
2920 2455 3367 2513 manifestissime
3403 2456 3610 2513 vicisse
3637 2465 3728 2524 est,

2131 2563 2242 2603 non
2272 2546 2494 2620 perisse.

2201 2638 2255 2694 3.
2299 2637 2525 2696 Constat
2555 2636 2726 2711 igitur
2753 2645 2970 2695 sanctos
3016 2645 3287 2711 martyres
3328 2637 3456 2710 plus
3487 2638 3731 2711 passione

2127 2728 2322 2786 docere
2353 2743 2518 2800 quam
2557 2745 2730 2796 voce;
2780 2745 3094 2802 quanquam
3141 2727 3374 2800 ipsemet
3403 2728 3591 2800 passio
3619 2727 3727 2784 sine

2123 2833 2260 2874 voce
2291 2833 2402 2873 non
2434 2817 2526 2874 sit.
2575 2817 2830 2891 Legimus
2869 2817 3015 2874 enim
3046 2816 3260 2874 animas
3303 2833 3500 2874 eorum
3531 2817 3603 2874 de
3634 2816 3727 2874 sub

2122 2927 2216 2967 ara
2261 2910 2363 2967 Dei
2401 2912 2658 2982 clamare,
2706 2912 2795 2967 vel
2846 2910 3067 2968 dicere:
3134 2933 3154 2957 α
3185 2909 3488 2983 Quousque
3515 2917 3729 2966 sanctus

2129 3007 2183 3056 et
2211 3016 2397 3072 verus,
2429 3017 2543 3057 non
2588 2999 2841 3058 vindicas
2883 2999 3206 3072 sanguinem
3247 3007 3506 3057 nostrum
3543 2999 3724 3072 (Apoc.

2130 3107 2207 3159 v1,
2243 3089 2357 3162 10).
2390 3116 2409 3140 ι
2469 3090 2607 3147 Nam
2645 3097 2702 3146 et
2730 3091 2876 3147 Deus
2905 3088 3042 3146 dicit
3074 3088 3141 3145 de
3175 3088 3448 3162 sanguine
3493 3089 3636 3146 Abel
3665 3087 3727 3145 ad

2121 3179 2256 3239 Cain
2279 3197 2296 3235 :
2323 3185 2472 3244 474
2512 3203 2531 3227 ε
2557 3179 2671 3238 Vos
2693 3178 2984 3252 sanguinis
3007 3178 3194 3235 fratris
3214 3179 3296 3235 tui
3327 3179 3539 3235 clamat
3555 3177 3625 3235 ad
3644 3194 3728 3234 me

2130 3278 2286 3351 (Gen.
2319 3295 2398 3347 Iv,
2437 3277 2548 3350 10).
2583 3303 2602 3328 ι
2646 3277 2896 3336 Clamare
2925 3277 3097 3351 igitur
3125 3277 3334 3334 dicitur
3361 3276 3610 3350 sanguis,
3638 3275 3726 3351 qui

2124 3367 2390 3425 innocens
2421 3368 2627 3425 eﬁ'usus
2666 3375 2766 3436 est,
2812 3384 2923 3425 non
2961 3376 3074 3424 tam
3121 3383 3276 3433 voce,
3329 3382 3499 3441 quam
3549 3382 3723 3425 causa.

2124 3457 2215 3516 Sic
2242 3466 2295 3515 et
2335 3466 2650 3516 sanctorum
2692 3465 2998 3532 martyrum
3041 3459 3242 3514 anima
3278 3456 3548 3526 clamant,
3597 3455 3723 3513 dum

2123 3547 2288 3604 ﬁdem
2319 3555 2482 3621 atque
2512 3547 2889 3605 innocentiam
2920 3563 3074 3605 suam
3096 3545 3352 3605 sensibus
3377 3545 3586 3604 nostris
3613 3545 3723 3619 ipsa

2125 3636 2376 3710 passione
2398 3636 2804 3694 commendant.

2719 3773 2954 3832 SERMO
2984 3774 3128 3831 LXI.

2585 3865 2666 3921 De
2694 3863 2874 3921 Natali
2907 3863 3234 3936 Martyrum.

2123 3973 2215 4030 Ea:
2243 3968 2404 4041 hujus
2431 3971 2689 4027 sermonis
2721 3971 2932 4027 lectione
2959 3969 3311 4043 cognoscimus
3337 3984 3460 4025 eum
3481 3974 3606 4043 post
3632 3985 3717 4025 re-

2194 4043 2568 4098 surrectionem
2601 4043 2935 4099 Dominicam
2973 4042 3209 4098 habitum
3235 4057 3344 4096 esse
3370 4057 3389 4096 :
3435 4042 3543 4113 quo
3573 4043 3716 4113 etiam

2197 4121 2423 4186 tmpore
2463 4115 2522 4170 in
2568 4115 2806 4186 Romano
2853 4113 3156 4186 Breviarioi
3172 4112 3460 4186 recitatur,
3464 4184 3472 4186 _
3505 4114 3596 4168 sed
3629 4112 3716 4168 sub

2195 4183 2465 4242 Ambrosii
2492 4185 2720 4254 nomine,
2758 4203 2877 4241 cum
2908 4191 3078 4241 tamen
3103 4185 3169 4240 ab
3198 4183 3312 4253 ejus
3341 4184 3573 4240 dictione
3602 4186 3717 4240 lon-

2192 4258 2400 4328 gissime
2454 4257 2725 4328 discrepet.
2800 4257 3149 4314 Verisimilius
3199 4256 3274 4311 est
3327 4256 3567 4313 Mari-mi
3593 4272 3714 4320 esse,

2193 4327 2865 4400 quandoquidem’testatur
2897 4327 3200 4384 Gennadius
3228 4344 3345 4400 eum
3374 4328 3716 4400 composuisse

2195 4397 2503 4472 generalem
2562 4400 2812 4456 omnium
2872 4408 3176 4472 martyrum
3233 4397 3578 4472 Homiliam;
3623 4397 3718 4472 cui

2193 4469 2322 4526 addi
2363 4472 2520 4526 etiam
2561 4477 2728 4541 potest
2775 4469 3032 4526 eumdem’
3063 4486 3354 4526 sermonem
3397 4469 3634 4524 inveniri
3667 4472 3718 4522 in

415 4553 632 4613 cabitur
658 4553 718 4610 in
763 4569 931 4626 regno
977 4553 1242 4610 calorum
1287 4554 1498 4625 (Matth.
1542 4573 1598 4623 ν,
1633 4556 1746 4626 19).
1779 4580 1798 4604 ι
1843 4555 2012 4612 Vides

2199 4543 2340 4632 Galli.
2377 4543 2680 4632 cod._
2703 4559 2974 4632 sermones.
2991 4558 3164 4623 omnes
3189 4541 3270 4632 ad
3298 4557 3417 4632 epm
3439 4541 3718 4614 president

415 4659 544 4718 ergo
573 4642 837 4718 quoniam
866 4642 1126 4717 pracedit
1153 4643 1382 4712 factum,
1412 4644 1769 4718 subsequitur
1796 4644 2016 4701 doctri-

415 4748 526 4790 na:
576 4733 858 4806 siqnidem
908 4733 1226 4791 benefacere
1256 4733 1432 4807 prima
1462 4733 1714 4790 doctrina
1741 4742 1841 4791 est.
1876 4733 2017 4791 Ces-

418 4824 670 4882 santibus
698 4824 848 4882 enim
887 4825 1091 4895 verbis,
1143 4826 1248 4882 hoc
1293 4826 1472 4900 ipsum
1521 4828 1682 4884 docet
1729 4825 2014 4884 hominem

416 4930 555 4988 opus
582 4917 878 4987 optimum,
918 4916 1050 4973 dum
1083 4916 1303 4974 videtur
1337 4935 1348 4974 :
1383 4917 1531 4990 quod
1559 4917 1661 4974 etsi
1695 4934 1830 4975 voce
1856 4934 2016 4974 aures

417 5017 530 5060 non
559 5005 786 5074 excitat,
821 5005 1029 5062 virtute
1067 5008 1235 5064 corda
1280 5014 1461 5064 tamen
1493 5008 1832 5081 compungit.
1882 5008 2016 5076 Quis

415 5094 566 5150 enim
597 5092 805 5150 bonum
836 5094 1042 5152 factum
1076 5095 1292 5165 videns,
1323 5111 1433 5152 non
1479 5097 1726 5170 gaudeat,
1763 5098 2012 5165 miretur,

417 5180 690 5251 imitetur,
732 5199 797 5240 ac
834 5182 1007 5239 veluti
1040 5183 1208 5241 tacito
1238 5185 1500 5256 magistro
1533 5187 1649 5257 (96)
1683 5194 1865 5254 utens,
1897 5185 2015 5258 ejus

413 5272 670 5344 exemplo
685 5271 978 5330 doceatur?
993 5274 1168 5331 Dictis
1191 5274 1360 5348 igitur
1382 5275 1523 5332 facta
1543 5277 1878 5348 praecedunt,
1903 5277 2015 5333 imo

413 5361 535 5434 sine
558 5361 717 5418 factis
736 5361 885 5418 dicta
906 5361 1048 5418 nihil
1072 5371 1304 5436 prosunt
1325 5381 1340 5432 ;
1373 5380 1502 5420 nam
1530 5364 1654 5421 ideo
1675 5373 1728 5421 et
1743 5365 2016 5422 Dominus

412 5494 845 5634 ρνὲξίῗζιιοωηθε
873 5495 1033 5564 edit.,
1061 5495 1174 5566 ejus
1197 5497 1464 5569 gloriam;
1493 5513 1683 5556 omnes
1712 5515 1867 5569 mss.,
1901 5497 2014 5568 ejus

629 5634 765 5715 God.
783 5635 985 5715 Lugd,
1006 5654 1070 5715 ac
1087 5639 1228 5695 velut
1245 5639 1324 5695 ita
1342 5639 1443 5696 cito
1463 5640 1718 5713 magistro
1733 5659 1757 5706 ς
1776 5640 2010 5707 Τὴθοᾶο,

414 5716 477 5754 ac
503 5703 660 5756 uelim
690 5704 846 5757 tacito
875 5703 1148 5775 magistro,
1177 5717 1289 5764 etc.

2189 4615 2454 4685 pertinere
2482 4614 2829 4672 Mabillomus
2857 4620 3036 4670 noster
3069 4613 3360 4669 existimat.

2197 4739 2250 4798 1.
2288 4739 2526 4810 Dignum
2582 4746 2637 4795 et
2690 4755 2995 4812 congruum
3043 4746 3144 4807 est,
3215 4738 3435 4808 fratres,
3491 4745 3557 4794 ut
3607 4744 3718 4810 post

2125 4828 2372 4884 latitiam
2401 4827 2546 4884 beati
2579 4828 2793 4901 pascha
2825 4829 2966 4902 (97),
3007 4844 3172 4902 quam
3206 4826 3264 4884 in
3294 4827 3546 4884 Ecclesia
3576 4826 3718 4884 cele-

2124 4917 2427 4985 bravimus,
2476 4917 2672 4990 gaudia
2717 4924 2904 4974 nostra
2952 4934 3078 4974 cum
3127 4916 3334 4974 sanctis
3382 4915 3715 4990 martyribus

2124 5007 2490 5075 conferamus,
2531 5014 2585 5064 et
2632 5007 2701 5062 iis
2729 5006 3125 5063 annuntiemus
3168 5005 3482 5063 Dominica
3533 5021 3713 5062 resur-

2124 5095 2388 5152 rectionis
2441 5095 2691 5168 gloriam,
2747 5095 2842 5168 qui
2893 5101 3178 5152 consortes
3232 5101 3366 5150 sunt
3417 5094 3710 5151 Dominica

2123 5185 2412 5258 passionis.
2445 5184 2550 5251 Qui
2579 5185 2727 5240 enim
2757 5184 2892 5240 socii
2933 5193 3063 5241 sunt
3095 5182 3472 5251 contumelia,
3521 5183 3710 5240 debent

2123 5282 2177 5332 et
2203 5274 2496 5348 participes
2514 5291 2630 5331 esse
2650 5274 2886 5341 latitia;
2919 5273 2996 5329 ita
3021 5271 3169 5329 enim
3193 5272 3330 5329 dicit
3356 5272 3554 5329 beatus
3579 5275 3706 5342 Apo-

2122 5365 2328 5421 stolus:
2373 5387 2393 5411 ι
2423 5363 2576 5420 Sicut
2604 5363 2740 5421 socii
2769 5362 3086 5437 passionum
3109 5361 3260 5430 estis,
3282 5369 3338 5418 et
3366 5358 3704 5417 resurrectio-

2195 5499 2313 5571 (97)
2344 5499 2546 5556 Omnes
2577 5473 2736 5567 edit,
2767 5504 2828 5554 ut
2845 5502 2968 5571 post
2988 5496 3230 5571 latitiani
3249 5495 3465 5571 pascha:
3479 5512 3506 5571 ί
3529 5503 3701 5571 omnes

2121 5561 2345 5643 mss...'..
2405 5571 2541 5627 beati
2567 5561 2807 5643 pascha.
2845 5561 2975 5638 'Sic,
3001 5568 3166 5643 etiam
3215 5561 3360 5643 infra
3409 5561 3698 5643 ubi_edit-,

2120 5641 2408 5698 Dominica:
2429 5636 2655 5715 pascha,
2687 5657 2876 5700 omnes
2905 5636 3061 5709 mss,
3087 5638 3360 5696 Dominici
3380 5636 3602 5710 pascha.
