3880 6198
202 175 307 233 753

1007 175 1377 236 SERMONES
1414 176 1470 234 S.
1511 174 1866 235 AMBROSIO
1905 175 2276 236 HACTENUS
2314 175 2653 235 ASCRIPTI.

3390 175 3494 239 754

183 301 278 359 nis
308 300 465 358 eritis
496 302 586 372 (ΙΙ
611 303 738 360 Cor.
782 318 822 371 1,
853 303 947 373 7);
986 302 1032 358 si
1073 302 1452 370 tolerabimus,
1502 301 1705 376 inquit,
1735 310 1790 358 et
1818 304 1869 364 A
1895 316 2161 374 organum
2210 302 2454 375 corporis
2509 299 2836 374 dissipatum
2887 299 2947 357 in
2996 301 3239 376 priorem
3286 309 3492 363 statum

181 393 642 466 conregnabimus
673 395 762 466 (ΙΙ
810 394 946 450 Tim.
1007 411 1069 463 ιι,
1117 394 1274 467 12).»
1334 394 1440 463 Qui
1480 410 1608 467 ergo
1639 394 1788 450 tole-

182 492 450 540 raverunt
479 484 622 539 mala
655 491 878 557 propter
905 483 1212 552 Christum,
1243 483 1445 540 debent
1471 493 1527 541 et
1555 483 1782 562 gloriam

179 568 388 627 habere
410 587 537 628 cum
567 571 808 630 Christo.

257 667 312 725 2.
367 668 801 737 Annuntiemus,
869 668 1118 743 inquam,
1182 667 1388 726 sanctis
1447 670 1784 742 martyribus

180 755 468 814 Dominici
496 757 709 830 pascha:
739 757 967 830 gratiam
1001 801 1016 825 ,
1043 766 1107 815 ut
1135 757 1268 815 dum
1300 758 1596 831 sepultura;
1626 759 1781 815 illius

173 845 550 920 praedicamus
603 855 839 904 reserata
887 848 1143 916 claustra,
1194 855 1248 904 et
1289 845 1486 903 horum
1534 848 1782 920 sepulcra

176 946 525 1006 reserentur;
550 938 683 996 dum
714 956 911 1013 corpus
937 939 1088 996 illius
1116 947 1395 996 mortuum
1426 937 1663 996 dicimus
1690 945 1783 993 te—

179 1027 446 1101 pentibus
501 1029 659 1084 venis
722 1028 906 1085 subito
975 1028 1248 1101 viguisse,
1312 1027 1511 1084 horum
1562 1043 1781 1102 quoque

181 1116 434 1174 membra
466 1115 580 1190 jam
620 1117 822 1190 frigida
856 1117 1290 1174 immortalitatis
1333 1118 1514 1174 calore
1542 1117 1780 1174 fovean-

178 1214 317 1274 tur;
349 1205 538 1263 eadem
581 1207 731 1264 enim
772 1207 913 1264 ratio
965 1216 1234 1280 martyres
1279 1206 1526 1275 suscitat,
1576 1223 1697 1280 quae
1725 1212 1780 1263 et

172 1294 480 1352 Dominum
507 1295 818 1354 suscitavit.
848 1296 985 1353 Nam
1015 1296 1160 1353 sicut
1185 1295 1334 1352 viam
1374 1295 1643 1368 passionis
1671 1311 1779 1352 ex-

174 1383 325 1457 perti
354 1390 507 1453 sunt,
561 1382 640 1440 ita
669 1383 1024 1458 experientur
1068 1393 1123 1440 et
1169 1385 1330 1451 vitae;
1380 1384 1647 1458 scriptum
1694 1391 1777 1441 est

173 1476 332 1534 enim
380 1476 438 1532 in
493 1477 753 1554 psalmo:
800 1479 1011 1536 «Notas
1066 1476 1208 1535 mihi
1253 1478 1432 1536 fecisti
1485 1479 1602 1535 vias
1645 1478 1775 1536 vita

179 1565 360 1638 (Psal.
413 1583 507 1636 xv,
546 1567 658 1640 11).
690 1592 708 1614 ι
758 1567 873 1624 Hoc
920 1568 1111 1642 utique
1152 1568 1211 1625 in
1266 1567 1663 1625 resurrectione
1701 1583 1772 1624 ex

175 1674 413 1732 persona
457 1658 666 1716 dicitur
683 1658 1002 1728 Salvatoris,
1026 1659 1121 1733 qui
1143 1659 1274 1715 dum
1314 1667 1435 1733 post
1452 1667 1685 1716 mortem
1705 1658 1773 1715 ab
1799 1657 1848 1720 B

173 1748 378 1807 inferis
423 1749 568 1807 redit
609 1750 678 1808 ad
725 1767 971 1824 superos,
1017 1749 1214 1823 incipit
1261 1759 1392 1806 nota
1446 1749 1636 1806 haberi
1683 1749 1775 1806 via

173 1838 310 1896 vita
359 1839 498 1911 (98),
531 1855 650 1912 quas
680 1847 806 1896 ante
849 1855 960 1895 non
1009 1837 1312 1894 habebatur
1346 1857 1360 1908 ;
1409 1839 1594 1912 ignota
1623 1837 1772 1895 enim

169 1935 295 1986 erat
329 1937 456 1986 ante
485 1926 693 1986 Christi
739 1927 1036 1985 adventum
1067 1927 1158 1982 via
1197 1926 1346 1996 vita,
1392 1927 1523 2002 quia
1562 1927 1773 1984 nullius

166 2017 360 2076 adhuc
389 2017 719 2091 resurgentis
738 2017 906 2074 fuerit
933 2016 1064 2073 trita
1088 2016 1341 2088 vestigio.
1367 2017 1442 2074 At
1461 2016 1555 2072 ubi
1583 2015 1771 2073 Domi-

163 2123 282 2165 nus
311 2107 630 2175 resurrexit,
658 2114 788 2163 nota
815 2106 979 2175 facta,
1011 2107 1158 2163 solea
1185 2105 1317 2163 trita
1343 2116 1425 2164 est
1451 2107 1568 2178 (99)
1601 2106 1769 2178 pluri-

163 2214 419 2266 morum,
444 2197 512 2254 de
541 2197 744 2271 quibus
765 2204 987 2254 sanctus
1007 2197 1341 2270 evangelista
1369 2197 1446 2254 ait
1469 2217 1481 2255 :
1523 2221 1543 2244 ι
1573 2198 1768 2254 Multo-

165 2304 302 2346 rum
332 2304 564 2361 corpora
592 2295 909 2346 sanctorum
939 2295 1299 2343 surrexerunt
1327 2303 1452 2343 cum
1481 2304 1566 2355 ΘΟ,
1596 2295 1651 2343 et
1688 2288 1770 2343 in-

168 2378 450 2434 troierunt
480 2377 538 2433 in
565 2387 808 2436 sanctam
831 2376 1111 2434 civitatem
1142 2376 1354 2448 (Matth.
1384 2393 1564 2447 xxvn,
1589 2378 1705 2450 52).
1737 2403 1756 2428 ι

245 2473 300 2531 3.
335 2473 488 2531 Unde
516 2489 641 2530 cum
669 2473 940 2530 Dominus
969 2474 1027 2528 in
1055 2473 1454 2530 resurrectione
1479 2490 1576 2531 sua
1601 2476 1770 2533 dixe-

170 2564 282 2622 rit:
315 2562 524 2621 «Notas
551 2561 693 2618 mihi
723 2561 901 2620 fecisti
931 2561 1050 2618 vias
1079 2560 1207 2619 vitae
1238 2563 1412 2634 (Psat.
1446 2579 1542 2632 xv,
1575 2565 1703 2636 ll);
1738 2591 1756 2614 ι

171 2669 469 2729 possumus
495 2659 549 2709 et
577 2668 679 2709 nos
699 2651 815 2724 jam
863 2653 1046 2710 dicere
1074 2653 1313 2710 Domino
1345 2671 1358 2709 :
1392 2653 1560 2712 Notas
1587 2654 1767 2712 fecisti

173 2741 340 2801 nobis
369 2742 487 2798 vias
515 2741 682 2808 vita;
731 2740 846 2814 ipse
878 2740 1027 2797 enim
1059 2741 1220 2798 nobis
1265 2749 1422 2799 notas
1475 2743 1606 2800 fecit
1649 2745 1767 2802 vias

170 2830 327 2900 vitae,
355 2831 449 2904 qui
479 2829 641 2888 nobis
659 2829 909 2886 semitam
940 2829 1314 2886 manifestavit
1337 2830 1408 2888 ad
1437 2830 1628 2889 vitam.
1660 2832 1764 2890 No-

170 2929 259 2978 tas
289 2919 435 2977 enim
459 2919 597 2976 mihi
626 2919 758 2978 fecit
777 2920 896 2976 vias
922 2919 1070 2988 vitae,
1091 2936 1218 2977 cum
1250 2935 1336 2976 me
1365 2920 1555 2978 docuit
1575 2920 1762 2991 ﬁdem,

1896 411 2192 451 nervorum
2227 411 2416 452 rursus
2443 395 2782 468 coaptaverit
2825 394 3066 452 resoluta
3117 411 3406 472 compago,
3435 405 3492 456 et

1896 483 2241 540 harmoniam
2275 483 2546 540 viscerum
2571 482 2685 557 jam
2715 484 2971 541 silentem
3003 485 3062 541 in
3090 495 3330 542 veterem
3359 502 3489 544 con-

1895 579 2119 629 centum
2151 571 2390 643 Spiritus
2440 571 2730 628 viviﬁcans
2757 571 3108 630 animaverit.
3169 573 3491 633 Sacerdotes

1895 680 2023 736 ergo
2075 661 2395 735 praedicent,
2429 678 2548 734 quae
2601 661 2852 718 Salvator
2878 671 3000 736 post
3025 665 3487 723 resurrectionem

1893 752 2169 809 mirabilia
2217 750 2442 823 gesserit
2469 751 2537 807 ad
2593 766 2818 822 superos
2859 769 2871 807 :
2921 759 3190 825 martyres
3219 756 3486 826 revolent,

1893 849 2096 913 quanta
2125 840 2185 897 in
2216 840 2333 914 ipsa
2362 845 2539 895 morte
2585 837 2870 911 refrigeria
2897 847 3151 912 operatus
3178 841 3250 898 sit
3290 842 3350 900 in
3379 842 3487 901 de-

1893 929 2119 986 functis.

2379 1049 2527 1107 475
2558 1041 2793 1102 SERMO
2814 1045 2984 1103 LXII.

1960 1140 2039 1196 De
2063 1138 2264 1197 bellico
2293 1141 2561 1210 tumultu,
2588 1158 2685 1200 seu
2713 1159 2812 1215 pro
2841 1144 3122 1202 communi
3155 1146 3483 1220 Martyrum.

1886 1238 2036 1313 Hupc
2081 1253 2368 1313 annonem
2423 1255 2540 1313 cum
2589 1239 2716 1296 aliis
2775 1241 2995 1313 duobus,
3051 1259 3279 1313 quorum
3318 1261 3487 1302 unum

1956 1309 2184 1366 lio-mani
2235 1310 2458 1384 editores
2491 1311 2546 1365 in
2567 1317 2698 1384 tom.
2721 1313 2753 1368 Ι
2781 1312 2942 1384 Oper.
2980 1309 3184 1371 'Amhr.
3240 1317 3482 1374 colloca-

1956 1387 2165 1446 verunt,
2217 1382 2356 1437 alter
2407 1399 2528 1437 vero
2559 1383 2696 1438 inter
2725 1382 2985 1441 sermo-nes
3034 1387 3202 1442 sancti
3257 1387 3486 1445 Maximi

1946 1450 2339 1539 iuvamus
2386 1459 2477 1534 est»
2511 1453 2939 1539 huimfatris
2963 1473 3051 1539 ,ξω
3078 1474 3225 1539 ωφιέρ
3253 1476 3359 1539 βεδε
3385 1477 3485 1539 αε-

1954 1523 2086 1578 truit
2119 1524 2475 1602 Haemonius
2510 1533 2688 1581 noster
2726 1529 2873 1584 Tom.
2903 1530 2936 1585 Ι
2963 1523 3147 1602 Musei
3170 1531 3291 1586 Ital.
3318 1538 3474 1602 part.

1953 1611 2016 1660 Il,
2041 1612 2166 1666 pag.
2203 1596 2258 1652 5.
2290 1597 2356 1653 Id
2391 1603 2525 1653 certe
2561 1614 2678 1652 cum
2709 1615 3006 1655 sermonum
3030 1600 3210 1666 dictio,
3249 1596 3359 1657 tum
3399 1603 3485 1659 ci-

1957 1671 2086 1744 ιαωῇ
2131 1669 2240 1723 loco
2287 1667 2518 1744 iudicato
2574 1671 2865 1744 auctoritas
2943 1671 3204 1744 Gennadii
3262 1675 3485 1744 pulchre

1869 1745 1889 1766 ‘
1953 1738 2250 1809 conﬁrmat.
2302 1740 2561 1824 gwterum
2611 1741 2751 1821 quod
2791 1742 2944 1824 139m.
2985 1742 3108 1796 edit.
3141 1738 3282 1824 hunc
3305 1744 3483 1824 ipsum

1953 1824 2264 1885 sermouem.
2301 1811 2408 1885 Ero
2459 1810 2748 1885 communi
2809 1812 3137 1885 Martyrum
3169 1810 3484 1885 inscriptum

1952 1881 2199 1956 coluerit,
2229 1882 2388 1956 nulla
2422 1898 2521 1936 cur
2548 1882 2643 1937 hoc
2685 1881 2903 1956 faceret,
2935 1881 3077 1956 ratio
3105 1883 3213 1956 fuit
3233 1902 3254 1949 ;
3277 1881 3480 1956 proin-

1952 1951 2117 2021 deque
2151 1951 2330 2022 aptius
2367 1953 2508 2008 inter
2560 1969 2821 2008 sermones
2870 1955 2949 2010 De
2992 1951 3239 2012 Diversis
3277 1951 3378 2012 sub
3421 1973 3480 2013 eo

1953 2023 2105 2078 titulo
2131 2039 2283 2100 quem
2312 2023 2367 2078 in
2395 2029 2508 2100 ant.
2541 2025 2665 2080 edit.
2713 2042 2774 2080 ac
2803 2040 2926 2082 mss.
2951 2023 3198 2098 praefert,
3231 2027 3286 2083 in
3308 2034 3479 2100 posts-

1950 2110 2074 2149 rum
2103 2094 2206 2150 erit
2233 2095 2502 2151 locandus.

1955 2206 2004 2262 1.
2039 2205 2224 2264 Movet
2280 2205 2510 2264 fortasse
2563 2223 2686 2276 vos,
2733 2208 2949 2280 fratres,
3005 2209 3153 2284 quod
3203 2212 3478 2270 tumultus

1878 2293 2150 2352 bellorum
2199 2305 2253 2352 et
2298 2295 2642 2353 incursiones
2691 2300 3008 2370 praeliorum
3054 2300 3174 2358 ﬁeri
3221 2301 3479 2360 audimus

1878 2383 2096 2441 assidue
2119 2401 2131 2440 :
2165 2392 2219 2440 et
2245 2400 2344 2442 cur
2359 2386 2562 2443 nostris
2577 2387 2922 2461 temporibus
2944 2387 3100 2458 ﬁant,
3121 2390 3476 2450 dilectionem

1879 2480 2118 2530 vestram
2148 2472 2374 2530 fortasse
2406 2475 2528 2548 plus
2567 2483 2806 2532 moveat.
2857 2476 2964 2533 Sed
3006 2475 3124 2535 haec
3161 2495 3323 2537 causa
3370 2487 3476 2551 est,

1878 2560 2009 2635 quia
2037 2569 2244 2634 quanto
2283 2563 2456 2633 magis
2507 2562 2750 2636 proximi
2775 2580 2968 2622 sumus
2997 2566 3190 2623 mundi
3229 2567 3472 2638 excidio,

1876 2659 2032 2707 tanto
2079 2650 2251 2724 magis
2292 2667 2458 2723 regno
2504 2651 2586 2723 (2)
2626 2667 2820 2709 sumus
2883 2654 3125 2726 proximi
3153 2655 3471 2715 Salvatoris.

1877 2742 1996 2815 Ipse
2025 2740 2174 2797 enim
2206 2741 2476 2797 Dominus
2516 2741 2614 2811 ait,
2664 2741 2813 2815 quod
2842 2743 2910 2800 irr
2931 2745 3251 2803 novissimis
3277 2745 3474 2805 diebus

1891 2855 1908 2878 ι
1933 2830 2210 2903 Exsurget
2253 2837 2386 2902 gens
2433 2829 2697 2886 adversus
2742 2838 2979 2904 gentem,
3010 2841 3065 2890 et
3108 2850 3333 2907 regnum
3365 2835 3474 2894 ad-

1874 2935 2066 2976 versus
2095 2934 2324 2992 regnum
2348 2919 2546 2991 (Marc.
2585 2934 2712 2987 xm,
2742 2919 2800 2992 8)
2828 2937 2843 2989 ;
2877 2945 2896 2970 ι
2937 2929 2992 2978 et
3036 2922 3171 2980 alibi
3203 2940 3216 2981 :
3283 2947 3303 2972 ι
3331 2924 3470 2983 Cum

178 3011 637 3079 misericordiam,
666 3009 963 3083 justitiam,
1012 3010 1318 3067 castitatem
1344 3011 1466 3083 (l);
1498 3010 1588 3069 his
1614 3012 1763 3070 enim
1796 3021 1840 3083 ί]
1875 3007 2127 3065 videritis
2172 3007 2338 3077 bella,
2383 3015 2438 3064 et
2473 3015 2633 3064 terrai
2677 3015 2882 3079 motus,
2938 3016 2993 3068 et
3034 3011 3226 3082 fames,
3270 3013 3469 3072 scitote

162 3101 490 3178 pervenitur
519 3099 816 3171 itineribus
863 3099 932 3155 ad
959 3100 1236 3156 salutem:
1275 3107 1328 3156 et
1375 3100 1502 3158 licet
1549 3119 1649 3158 nos
1698 3102 1757 3160 in

158 3190 502 3249 resolutione
523 3188 770 3260 corporis
797 3187 994 3246 mortis
1011 3188 1206 3245 umbra
1227 3189 1549 3258 circumdet,
1573 3197 1758 3248 tamen

156 3297 377 3354 gressus
407 3295 536 3336 suos
567 3277 683 3336 vita
729 3294 840 3334 non
870 3278 1074 3335 deserit
1105 3295 1118 3334 ε
1151 3278 1244 3336 sed
1288 3280 1432 3334 inter
1461 3279 1606 3352 ipsas
1635 3297 1759 3336 me-

156 3368 282 3428 dias
313 3368 520 3426 inferni
586 3369 731 3441 leges
783 3367 1168 3426 incunctanter
1205 3366 1412 3427 Christi
1456 3368 1758 3428 virtutibus

154 3459 530 3517 ambulamus.
563 3457 718 3516 Unde
733 3457 812 3516 ait
840 3468 1058 3518 sanctus
1088 3457 1393 3531 Propheta:
1427 3477 1454 3510 «
1486 3460 1624 3516 Nam
1654 3459 1758 3518 etsi

154 3548 516 3608 ambulavero
545 3547 604 3604 in
652 3546 834 3604 medio
882 3548 1091 3604 umbrae
1124 3546 1336 3616 mortis,
1384 3563 1497 3604 non
1546 3547 1754 3605 timebo

155 3639 325 3707 mala,
357 3637 617 3712 quoniam
649 3644 711 3693 tu
741 3653 954 3694 mecum
982 3652 1040 3694 es
1071 3637 1245 3708 (Psal.
1279 3653 1423 3706 xxn,
1445 3636 1525 3707 4).
1545 3659 1564 3686 ο
1597 3636 1757 3706 Quod

157 3727 512 3786 manifestius
557 3727 828 3784 Dominus
872 3727 950 3783 ait
999 3726 1068 3784 de
1116 3726 1290 3797 ﬁdeli,
1326 3726 1552 3784 dicens:
1599 3752 1619 3776 ι
1649 3727 1754 3796 Qui

155 3825 345 3875 autem
375 3816 552 3876 credit
568 3817 626 3874 in
647 3832 754 3886 me,
778 3833 889 3874 non
910 3816 1176 3874 morietur
1195 3817 1254 3874 in
1273 3826 1541 3876 aeternum
1565 3819 1752 3890 (Joan.

154 3924 238 3976 ιι,
269 3907 385 3978 26).
419 3931 438 3957 ι
477 3907 548 3963 Et
574 3906 702 3964 licet
731 3906 1017 3976 moriatur,
1050 3906 1219 3963 vivet.

229 4004 284 4062 4.
315 4006 484 4077 Ergo,
531 4005 749 4070 fratres,
779 4021 904 4061 cum
938 4004 1143 4063 sanctis
1171 4005 1754 4080 martyribus-paschae

152 4095 382 4152 Domini
412 4094 639 4167 gloriam
671 4095 1016 4152 conferamus
1051 4114 1062 4153 :
1099 4096 1466 4166 conferamus,
1501 4098 1753 4172 inquam,

152 4194 210 4244 et
239 4185 370 4243 licet
391 4185 589 4242 melius
617 4186 876 4242 noverint
903 4186 1110 4254 omnia,
1141 4195 1322 4244 tamen
1351 4203 1452 4244 nos
1477 4187 1592 4246 illis
1622 4203 1752 4261 prai-

156 4275 411 4333 dicamus
439 4275 901 4350 quemadmodum
945 4276 1214 4333 Dominus
1257 4276 1324 4332 de
1351 4276 1592 4347 sepulcri
1623 4293 1753 4350 gre-

1869 3099 2132 3174 quoniam
2156 3098 2214 3156 in
2237 3098 2492 3172 proximo
2506 3107 2587 3156 est
2601 3115 2830 3174 regnum
2851 3101 2950 3160 Dei
2977 3102 3128 3176 (Luc.
3153 3119 3273 3175 xxi,
3296 3104 3414 3179 31).
3433 3130 3453 3156 ι

1866 3189 2013 3262 Ergo
2044 3190 2304 3249 vicinitas
2330 3191 2434 3248 ista
2480 3189 2751 3248 bellorum
2801 3191 3052 3251 vicinum
3103 3195 3276 3268 magis
3306 3196 3467 3255 nobis

1867 3281 2151 3340 Christum
2186 3298 2303 3339 esse
2345 3282 2703 3342 demonstrat.
2739 3285 2921 3359 Atque
2975 3285 3101 3344 ideo
3151 3287 3466 3346 venientem

1865 3371 2243 3428 adversarium
2277 3371 2473 3428 timere
2504 3387 2616 3429 non
2662 3371 2859 3440 debeo,
2892 3373 3021 3449 quia
3039 3391 3137 3449 per
3164 3375 3284 3434 haec
3311 3377 3468 3451 signa

1866 3462 2056 3521 venire
2083 3461 2266 3536 potius
2302 3461 2558 3535 intelligo
2587 3462 2926 3520 Salvatorem
2962 3483 2977 3532 ;
3033 3465 3288 3538 quamvis
3314 3467 3462 3524 enim

1867 3551 1969 3609 iste
1990 3559 2199 3609 metum
2228 3550 2463 3608 incutiat
2496 3552 2871 3624 temporalem,
2897 3552 2989 3609 ille
3017 3560 3202 3610 tamen
3229 3555 3465 3613 salutem

1865 3647 2067 3704 deserit
2119 3646 2507 3719 sempiternam
2565 3645 2671 3718 (3).
2732 3645 2934 3704 Potens
2961 3653 3042 3704 est
3078 3654 3260 3705 autem
3316 3647 3463 3707 idem

1863 3737 2152 3805 Dominus,
2179 3744 2238 3792 ut
2265 3743 2320 3792 et
2347 3733 2602 3791 hostilem
2633 3750 2666 3790 a
2712 3733 2874 3792 nobis
2922 3736 3152 3809 repellat
3179 3752 3462 3811 pavorem,

1863 3836 1918 3884 et
1941 3841 2095 3882 suam
2126 3824 2285 3881 nobis
2315 3823 2662 3898 praesentiam
2696 3822 2980 3894 largiatur.

1934 3915 1987 3972 2.
2016 3915 2119 3971 Per
2147 3913 2248 3970 hos
2273 3913 2442 3986 igitur
2461 3912 2735 3969 bellorum
2765 3910 3040 3968 tumultus
3068 3911 3262 3970 mundi
3292 3913 3463 3988 quod-

1862 4011 1988 4067 dam
2017 4007 2360 4081 signiﬁcatur
2380 4003 2659 4061 excidium
2688 4021 2702 4071 ;
2734 4003 2984 4060 futurum
3011 4003 3159 4061 enim
3183 4005 3462 4078 judicium

1864 4096 1982 4154 haec
2010 4093 2335 4169 inquietudo
2364 4091 2641 4166 praecedit.
2675 4091 2776 4150 Est
2798 4101 2981 4149 autem
3002 4093 3277 4168 quoddam
3313 4113 3462 4155 com-

1863 4183 2189 4241 monitionis
2222 4181 2303 4253 (li)
2337 4179 2603 4238 indicium
2639 4179 2763 4252 Dei,
2816 4179 3004 4240 videre
3032 4183 3180 4258 quod
3208 4192 3458 4255 metuas;

1862 4283 1923 4332 ut
1953 4273 2129 4348 possis
2179 4271 2490 4342 intelligere
2552 4271 2676 4345 plus
2703 4287 3003 4346 superesse,
3052 4274 3198 4348 quod
3227 4283 3458 4334 metuas.

155 4365 273 4422 mio
303 4366 669 4423 resurrexerit
695 4366 763 4422 ad
792 4382 1036 4440 superos.
1068 4366 1155 4422 Illi
1179 4365 1340 4422 nobis
1369 4368 1614 4423 revolent
1643 4383 1751 4440 quo
1784 4391 1831 4449 ι)
1861 4369 2003 4423 Dum
2036 4363 2185 4421 enim
2227 4361 2372 4420 cauti
2403 4378 2596 4419 sumus
2618 4363 2686 4420 ad
2725 4378 2808 4434 ea,
2837 4380 2958 4438 quae
2983 4366 3285 4438 cernimus,
3317 4384 3461 4427 cau-

153 4465 316 4531 pacto
344 4456 414 4514 de
431 4456 634 4514 inferni
653 4457 928 4530 profundo
950 4457 1274 4514 remeaverit
1297 4457 1366 4514 ad
1390 4459 1709 4532 sepulcrum
1734 4477 1746 4515 :

154 4553 376 4616 notum,
413 4545 662 4620 inquam,
706 4546 867 4604 nobis
918 4547 1124 4603 faciant
1175 4547 1636 4620 quemadmodum
1691 4548 1749 4605 in

151 4636 414 4695 exanime
433 4635 550 4708 jam
587 4653 786 4710 corpus
837 4643 892 4693 et
947 4634 1210 4708 frigidum
1255 4651 1369 4693 sese
1413 4637 1563 4693 calor
1600 4637 1752 4695 insi-

152 4725 438 4794 nuaverit,
467 4726 697 4798 spiritus
738 4726 1045 4800 ingesserit,
1091 4726 1315 4796 sanguis
1361 4726 1648 4796 infuderit,
1695 4734 1750 4784 et

151 4816 359 4888 gelatas
389 4814 622 4872 humore
662 4831 830 4872 venas
860 4814 1079 4887 pristini
1112 4814 1318 4886 vigoris
1345 4816 1537 4886 pulsus
1565 4816 1749 4888 agita-

151 4903 335 4972 verit;
369 4912 585 4973 notum,
609 4904 856 4977 inquam,
879 4903 1038 4960 nobis
1056 4903 1262 4962 faciant
1285 4905 1746 4978 quemadmodum

223 5041 346 5113 (98)
380 5043 460 5098 Ita
482 5057 610 5097 mss.
629 5039 884 5113 _Valliscl.
904 5045 959 5094 et
987 5036 1274 5113 Theodd.g;
1297 5037 1439 5113 edit.
1462 5054 1592 5093 vero
1617 5055 1742 5095 cum

1861 4456 2030 4513 tiores
2082 4453 2148 4512 ad
2179 4452 2276 4509 illa
2331 4452 2622 4520 eﬁicimur,
2658 4469 2780 4527 quae
2812 4470 3114 4528 speramus.
3147 4457 3250 4514 Vir
3275 4465 3458 4516 autem

1862 4545 2077 4619 sapiens
2105 4541 2194 4600 his
2221 4541 2436 4600 actibus
2464 4542 2699 4601 terrenis
2747 4541 3064 4612 instruitur,
3094 4545 3462 4618 quemadmo-

1858 4636 1991 4692 dum
2031 4634 2204 4691 futuri
2234 4634 2420 4692 saeculi
2450 4632 2645 4690 debeat
2675 4632 2951 4689 declinare
2973 4631 3249 4703 judicium
3285 4651 3300 4691 :
3327 4633 3461 4691 dum

1859 4727 2005 4783 enim
2038 4724 2299 4798 perspicit
2355 4723 2413 4780 in
2461 4721 2567 4780 hac
2599 4721 2880 4778 communi
2911 4720 3323 4793 perturbatione
3353 4724 3462 4797 pri-

1859 4833 2037 4872 mores
2081 4814 2232 4870 viros
2273 4813 2351 4884 (ὅ)
2401 4811 2668 4868 tuitiones
2718 4812 2772 4865 in
2822 4808 3100 4866 mmnihus
3137 4826 3460 4883 praeparare.

1857 4906 1971 4978 ipse
2009 4901 2139 4960 adm
2157 4907 2360 4957 onetur
2387 4896 2854 4972 quemadmodum
2884 4896 2942 4954 in
2972 4897 3160 4954 futura
3181 4899 3462 4959 eversione

1853 5036 1992 5094 ximi
2017 5052 2200 5092 sumus
2226 5053 2263 5092 a
2305 5032 2492 5090 mundi
2533 5029 2761 5100 excidio,
2801 5037 2950 5091 tanto
2999 5033 3168 5107 magis
3200 5055 3237 5094 a
3281 5054 3462 5110 regno,

151 5109 254 5171 ms.
312 5109 513 5184 Lugd.,
545 5111 638 5182 qui
665 5111 793 5165 dum
832 5112 1037 5184 (Rom,
1071 5118 1130 5184 ut
1155 5109 1425 5184 quidam)
1441 5115 1562 5180 post
1588 5127 1745 5165 mor—
1854 5118 1958 5167 etc.

377 5181 601 5256 incipiat
628 5188 806 5256 notam
832 5183 1020 5256 habere
1044 5181 1350 5256 viiampitc‘e.

1926 5181 2015 5254 (3),
2037 5183 2117 5238 Ita
2145 5195 2301 5248 mss.,
2332 5193 2523 5234 omnes
2564 5192 2696 5234 vero
2728 5176 2863 5236 edit.
2909 5178 3012 5237 ille
3063 5186 3236 5240 tamen
3273 5182 3466 5240 deserit

223 5257 345 5328 (99)
379 5251 583 5313 Omnes
614 5252 748 5310 edit.
781 5261 833 5310 et
861 5253 1035 5311 codex
1066 5253 1262 5325 Lugd.,
1283 5251 1463 5323 fuerat
1495 5257 1744 5308 temerata
1851 5251 2246 5380 semfiternum.

223 5329 434 5392 rtigio...
465 5333 592 5383 nota
611 5325 756 5392 facta
786 5328 897 5382 solo
927 5326 1117 5382 attrita
1144 5330 1238 5392 est,
1266 5331 1370 5381 etc.
1401 5341 1415 5390 ;
1452 5340 1581 5380 mss.
1615 5324 1740 5382 ναι·
1923 5325 1943 5392 (
1986 5325 2004 5392 )
2032 5323 2217 5382 Codex

149 5324 764 5410 ρρςςὶέῃὶο.,λλιοιαλὶιεςα⁸
786 5328 897 5410 solo
927 5326 1117 5410 attrita
1144 5324 1238 5394 est,
1266 5331 1370 5381 etc.
1401 5341 1415 5390 ;
1452 5340 1581 5380 mss.
1615 5324 1740 5382 Val-

151 5397 294 5457 liscll
327 5416 394 5456 ac
421 5397 628 5454 Theod.
664 5404 726 5452 ut
749 5397 808 5452 in
834 5405 1010 5455 textu.

251 5471 305 5544 1)
340 5469 528 5529 Codex
555 5467 828 5535 Valliscl.,
848 5469 1135 5538 justitiam,
1165 5467 1510 5525 sanctitatem.

221 5473 306 5614 (2)
337 5540 476 5602 Cod.
525 5539 726 5614 Lugd.,
771 5541 872 5598 Sed
909 5543 1017 5600 tunc
1047 5557 1210 5599 causa
1249 5545 1343 5608 est,
1373 5555 1510 5612 quan

247 5539 306 5614 2)
337 5540 476 5602 Cod.
525 5539 726 5614 Lugd.,
771 5541 872 5598 Sed
909 5543 1017 5600 tunc
1047 5557 1210 5599 causa
1249 5545 1343 5608 est,
1373 5543 1569 5612 quanto
1599 5555 1738 5610 pro-

1986 5325 2004 5404 )
2032 5323 2217 5404 Codex
2247 5321 2442 5404 Lugd.,
2471 5323 2738 5404 quoddam
2765 5324 3141 5404 commotionis.

1926 5396 2246 5476 (5).Omnes
2267 5395 2425 5464 edit.,
2444 5395 2654 5468 priores
2679 5395 2856 5451 viros:
2890 5396 3071 5470 aptius
3111 5413 3242 5468 ms.,
3259 5399 3465 5472 prime»

1851 5486 1934 5525 res
1973 5483 2118 5522 υινοσ
2125 5508 2138 5522 .
