3880 6198
431 208 536 267 755

429 339 625 400 mundi
656 337 1035 396 defensionem
1066 336 1397 395 Christianis
1425 345 1691 411 praeparet
1716 336 2024 396 animabus.
2057 340 2109 401 Α

432 432 723 507 Cernimus
764 430 968 487 armari
1012 430 1259 486 civitatis
1307 438 1509 503 portas,
1554 429 1815 510 debemps
1861 430 2027 485 etiam

430 526 584 600 prius
628 523 683 579 in
716 522 877 579 nobis
923 529 1108 593 portas
1156 537 1365 576 armare
1409 520 1641 592 justitize
1676 539 1687 576 :
1722 528 1853 575 sunt
1879 521 2029 578 enim

430 624 601 690 portae
627 606 883 685 justitim,
911 611 978 667 de
1012 610 1213 683 quibus
1268 617 1489 667 sanctus
1533 610 1802 682 Propheta
1834 610 1981 667 dixit
2012 629 2025 669 :

444 730 461 751 ι
492 705 717 777 Aperite
771 701 911 757 mihi
971 707 1156 772 portas
1196 699 1447 770 justitiae,
1499 707 1551 755 et
1597 700 1808 773 reliqua
1850 701 2025 771 (Psal.

445 812 621 861 cxvu,
655 792 764 863 19).
799 816 817 839 ι
871 789 1026 845 Tunc
1079 796 1258 843 autem
1305 788 1548 844 civitatis
1603 796 1760 861 porta
1814 789 2031 846 munita

432 899 549 937 esse
579 880 796 955 poterit,
831 896 873 933 sn
924 878 1078 949 prius
1110 876 1165 931 in
1193 877 1352 932 nobis
1402 886 1572 949 portae
1620 876 1855 949 justitiaa
1895 894 2029 933 mu—

429 971 679 1027 niantur.
710 968 977 1025 Caeterum
1020 967 1161 1022 nihil
1192 967 1413 1040 prodest
1444 985 1631 1024 muros
1660 968 1876 1023 munire
1906 984 2027 1040 pro-

430 1078 542 1133 pug
590 1058 785 1125 aculis,
819 1065 873 1112 et
920 1058 1092 1112 Deum
1130 1073 1428 1128 provocare
1461 1056 1715 1129 peccatis.
1749 1057 1849 1113 Illa
1876 1057 2025 1113 enim

433 1147 796 1206 constituitur
825 1146 988 1213 ferro,
1021 1145 1170 1202 saxis
1206 1155 1260 1202 et
1305 1145 1567 1212 sudibus;
1620 1146 1737 1202 haec
1783 1153 2029 1201 armatur

431 1235 833 1302 misericordia,
895 1233 1234 1303 innocentia,
1284 1235 1577 1290 castitate:
1641 1234 1737 1289 illa
1786 1233 2026 1289 telorum

431 1324 792 1382 multitudine
820 1324 1151 1392 custoditur,
1196 1324 1314 1381 haec
1364 1324 1673 1379 orationum
1719 1322 2028 1396 frequentia

431 1414 767 1472 defenditur.
808 1415 877 1469 Et
899 1413 967 1469 ad
998 1414 1211 1486 plenam
1242 1413 1535 1470 tuitionem
1587 1412 1813 1469 urbium
1842 1419 2027 1485 portas

431 1504 745 1577 principum
766 1505 944 1559 solent
963 1506 1115 1575 signa
1136 1503 1439 1575 praecedere
1464 1523 1475 1560 :
1509 1504 1818 1560 animarum
1839 1513 2023 1559 autem

433 1600 712 1666 portarum
744 1600 958 1648 nostras
985 1591 1202 1663 signum
1233 1591 1532 1647 Salvatoris
1561 1593 1843 1664 anticipet.

1456 210 1551 263 AD
1592 208 1827 265 OPERA
1865 208 1920 264 S.
1952 205 2283 267 AMBROSII
2324 207 2701 267 APPENDIX.

3644 210 3753 268 756

2693 355 2929 416 SERMO
2967 357 3157 417 LXIII.

2135 466 2214 523 De
2241 480 2401 522 servo
2427 462 2771 523 centurionis
2791 464 2875 592 gn
2903 464 3225 592 iiIvangelio,
3253 464 3317 523 in
3372 462 3748 524 dedicatione

2838 553 2919 593 831
2947 553 3063 594 ωδ.

2136 680 2235 737 Hic
2283 698 2452 737 sermo
2496 680 2555 736 in
2591 681 2912 738 dedicatione
2960 682 3184 739 ecclesia
3213 682 3428 739 habitus
3483 685 3749 755 cognosc?

2208 760 2314 821 tur,
2347 755 2435 809 sed
2486 760 2679 825 prater
2722 755 2918 825 stylum
2941 755 3008 811 ab
3036 754 3392 811 Ambrosiam
3450 754 3752 811 abhorren-

2210 832 2328 891 tem,
2354 831 2403 880 et
2438 826 2659 881 Paulini
2698 826 2761 881 de
2805 826 2904 880 hac
2945 826 3269 882 dedicatione
3297 826 3597 895 silentium,
3633 845 3748 883 cum

2207 914 2369 969 neque
2417 896 2479 952 de
2532 896 2771 969 reliquiis
2798 896 2916 952 illic
2959 897 3183 965 detectis,
3234 915 3399 969 neque
3454 898 3522 953 de
3549 900 3748 954 sanctis

2206 968 2433 1037 ejusdem
2464 968 2709 1023 Basilica:
2727 970 2974 1095 patronis
3001 968 3580 1039 quidquam’dicatur,
3614 971 3748 1027 hanc

2206 1040 2639 1095 consecrationem
2689 1059 2722 1095 a
2801 1040 3080 1095 Ambrosio
3125 1041 3443 1095 celebratam
3499 1058 3748 1095 nonas:

2205 1040 2639 1095 consecrationem
2689 1040 2756 1096 ab
2801 1040 3080 1095 Ambrosio
3125 1041 3443 1096 celebratam
3499 1058 3749 1099 nonas:

2205 1112 2413 1195 abunde
2432 1118 2593 1182 patet.
2636 1112 2824 1168 Verum
2874 1128 3039 1195 neque
3061 1129 3098 1167 a
3130 1129 3249 1195 quo
3282 1115 3543 1195 prauis,
3580 1131 3745 1195 nequ

2205 1200 2310 1254 quo
2347 1185 2477 1257 loco,
2528 1200 2690 1257 neque
2734 1198 2839 1257 quo
2871 1189 3097 1255 tempore
3142 1182 3301 1256 facta
3335 1183 3535 1257 fuerit,
3580 1182 3745 1257 huius

2205 1253 2463 1311 sermonis
2491 1254 2648 1310 series
2669 1253 2873 1326 prodit.

2209 1416 2260 1473 1.
2284 1415 2541 1489 Legimus
2571 1415 2629 1473 in
2645 1422 2846 1474 sancto
2888 1417 3218 1491 Evangelio,
3247 1434 3376 1475 cum
3397 1419 3744 1477 centurionis

2134 1505 2423 1580 cujusdam
2455 1523 2668 1577 servus,
2710 1508 2809 1581 qui
2841 1514 2958 1564 erat
2989 1507 3074 1564 illi
3119 1507 3435 1582 pretiosior,
3465 1509 3627 1582 gravi
3654 1526 3741 1582 pa-

2133 1596 2331 1669 ralysis
2359 1596 2685 1668 aegritudine
2713 1596 3008 1658 laboraret.
3041 1604 3096 1653 et
3125 1613 3222 1670 per
3247 1598 3500 1655 seniores
3530 1599 3738 1656 Judao-

502 1690 555 1747 3.
597 1690 763 1761 Ergo,
785 1689 999 1755 fratres,
1022 1698 1242 1760 propter
1262 1688 1512 1745 futurum
1542 1689 1735 1746 mundi
1750 1690 2025 1763 judicium
2057 1704 2104 1765 Β
2135 1702 2256 1742 rum
2297 1687 2392 1743 ille
2422 1688 2674 1743 centurio
2732 1696 2947 1760 rogaret
2975 1687 3316 1745 Salvatorem
3347 1696 3413 1745 ut
3442 1688 3567 1761 ejus
3590 1689 3736 1747 dolo-

429 1784 599 1841 armis
624 1800 724 1839 nos
753 1782 1068 1839 caelestibus
1106 1784 1440 1853 muniamus,
1473 1786 1823 1858 accingamur
1851 1786 2022 1844 lorica

430 1871 582 1939 ﬁdei,
613 1871 806 1927 salutis
826 1872 975 1942 galea
1006 1879 1378 1944 protegamur,
1406 1874 1576 1931 verbo
1604 1875 1702 1931 Dei
1733 1876 1885 1931 velut
1913 1874 2022 1948 spi-

428 1959 577 2016 ritali
609 1959 789 2031 gladio
814 1959 1191 2030 defendamur,
1216 1963 1310 2035 qui
1329 1962 1475 2019 enim
1505 1963 1593 2020 his
1607 1964 2022 2022 armisinstruc-

429 2058 518 2105 tus
561 2050 751 2115 fuerit,
788 2066 889 2107 nec
929 2059 1251 2122 praesentem
1301 2053 1765 2125 perturbationem
1802 2054 2019 2121 metuit,

429 2153 531 2194 nec
560 2138 810 2193 futurum
836 2137 1110 2210 judicium
1163 2139 1519 2213 pertimescit.
1571 2141 1852 2213 Siquidem
1902 2158 2021 2198 san-

429 2234 551 2283 ctus
599 2226 776 2283 David
804 2227 907 2284 hac
936 2228 1231 2285 devotione
1267 2238 1567 2302 protectus,
1599 2230 1814 2286 Goliam
1860 2230 2022 2287 illum

429 2316 793 2372 fortissimum
814 2325 1083 2374 armatum
1106 2320 1272 2375 etiam
1298 2320 1525 2375 inermis
1544 2318 1807 2375 occiderit
1823 2321 1882 2393 (Ι
1900 2318 2019 2391 Reg.

428 2422 569 2474 xvii,
585 2406 704 2475 50),
720 2414 775 2462 et
794 2406 976 2462 virum
996 2407 1318 2464 bellicosum
1347 2407 1754 2463 munitionibus
1778 2408 2025 2480 undique

428 2494 853 2568 circumseptum
886 2497 1001 2552 sola
1030 2495 1158 2552 fidei
1197 2496 1404 2552 virtute
1452 2496 1829 2569 prostraverit.
1885 2495 2023 2553 Cum

430 2586 577 2642 enim
609 2595 829 2643 sanctus
857 2585 1035 2644 David
1066 2603 1178 2643 non
1208 2586 1517 2660 operiretur
1544 2587 1713 2659 galea,
1745 2602 1857 2642 non
1892 2603 2024 2660 prae-

442 2677 755 2748 cingeretur
783 2675 986 2748 gladio,
1022 2694 1131 2733 non
1161 2678 1348 2735 lancea
1368 2685 1614 2733 uteretur
1638 2696 1650 2743 ;
1688 2677 1891 2734 occidit
1918 2693 2026 2732 au-

437 2775 546 2822 tem
602 2766 764 2821 illum
820 2783 929 2821 non
984 2750 1093 2821 {elo
1148 2767 1344 2835 ferreo,
1376 2766 1471 2822 sed
1528 2766 1709 2838 gladio
1766 2766 2023 2839 spiritali.

438 2854 703 2920 Quamvis
743 2854 890 2906 enim
923 2853 1151 2909 inermis
1188 2854 1364 2910 oculis
1401 2853 1686 2910 hominum
1718 2855 2024 2924 videretur,

432 2943 563 2998 satis
592 2951 777 2997 tamen
811 2950 928 2997 erat
957 2944 1127 3014 gratia
1180 2942 1492 2999 divinitatis
1520 2953 1780 3002 armatus.
1815 2947 2022 3003 Verum

2129 1777 2284 1833 ribus
2312 1776 2619 1835 mederetur
2676 1778 2816 1850 (erat
2854 1778 3011 1847 enim,
3044 1786 3103 1834 ut
3144 1778 3223 1835 ait
3248 1778 3544 1851 Scriptura
3574 1780 3727 1851 (Luc.

2129 1883 2231 1935 vn,
2251 1866 2308 1938 2)
2356 1866 2702 1939 moriturus),
2751 1866 2898 1923 inter
2941 1875 3137 1925 caetera
3171 1866 3241 1923 ad
3279 1867 3554 1940 majorem
3598 1885 3733 1925 com-

2130 1955 2497 2012 mendationis
2553 1956 2779 2028 gratiam
2837 1956 3087 2014 seniores
3145 1955 3466 2013 Iudaeorum
3532 1957 3733 2014 dixisse

2130 2044 2367 2102 Domino
2400 2063 2412 2101 :
2456 2069 2473 2092 ι
2502 2044 2740 2116 Dignum
2774 2051 2858 2101 est
2893 2054 2956 2102 ut
2982 2045 3089 2102 hoc
3143 2044 3226 2101 illi
3278 2052 3525 2118 prestes,
3553 2045 3733 2119 diligit

2131 2134 2276 2191 enim
2310 2142 2523 2208 gentem
2555 2142 2821 2202 nostram,
2848 2141 2903 2189 et
2930 2150 3263 2208 synagogam
3295 2135 3414 2207 ipse
3444 2134 3735 2191 aediﬁcavit

2131 2224 2292 2282 nobis
2324 2225 2489 2297 (Ibid.
2525 2224 2581 2293 4,
2610 2225 2691 2296 5).
2717 2250 2736 2275 ι
2769 2225 2829 2281 Si'
2855 2242 2985 2299 ergo
3013 2225 3441 2283 commendatur
3470 2228 3726 2294 Domino,

2134 2314 2229 2389 qui
2275 2313 2572 2371 aediﬁcavit
2604 2314 2968 2387 Synagogam,
3027 2324 3236 2389 quanto
3262 2325 3346 2372 est
3369 2317 3731 2373 commenda-

2134 2404 2263 2472 tior,
2295 2402 2392 2474 qui
2443 2402 2739 2460 aediﬁcavit
2781 2403 3087 2461 Ecclesiam
3123 2405 3136 2461 l
3185 2405 3259 2461 Et
3297 2404 3347 2461 si
3396 2404 3447 2462 is
3499 2413 3732 2462 meretur

2135 2492 2388 2565 gratiam,
2453 2492 2548 2565 qui
2623 2493 2922 2565 impietatis
2987 2493 3397 2566 receptaculum
3458 2495 3731 2568 prastitit,

2134 2591 2340 2656 quanto
2369 2580 2630 2654 majorem
2662 2589 2904 2638 meretur
2931 2582 3197 2654 gratiam,
3229 2582 3326 2657 qui
3360 2583 3627 2657 religioni
3652 2584 3737 2641 do-

2140 2671 2413 2729 micilium
2445 2670 2807 2744 praeparavit!
2842 2671 2913 2727 Et
2939 2670 2986 2726 si
3004 2670 3099 2726 ille
3126 2672 3339 2728 caelesti
3362 2673 3737 2730 misericordia

2137 2760 2415 2829 visitatur,
2436 2760 2530 2833 qui
2554 2759 2869 2817 construxit
2891 2760 3072 2817 locum
3088 2803 3103 2828 ,
3126 2760 3223 2816 ubi
3250 2760 3514 2819 Christus
3532 2778 3736 2835 semper

2136 2859 2363 2923 negatur
2394 2868 2407 2918 ;
2442 2858 2648 2923 quanto
2674 2849 2846 2921 magis
2875 2849 3185 2906 visitandus
3211 2859 3316 2921 est,
3356 2852 3456 2926 qui
3486 2852 3735 2911 fabricari

2135 2939 2266 2996 fecit
2293 2940 2708 2997 tabernaculum
2745 2938 2855 3011 (6),
2882 2937 2981 2995 ubi
3026 2938 3282 2996 Christus
3325 2940 3585 3013 quotidie
3613 2959 3735 3017 pra-

430 3029 546 3103 ipse
576 3030 842 3102 Spiritalis
884 3030 1098 3103 gladius
1130 3047 1239 3086 non
1271 3031 1379 3087 fuit
1427 3032 1672 3104 gladius;
1722 3050 1834 3089 non
1874 3034 2024 3090 enim
2055 3063 2099 3125 ο
2132 3026 2348 3084 dicatur
2384 3027 2397 3082 l

431 3114 613 3194 gladio
642 3119 848 3185 Golias,
881 3120 973 3176 sed
999 3120 1176 3193 lapide
1204 3129 1506 3193 prostratus
1535 3123 1814 3179 occubuit.
1859 3123 2030 3195 Legi-

430 3227 554 3267 mus
578 3210 633 3267 in
663 3210 960 3283 Scripturis
1016 3211 1215 3285 lapidis
1249 3211 1518 3268 vocabulo
1564 3211 1844 3271 Christum
1877 3212 2027 3286 ﬁgu-

430 3300 620 3355 raliter
664 3299 961 3372 designari,
1010 3301 1153 3357 sicut
1209 3299 1286 3357 ait
1336 3300 1639 3374 propheta:
1713 3326 1732 3348 ι
1761 3301 2024 3374 Lapidem

430 3403 595 3462 quem
642 3391 1078 3460 reprobaverunt
1120 3392 1479 3462 aediﬁcantes,
1530 3392 1622 3449 hic
1651 3393 1829 3450 factus
1856 3403 1938 3451 est
1968 3394 2026 3450 in

431 3486 595 3547 caput
624 3476 811 3547 anguli
837 3479 1010 3547 (Psal.
1043 3494 1215 3545 cxvn,
1248 3479 1365 3549 22).
1399 3505 1418 3527 ι
1461 3481 1635 3552 Igitur
1677 3497 1800 3537 cum
1846 3480 2028 3552 lapide

432 3563 619 3617 Golias
674 3564 999 3633 percutitur,
1045 3564 1254 3621 Christi
1305 3568 1513 3623 virtute
1546 3569 1927 3639 prosternitur.
1957 3572 2029 3631 Et

433 3650 493 3705 in
522 3667 630 3723 qua
660 3649 881 3706 tandem
908 3654 1156 3722 corporis
1184 3661 1336 3724 parte
1365 3658 1671 3725 percutitur
1700 3658 1729 3713 7
1756 3660 1817 3714 In
1847 3658 2029 3717 fronte

432 3739 681 3806 scilicet;
708 3740 935 3811 gentilis
960 3740 1109 3796 enim
1140 3750 1195 3798 et
1222 3743 1521 3814 sacrilegus
1559 3748 1708 3807 476
1750 3745 1919 3803 homo
1948 3748 2028 3805 ibi

433 3839 739 3911 percutitur
785 3856 816 3895 a
845 3839 1087 3906 Christo,
1130 3839 1229 3896 ubi
1272 3839 1457 3896 deerat
1507 3839 1796 3899 Christus:
1846 3853 1901 3901 et
1948 3845 2027 3901 ibi

432 3932 671 3992 infertur
720 3935 770 3992 ei
811 3938 1007 3993 mortis
1034 3936 1290 4005 exitium,
1325 3937 1419 3993 ubi
1450 3938 1665 4009 signum
1699 3939 1892 3996 salutis
1916 3956 2027 3997 non

432 4020 736 4082 invenitur.
778 4026 1042 4094 Quamvis
1072 4026 1219 4082 enim
1266 4034 1406 4083 esset
1434 4026 1621 4083 Golias
1650 4027 1897 4102 undique
1928 4046 2026 4086 ar-

430 4127 647 4167 morum
675 4115 1015 4185 protectione
1046 4115 1315 4184 munitus,
1374 4117 1529 4173 frons
1555 4123 1740 4172 tamen
1771 4117 1889 4189 ejus
1921 4135 2028 4191 pa-

430 4198 579 4254 tebat
609 4201 677 4255 ad
706 4210 939 4257 mortem
970 4222 983 4270 ;
1018 4204 1147 4275 quia
1184 4204 1529 4275 signaculum
1580 4205 1882 4263 Salvatoris
1913 4223 2024 4264 non

431 4293 692 4365 gestabat.
726 4294 906 4367 Atque
935 4296 1059 4351 ideo
1084 4297 1161 4352 ibi
1197 4298 1508 4369 perimitur,
1539 4298 1637 4355 ubi
1666 4299 1848 4356 nudus
1867 4316 1899 4355 a
1923 4300 2025 4357 Dei

429 4382 603 4453 gratia
626 4383 916 4454 reperitur.

498 4479 557 4535 4.
597 4481 725 4537 Haec
760 4488 944 4537 autem
974 4481 1035 4538 in
1082 4482 1256 4555 ﬁgura
1297 4482 1443 4540 facta
1471 4500 1587 4542 esse
1615 4501 1778 4543 nemo
1819 4495 1900 4544 est
1926 4489 2021 4562 qui

348 4632 353 4637 ,
428 4561 656 4626 nesciat.
695 4570 832 4625 Nam
877 4581 931 4627 et
971 4572 1151 4628 David
1197 4572 1861 4632 armorumindumentis
1905 4561 2021 4635 sese

426 4668 551 4715 ante
581 4661 941 4733 praecinxerat
976 4662 1035 4734 (Ι
1081 4663 1205 4735 Reg.
1240 4679 1380 4732 xvrr,
1414 4662 1507 4733 39)
1546 4681 1557 4719 :
1608 4661 1699 4719 sed
1725 4680 1849 4719 cum
1882 4674 2020 4722 esset

425 4745 484 4803 in
505 4748 574 4805 iis
605 4750 785 4823 gravis
814 4758 867 4806 et
895 4750 1213 4825 impeditus,
1251 4751 1327 4807 ita
1348 4760 1410 4808 ut
1443 4751 1724 4809 ambulare
1753 4752 1849 4808 vix
1881 4771 2018 4826 pos-

422 4845 526 4905 set,
553 4840 739 4895 eadem
770 4840 889 4896 sine
918 4842 1265 4898 cunctatione
1314 4840 1564 4914 projecit,
1594 4841 1910 4914 signiﬁcans
1934 4860 2014 4899 ar-

422 4941 511 4979 ma
534 4925 631 4982 illa
659 4927 827 5000 hujus
873 4930 1068 4986 mundi
1104 4947 1243 4987 vana
1272 4939 1325 4987 et
1354 4930 1641 4988 luxuriosa
1674 4948 1789 4988 esse
1829 4948 2013 5005 opera,

420 5012 479 5067 in
526 5014 868 5089 quibus'qui
915 5034 1033 5074 sese
1064 5020 1401 5091 permiscere
1433 5019 1694 5087 voluerit,
1752 5029 2012 5093 tanquam

420 5103 601 5174 gravis
634 5112 688 5160 et
716 5105 1000 5177 gradiendi
1034 5107 1101 5162 ad
1147 5109 1347 5165 cmlum
1377 5124 1602 5166 cursum
1633 5107 1868 5165 liberum
1898 5127 2012 5166 non

419 5188 661 5247 habebit.
694 5193 877 5250 Simul’
900 5204 953 5250 et
982 5195 1121 5251 illud
1152 5213 1253 5252 nos
1275 5196 1484 5267 docuit,
1517 5197 1663 5270 quod
1691 5212 1805 5253 non
1835 5197 1893 5265 in
1914 5215 2011 5254 ar-

417 5281 521 5336 mis
548 5289 760 5338 tantum
791 5283 1057 5356 speranda
1087 5284 1323 5342 victoria
1365 5295 1467 5355 est,
1524 5285 1622 5343 sed
1673 5286 1734 5343 in
1784 5287 2009 5345 nomine

416 5366 717 5429 Salvatoris
741 5370 967 5428 oranda.

486 5536 566 5604 (6)
596 5537 699 5595 Ms.
726 5537 923 5609 Lugd,
953 5539 1046 5609 qui
1065 5538 1341 5611 fabrefecit
1369 5510 1786 5599 tabernaculum.
1821 5538 1835 5551 '

2206 3134 2260 3191 2.
2296 3136 2356 3191 In
2383 3134 2704 3191 centurione
2748 3135 2896 3191 enim
2928 3136 3199 3194 Dominus
3228 3129 3342 3195 non
3372 3140 3509 3213 quid
3560 3140 3734 3214 Operis

2135 3223 2345 3293 fecerit,
2375 3223 2471 3280 sed
2500 3240 2607 3297 qua
2653 3231 2833 3281 mente
2863 3234 3117 3298 operatus
3176 3226 3270 3298 sit,
3328 3229 3729 3303 comprobavit.

2132 3314 2270 3370 Nam
2304 3313 2399 3388 qui
2426 3313 2482 3370 id
2511 3314 2776 3387 temporis
2805 3332 2915 3388 quo
2944 3315 3194 3373 nondum
3216 3316 3528 3375 Christiani
3560 3327 3729 3387 erant,

2136 3404 2372 3461 sollicite
2442 3421 2776 3478 synagogam
2852 3404 2985 3463 fecit
3046 3425 3058 3464 :
3123 3406 3172 3464 si
3249 3407 3494 3465 fuissent
3549 3410 3731 3483 utique

2136 3490 2457 3558 Christiani,
2510 3490 2843 3563 intelligitur
2893 3493 3040 3566 quod
3091 3495 3269 3551 multo
3317 3494 3617 3554 sollicitius
3663 3496 3729 3552 fe-

2135 3579 2297 3638 cisset
2329 3579 2634 3654 ecclesiam.
2684 3580 2790 3637 Sed
2832 3588 3019 3639 tamen
3058 3583 3187 3641 licet
3224 3600 3567 3658 synagogam
3607 3584 3726 3642 adi-

2136 3665 2282 3735 ﬁcet,
2336 3668 2620 3726 Christum
2683 3669 3003 3742 praedicat;
3063 3671 3122 3727 in
3180 3672 3301 3744 ipso
3365 3673 3517 3729 enim
3576 3687 3725 3745 opere

2135 3762 2450 3812 commonet
2501 3755 2803 3829 pharisaos
2842 3758 3042 3816 debere
3073 3760 3199 3817 illos
3243 3761 3528 3835 suscipere
3556 3761 3723 3817 Salva-

2134 3852 2347 3902 torem:
2400 3851 2455 3903 et
2499 3846 2843 3905 demonstrat
2885 3859 3173 3923 propterea
3223 3867 3281 3908 se
3313 3851 3719 3908 tabernaculum

2134 3933 2371 4005 amplius
2398 3934 2699 4005 addidisse,
2728 3944 2790 3993 ut
2820 3939 3210 4011 multipliciter
3256 3940 3335 3996 ibi
3368 3940 3596 3997 Domini
3623 3940 3720 4011 gloo

2134 4022 2271 4079 riam
2330 4024 2701 4097 loquerentur.
2772 4026 2829 4082 Si
2886 4027 3037 4083 enim
3097 4027 3277 4085 credit
3328 4029 3389 4085 in
3447 4029 3718 4088 Christum

2134 4112 2390 4167 conditor
2414 4113 2733 4186 Synagoga,
2770 4114 2950 4170 multo
2979 4115 3152 4189 magis
3191 4117 3420 4175 credere
3448 4117 3614 4176 debet
3634 4117 3716 4173 ha-

2133 4198 2338 4258 bitator
2366 4201 2539 4274 ipsius
2567 4202 2886 4275 Synagogae.

2205 4304 2257 4361 3.
2290 4304 2552 4363 Centurio
2591 4324 2718 4381 ergo
2748 4308 2793 4364 si
2827 4307 3163 4380 justificatus
3206 4318 3289 4368 est
3341 4322 3571 4387 propter
3596 4328 3716 4385 opus

2055 4415 2104 4475 Β
2136 4392 2326 4463 fragile
2353 4396 2441 4451 vel
2467 4401 2766 4465 terrenum,
2812 4396 3203 4468 justiﬁcandus
3230 4400 3395 4472 plane
3425 4402 3520 4459 vir
3546 4403 3713 4460 claris-

2133 4481 2305 4538 simus
2350 4488 2405 4538 et
2446 4482 2969 4555 providentissimus
3021 4502 3205 4543 comes
3253 4496 3466 4557 noster,
3512 4498 3717 4563 propter

2134 4587 2274 4642 opus
2294 4578 2404 4625 tam
2427 4578 2750 4643 perpetuum
2780 4574 2868 4629 vel
2916 4575 3134 4631 caeleste
3166 4593 3178 4633 :
3213 4578 3311 4650 qui
3340 4595 3534 4635 comes
3588 4578 3715 4634 sicut

2130 4667 2211 4712 est
2260 4656 2581 4713 centurione
2635 4658 2907 4731 dignitate
2935 4662 3135 4732 potior,
3189 4662 3267 4719 ita
3307 4672 3365 4719 et
3424 4664 3533 4723 ﬁde
3561 4665 3713 4722 debet

2128 4761 2244 4801 esse
2267 4745 2540 4802 devotior.
2588 4746 2816 4819 Sapiens
2866 4749 2956 4805 vir
2982 4757 3038 4805 et
3067 4751 3363 4824 religiosus
3390 4769 3599 4820 comes,
3627 4750 3708 4827 qui

2128 4843 2394 4909 quantum
2425 4835 2484 4892 in
2528 4836 2677 4894 bello
2726 4838 3045 4911 imperatori
3074 4840 3304 4910 militat,
3335 4849 3556 4899 tantum
3584 4850 3637 4898 et
3663 4841 3709 4897 in

2125 4941 2255 4997 pace
2283 4924 2488 4982 militat
2519 4925 2789 4983 Salvatori
2827 4945 2839 4983 :
2872 4935 2927 4983 et
2963 4936 3231 5000 quantum
3264 4930 3496 4988 festinat
3519 4932 3588 4988 de
3614 4930 3707 4987 ho-

2125 5014 2291 5072 stium
2322 5014 2577 5072 manibus
2625 5015 2875 5088 captivos
2903 5032 3114 5084 eruere,
3161 5024 3319 5076 tanto
3358 5020 3535 5094 magis
3562 5017 3705 5076 festi-

2123 5117 2219 5165 nat
2263 5125 2295 5165 a
2340 5106 2546 5165 diaboli
2595 5122 2655 5164 se
2714 5108 2999 5181 sacrilegio
3050 5109 3304 5167 liberare.
3349 5110 3435 5169 Ibi
3470 5111 3702 5170 inimicos

2121 5197 2324 5255 terreni
2358 5198 2498 5271 regis
2525 5196 2810 5265 interficit,
2852 5196 2947 5254 hic
2973 5198 3322 5257 adversarios
3360 5200 3581 5259 Domini
3607 5215 3696 5257 οω-

2121 5288 2272 5344 lestis
2301 5287 2612 5360 insequitur
2643 5303 2655 5342 :
2685 5285 2764 5343 ibi
2789 5286 3049 5344 barbaros
3069 5288 3266 5358 vincit,
3290 5288 3383 5345 hic
3412 5290 3689 5347 daemones.

2116 5375 2361 5448 Sapiens,
2393 5375 2643 5449 inquam,
2689 5375 2786 5450 qui
2821 5374 2965 5432 sicut
2992 5391 3176 5433 comes
3228 5376 3571 5451 imperatoris
3597 5380 3685 5442 est,
