3880 6198
148 148 259 203 757

1042 146 1412 206 SERMONES
1448 146 1624 204 TRES
1660 144 1761 204 EX
1799 146 2057 207 CODICE
2095 147 2540 206 SESSORIANO.

3348 143 3453 205 758

145 269 228 325 ita
258 277 317 327 et
342 285 523 327 comes
552 269 760 329 Christi
791 287 908 328 esse
938 271 1231 327 desiderat.
1264 271 1400 327 Nam
1439 271 1577 327 bene
1625 272 1749 327 uti-
1781 284 1831 341 Α
1859 273 2034 346 pergit
2080 272 2149 329 ad
2191 273 2417 330 domum
2462 274 2752 332 Dominus.
2783 275 2904 332 Non
2943 275 3120 349 pergit
3156 273 3451 346 Dominus,

145 373 260 430 que
302 366 357 414 et
384 358 637 431 religiose
662 359 891 432 agendo,
924 359 1246 432 dignitatem
1276 377 1430 415 suam
1462 362 1615 432 cupit
1638 377 1752 417 esse

143 454 499 519 perpetuam,
519 448 821 505 secundum
854 449 1000 522 quod
1032 449 1296 521 scriptum
1326 458 1407 504 est
1436 448 1496 503 in
1522 449 1751 521 prophe-

144 542 203 591 ta
230 552 248 592 :
303 563 321 585 ι
355 540 428 596 Et
455 556 575 609 vos,
625 556 659 596 ο
699 540 827 597 boni
877 557 1050 613 reges,
1081 541 1252 598 bonas
1281 541 1443 599 facite
1472 542 1591 598 vias
1622 558 1753 599 ves-

143 634 264 685 tras
294 637 352 686 et
380 629 563 686 studia
591 639 791 701 vestra,
825 640 879 688 et
920 631 1105 688 audite
1155 648 1341 688 vocem
1394 633 1620 689 Domini
1652 636 1751 691 Dei

142 721 367 789 vestri;
398 731 453 779 et
483 722 771 795 pcenitebit
808 724 1107 779 Dominum
1140 724 1293 793 mali,
1338 724 1485 797 quod
1535 727 1753 783 locutus

141 816 229 864 est
256 806 527 869 adversus
555 830 654 870 vos
686 813 900 885 (Jerem.
939 830 1097 882 xxvr,
1133 814 1242 885 l3).
1276 839 1295 862 ι

217 897 276 956 4.
314 902 460 975 Ergo
491 920 617 958 cum
660 903 917 959 centurio
959 911 1174 976 rogaret
1215 904 1536 970 Dominum,
1578 912 1639 960 ut
1684 905 1752 962 de

142 998 331 1047 morte
361 1000 575 1048 erueret
602 1002 978 1065 aegrotantem,
995 1003 1049 1049 et
1068 994 1235 1049 vellet
1263 994 1533 1050 Dominus
1560 994 1629 1050 ad
1658 996 1751 1052 do-

143 1099 303 1139 mum
339 1085 680 1143 centurionis
708 1103 950 1161 pergere,
984 1087 1043 1143 in
1077 1104 1183 1161 qua
1225 1087 1476 1144 servulus
1517 1089 1753 1146 decum-

142 1170 336 1241 bebat,
386 1174 463 1230 ait
518 1176 771 1233 centurio
806 1194 818 1232 :
856 1183 1002 1239 477
1072 1200 1090 1222 ι
1147 1176 1400 1245 Domine,
1461 1194 1573 1233 non
1627 1196 1750 1235 sum

143 1270 356 1344 dignus
382 1280 444 1328 ut
472 1272 645 1328 intres
671 1273 775 1330 sub
804 1282 1009 1330 tectum
1038 1290 1220 1330 meum
1256 1275 1466 1347 (Matth.
1498 1275 1735 1346 vm,v)..

142 1365 399 1422 Excusat
426 1365 597 1438 igitur
624 1366 899 1435 centurio,
928 1374 982 1423 et
1021 1383 1089 1423 ne
1123 1366 1226 1423 sub
1258 1373 1460 1423 tectum
1492 1370 1611 1440 ejus
1652 1369 1750 1423 in-

144 1456 500 1528 grediebatur
516 1456 807 1524 Dominus,
832 1457 1125 1530 indignum
1142 1474 1197 1514 se
1218 1456 1374 1514 dicit.
1388 1457 1529 1514 Ecce
1550 1458 1749 1531 dignus

143 1554 227 1602 est
264 1562 454 1603 comes
488 1554 693 1615 noster,
739 1546 841 1604 sub
869 1546 1029 1619 cujus
1059 1554 1267 1604 tectum
1306 1546 1472 1603 hodie
1500 1547 1750 1603 Salvator

146 1633 479 1708 ingreditur.

215 1735 272 1793 5.
316 1736 618 1795 Videamus
672 1736 792 1810 ipsa
846 1736 1188 1793 centurionis
1234 1736 1518 1793 excusatio
1581 1751 1746 1808 quam

144 1825 348 1884 habeat
376 1828 605 1899 gratiam
630 1847 644 1896 ;
693 1828 771 1883 ait
800 1828 947 1885 enim
982 1845 993 1884 ε
1046 1855 1064 1875 ε
1095 1827 1348 1895 Domine,
1381 1843 1491 1883 non
1518 1846 1638 1884 sum
1666 1828 1746 1884 di-

146 1932 288 1987 gnus
318 1925 382 1974 ut
410 1917 581 1974 intres
607 1917 709 1974 sub
737 1924 941 1973 tectum
974 1933 1157 1973 meum
1193 1934 1204 1971 :
1257 1916 1351 1972 sed
1402 1916 1493 1973 dic
1531 1925 1745 1972 tantum

147 2007 341 2074 verbo,
396 2015 451 2064 et
496 2007 780 2063 sanabitur
825 2022 960 2077 puer
1007 2022 1162 2061 meus
1214 2002 1425 2077 (Ibid)
1460 2031 1478 2052 ι
1535 2006 1579 2063 Ο
1609 2006 1747 2061 ﬁdes

146 2095 489 2164 Christiana,
538 2113 658 2168 quin
705 2113 832 2152 cum
878 2095 1192 2152 humilitate
1236 2104 1413 2152 totum
1456 2097 1748 2168 impetrare

143 2183 465 2240 consuesti!
515 2184 656 2240 Ecce
684 2182 971 2255 religiosus
999 2183 1250 2239 centurio
1278 2184 1345 2239 ad
1374 2185 1745 2255 accipiendam

148 2276 389 2331 salutem
425 2273 644 2348 dignior
671 2273 753 2343 ﬁt,
786 2274 918 2329 dum
948 2289 1004 2330 se
1034 2274 1320 2346 proﬁtetur
1345 2274 1670 2346 indignum:
1696 2284 1749 2331 et

148 2364 278 2420 dum
312 2363 461 2419 aedes
490 2380 614 2420 suas
648 2363 944 2435 injuriosas
973 2370 1150 2436 putat,
1197 2363 1369 2435 magis
1406 2379 1495 2418 eas
1526 2362 1746 2419 honori-

147 2453 277 2511 ﬁcas
306 2452 442 2509 fecit
469 2460 522 2508 et
546 2460 743 2525 gratas.
778 2453 986 2525 Magnae
1033 2451 1181 2507 enim
1231 2459 1285 2507 et
1330 2451 1582 2523 perfectae
1620 2451 1747 2507 ﬁdei

146 2544 231 2600 vir
250 2544 361 2615 (7),
389 2541 485 2614 qui
508 2541 841 2613 intelligeret
856 2541 1139 2599 Christum
1163 2541 1465 2597 Dominum
1483 2541 1747 2597 cmlorum

149 2648 277 2701 esse,
310 2631 446 2688 dum
494 2631 782 2687 verebatur
830 2647 899 2687 ne
940 2629 1169 2702 hospitii
1217 2629 1304 2686 sui
1348 2645 1473 2685 eum
1521 2637 1749 2702 angusta

151 2740 255 2780 non
282 2722 616 2796 acciperent.
648 2721 797 2794 Ergo
822 2718 1232 2779 contradicente
1260 2718 1603 2788 centurione,
1635 2733 1747 2774 non

1860 363 1955 418 sed
1988 362 2163 434 pergit
2210 362 2431 418 Domini
2477 362 2794 420 medicina:
2841 380 2954 420 non
3010 364 3200 421 visitet
3242 380 3449 438 agrum

1860 450 2131 519 Salvator,
2163 451 2256 507 sed
2286 450 2475 507 visitat
2505 454 2708 511 sanitas
2732 454 3052 512 Salvatoris.

1932 568 1985 623 6.
2017 570 2095 623 De
2124 568 2386 624 fratribus
2415 584 2545 625 vero
2570 571 2774 627 nostris
2802 571 3007 629 sanctis
3032 572 3171 629 viris
3201 571 3450 632 Vitalino

1861 664 1916 712 et
1951 657 2166 713 Maiano
2196 658 2331 730 quid
2360 658 2540 715 dicam
2566 659 2595 714 ?
2640 659 2764 716 Scio
2810 660 2937 716 illos
2984 661 3209 733 gloriam
3252 662 3322 719 ab
3352 660 3449 719 ho-

1864 746 2109 802 minibus
2149 763 2261 803 non
2313 764 2574 821 quaerere,
2606 753 2753 811 478
2781 748 2891 804 nisi
2934 764 2966 803 a
3017 750 3135 805 solo
3164 751 3278 806 Deo
3310 768 3322 806 :
3353 750 3449 808 sed

1861 852 2042 899 tamen
2084 845 2301 902 laudem
2333 861 2521 901 eorum
2552 847 2656 902 etsi
2701 863 2799 919 ego
2848 855 3073 917 taceam,
3124 849 3242 920 ipsa
3287 865 3451 922 opera

1861 933 2201 1005 loquuntur;
2232 935 2301 992 ad
2325 936 2569 1008 ipsorum
2591 938 2737 992 enim
2768 937 2985 994 laudem
3014 938 3270 1010 pertinet,
3293 938 3449 1012 quid-

1861 1022 1997 1094 quid
2029 1022 2086 1078 in
2116 1024 2240 1080 aliis
2278 1026 2442 1097 paulo
2488 1034 2613 1080 ante
2657 1025 3020 1081 laudavimus.
3052 1027 3188 1083 Nam
3218 1025 3325 1085 hoc
3355 1034 3453 1084 ta-

1860 1111 2219 1169 bernaculum
2265 1115 2365 1170 etsi
2414 1114 2640 1186 plurimi
2687 1123 3137 1182 construxerunt,
3170 1115 3229 1171 hi
3265 1125 3450 1174 tamen

1860 1211 2083 1275 sumptu
2113 1203 2320 1275 operati
2349 1211 2479 1258 sunt
2506 1220 2617 1259 uno
2647 1220 2890 1261 assensu.
2936 1204 3008 1262 Et
3061 1222 3170 1278 quo
3224 1206 3448 1262 tandem

1858 1299 2101 1363 sumptu,
2134 1309 2261 1349 cum
2290 1292 2402 1347 sint
2432 1292 2490 1347 in
2544 1294 2746 1349 saeculo
2800 1292 3101 1350 mediocres
3129 1303 3184 1351 et
3209 1289 3449 1352 tenues?

1858 1381 1960 1436 Illo
1989 1381 2220 1449 scilicet,
2264 1381 2332 1437 de
2370 1397 2480 1454 quo
2530 1381 2607 1437 ait
2659 1384 2997 1455 Apostolus:
3046 1407 3065 1431 ι
3093 1383 3452 1440 Abundantia

1857 1470 2008 1540 ﬁdei,
2038 1478 2091 1527 et
2127 1471 2342 1527 divitiis
2398 1472 2769 1544 simplicitatis
2825 1475 2915 1545 (II
2955 1475 3080 1531 Cor.
3129 1491 3252 1543 vm,
3303 1474 3384 1546 2).
3418 1499 3437 1523 ι

1857 1560 1956 1615 Est
1984 1561 2131 1615 enim
2164 1561 2367 1617 sanctis
2397 1560 2535 1617 viris
2563 1577 2777 1634 semper
2803 1562 2958 1619 dives
2992 1564 3109 1636 ipsa
3136 1569 3446 1635 paupertas.

1779 1643 1822 1703 Β
1858 1649 2012 1705 Unde
2051 1649 2215 1705 credo
2258 1650 2360 1706 hos
2388 1650 2575 1707 beatos
2607 1650 2749 1707 hanc
2778 1652 3066 1708 ecclesiam
3113 1668 3226 1709 non
3265 1653 3451 1709 minus

1855 1738 2197 1794 orationibus
2229 1755 2393 1812 quam
2442 1739 2737 1810 impendiis
2782 1740 3111 1807 fabricasse;
3169 1740 3251 1797 sic
3301 1740 3449 1797 enim

1854 1826 2141 1898 oportebat
2168 1834 2231 1881 ut
2277 1843 2415 1898 opus
2466 1826 2672 1884 Christi
2719 1826 2973 1898 precibus
3019 1826 3192 1899 magis
3230 1842 3450 1885 cresce—

1856 1923 1938 1970 ret
1966 1932 2128 1988 quam
2158 1915 2457 1971 caementis.
2492 1915 2685 1971 Totam
2727 1914 2875 1971 enim
2905 1914 3268 1972 substantiam
3306 1925 3361 1973 et
3391 1915 3450 1972 in

1856 2003 2023 2076 hujus
2068 2003 2334 2059 facturam
2382 2002 2562 2075 operis
2605 2003 3006 2075 expenderunt,
3037 2013 3091 2061 et
3125 2004 3258 2078 ipsis
3301 2011 3452 2064 certe

1858 2092 2000 2147 nihil
2041 2093 2212 2149 deest.
2259 2093 2381 2163 Ipsa
2431 2094 2592 2164 plane
2630 2102 2729 2161 est,
2792 2093 2936 2150 sicut
2975 2092 3243 2163 diximus,
3295 2093 3451 2151 dives

1858 2182 2212 2254 locuplesque
2241 2190 2548 2253 paupertas,
2580 2198 2701 2256 quae
2722 2181 2988 2256 expendit
3015 2182 3224 2252 omnia,
3246 2190 3301 2239 et
3328 2199 3450 2256 pos-

1856 2272 1997 2328 sidet
2038 2270 2242 2326 omnia.
2303 2271 2407 2327 Sed
2460 2272 2579 2328 haec
2621 2288 2652 2327 a
2682 2274 2795 2329 Deo
2845 2272 3129 2329 benedicta
3164 2280 3267 2341 est,
3308 2272 3452 2329 sicut

1856 2360 1955 2414 illa
1984 2360 2172 2428 vidua,
2219 2360 2285 2417 de
2321 2377 2427 2433 qua
2477 2360 2615 2418 dicit
2672 2362 2942 2419 Dominus
2997 2362 3056 2418 in
3106 2361 3445 2435 Evangelio:

1856 2448 2056 2504 Mulier
2086 2448 2201 2506 haec
2230 2449 2397 2506 vidua
2423 2468 2628 2524 pauper
2658 2452 2779 2523 plus
2811 2468 2974 2525 quam
3022 2468 3214 2509 omnes
3253 2451 3406 2510 misit
3432 2470 3448 2520 ;

1858 2554 1986 2594 nam
2029 2555 2219 2595 omnes
2263 2540 2323 2595 hi
2350 2556 2421 2596 ex
2449 2540 2753 2597 abundanti
2781 2542 2886 2598 sibi
2914 2542 3184 2601 miserunt
3223 2543 3282 2600 in
3332 2557 3451 2598 mu-

1857 2646 1986 2686 nera
2014 2630 2135 2699 Dei,
2164 2629 2283 2688 haec
2324 2639 2507 2688 autem
2551 2640 2730 2689 totum
2783 2632 2994 2691 victum
3046 2647 3233 2701 suum,
3287 2647 3450 2705 quem

1856 2718 2073 2786 habuit,
2103 2718 2274 2776 misit.

219 2875 300 2947 (7)
333 2875 547 2935 (latera
577 2892 749 2951 usque
780 2875 848 2932 ad
874 2874 1043 2932 ﬁnem
1073 2872 1241 2946 hujus
1268 2871 1539 2929 sermonis
1567 2871 1627 2928 in
1659 2870 1783 2928 cod.
1816 2871 1993 2946 Lugd.
2027 2871 2247 2932 desunt.

618 3259 2111 3441 SERMONES
2278 3251 2980 3428 TRES

1106 3538 1179 3597 IN
1215 3534 1710 3606 ANTIQUISSIMO
1747 3533 2007 3594 CODICE
2045 3529 2474 3591 SESSOBIANO

966 3724 1601 3876 SANCTI
1743 3717 2625 3873 AMBROSII

1669 4013 1918 4065 NOMINE

744 4197 1240 4266 INSCBIPTI
1321 4197 1437 4263 ET
1519 4196 1648 4262 EX
1732 4190 2067 4261 EODEM
2150 4185 2495 4257 CODICE
2571 4184 2835 4253 EDITI

1031 4534 1231 4599 (Roma:
1257 4548 1319 4584 ex
1353 4533 1555 4584 ofﬁcina
1590 4531 1797 4582 libraria
1843 4531 2103 4581 Bonarum
2133 4528 2359 4592 Artium,
2389 4530 2548 4593 1833.)

160 4884 680 4953 Eminentissimo
729 4894 795 4951 et
844 4883 1401 4949 Reverendissimo
1443 4884 1739 4962 Principi
1766 4878 2264 4945 Iacobo-Aloisio
2302 4873 2604 4956 Brignole
2636 4874 2956 4939 Ianuemi
2978 4878 3053 4941 in
3080 4861 3359 4957 amplisi

232 5003 413 5049 mum
442 4997 718 5068 patrum
750 4984 1208 5049 cardinalium
1236 4981 1579 5061 collegium
1621 5001 1662 5043 a
1692 4979 1989 5059 Gregorio
2020 4977 2072 5041 Χ
2082 4976 2168 5041 VI.
2209 4978 2397 5039 Pont.
2427 4973 2607 5038 Mam.
2641 4976 2957 5039 bonorum
2981 4976 3286 5037 omnium
3314 4974 3433 5037 ad-

227 5067 596 5158 probatione
654 5084 925 5156 adlecta,
973 5081 1043 5143 ι).
1094 5079 1380 5142 Leander
1422 5079 1504 5141 De
1548 5075 2245 5141 Corriert's-Schelmius
2281 5073 2653 5137 HGWSOW.
2698 5071 2771 5137 Β.
2811 5071 2879 5137 6'.
2922 5070 2993 5135 Β.
3026 5069 3108 5136 Ν.
3138 5071 3210 5135 Α.
3247 5069 3318 5147 0.
3352 5067 3429 5131 Ε.

230 5194 306 5239 ei:
336 5183 564 5244 animo
585 5181 878 5264 plaudit,
921 5199 1003 5245 ac
1029 5177 1279 5261 publice
1302 5176 1704 5257 gratulatur.

240 5342 552 5406 Proximis
598 5345 700 5407 his
738 5345 1100 5423 mensibus,
1134 5342 1440 5420 Princeps
1470 5338 2020 5417 Eminentissime,
2052 5356 2253 5418 quum
2286 5357 2322 5400 a
2354 5339 2662 5419 Gregorio
2691 5339 2852 5402 XVI
2883 5332 3196 5402 Pontiﬂce
3225 5336 3432 5400 Maxi-

161 5453 259 5501 mo
286 5441 354 5502 in
390 5443 652 5506 Patrum
682 5445 1196 5522 Purpuratorum
1225 5438 1588 5517 Collegium
1614 5444 2003 5517 coeptarere,
2053 5438 2123 5498 in
2154 5434 2268 5500 illa
2292 5436 2515 5514 Urbis,
2551 5455 2623 5502 ac
2653 5437 2978 5501 Hetruria:
3012 5453 3173 5499 mea:
3211 5440 3440 5515 gratu-
