3880 6198
441 130 543 187 759
1459 124 1556 179 AD
1595 122 1829 180 OPEBA
1867 122 1923 178 S.
1960 122 2292 182 AMBROSII
2329 122 2708 180 APPENDIX.
3664 127 3760 186 760

439 256 682 320 latione
715 251 810 335 (*),
845 257 1166 332 optassem
1197 255 1365 312 certe
1409 248 1677 329 aliquod
1701 251 1847 312 Tibi
1896 251 2159 330 signum
2189 250 2524 314 ostendere
2545 248 2927 313 exsultantis
2951 249 3153 312 animi
3174 268 3309 331 prta
3331 248 3609 325 laetitia,
3637 251 3758 313 nisi

441 354 779 433 dignitatis
823 350 1203 430 magnitudo
1228 349 1608 428 obstitisset,
1639 356 1700 410 et
1735 349 2004 412 facultas
2039 349 2346 412 defuisset
2373 346 2692 411 voluntati
2721 364 2900 411 mea.
2929 346 3108 423 Quod
3135 349 3313 411 enim
3343 366 3572 411 unum
3607 355 3760 415 tunc

441 461 576 516 erat
620 452 810 529 mihi,
851 469 1004 513 sane
1037 467 1330 529 parvum,
1376 449 1442 510 id
1479 448 1744 509 vixdum
1783 447 2184 524 inchoatum,
2236 465 2445 525 neque
2495 445 2706 508 adhuc
2751 447 2932 509 omni
2985 445 3306 509 industria
3350 445 3758 527 perpolitum

442 553 805 632 refugiebat
848 550 1253 629 splendorem
1309 567 1634 628 purpurae,
1669 557 1732 611 et
1765 551 1964 612 ferme
1989 545 2368 628 postulabat,
2402 563 2484 607 ne
2517 564 2584 607 se
2631 545 2704 607 in
2733 545 2941 608 oculis
2977 553 3164 625 atque
3211 554 3580 626 conspectu
3625 546 3758 610 Tuo

444 670 741 732 cogerem
790 649 1054 729 pudere.
1104 649 1299 709 Nunc
1354 664 1528 716 vero.
1589 665 1790 727 quum
1852 649 2067 730 ipsum
2129 645 2288 708 illud
2343 663 2530 725 opere
2587 653 2780 728 atque
2848 663 3047 708 manu
3107 646 3496 725 perfectum,
3558 665 3602 709 a
3659 665 3758 710 me

445 750 903 836 quoquomodo
935 750 1043 824 sit,
1086 748 1164 808 ad
1203 747 1504 809 eumdem
1534 749 1622 811 Te
1659 751 1841 827 quasi
1862 751 2011 829 jure
2038 749 2321 828 mancipi
2353 748 2536 819 redit,
2573 748 2678 810 cui
2711 745 2954 826 pridem
2991 747 3243 810 domini
3277 747 3381 809 sui
3411 745 3756 812 voluntate

443 855 730 916 dicatum
769 849 1216 925 donatumque
1265 855 1384 908 est.
1427 845 1582 909 Sine
1611 847 1814 923 igitur
1858 864 1972 927 pro
2011 847 2308 911 comitate
2339 847 2452 908 illa
2479 848 2617 908 Tua
2647 863 2779 909 non
2816 854 2946 907 tam
2993 844 3223 924 specie,
3272 861 3475 924 quam
3510 864 3589 909 re
3624 847 3757 927 ipsa

443 951 698 1026 cognita
726 957 916 1026 atque
950 950 1301 1024 perspecta,
1334 945 1474 1007 sine
1505 944 1584 1006 ad
1611 947 1777 1008 Tuas
1806 963 2039 1007 manus
2067 949 2288 1008 venire
2315 948 2623 1025 exiguum
2648 944 2842 1008 hocce
2873 943 3210 1006 literarum
3246 945 3756 1024 munusculum,

441 1049 613 1129 quod
641 1045 780 1107 dari
820 1043 968 1105 Tibi
1007 1061 1046 1104 a
1100 1061 1242 1104 mea
1281 1045 1593 1106 tenuitate
1621 1053 1844 1125 potest,
1873 1064 1910 1107 a
1940 1049 2026 1108 Te
2053 1055 2269 1107 autem
2300 1045 2504 1125 accipi
2537 1044 2839 1122 Principe
2878 1041 3364 1105 humanissimo
3392 1049 3460 1107 et
3498 1047 3758 1124 sapien-

443 1147 696 1222 tissimo
726 1143 934 1205 debet.
990 1141 1077 1203 Hi
1133 1148 1286 1202 sunt
1329 1148 1454 1203 tres
1501 1141 1847 1205 Sermones
1896 1142 1960 1204 S.
1999 1143 2350 1220 Ambrosii,
2381 1152 2444 1206 et
2485 1143 2747 1222 quidem
2798 1139 2997 1218 illius,
3033 1150 3106 1204 ut
3133 1141 3439 1214 arbitror,
3473 1145 3598 1223 qui
3631 1145 3751 1207 fuit

444 1243 954 1308 Mediolanensis
978 1242 1355 1320 Episc0pus,
1389 1242 1598 1304 Patris
1627 1240 2172 1322 eloquentissimi,
2204 1259 2415 1322 nuper
2444 1259 2482 1303 a
2512 1260 2614 1303 me
2641 1243 2711 1302 in
2739 1240 3143 1304 Sessorianis
3181 1240 3421 1322 pluteis
3459 1242 3750 1320 inventi;

447 1344 582 1424 qui,
611 1343 713 1404 vel
756 1341 939 1403 nulla
975 1358 1120 1401 mea
1150 1358 1362 1419 Opera,
1399 1339 1525 1419 ipsi
1572 1359 1685 1420 per
1734 1359 1802 1403 se
1841 1341 1989 1403 addi
2027 1342 2183 1406 Tuae
2232 1339 2654 1405 Bibliotheca
2713 1337 2977 1416 vellent,
3031 1339 3329 1402 omnium
3377 1349 3752 1404 sanctorum

445 1443 714 1504 Patrum
767 1440 1094 1520 Sapientia
1143 1441 1415 1504 referta.
1476 1443 1641 1504 Mihi
1691 1459 1847 1506 vero
1891 1449 2366 1522 peropportuna
2395 1442 2583 1505 offert
2610 1459 2678 1504 se
2727 1438 2978 1504 occasio
3008 1437 3294 1519 alicujus
3327 1439 3484 1500 Tibi
3530 1439 3750 1517 gratiae

443 1539 824 1615 referendae,
855 1539 910 1602 si
939 1538 1062 1602 hoc
1085 1541 1352 1602 nomine
1384 1540 1765 1620 appellanda
1798 1547 1894 1604 est
1925 1539 2238 1603 exhibitio
2268 1539 2632 1603 devotionis
2660 1557 2811 1617 erga
2841 1538 2930 1600 Te
2959 1555 3123 1600 mem
3156 1553 3274 1616 pro
3303 1536 3750 1614 singularibus

445 1639 518 1702 in
555 1657 660 1701 me
689 1639 942 1702 meritis
982 1641 1158 1714 Tuis,
1209 1658 1356 1719 quae
1389 1640 1653 1720 rependi
1689 1657 1876 1720 aequo
1905 1639 2095 1704 modo
2126 1656 2414 1718 unquam
2452 1656 2634 1718 posse
2664 1637 2986 1715 proﬁteor.
3026 1634 3219 1710 Quod
3264 1633 3603 1714 reliquum
3632 1643 3742 1712 est,

445 1741 534 1802 Te
569 1757 806 1818 quaeso,
843 1745 914 1800 ut
944 1739 998 1800 si
1031 1737 1169 1801 haec
1202 1738 1533 1802 Ambrosii
1571 1741 1809 1818 scripta
1851 1736 2160 1816 aliquam,
2212 1738 2379 1816 quod
2411 1737 2684 1798 minime
2714 1734 2961 1810 dubito,
2994 1751 3033 1796 a
3067 1733 3156 1795 Te
3187 1733 3477 1812 gratiam
3502 1737 3741 1810 ineant,

445 1857 520 1902 ea
548 1841 686 1918 ipsa
718 1845 886 1914 utar,
917 1845 992 1900 ut
1033 1835 1198 1900 mihi
1226 1837 1418 1898 ﬁdem
1452 1843 1515 1898 et
1545 1837 2072 1900 benevolentiam
2101 1837 2311 1898 Tuam
2341 1837 2654 1915 majorem
2677 1834 3058 1914 adjungam.

527 1940 771 2002 Dabam
801 1938 1027 2002 Romae
1054 1955 1126 1999 ex
1162 1936 1407 1999 adibus
1437 1935 1826 1998 Sessorianae
1858 1933 2281 1998 Bibliotheca;
2313 1935 2486 1999 va.
2519 1932 2668 1999 Kal.
2697 1932 2913 1996 Julias
2943 1931 3508 1997 u.ia.ccc.xxme.

520 2181 590 2254 (‘)
632 2180 766 2236 Ems
795 2177 1116 2259 vir,‘quum
1147 2176 1779 2259 apostolicaelegatio‘nis
1807 2176 1953 2250 apud
1983 2175 2794 2259 MagnumHetruriaeDucem
2843 2173 3184 2259 Lnorotpum
3217 2175 3268 2233 II
3285 2191 3494 2259 “nuper
3521 2193 3742 2259 munere

449 2246 790 2329 fungeretur,
821 2266 885 2307 eo
915 2246 1216 2329 honoreac
1255 2248 1523 2329 dignitate
1550 2246 1912 2329 praefulgens,
1945 2246 2118 2329 magis
2156 2249 2364 2329 virtute
2395 2257 2448 2304 et
2454 2255 2620 2329 Iecte
2649 2246 2830 2329 factis,
2858 2247 3251 2329 augustissimo
3280 2246 3559 2329 Principi,
3587 2258 3740 2324 atque

449 2266 790 2324 fungeretur,
821 2266 885 2307 eo
915 2266 1124 2305 nonore
1154 2268 1216 2307 ac
1255 2266 1523 2320 dignitate
1561 2266 1912 2320 praemIgens,
1945 2266 2118 2376 magis
2156 2266 2364 2306 Virtute
2395 2266 2448 2304 et
2478 2266 2620 2304 recte
2650 2266 2830 2328 Iactis,
2858 2266 3251 2328 augusussimo
3280 2266 3559 2329 rrinclpi,
3587 2266 3739 2324 atque

447 2323 707 2380 omnibus
736 2323 936 2378 charus
961 2321 1086 2376 fuit.
1122 2323 1262 2402 Hinc
1291 2339 1322 2377 a
1349 2321 1636 2402 Gnsooiuo
1674 2322 1839 2403 ὶξνι,
1860 2323 2044 2403 Pent.”
2108 2337 2197 2376 ax.
2234 2325 2426 2403 (quem
2454 2317 2731 2403 Deusdiu
2761 2321 3036 2403 sospitet),
3069 2336 3228 2391 cujus
3257 2327 3450 2403 statim
3483 2337 3668 2378 amore
3691 2330 3739 2403 et

449 2394 857 2452 existimatione
886 2396 1091 2473 clarere
1119 2394 1307 2466 coepit,
1337 2403 1391 2473 et
1415 2392 1652 2473 maxime
1689 2393 1868 2462 ﬂoret,
1908 2394 1963 2449 in
1987 2393 2088 2473 illa
2104 2392 2289 2473 rerum
2316 2392 3164 2473 perturbationeaciemporum‘
3179 2392 3509 2473 acerbitate,
3543 2410 3660 2466 qua
3687 2393 3738 2449 in

449 2468 570 2540 ipso
590 2467 671 2522 sui
698 2466 1048 2537 pontiﬁcatus
1064 2462 1315 2546 ingressu
1337 2465 1536 2545 iterum
1562 2465 1870 2537 iterumque
1901 2465 2200 2546 recruduit,
2227 2462 2461 2546 quatuor
2495 2462 2796 2546 provinciis
2819 2462 3420 2546 Bononiafe‘rrariae,
3455 2462 3743 2546 Ravenna,

448 2533 504 2594 et
534 2533 764 2594 Forilivi
797 2545 954 2593 extra
984 2533 1232 2618 ordinem
1261 2538 1583 2618 praepositus
1612 2545 1692 2618 est
1707 2555 1727 2618 .;
1767 2533 1829 2593 ac
1851 2536 2055 2618 exinde
2094 2533 2266 2618 veluti
2296 2533 2556 2616 contento
2584 2533 3333 2618 adnmetamcursunPublicfi‘
3367 2538 3588 2618 Aerarii
3620 2539 3744 2618 Pr;-

449 2611 626 2666 fectus
663 2610 1038 2686 dictus,_anno
1085 2605 1397 2686 insequenti
1436 2608 1522 2686 ad
1541 2608 1817 2686 fastigium
1851 2607 2076 2686 honoris
2112 2615 2354 2686 evectus,
2397 2607 2493 2686 vix
2523 2605 2857 2686 sep_tilu_stris
2886 2605 3031 2686 inter
3070 2606 3267 2686 Patres
3293 2607 3623 2686 Cardinales
3649 2610 3743 2686 ad-

454 2626 626 2666 tectus
663 2626 865 2677 uictus,
893 2626 1038 2664 anno
1085 2626 1397 2684 insequenti
1439 2626 1504 2664 au
1541 2626 1660 2664 iasu
1705 2626 1817 2664 lum
1851 2626 2076 2663 nonoris
2112 2626 2354 2675 evectus,
2397 2626 2493 2688 vix
2523 2626 2857 2686 septtlusu'ls
2886 2626 3031 2661 Inter
3070 2626 3260 2686 ijatres
3293 2626 3623 2665 cardinales
3649 2626 3742 2691 aq-

454 2683 690 2762 scriptus
730 2688 829 2762 est.
865 2682 977 2738 Hac
1007 2699 1136 2738 vero
1166 2683 1256 2762 die
1295 2698 1394 2762 Em
1434 2626 1832 2762 .ltal.ufu.lias
1858 2680 2195 2762 IdeniPont.
2230 2680 2373 2762 Max.
2408 2680 2566 2762 illum
2596 2677 2781 2734 Titulo
2821 2677 2876 2732 S.
2913 2676 3141 2762 Joannis
3159 2685 3310 2762 ante
3342 2687 3564 2762 portam
3597 2682 3742 2762 Lati-

449 2749 584 2835 nam:
610 2754 866 2835 donavit,
891 2762 1053 2835 atque
1085 2755 1264 2835 sacris
1287 2752 1556 2835 ‘Cons‘ili'i‘s
1587 2751 1766 2832 bibris
1799 2751 2076 2835 notandis,
2114 2751 2398 2835 Legitimis
2436 2750 2654 2808 Ritibus
2699 2749 3116 2821 cognoscendis,
3159 2749 3739 2827 Veris'lndulgentiis

448 2826 722 2898 sacrisque
750 2821 1021 2899 Reliquiis
1050 2825 1377 2893 statuendis,
1405 2830 1458 2880 et
1495 2823 1784 2897 Episcopis
1812 2821 2108 2896 probandis
2136 2821 2391 2878 adscivit.

1273 3337 1393 3421 D.
1485 3331 2080 3420 LEANDRI
2163 3329 2919 3418 PR/EFATIO.

521 3752 564 3808 Ι.
590 3749 768 3806 Sancti
796 3747 1065 3804 Ambrosii
1089 3747 1290 3820 scripta
1317 3765 1518 3806 summa
1545 3748 1604 3805 in
1627 3748 1822 3806 honore
1848 3749 2027 3807 habita
2062 3754 2105 3816 α
2140 3753 2385 3810 alienum
2417 3752 2710 3811 redderent
2735 3754 2833 3826 (ὁ).
2859 3753 3036 3822 Quare
3054 3767 3167 3808 non
3195 3749 3504 3808 defuerunt
3523 3747 3736 3808 Romani

450 3849 594 3911 sunt,
621 3857 782 3913 eaque
807 3840 864 3896 in
892 3840 1077 3896 multis
1097 3841 1224 3896 olim
1255 3841 1441 3896 vitiata
1465 3860 1500 3896 α
1519 3841 1787 3898 Maurinis
1799 3862 2042 3918 prwpur-
2153 3843 2460 3917 pontiﬁces,
2493 3845 2585 3917 qui
2617 3861 2741 3901 cum
2770 3851 2881 3900 tam
2913 3840 3114 3899 veteris
3138 3849 3365 3914 tamque
3394 3841 3540 3898 bene
3572 3842 3737 3904 meriti

449 3941 573 4006 gata
610 3931 778 4003 fuere.
817 3962 887 3973 —
925 3930 1109 3986 Sancti
1144 3929 1445 3999 Ambrosii,
1479 3929 1573 4005 qui
1618 3932 1818 3988 saeculo
1849 3944 2043 4008 quarto

451 4021 814 4094 episcopalem
849 4020 1142 4077 Mediolani
1172 4019 1571 4076 nobilissimam
1618 4020 1800 4077 sedem
1841 4025 2039 4096 tenuit,

454 4110 682 4182 plurimi
738 4127 951 4182 semper
987 4110 1190 4182 scripta
1248 4109 1438 4166 fecisse
1503 4112 1710 4182 Patres,
1754 4116 2043 4186 pontiﬁces

451 4198 745 4264 maximos,
773 4197 1008 4253 concilia
1036 4200 1394 4266 mcumenica,
1441 4208 1493 4256 et
1524 4202 1785 4273 ipsosmet
1815 4203 2041 4262 hetero-

452 4286 626 4342 doxos
655 4301 816 4341 nemo
847 4286 1094 4342 eruditus
1124 4287 1340 4358 ignorat
1365 4290 1469 4360 (a).
1487 4291 1746 4347 Attamen
1766 4310 1918 4367 eque
1945 4311 2039 4350 no-

451 4383 583 4432 runt
609 4391 818 4442 omnes,
837 4374 980 4429 inter
999 4390 1162 4444 opera
1182 4374 1409 4447 hujusce
1436 4380 1766 4437 sanctissimi
1791 4385 2039 4454 praesulis

448 4463 766 4537 apocrypha
795 4464 970 4519 multa
1003 4462 1172 4519 fuisse
1202 4465 1372 4520 relata
1397 4467 1692 4540 multisque
1720 4471 1855 4526 adeo
1883 4473 2039 4530 vitiis

448 4555 668 4625 referta,
701 4563 760 4611 ut
791 4553 1054 4629 quiddam
1084 4553 1297 4612 etiama
1317 4555 1591 4614 catholico
1620 4574 1785 4616 sensu
1815 4577 2037 4633 prorsus

519 4738 602 4814 (a)
643 4738 874 4814 Videris
907 4739 1109 4814 sele_cta_
1162 4745 1409 4814 veterum
1452 4739 1784 4814 testimonia,
1827 4757 1946 4814 quae
1977 4744 2035 4800 in

444 4809 625 4888 primo
664 4809 950 4888 volumine
995 4810 1360 4888 S._A_mbrosii
1391 4827 1541 4883 oper.
1583 4813 1686 4870 sub
1714 4809 2035 4888 prafatione

443 4897 475 4935 a
503 4881 770 4938 Maurinis
796 4882 1029 4939 collecta
1058 4881 1351 4939 habentur.

517 4953 594 5029 (ὁ)
630 4952 802 5029 _Porro
833 4952 967 5009 olim
995 4955 1049 5012 S.
1083 4955 1376 5029 Ambrosio
1396 4956 1464 5013 ad
1494 4957 1751 5014 Paulinas
1776 4958 2032 5029 epistolas

443 5021 830 5099 tribuebantur
855 5027 1269 5099 commentaria,
1293 5044 1530 5099 quorum
1563 5046 1690 5085 sane
1722 5021 1912 5085 auctor
1935 5031 2030 5086 ali-

2152 3933 2220 3989 de
2246 3933 2494 3990 Ecclesia
2530 3933 2706 3989 Patris
2735 3933 2937 4004 scripta
2964 3932 3031 3989 ad
3061 3947 3206 3988 sana
3238 3929 3516 3988 doctrina:
3539 3934 3734 3991 laudem

2153 4033 2414 4095 cuperent
2443 4022 2798 4091 efﬂorescere,
2831 4022 2969 4078 viris
2998 4021 3176 4077 doctis
3192 4021 3559 4080 vehementer
3574 4033 3734 4081 essent

2153 4123 2418 4181 auctores,
2455 4123 2516 4171 ut
2551 4115 2766 4172 collatis
2794 4115 2963 4184 curis,
2991 4114 3060 4170 ad
3086 4130 3289 4171 novam
3320 4114 3628 4174 editionem
3655 4135 3731 4174 ex-

2150 4203 2453 4260 cudendam
2472 4205 2693 4275 optimae
2721 4213 2863 4260 notae
2891 4204 3108 4262 codices
3128 4204 3320 4262 sedulo
3343 4209 3731 4280 perquirerent,

2150 4291 2423 4365 simulque
2443 4293 2753 4350 conferrent
2777 4311 2790 4358 ;
2824 4310 2893 4349 ex
2918 4293 3122 4367 quibus
3141 4302 3193 4350 et
3221 4296 3498 4367 genuinos
3531 4306 3733 4371 possent

2149 4381 2544 4438 Ambrosianos
2573 4383 2717 4438 fetus
2745 4382 2992 4454 seligere,
3025 4383 3191 4441 falsos
3220 4400 3502 4459 respuere,
3545 4396 3599 4445 et
3635 4403 3732 4446 cer.

2149 4477 2231 4525 tas
2259 4470 2500 4542 ejusdem
2543 4472 2795 4544 praesulis
2834 4474 3132 4529 sententias
3160 4473 3377 4531 elicere.
3413 4476 3562 4534 Hinc
3597 4491 3732 4532 man-

2147 4558 2287 4616 datis
2316 4577 2656 4617 summorum
2675 4561 3000 4634 pontiﬁcum
3031 4563 3115 4619 Pii
3147 4564 3244 4635 IV,
3262 4574 3317 4622 et
3341 4565 3430 4622 Pii
3450 4567 3526 4639 V,
3549 4567 3732 4641 Grego-

2147 4749 2325 4817 tendit,
2348 4765 2518 4827 uxore
2537 4758 2756 4822 propter
2765 4753 3097 4827 adulterium
3114 4755 3424 4827 repudiata,
3454 4757 3628 4814 aliam
3647 4757 3729 4813 du-

2143 4837 2254 4900 cere
2284 4838 2298 4900 _:
2328 4823 2490 4900 timori
2522 4829 2696 4900 autem
2723 4824 3052 4900 abadultero
3090 4823 3305 4898 conjuge
3327 4823 3600 4900 separata;
3627 4845 3729 4883 cum

2142 4892 2253 4969 alio
2272 4893 2410 4969 inire
2437 4892 2740 4969 conjugium
2768 4897 2919 4951 licere
2943 4904 3095 4969 negat
3126 4892 3294 4969 (Hin'c
3308 4892 3524 4968 Canon,
3548 4901 3727 4958 Urora

2141 4964 2258 5043 oi-ro
2302 4965 2567 5043 i7_,_caus.
2601 4966 2914 5043 32,qu§es_t.
2959 4964 3025 5037 7,’
3043 4968 3110 5043 de
3129 4964 3239 5043 quo
3265 4964 3724 5028 Romani'correc-

2141 5041 2287 5090 tores
2314 5035 2535 5092 videndi
2568 5035 2754 5105 sunt).'
2783 5040 2884 5095 Sed
2915 5035 3005 5095 nec
3053 5035 3160 5097 illd
3205 5043 3362 5098 etiam
3412 5042 3546 5097 satis
3605 5060 3722 5098 sana

441 5094 578 5184 quia}
596 5094 1833 5184 cutnnsana.doctrinabaud'consonumhabet.
1859 5102 2027 5184 Certe,
2057 5126 2105 5184 D
2141 5113 2281 5184 sunt,
2312 5108 2452 5177 quod
2476 5107 2673 5184 factam
2701 5094 2772 5164 od
2797 5094 3542 5184 imaginem-"Devi'nialier—ent
3575 5094 3718 5169 eis)":

440 5165 692 5244 scribunt
706 5165 1050 5244 Benedictini
1068 5168 1311 5244 editores
1327 5171 1384 5226 in
1405 5171 1672 5228 admonit.
1698 5189 1864 5244 praev.
1881 5165 2027 5243 LIV,

438 5235 497 5290 in
525 5236 757 5308 append.
779 5237 894 5316 .col.
928 5239 1018 5316 3t),
1047 5237 1254 5307 defendi
1280 5259 1386 5316 non
1412 5250 1578 5316 potest
1606 5235 1788 5298 eoriim
1821 5245 1902 5316 (id
1923 5235 2023 5316 est,

435 5307 1326 5386 commentariorummuctonquin
1342 5307 1458 5369 cuin
1481 5315 1701 5386 Origene
1723 5307 2024 5386 senserit,iri

437 5379 700 5459 saturitate
721 5380 1016 5459 daemonum
1044 5399 1148 5438 esse
1174 5379 1239 5459 al)
1269 5401 1450 5459 errore
1479 5379 1707 5459 resilire.
1733 5379 2023 5459 Explora-

438 5451 546 5501 tum
572 5464 775 5518 quoque
799 5452 946 5508 ulcus
975 5461 1066 5522 est,
1089 5453 1229 5526 quod
1247 5455 1443 5511 marito
1469 5457 1557 5527 fas
1586 5474 1746 5529 usque
1773 5451 1878 5514 esse
1905 5477 2021 5516 con-

2139 5178 2402 5257 episcopos
2457 5182 2782 5257 superiorem
2825 5178 3146 5257 presbyteris
3199 5186 3426 5257 gradum
3482 5186 3718 5249 obtinere,

2133 5255 2227 5328 a_ut
2263 5250 2471 5328 dioersa
2505 5251 2711 5328 institui
2743 5250 3104 5328 ordinatiVOne,
3137 5250 3450 5328 injiciatur;
3495 5264 3545 5312 et
3578 5272 3718 5328 quc-

2133 5319 2256 5446 ἀαὲῃ
2273 5321 2670 5449 ιῖἰξαιοοᾏηζέιαηὶ
2695 5325 3076 5383 catholicorum
3090 5319 3280 5386 sensui
3307 5319 3485 5385 minus
3500 5319 3714 5400 certng

2132 5407 2193 5446 su
2232 5409 2284 5447 ιη
2410 5411 2471 5449 ra
2513 5413 2571 5449 ιμ.
