3880 6198
173 142 260 202 761

1045 149 1416 211 SEBMONES
1454 154 1634 214 TBES
1670 155 1774 215 EX
1811 157 2072 219 CODICE
2112 162 2563 226 SESSORIANO.

3357 177 3459 237 762

171 269 238 326 rii
259 270 404 338 XIII,
436 287 499 328 ac
513 271 699 330 studio
717 281 772 330 et
800 274 986 333 labore
1000 277 1144 335 Sixti
1164 279 1235 348 V,
1257 280 1502 338 Romana
1520 282 1752 340 Ambrov
1785 291 1834 350 Α
1865 283 1972 353 bis,
2005 287 2228 358 accipio,
2260 298 2313 346 et
2342 293 2551 365 arripio
2575 313 2589 363 ;
2613 313 2710 352 con
2736 314 2868 356 vero
2895 310 3082 360 servat
3107 319 3142 357 η
3170 310 3296 360 ante
3317 305 3354 374 ι,
3381 320 3456 374 m,

169 360 234 418 sii
263 376 488 434 operum
517 361 690 420 editio
718 373 1039 423 caterarum
1067 368 1317 426 omnium
1346 369 1754 430 absolutissima

168 448 366 523 prodiit
398 451 457 506 in
479 453 656 509 lucem
682 453 787 527 (a).
807 455 1013 513 Verum
1043 475 1165 514 cum
1183 468 1237 516 et
1258 459 1425 516 inilla
1451 477 1560 518 non
1583 463 1754 535 pauca

165 540 553 612 reperirentur,
586 559 729 614 quae,
784 553 846 600 ut
875 545 935 602 in
964 545 1210 619 ejusdem
1242 549 1277 605 S
1325 549 1567 608 doctoris
1591 569 1752 625 opera

163 630 370 703 praefati
412 640 541 688 sunt
583 634 820 691 Maurini
854 636 955 707 (b),
991 654 1103 694 non
1153 639 1317 696 modo
1345 641 1414 698 ab
1451 641 1746 713 haereticis,

162 737 350 777 verum
381 721 544 778 etiam
575 724 643 780 ab
668 726 994 784 orthodoxis
1007 727 1154 786 haud
1183 730 1302 787 sine
1330 747 1494 788 causa
1520 733 1750 790 minime

159 810 519 884 probarentur
546 831 561 881 ;
593 823 790 887 praesto
819 816 928 872 fuit
952 816 1069 890 ipsa
1119 820 1493 878 Maurinorum
1531 839 1747 893 manus,

158 900 250 973 qui
281 901 588 970 Herculeis,
623 911 683 959 ut
704 905 780 960 ita
800 905 1002 976 dicam,
1037 908 1208 964 ferme
1237 913 1746 969 exantlatislabori-

156 989 322 1048 busin
345 990 615 1049 rimandis
627 993 1005 1065 bibliothecis,
1029 1005 1082 1053 et
1101 998 1386 1056 codicibus
1401 1002 1748 1061 conferendis

157 1081 389 1154 episcopi
423 1080 849 1140 Mediolanensis
904 1085 1107 1158 scripta
1150 1089 1303 1144 omni
1333 1107 1491 1147 naevo
1523 1101 1748 1166 purgata

155 1178 368 1228 suomet
389 1170 751 1229 restituerunt
771 1173 992 1245 honori,
1015 1192 1214 1234 novam
1239 1183 1614 1256 pervulgando
1633 1185 1745 1241 edi-

155 1261 380 1330 tionem,
411 1277 533 1336 quae
563 1264 871 1336 superiores
898 1282 1104 1344 omnes
1121 1268 1321 1342 judicii
1352 1272 1669 1331 maturitate
1692 1282 1746 1331 et

154 1351 510 1410 multitudine
541 1355 872 1414 eruditionis
913 1358 1074 1416 facile
1102 1364 1383 1434 superavit
1415 1365 1512 1437 (c).

217 1443 284 1500 ΙΙ.
340 1444 718 1502 Maurinorum
773 1448 931 1505 editio
990 1450 1158 1507 tribus
1187 1453 1393 1510 ditatur
1420 1457 1744 1514 ser-monibus

150 1549 175 1588 ο
199 1532 368 1589 codice
396 1535 704 1592 Sessoriano
731 1538 1073 1612 dt'promptis.
1103 1571 1174 1584 —
1199 1543 1318 1599 Jam
1366 1561 1495 1601 vero
1543 1547 1742 1619 quibus

1856 390 1917 464 p,
1945 383 2187 447 r;atque
2207 377 2262 432 in
2289 395 2574 455 nunquam
2603 385 2837 444 dimittit
2856 397 3033 447 nante
3058 391 3108 460 b,
3143 409 3214 460 m,
3240 409 3299 464 p,
3333 409 3376 461 s,
3408 393 3456 451 si

1862 463 2050 555 impleo
2072 465 2299 522 verbum
2319 472 2617 544 exceperis.
2637 475 2917 536 Vocabula
2935 488 3117 537 autem
3140 463 3453 555 aput,aliut,

1861 552 2442 625 illut,istut,jubat,etc.
2455 578 2705 634 ,quorum
2726 566 2889 626 lectio
2905 552 3226 646 plerumque
3245 589 3277 628 a
3292 589 3454 631 sensu

1861 643 2078 699 aurium
2102 645 2392 704 scribentis
2407 648 2612 708 dictata
2628 655 2793 712 verba
2811 643 3452 734 excipientispendebat,

1861 731 1973 788 fere
2003 749 2217 807 semper
2245 737 2474 796 recitato
2504 742 2668 799 modo
2695 743 2753 800 in
2766 747 2950 804 codice
2970 731 3176 822 scripta
3194 752 3448 825 reperies,

1858 820 1918 876 in
1948 839 2056 896 quo
2104 823 2248 881 bona
2287 836 2546 902 rectaque
2580 833 2853 906 scriptura
2906 820 3201 907 habentur,
3245 820 3450 912 calum,

1858 912 2642 1001 condicio,intellego,querella,
2665 924 2866 992 uincla,
2884 933 3047 999 atque
3067 929 3175 984 alia
3191 930 3449 1001 plurima,

1859 1016 1978 1072 quae
1999 999 2058 1056 in
2075 1003 2211 1059 meis
2231 1005 2459 1064 scholiis
2477 1010 2925 1085 palaeographicis
2954 1017 3131 1072 textui
3160 999 3451 1077 substratis

1857 1085 2004 1143 haud
2036 1088 2388 1151 inobservata
2442 1098 2664 1171 reliqui.
2693 1101 2857 1157 Nulla
2882 1112 3141 1174 praeterea
3171 1104 3229 1162 in
3262 1105 3451 1163 codice

1856 1191 2024 1248 pausa
2079 1189 2181 1248 est,
2236 1184 2392 1240 nulla
2437 1185 2821 1246 admirationis
2879 1193 2966 1249 vel
2999 1193 3450 1266 interrogationis

1856 1264 2033 1338 signa,
2067 1269 2222 1326 nulla
2269 1271 2564 1332 verborum
2596 1277 2881 1336 distinctio
2909 1290 3168 1354 apparet;
3201 1264 3295 1341 sed
3325 1300 3448 1342 raro

1854 1364 2059 1428 puncta
2088 1365 2141 1413 et
2161 1360 2348 1417 eadem
2379 1379 2593 1436 semper
2623 1368 2822 1436 media,
2853 1388 2915 1427 ac
2945 1371 3022 1427 ita
3051 1381 3253 1430 temere
3284 1389 3446 1446 appo-

1852 1442 1976 1533 sita,
2011 1452 2072 1501 ut
2100 1449 2272 1522 magis
2301 1467 2495 1510 sensus
2514 1466 2746 1530 augeant
2763 1458 3199 1533 ambiguitatem.
3229 1442 3448 1522 Litterae

1853 1529 1912 1589 in
1941 1533 2051 1592 ﬁne
2082 1553 2340 1597 versuum
2371 1544 2670 1617 aliquando
2700 1549 3013 1616 minuntur,
3042 1551 3129 1608 vel
3168 1553 3226 1608 in
3258 1570 3447 1612 mono-

148 1621 363 1680 laudata
393 1624 565 1682 editio
595 1627 781 1699 augeri
830 1629 1022 1700 possit,
1057 1647 1200 1700 ecce,
1234 1641 1294 1689 ut
1325 1650 1423 1706 ego
1478 1635 1738 1703 arbitror,
1770 1653 1815 1712 Β
1850 1639 2095 1712 gramma
2122 1639 2340 1688 coeunt.
2402 1632 2682 1692 Librarius
2712 1638 2935 1694 nonnisi
2999 1640 3218 1712 parcius
3246 1641 3448 1700 litteris

146 1717 252 1768 tres
278 1711 418 1770 mihi
445 1729 726 1772 sermones
751 1715 948 1773 inediti
970 1717 1029 1774 in
1065 1717 1395 1776 Sessorianis
1421 1738 1599 1795 nuper
1617 1725 1736 1796 plu-

146 1802 248 1860 teis
266 1803 594 1878 deprehensi
614 1814 906 1881 sunt,quos
925 1809 1127 1865 eruditi
1145 1810 1252 1867 viri
1269 1813 1385 1868 sive
1399 1813 1570 1871 fontis
1589 1816 1736 1874 unde

147 1901 366 1950 manant
393 1902 723 1953 vetustatem
761 1905 1030 1970 spectent,
1060 1899 1177 1956 sive
1203 1900 1534 1960 documenta
1557 1905 1735 1962 utilis-

145 1980 298 2052 sima,
320 1999 440 2056 quas
461 1984 590 2041 inde
607 1985 676 2042 ad
699 1985 1079 2045 informandos
1097 1988 1536 2049 Christianorum
1556 2011 1735 2053 mores

142 2071 446 2132 redundare
473 2083 685 2132 certum
716 2083 818 2143 est,
875 2077 1151 2151 paulisper
1181 2079 1508 2153 respiciant,
1539 2083 1734 2156 dignos

141 2160 298 2233 plane
329 2170 648 2234 agnoscent,
683 2163 923 2232 conﬁdo,
949 2181 1087 2238 quos
1115 2168 1312 2240 cupide
1341 2185 1532 2228 omnes
1561 2189 1623 2230 ac
1641 2174 1731 2230 be-

142 2251 337 2306 nevole
367 2251 669 2325 excipiant.

207 2345 300 2402 III.
339 2346 639 2403 Sessoriani
667 2348 859 2404 codicis
877 2355 1123 2420 vetustas,
1152 2358 1199 2407 et
1221 2354 1642 2426 palwographia.
1665 2387 1735 2399 —

147 2433 284 2490 Fons
301 2433 525 2508 quidem
545 2434 742 2492 horum
763 2454 1077 2496 sermonum
1093 2442 1542 2513 praeclarissimas
1561 2446 1734 2503 codex

149 2521 236 2578 ille
254 2523 674 2582 Nonantulanus
699 2534 800 2594 est,
833 2527 1024 2585 formae
1047 2530 1160 2586 fere
1181 2531 1479 2604 quadratae,
1501 2543 1555 2590 et
1581 2536 1734 2592 sotti-

151 2612 366 2671 lissimis
412 2615 748 2674 membranis
796 2627 1130 2691 compactus,
1181 2621 1276 2695 qui
1298 2624 1574 2694 quondam
1619 2641 1736 2682 nu-

149 2705 303 2762 meris
352 2706 536 2774 60,90,
587 2715 684 2763 aut
733 2707 833 2764 134
861 2709 1240 2783 praesignatus,
1288 2713 1455 2769 modo
1497 2714 1557 2770 in
1587 2731 1732 2773 novo

147 2793 378 2868 catalogo
404 2811 438 2850 a
477 2811 565 2851 me
611 2796 862 2854 confecto
905 2797 1421 2872 quinquagesimum
1475 2803 1730 2877 quintum

149 2883 366 2941 sortitus
419 2894 506 2942 est
534 2903 848 2945 numerum.
882 2887 1018 2958 Ejus
1073 2891 1425 2962 scripturam,
1480 2909 1602 2966 quin
1653 2894 1732 2952 ita

145 2973 366 3031 evanida
391 2982 497 3045 est,
527 2983 590 3032 ut
619 2977 803 3050 plures
831 2986 1094 3035 occurant
1127 2980 1337 3053 paginae
1396 2983 1556 3039 valde
1585 2984 1730 3043 lectu
1760 3019 1804 3080 Ο

142 3060 376 3121 difﬁciles
386 3072 440 3120 et
454 3065 860 3124 obscurationie
876 3068 932 3123 in
949 3084 1151 3126 excuso
1168 3071 1640 3148 specimine,quod
1670 3075 1726 3132 in

141 3151 370 3214 Romana
398 3158 454 3216 S.
490 3159 719 3215 Maximi
741 3158 983 3218 editione
1004 3161 1134 3216 anni
1163 3161 1319 3230 1784,
1352 3163 1463 3220 tab.
1491 3165 1542 3233 I,
1576 3181 1632 3220 n.
1668 3165 1722 3236 2,

140 3257 248 3317 pag.
278 3247 378 3306 200
407 3248 636 3318 visitur,
667 3258 1000 3323 cognoscent
1029 3250 1253 3308 eruditi.
1279 3253 1382 3308 Illa
1410 3254 1612 3328 quippe
1630 3272 1726 3312 se-

138 3337 334 3408 cundat,
363 3348 424 3397 ut
476 3339 700 3411 dicunt,
730 3343 989 3400 Romanae
1021 3345 1200 3402 aetatis
1228 3345 1295 3401 ad
1331 3345 1722 3420 Longobardi-

135 3440 247 3482 cum
278 3428 357 3502 (ἀ)
388 3430 744 3502 inclinantis,
785 3449 854 3489 ne
877 3450 1004 3490 cum
1035 3435 1478 3494 eminentissimo
1499 3439 1722 3496 Besutio

134 3513 295 3575 dicam
319 3537 374 3576 v1
425 3522 534 3595 (e),
569 3522 706 3579 mihi
749 3527 950 3582 saeculo
978 3542 1060 3584 vn
1090 3528 1176 3582 vel
1207 3527 1276 3583 ad
1313 3544 1592 3586 summum
1623 3529 1722 3586 in-

131 3620 276 3669 eunte
306 3631 406 3675 VIII
435 3626 671 3676 exarata
696 3617 935 3677 videtur.
964 3620 1228 3694 Ejusdem
1253 3623 1401 3681 enim
1434 3624 1717 3700 orthogra-

134 3699 252 3771 phia
276 3705 342 3762 ad
372 3709 614 3780 priscam
661 3727 909 3769 normam
940 3713 1249 3771 rectissime
1278 3715 1482 3791 scripta
1509 3726 1588 3774 est
1664 3729 1719 3778 et

138 3791 338 3862 quidem
363 3800 642 3856 constanti
671 3801 806 3858 adeo
828 3811 1076 3861 veterum
1109 3805 1363 3864 codicum
1385 3810 1715 3867 auctoritate

137 3876 352 3955 ﬁrmata,
377 3897 438 3945 ut
466 3889 632 3962 plane
661 3889 728 3946 ad
766 3893 1052 3950 rectiorem
1085 3895 1245 3951 illum
1277 3897 1559 3954 scribendi
1583 3917 1712 3955 mo-

137 3967 252 4026 dum
279 3978 474 4033 reverti
503 3994 725 4036 necesse
750 3980 841 4037 sit.
875 3982 993 4038 Jam
1025 4000 1156 4041 vero
1179 3984 1282 4042 hoc
1313 3985 1503 4043 eodem
1537 3988 1593 4044 in
1624 4006 1711 4046 co-

136 4056 242 4116 dice
277 4079 556 4140 nunquam
591 4068 768 4126 forma
799 4072 1136 4144 Vscribitur,
1169 4075 1263 4132 sed
1285 4093 1499 4150 semper
1526 4086 1607 4135 est
1629 4081 1676 4137 U
1692 4097 1706 4146 ;

137 4163 294 4222 neque
311 4156 364 4210 ul
376 4158 422 4212 la
436 4158 546 4215 alia
562 4175 724 4232 quam
748 4177 856 4216 una
868 4163 1243 4238 diphthongus
1262 4184 1324 4222 ae
1337 4167 1541 4242 absque
1561 4186 1710 4226 nexu

136 4250 444 4329 usurpatur;
495 4248 593 4322 qui
637 4248 696 4304 in
731 4254 1059 4322 pervetustis
1099 4254 1383 4311 codicibus
1411 4267 1706 4329 perpetuus

1847 1711 2222 1784 singularibus
2243 1721 2328 1775 vel
2353 1721 2396 1776 si
2404 1722 2508 1794 glis
2522 1725 2776 1791 utitur,et
2788 1711 3009 1799 quidem
3025 1728 3238 1802 iis,quae
3251 1730 3446 1802 priscis

1846 1799 2152 1860 tabellariis
2179 1806 2344 1864 obvia
2371 1810 2616 1882 fuerunt,
2647 1821 2707 1869 ut
2726 1831 2815 1870 ex.
2844 1832 2924 1888 gr.
2952 1799 3294 1888 Incp.,_Dns,
3344 1821 3442 1888 Ds,

1846 1889 1949 1960 ihs,
1975 1909 2101 1964 πρε,
2151 1913 2256 1968 sps,
2298 1916 2398 1968 scs,
2439 1918 2528 1970 nr,
2581 1919 2679 1975 pro
2709 1903 2923 1975 Incipit,
2967 1906 3246 1975 Dominus,
3278 1908 3441 1975 Deus,

1844 1979 2010 2049 Iesus,
2047 1982 2310 2055 Christus,
2344 1989 2599 2060 Spiritus,
2635 1989 2880 2063 Sanctus,
2913 2001 3112 2064 noster,
3145 2003 3200 2052 et
3246 1996 3303 2052 in
3333 1995 3442 2054 ﬁne

1845 2083 2044 2126 vocum
2073 2071 2120 2128 b.
2156 2081 2209 2129 et
2233 2093 2286 2146 q.
2313 2093 2436 2133 cum
2469 2079 2652 2136 medio
2681 2090 2887 2155 puncto
2917 2100 3016 2157 pro
3049 2083 3141 2141 bus
3170 2092 3224 2141 et
3252 2102 3367 2158 que.

1916 2169 2012 2226 IV.
2042 2171 2386 2230 Ambrosiani
2437 2195 2698 2235 sermones
2732 2187 2834 2236 tres
2864 2181 2921 2237 in
2957 2182 3051 2237 hoc
3079 2183 3251 2239 eodem
3272 2183 3442 2240 codice

1844 2260 2071 2314 contenti
2099 2277 2204 2331 qua
2220 2263 2282 2318 de
2301 2283 2358 2321 re
2373 2274 2680 2324 censeantur
2707 2270 2912 2326 inediti.
2943 2301 3013 2313 -
3032 2271 3191 2340 Quod
3220 2289 3349 2329 vero
3379 2272 3438 2329 in

1845 2342 1952 2402 hoc
1980 2347 2370 2422 antiquissimo
2399 2356 2589 2415 codice
2625 2374 2905 2416 sermones
2932 2367 3042 2417 tres
3070 2361 3125 2418 S.
3157 2361 3436 2419 Ambrosii

1843 2438 2069 2496 nomine
2111 2440 2407 2517 inscriptos
2434 2448 2674 2507 inveniri
2706 2453 2944 2510 ineditos
2983 2471 3241 2524 asseram,
3273 2473 3437 2514 coar-

1844 2534 1975 2598 guat
2006 2545 2093 2585 me
2123 2548 2321 2602 nemo;
2347 2552 2474 2592 nam
2499 2539 2543 2594 si
2578 2540 2635 2596 id
2664 2542 2849 2598 minus
2878 2550 3041 2612 recte,
3075 2543 3222 2600 haud
3251 2553 3434 2602 tamen

1845 2624 2047 2675 temere
2064 2620 2289 2691 dixero;
2319 2641 2444 2683 cum
2475 2628 2877 2706 adhibitacura
2892 2648 2999 2705 qua
3014 2649 3125 2690 non
3150 2634 3303 2706 potui
3325 2651 3433 2693 ma-

1841 2702 1977 2776 jore,
2008 2707 2134 2764 illos
2155 2725 2256 2768 nec
2285 2712 2344 2768 in
2376 2715 2656 2774 Ambrosii
2679 2702 2964 2796 hucusque
2993 2702 3231 2794 vulgatis
3260 2722 3432 2795 operi-

1841 2794 1964 2863 bus,
1997 2813 2099 2855 nec
2126 2799 2271 2856 inter
2300 2803 2393 2860 SS.
2447 2807 2768 2880 Augustini,
2816 2794 3045 2867 Maximi
3075 2820 3129 2868 et
3158 2794 3432 2885 Fulgentii

1842 2901 2026 2958 opera,
2057 2904 2177 2962 quae
2208 2900 2425 2950 vetusta
2473 2903 2630 2953 atate
2663 2915 2788 2955 cum
2818 2900 3198 2958 Ambrosianis
3227 2903 3432 2960 scimus

1841 2974 2005 3032 ivisse
2034 2981 2326 3052 permixta,
2357 3001 2460 3043 nec
2488 2987 2633 3044 inter
2658 2990 2896 3047 aliorum
2927 2991 3022 3048 SS.
3043 2992 3265 3050 Patrum
3296 2994 3426 3051 scri-

1837 3073 1929 3137 pta
1957 3071 2272 3141 repererim.
2308 3074 2586 3149 Praecipue
2614 3087 2799 3136 autem
2833 3097 3014 3137 meum
3048 3081 3153 3140 hoc
3172 3082 3425 3156 praejudi-

1833 3154 1980 3212 cium
2010 3161 2367 3220 cumulabant
2388 3165 2492 3221 tria
2518 3167 2613 3223 illa
2629 3168 2780 3225 Isaiae
2804 3169 3119 3226 testimonia
3146 3154 3206 3239 x,
3227 3154 3317 3241 33,
3334 3171 3423 3242 34,

1834 3251 1886 3299 et
1906 3262 1984 3335 x1,
2018 3247 2074 3317 5,
2106 3267 2226 3324 quae
2257 3252 2470 3327 integra
2499 3258 2756 3330 leguntur
2775 3259 2835 3315 in
2863 3260 3026 3316 tertio
3051 3277 3301 3318 sermone
3323 3262 3422 3335 (f);

1832 3333 1961 3405 quia
2010 3353 2204 3411 nempe
2259 3341 2594 3402 Sabatierius
2650 3346 2709 3404 in
2744 3347 2858 3405 suis
2914 3348 3138 3406 biblicis
3185 3333 3426 3424 antiqua

1831 3425 2104 3484 versionis
2157 3429 2479 3503 fragmentis
2508 3436 2618 3504 vel,
2647 3443 2710 3493 ut
2737 3437 2833 3492 illa
2860 3454 2918 3506 x,
2952 3437 3041 3506 33,
3073 3438 3164 3507 34,
3198 3439 3420 3497 nonnisi

1830 3513 2027 3571 mutila
2074 3517 2293 3588 referat,
2325 3523 2411 3578 vel
2440 3531 2502 3579 ut
2539 3523 2682 3581 illud
2709 3542 2788 3592 x1,
2831 3526 2886 3594 5,
2928 3540 3151 3598 prorsus
3179 3527 3418 3585 omittat.

1829 3599 1965 3658 Cum
1995 3604 2143 3662 enim
2165 3616 2357 3665 auctor
2388 3610 2482 3668 ille
2503 3611 2562 3668 in
2592 3614 2902 3686 quaerendis
2918 3623 3165 3672 veterum
3193 3615 3420 3674 biblica-

1828 3705 1951 3747 rum
1981 3695 2298 3755 versionum
2317 3700 2674 3770 testimoniis,
2700 3705 2941 3760 maxime
2963 3705 3022 3761 in
3039 3705 3316 3774 Patribus,
3337 3706 3418 3763 di-

1825 3779 2106 3854 ligentiam
2137 3803 2358 3845 omnem
2390 3789 2651 3849 adhibere
2681 3794 2880 3852 solitus
2895 3794 3082 3864 fuerit,
3113 3794 3246 3852 hinc
3268 3795 3416 3852 haud

1821 3871 2134 3932 inconsulte
2187 3879 2599 3952 conjiciendum
2652 3883 2863 3956 putavi,
2900 3899 3086 3956 reapse
3116 3883 3415 3941 Sabatierii

1821 3969 1977 4019 mtate
2005 3965 2188 4023 adhuc
2215 3969 2548 4028 membranis
2593 3972 2692 4028 hos
2720 3972 3006 4030 delituisse
3033 3989 3338 4032 sermones.

1892 4071 1959 4127 V.
1992 4073 2198 4129 Eorum
2227 4093 2523 4134 sermonum
2555 4082 2696 4138 tituli
2715 4089 2763 4138 et
2807 4083 3064 4154 analysis.
3098 4113 3170 4124 —
3202 4083 3410 4142 Horum

1818 4169 1998 4216 autem
2031 4163 2242 4234 primus
2278 4183 2458 4226 sermo
2489 4170 2836 4242 inscribitur,
2873 4174 2935 4230 de
2961 4175 3236 4248 Perfecto;
3274 4176 3412 4234 alter

1814 4253 1882 4309 de
1910 4253 2100 4311 eodem
2126 4269 2470 4331 argumento,
2500 4265 2768 4322 Adversus
2783 4283 2868 4322 eos
2896 4267 2989 4338 qui
3018 4268 3200 4325 dicunt
3207 4286 3410 4342 posses-

136 4324 233 4438 feJre
272 4349 386 4390 mos
414 4345 514 4394 est.
563 4338 892 4396 Constanter
924 4357 1141 4416 quoque
1170 4343 1229 4398 in
1261 4343 1358 4401 illo
1389 4324 1702 4420 praepositio
1735 4380 1784 4438 D
1813 4344 2020 4438 sionem
2039 4364 2143 4403 non
2159 4324 2576 4425 distrahendum,
2598 4324 2962 4426 sed/ructibus
2982 4324 3410 4418 misericordiam

134 4417 194 4514 ad
218 4421 409 4479 retinet
453 4427 693 4484 litteram
727 4428 762 4484 d
790 4435 916 4485 ante
945 4446 993 4498 c,
1020 4447 1064 4497 e,
1093 4447 1166 4498 m,
1197 4449 1252 4500 η,
1282 4450 1340 4504 ρ,
1370 4452 1421 4502 r,
1449 4417 1703 4510 s,‘eaque
1736 4417 1784 4438 υ
1810 4431 2130 4508 faciendam;
2164 4442 2359 4497 tertius
2386 4460 2537 4514 vero,
2555 4417 2903 4504 deCIiaritate
2926 4449 3221 4506 selectione
3238 4450 3408 4506 sancti

134 4503 191 4559 ad
209 4521 514 4583 sequentem
543 4533 838 4574 consonam
858 4534 970 4574 non
992 4503 1346 4593 reformatur,
1369 4524 1476 4582 nisi
1494 4526 1550 4582 in
1583 4543 1700 4584 ver-

194 4642 247 4710 (a
299 4646 382 4703 Ab
407 4665 553 4706 anno
585 4652 722 4709 1580
749 4653 817 4710 ad
845 4668 936 4710 an.
972 4654 1129 4713 1585.

215 4713 241 4766 b
290 4717 348 4772 In
392 4722 626 4792 praefat,
657 4733 699 4780 t.
728 4726 770 4781 Ι.

194 4644 270 4910 ἐξ
289 4787 623 4872 Ι-Ιδξοράίῐίο,
657 4796 894 4879 inempta
908 4813 1003 4879 an.
1026 4798 1128 4855 I68

265 4857 484 4910 Pansns
505 4865 722 4910 dnnl‘me
739 4869 957 4910 In.fnlm
974 4870 1129 4910 vnlnr

215 4713 263 4792 ὁ)
290 4717 348 4792 In
392 4722 626 4792 praefat,
657 4733 699 4780 t.
728 4726 770 4781 Ι.

213 4787 257 4870 ς)
267 4787 633 4870 hl'laeceditio,
657 4796 894 4870 incoepta
911 4813 1003 4854 an.
1026 4798 1181 4863 I686,
1204 4799 1455 4862 absoluta
1475 4806 1583 4863 fuit
1603 4825 1694 4865 an.

130 4848 249 4943 grege
265 4857 484 4943 Parisiis
505 4848 957 4943 dub’siié'infrono
974 4848 1354 4943 voluminibus
1366 4848 1469 4943 ζ’ἔι
1495 4848 1696 4935 ἧὲὲῗιὶιί

128 4918 353 5022 Χῖιξθιξξε
380 4918 874 5022 ᾳυείιῇὂὲἶηςίοιὶρ
902 4941 1282 5022 voluminibus
1297 4920 1414 5022 an;
1413 4918 1698 5022 1748ἶ¹ξαέ

125 5000 253 5081 ξφξο
284 5000 433 5081 lianc
471 5009 636 5064 etiam
685 5011 880 5068 formis
905 5013 1103 5069 excudi
1132 5000 1697 5079 curavitiFi-anciscus

125 5060 450 5150 i’itteriusnin
472 5094 573 5133 sua
591 5081 812 5139 oﬂicina
839 5083 1065 5141 libraria
1094 5086 1304 5144 Veneta
1331 5098 1455 5146 octo
1475 5060 1696 5150 in-fovlid

125 5136 432 5210 voluminib.
472 5163 562 5204 an.
593 5136 748 5210 1781.

301 5215 494 5306 est,
518 5236 638 5306 non
671 5208 749 5280 id
773 5243 892 5306 eam
927 5229 1276 5306 scripturam,
1323 5247 1429 5305 qua
1471 5233 1694 5306 Longo-

121 5272 626 5373 Rffdiutebantur,
659 5298 845 5373 populi
877 5272 1101 5373 quide'in
1133 5274 1296 5359 rudes
1323 5272 1400 5360 “et
1437 5272 1690 5363 munitum

143 5344 151 5352 '
382 5343 389 5344 '
444 5343 626 5362 """‘"
698 5343 725 5353 "
773 5343 845 5354 νη·
919 5343 1101 5358 “unum
1133 5343 1296 5359 ιιιιινυ
1346 5343 1400 5360 νυ
1437 5343 1690 5363 vanu.qu

121 5343 405 5448 139%“!!!
433 5343 835 5448 exPert°§,.§ed
865 5343 933 5428 aid
962 5389 1104 5442 eam,
1137 5391 1244 5448 qua
1291 5375 1425 5448 Itali
1446 5377 1532 5434 usi
1562 5385 1694 5448 sunt

118 5431 481 5558 gggotempore
506 5431 999 5511 Langobardorum
1025 5431 1213 5520 rogum
1282 5431 1550 5521 parebant
1568 5431 1692 5506 im;

1809 4524 1974 4581 Pauli
2000 4531 2227 4600 apostoli
2247 4540 2432 4590 contra
2459 4536 2628 4591 malos
2657 4536 2751 4607 qui
2791 4536 2939 4592 bonis
2973 4538 3226 4596 invident.
3257 4539 3405 4596 titu-

1881 4663 1954 4736 (e)
1985 4665 2109 4722 Em.
2137 4667 2414 4736 Besutius,
2437 4671 2526 4725 vir
2546 4671 2821 4726 excellens
2845 4672 2998 4728 omni
3031 4671 3195 4729 laude
3225 4673 3399 4730 virtu-

1806 4733 1962 4822 tis‘e't
1991 4736 2218 4810 ingenii,
2245 4809 2258 4822 ‘
2275 4733 2530 4822 idemque
2578 4741 2972 4822 adeoprofana
2989 4752 3043 4822 et
3061 4744 3300 4822 maxime
3321 4762 3400 4802 sa-

1806 4822 1898 4862 cra
1927 4807 2122 4865 doctus
2147 4807 2515 4881 archeologia,
2544 4820 2605 4866 ut
2635 4807 2884 4866 sibi'eum
2915 4813 3214 4871 academici
3237 4816 3398 4872 Etru-

1807 4893 2020 4953 scarum
2084 4881 2474 4953 antiquitatum
2511 4881 2894 4938 vetustissimae
2952 4883 3104 4940 urbis
3148 4885 3398 4944 Cortona:

1807 4949 2112 5026 principem
2142 4949 2429 5026 Locumoni
2458 4955 2681 5010 nomine
2713 4954 2998 5026 elegerint,
3045 4955 3161 5014 haec
3190 4958 3258 5016 de
3293 4957 3399 5016 hoc

1807 5019 2007 5076 codice
2025 5021 2346 5096 ingquadam
2380 5023 2667 5083 chartacea
2695 5019 2959 5084 schédula
2977 5019 3125 5084 circa
3143 5045 3234 5086 an.
3260 5030 3397 5094 I730

1804 5099 1996 5171 notata
2008 5094 2269 5171 reliquit:
2296 5096 2426 5171 Cod:
2462 5096 2584 5162 134,
2603 5097 2669 5171 in
2680 5114 2920 5171 pergam.
2947 5099 3394 5171 in-fol.,vetustis~

1803 5163 1929 5240 simi
1952 5163 2294 5240 characteris,
2317 5175 2366 5223 et
2389 5167 2639 5238 fortassis
2674 5163 3036 5240 seculisexti,
3066 5177 3114 5227 et
3131 5163 3263 5229 certe
3280 5191 3396 5232 mea

1802 5235 2010 5328 quidem
2060 5235 2465 5328 sententia‘plus
2521 5241 2666 5298 mille
2715 5241 2934 5328 abhinc“
2955 5235 3111 5328 annis
3139 5246 3388 5328 scriptus.

1802 5307 1988 5433 gluqa.
2007 5311 2247 5433 conttinet,
2278 5307 2549 5385 et‘primo
2577 5331 2870 5373 sermonem
2895 5315 2953 5374 S.
3014 5307 3303 5389 Augustini
3329 5319 3392 5378 de

1855 5395 1923 5433 tm
1947 5398 2030 5433 ιιε.
2059 5399 2088 5433 Θ
2117 5401 2164 5433 C.

1855 5381 2031 5449 'uptiis,
2059 5390 2164 5440 etc.

1898 5449 1951 5520 f)
1983 5451 2009 5524 ἓ
2042 5453 2128 5526 10,
2154 5470 2244 5526 pp.
2277 5455 2344 5514 27
2373 5464 2428 5513 et
2454 5456 2525 5514 28
2556 5457 2744 5532 (Infra
2763 5459 2889 5518 coll.
2923 5457 3024 5516 136
3049 5463 3098 5514 et
3127 5458 3279 5531 I38).
