3880 6198
453 159 556 216 767

1261 159 1630 218 SERMONES
1668 161 1724 218 S.
1766 159 2121 219 AMBROSIO
2160 157 2530 218 HACTENUS
2566 157 2907 218 ASCRIPTI.

3669 161 3768 220 768

449 304 538 346 res
567 288 855 346 notissima
883 296 965 346 est
994 287 1099 360 (a).
1131 288 1215 345 En
1247 297 1431 346 autem
1461 288 1668 346 similia
1705 290 1963 362 leguntur
1995 289 2050 346 in
2081 291 2129 350 A
2165 285 2678 362 potiusexcludant;
2698 304 2818 361 quae
2834 288 3053 362 quidem
3071 289 3264 347 omnia
3277 289 3539 348 maxime
3559 289 3772 363 liquerit

451 376 540 434 his
593 376 922 434 Sessorianis
974 378 1342 446 sermonibus,
1389 394 1527 452 quos
1585 378 1788 450 pariter
1835 395 2052 452 quoque

452 464 648 522 habuit
675 464 745 522 ad
771 464 920 534 illos,
952 466 1046 540 qui
1072 465 1185 539 jam
1218 466 1411 523 divina
1442 466 1778 538 professione
1808 467 2051 541 deputati

451 563 580 612 sunt
617 554 756 612 coelo
793 555 898 626 (ὁ),
930 555 1136 628 quique
1174 554 1287 626 jam
1320 556 1527 613 mortui
1581 574 1676 630 per
1718 557 2050 629 baptismum

450 643 730 701 natalibus
761 643 976 711 mundi,
1029 644 1312 701 nobilitati
1349 661 1445 718 per
1489 646 1718 717 gratiam
1770 646 1886 703 nati
1923 653 2052 702 sunt

450 735 590 792 caelo
631 735 735 806 (ο).
773 734 831 790 9ο
865 733 976 790 Nec
1019 741 1082 790 ut
1132 733 1231 791 hos
1260 751 1540 792 sermones
1564 736 1872 793 tribuamus
1908 740 2055 794 Am—

449 823 658 894 brosio,
690 822 820 882 inde
863 822 1007 879 nihil
1058 823 1281 880 videtur
1309 825 1565 882 accedere
1593 826 2052 896 conﬁrmationis,

451 913 601 989 quod
632 914 689 970 in
723 913 838 970 illis
865 912 932 969 ad
962 912 1184 986 vigilias
1218 914 1602 982 traducendas,
1634 915 1978 990 hymnosque
2002 925 2055 974 et

450 1005 692 1078 psalmos
713 1002 990 1060 canendos
1011 1002 1201 1060 ﬁdeles
1216 1003 1418 1060 invitet
1435 1005 1547 1078 (d);
1571 1022 1696 1061 nam
1711 1005 1817 1063 hoc
1841 1005 2054 1062 nihilin

450 1094 565 1152 suis
584 1093 807 1167 scriptis
823 1091 1154 1150 familiarius
1174 1092 1468 1151 Ambrosio
1488 1096 1584 1166 (e);
1605 1111 1763 1169 quem
1788 1095 2050 1169 primum,

450 1183 680 1240 Iustinae
709 1181 1088 1256 persecutione
1117 1183 1384 1254 fervente,
1408 1184 1646 1257 vigilias,
1670 1203 1734 1242 ac
1763 1195 1824 1243 ut
1854 1186 2052 1260 hymni

451 1280 506 1330 et
551 1271 748 1346 psalmi
793 1271 850 1328 in
881 1271 1114 1330 ecclesia
1145 1281 1474 1330 canerentur
1507 1275 1812 1334 secundum
1847 1293 2052 1334 morem

451 1366 815 1425 Orientalium
838 1365 1078 1440 partium
1094 1366 2053 1443 instituisse,tumS.Augustinus(f),

451 1465 569 1515 tum
602 1456 868 1514 Paulinus
896 1456 955 1514 in
985 1456 1267 1514 Ambrosii
1289 1457 1420 1514 Vita
1451 1459 1528 1532 (g)
1559 1467 1852 1516 testantur.
1883 1459 1973 1516 10°
2001 1467 2054 1517 et

454 1552 545 1610 11°
571 1550 778 1608 Verum
811 1557 873 1606 ut
893 1558 1218 1622 argumenta
1245 1551 1354 1606 alia
1384 1567 1497 1607 non
1527 1560 1728 1621 essent,
1761 1551 2054 1622 duo,scili-

2160 394 2229 433 ex
2261 377 2427 434 variis
2464 376 2796 435 lectionibus
2824 377 3029 436 codicis
3055 379 3230 436 nostri
3259 379 3453 436 textui
3482 378 3772 451 subjectis,

2161 473 2223 523 ut
2250 467 2306 522 in
2333 483 2391 523 re
2411 467 2586 524 oculis
2611 465 2746 540 ipsis
2767 467 3102 539 inspicienda
3124 467 3340 524 diutius
3370 467 3674 524 immorari
3693 485 3774 525 su-

2164 572 2556 630 pervacaneum
2589 557 2816 614 omnino
2841 556 2933 626 sit,
2963 574 3024 615 ac
3048 557 3268 614 inutile.
3302 556 3397 613 12°
3429 565 3490 614 et
3522 557 3622 615 13'
3644 559 3774 615 Pra-

2163 655 2310 703 terea
2337 655 2483 705 certe
2509 648 2784 720 praeterire
2813 663 2924 704 non
2949 664 3193 720 possum,
3223 647 3379 706 hisce
3409 648 3472 704 in
3505 650 3773 706 sermoni-

2162 736 2267 794 bus
2287 755 2385 811 pro
2415 740 2516 794 Am
2526 737 2780 795 brosiano
2802 755 2950 795 more
2973 755 3256 812 nunquam
3285 737 3582 797 auditores
3603 738 3771 804 allici,

2165 843 2343 900 neque
2363 835 2682 885 accuratum
2708 826 2982 896 ordinem,
3011 844 3189 902 neque
3218 827 3588 884 artiﬁciosam
3617 829 3773 900 parti~

2165 917 2374 973 tionem
2392 917 2598 974 servari
2622 936 2635 986 ;
2654 917 2929 990 simulque
2949 917 3337 988 animadverti,
3355 927 3654 976 auctorem
3668 934 3773 976 non

2164 1007 2331 1074 semel
2361 1006 2629 1080 respicere
2671 1005 2740 1062 ad
2785 1007 2842 1064 S.
2887 1007 3080 1063 Basilii
3122 1023 3307 1080 opera,
3358 1023 3531 1081 quem
3562 1007 3772 1065 fontem

2163 1095 2519 1152 Ambrosium
2551 1095 2609 1152 in
2637 1095 2752 1152 suis
2773 1096 3074 1170 pangendis
3094 1095 3253 1153 libris
3273 1105 3649 1170 praegustasse
3666 1115 3774 1156 cer.

2165 1186 2445 1244 tissimum
2466 1194 2567 1244 est.
2591 1188 2826 1242 Exstant
2847 1185 3070 1259 quidem
3090 1203 3202 1258 prae
3217 1186 3345 1242 aliis
3362 1187 3419 1242 S.
3449 1187 3654 1244 Basilii
3685 1187 3772 1244 ho~

2167 1276 2355 1344 miliae,
2388 1293 2508 1350 quis
2539 1275 2683 1332 inter
2709 1276 2883 1334 editas
2901 1283 3034 1333 sunt
3055 1277 3106 1344 7,
3137 1276 3190 1342 8,
3224 1276 3292 1332 20
3321 1283 3378 1333 et
3405 1276 3476 1333 21
3498 1276 3774 1350 (j'),cujus

2165 1385 2294 1424 sane
2325 1368 2554 1425 materia
2595 1385 2722 1425 cum
2754 1367 2876 1424 istis
2910 1367 3192 1424 Ambrosii
3221 1367 3600 1427 concionibus
3630 1368 3772 1427 haud

2164 1473 2354 1530 parum
2399 1457 2564 1515 habet
2609 1457 2912 1515 aﬂinitatis.
2965 1456 3056 1513 14ο
3094 1457 3228 1524 Quis
3279 1457 3512 1514 demum
3560 1459 3776 1532 ignorat

2163 1549 2370 1605 multos
2409 1548 2803 1606 Ambrosianos
2850 1545 3121 1604 excidisse
3160 1548 3491 1604 sermones?
3523 1548 3774 1606 Profecto

450 1648 536 1699 cet
565 1647 677 1697 tam
707 1655 923 1697 summa
952 1656 1165 1709 eorum,
1197 1657 1318 1715 quae
1367 1641 1426 1698 in
1456 1641 1545 1698 bis
1575 1643 1922 1699 sermonibus
1958 1642 2054 1699 di-
2081 1657 2128 1717 Β
2162 1638 2402 1695 Maurini
2433 1639 2638 1695 multos
2665 1636 2946 1694 Ambrosii
2975 1637 3290 1711 deperditos
3317 1645 3641 1695 memorant
3674 1639 3770 1708 (Β),

451 1737 657 1788 cuntur
685 1729 1025 1786 contractius
1054 1746 1179 1787 cum
1229 1731 1328 1800 eis,
1361 1748 1481 1806 quas
1518 1732 1578 1788 in
1611 1731 2052 1789 enarrationibus

450 1821 510 1877 in
542 1819 786 1893 psalmis,
816 1821 1117 1894 praesertim
1140 1822 1335 1895 psalmi
1357 1839 1532 1881 cxvm
1571 1822 1748 1880 fusius
1772 1824 2048 1897 leguntur,

450 1908 778 1976 consensio;
813 1925 977 1982 quam
1015 1909 1228 1980 eadem,
1274 1910 1469 1985 quain
1501 1910 1612 1967 illis
1655 1912 1856 1980 utitur,
1887 1919 1949 1968 ut
1993 1911 2051 1967 in

450 1999 733 2073 hucusque
752 1998 1007 2056 admissis
1031 1999 1309 2056 Ambrosii
1329 2000 1586 2074 operibus
1604 2001 1895 2074 reperitur,
1918 2001 2050 2058 Vul-

450 2097 594 2165 gata,
611 2088 699 2146 vel
727 2089 841 2146 sola
855 2089 1169 2147 sufﬁcerent
1193 2099 1255 2146 ut
1283 2089 1675 2148 Ambrosianos
1704 2090 1808 2149 hos
1835 2099 2052 2149 nostros

450 2196 728 2239 sermones
756 2195 891 2248 esse,
923 2179 1134 2237 nemini
1163 2187 1374 2236 certum
1395 2196 1508 2237 non
1528 2181 1684 2238 ﬁeret
1713 2190 1766 2239 et
1803 2183 2050 2257 explora-

449 2279 590 2329 tum.
621 2272 861 2345 Ingenue
890 2278 1073 2329 tamen
1103 2271 1278 2328 fateor
1303 2270 1422 2329 illic
1447 2271 1774 2346 quandoque
1802 2273 1927 2330 aliis
1953 2274 2052 2330 ali-

450 2361 597 2436 quod
618 2378 784 2421 sacrae
805 2361 1100 2436 Scriptura:
1122 2361 1273 2419 locos
1297 2361 1478 2419 verbis
1499 2362 1657 2419 citari
1683 2371 1784 2431 ;'at
1814 2363 1871 2420 id
1907 2363 2050 2420 nihil

450 2467 676 2526 prorsus
691 2469 824 2509 meae
840 2451 1126 2510 sententias
1139 2452 1356 2511 ofﬁcere
1373 2469 1555 2509 assero
1581 2470 1593 2509 :
1627 2460 1744 2509 tum
1775 2453 1905 2526 quia
1942 2477 1960 2500 ι
1982 2469 2051 2510 ex

449 2558 676 2616 operum
703 2542 760 2600 S.
778 2542 1059 2600 Ambrosii
1091 2542 1326 2600 lectione
1349 2543 1436 2617 (ut
1454 2542 1662 2600 Natalis
1684 2543 1845 2599 Alex.
1870 2542 2052 2600 verbis

447 2639 571 2689 utar
585 2632 690 2704 (lt),
710 2649 830 2706 quae
845 2632 1191 2692 Benedictini
1211 2633 1447 2691 editores
1457 2632 1787 2691 confirmant
1801 2633 1897 2705 (ἢ)
1925 2648 2050 2689 con-

448 2729 574 2792 stat,
593 2740 720 2781 eum
742 2740 854 2780 non
874 2723 1071 2782 iisdem
1084 2740 1301 2795 semper
1318 2723 1503 2779 verbis
1519 2721 1735 2780 eosdem
1757 2723 2050 2796 Scriptura

449 2830 616 2871 sacrae
645 2813 796 2870 locos
826 2813 1072 2871 laudasse
1100 2831 1114 2878 ;
1147 2837 1166 2860 ιι
1205 2822 1319 2869 tum
1349 2812 1479 2885 quia
1509 2813 1566 2867 in
1595 2811 1925 2869 Sessorianis
1944 2831 2054 2871 ser-

451 2902 711 2960 monibus
738 2902 854 2958 hazc
879 2919 990 2959 non
1013 2901 1372 2959 conﬁrmatur
1391 2901 1681 2972 dissensio,
1705 2903 1812 2960 nisi
1834 2920 1975 2972 raro,
1999 2911 2052 2961 et

449 2991 508 3047 in
555 2990 626 3046 iis
671 2997 887 3046 tantum
933 2991 1069 3048 locis
1107 2991 1367 3059 citandis,
1397 3008 1534 3065 quos
1570 2991 1804 3050 diversis
1831 3009 2046 3066 semper
2078 3023 2122 3085 Ο

447 3078 634 3137 verbis
654 3095 786 3136 usus
805 3085 886 3136 est
905 3079 1233 3137 Ambrosius
1247 3080 1436 3149 citare;
1465 3088 1581 3138 tum
1605 3081 1734 3154 quia
1753 3080 2042 3139 varietates

447 3169 559 3230 ille
587 3169 723 3230 tales
741 3178 892 3242 sunt,
914 3178 976 3229 ut
997 3169 1134 3246 quin
1157 3170 1435 3245 duplicem
1454 3180 1688 3246 arguant
1707 3171 2038 3241 versionem,

519 3391 602 3463 (a)
632 3389 836 3463 Videris
865 3389 970 3446 hac
995 3389 1063 3446 de
1091 3405 1150 3445 re
1177 3388 1475 3463 Augustini
1507 3385 1908 3463 Confessiogum
1940 3385 2038 3444 lib.

446 3459 660 3532 vr,'cap.
684 3461 717 3515 3
736 3468 790 3516 et
805 3460 858 3532 4,
883 3477 987 3532 nec
1006 3476 1121 3532 non
1144 3459 1423 3532 Ambrosii
1455 3476 1638 3530 opera,
1666 3459 1728 3532 de
1759 3459 1908 3530 Fuga
1934 3475 2043 3514 sw-

444 3532 572 3599 culi,
601 3530 663 3602 de
681 3531 1070 3602 JacobietiVita
1107 3531 1277 3602 beata,
1298 3531 1442 3602 etde
1469 3530 1754 3602 Mysteriis.

545 3601 598 3688 ι»)
624 3600 805 3688 sem
831 3601 891 3688 Α,
917 3601 951 3688 ,ε
983 3601 1042 3688 ελ
1065 3615 1119 3688 ρτ
1154 3599 1436 3688 lanterna
1465 3599 1586 3688 οοῖις
1619 3599 1912 3688 tas-.112»

543 3669 592 3744 ο)
623 3671 797 3728 Serm.
829 3671 882 3740 3,
915 3669 944 3744 ς
977 3669 1146 3744 1οη).
1178 3671 1246 3727 26
1272 3669 1464 3740 (Infra
1497 3673 1590 3726 col.
1633 3671 1780 3741 135).
1893 3669 1900 3672 ’

538 3744 596 3816 cl)
637 3743 812 3801 Serm.
866 3744 916 3814 1,
951 3741 1079 3816 85,
1106 3749 1168 3816 et
1197 3759 1361 3799 serm.
1392 3742 1445 3811 3,
1495 3741 1524 3814 ς
1570 3742 1656 3810 11,
1688 3757 1778 3814 pp.
1812 3742 1845 3799 6
1891 3751 1945 3800 et
1973 3743 2042 3802 30

449 3815 633 3888 (Infra
662 3817 785 3873 coll.
821 3817 922 3888 116
949 3815 1174 3884 81140).

518 3883 590 3960 (e)
621 3889 703 3945 Ita
727 3888 784 3944 in
819 3887 913 3960 lib.
947 3904 1009 3944 ιιι
1036 3889 1289 3960 Hexaem.
1331 3886 1355 3942 1
1392 3895 1449 3960 et_
1474 3885 1545 3953 5;
1576 3883 1672 3960 lib.
1707 3885 1838 3960 u_de
1863 3888 2044 3960 Inter-

437 3956 579 4032 pell.
611 3960 833 4028 David.,
865 3959 917 4027 6,
943 3967 1086 4032 tom.
1121 3961 1164 4026 Ι,
1214 3958 1272 4014 in
1303 3957 1520 4030 praefat.
1554 3956 1620 4013 ad
1654 3957 1789 4032 ps_a_l_.
1823 3974 1863 4025 ι,
1903 3967 1956 4016 et
1983 3959 2042 4032 in

443 4028 897 4156 psalmisrinvui,
928 4031 1018 4100 23,
1042 4048 1216 4088 cxvm
1241 4048 1254 4097 ;
1283 4028 1446 4087 serm.
1475 4032 1524 4099 7,
1558 4028 1678 4101 pag.
1698 4028 1788 4097 25,
1812 4037 1945 4087 tom.
1970 4031 2038 4099 ll,

443 4117 475 4156 a
501 4116 607 4156 oue
635 4118 666 4156 a
693 4119 707 4155 1
752 4119 790 4156 ι.

442 4102 607 4158 atque
635 4102 790 4158 alibi.

501 4116 607 4242 qd}:
626 4116 967 4241 Alligiistinus
996 4172 1062 4228 de
1089 4188 1188 4228 sua
1217 4180 1392 4228 matre
1418 4171 1533 4242 jam
1571 4173 1870 4230 Mediolani
1897 4189 2041 4230 com-

518 4190 593 4242 υ)
626 4190 967 4241 Αιιιῃιειιηυε
996 4190 1062 4228 ae
1089 4190 1188 4228 sua
1217 4190 1392 4228 matre
1445 4190 1533 4229 am
1571 4190 1870 4230 memorant
1897 4190 2041 4230 com-

445 4242 683 4298 moranti
707 4241 781 4322 ita
799 4243 1044 4322 loquitur
1193 4190 1608 4322 ix_an/%ssh,c.
1636 4246 1742 4322 _1_2:_
1768 4246 2044 4322 Ibintater

443 4312 812 4386 mea,_ancilla
852 4312 942 4386 tua
972 4312 1207 4381 (scilicet
1234 4313 1541 4386 Ambrosii)
1570 4317 1967 4385 sollicitudinis,
1997 4325 2045 4373 et

2163 1729 2460 1802 pluresque
2497 1729 2586 1785 vel
2620 1727 2750 1785 inde
2776 1726 3049 1799 conjicere
3090 1735 3192 1796 est,
3223 1744 3354 1784 cum
3388 1727 3541 1784 nihil
3569 1729 3770 1786 certius

2161 1817 2252 1887 sit,
2275 1817 2632 1876 Ambrosium
2660 1834 2772 1874 non
2807 1817 2972 1874 modo
3001 1817 3233 1890 singulis
3259 1816 3462 1874 diebus
3475 1816 3768 1875 dominicis

2161 1909 2544 1967 concionatum
2565 1909 2753 1977 fuisse,
2777 1924 2970 1965 verum
2992 1908 3153 1964 etiam
3165 1907 3503 1982 quotidiano
3521 1927 3765 1968 sermone

2161 2008 2305 2058 stato
2355 2000 2485 2056 anni
2532 2007 2778 2072 tempore
2809 1999 3252 2069 catechumenos,
3285 2008 3686 2073 competentes,
3715 2009 3764 2055 et

2162 2106 2352 2148 recens
2406 2089 2708 2163 baptizatos
2771 2089 2838 2161 (l)
2898 2089 3248 2159 instruxisse,
3290 2097 3356 2147 ut
3401 2107 3470 2147 ex
3529 2090 3764 2163 ejusdem

2160 2180 2382 2254 scriptis
2418 2180 2542 2252 (τη),
2574 2180 2661 2235 vel
2689 2186 2744 2235 et
2790 2196 2859 2236 ex
2905 2179 3358 2236 loculentissimis
3386 2181 3691 2254 Augustini
3714 2190 3765 2238 et

2161 2268 2381 2329 Paulini
2412 2268 2746 2326 testimoniis
2775 2277 3115 2342 compertum
3147 2267 3418 2326 habemus
3445 2272 3541 2342 (π)
3573 2288 3586 2328 :
3617 2287 3765 2329 anec.

2161 2361 2321 2418 dotos
2343 2375 2471 2432 ergo
2490 2357 2885 2416 Ambrosianos
2910 2357 3189 2416 invenisse
3209 2375 3495 2416 sermones
3522 2359 3662 2417 mihi
3691 2360 3764 2416 in.

2163 2451 2350 2508 videat
2378 2466 2562 2519 nemo,
2593 2465 2768 2524 neque
2798 2449 3145 2508 conﬁdentiae
3196 2464 3284 2505 me
3331 2449 3646 2508 insimulet.
3683 2449 3761 2507 15.

2162 2543 2236 2598 Et
2265 2557 2322 2597 re
2348 2539 2572 2614 quidem
2603 2555 2734 2595 vera
2761 2554 2946 2596 nonne
2974 2538 3174 2595 borum
3194 2555 3522 2595 sermonum
3541 2538 3761 2597 Ambro-

2163 2631 2308 2689 sium
2331 2639 2608 2688 auctorem
2645 2629 2779 2686 facit
2797 2628 3145 2686 Sessorianus
3165 2629 3390 2702 optimae
3420 2638 3570 2687 nota:
3600 2629 3763 2688 codex

2163 2721 2442 2779 miscellus
2464 2718 2566 2791 (ο),
2581 2719 2673 2791 qui
2695 2718 2921 2775 invidus
2944 2719 3095 2776 mille
3115 2730 3168 2778 et
3179 2721 3304 2793 plus
3326 2720 3494 2777 annis
3515 2719 3763 2778 hasAm-

2162 2809 2448 2868 brosianas
2473 2824 2718 2880 gemmas
2733 2808 2984 2864 ohvolvit
3004 2809 3033 2864 7
3053 2810 3115 2866 In
3135 2826 3200 2866 eo
3221 2809 3447 2883 quippe,
3487 2827 3660 2867 manu
3684 2827 3761 2867 co-

2161 2899 2303 2957 dicis
2331 2897 2661 2972 antiquitate
2689 2898 2828 2972 pari,
2870 2899 2931 2956 S.
2985 2899 3264 2956 Ambrosii
3296 2900 3533 2957 nomine
3564 2900 3625 2958 bi
3662 2911 3760 2958 tres

2161 2988 2543 3046 inscribuntur
2569 3003 2867 3046 sermones.
2891 2987 2992 3046 Cui
3014 3005 3142 3062 ergo
3162 2988 3328 3062 hujus
3347 2990 3602 3048 nominis
3620 2990 3756 3060 viro,

2157 3095 2225 3134 ne
2245 3076 2452 3135 codicis
2472 3077 2982 3150 praetergrediamnr
2991 3085 3226 3147 aetatem,
3248 3079 3398 3148 illos,
3431 3087 3638 3152 praeter
3657 3079 3757 3136 llo-

2150 3169 2550 3238 diolanensem,
2579 3167 2926 3226 tribuemus?
2954 3170 3074 3228 Non
3108 3178 3254 3227 certe
3282 3170 3591 3228 Ambrosio
3620 3171 3748 3231 Ori-

2220 3390 2304 3462 (k)
2323 3390 2385 3462 In
2406 3388 2624 3462 Praefat.
2647 3387 2879 3462 aditom.
2904 3389 2978 3445 III
2997 3395 3051 3462 et
3073 3387 3169 3456 IV,
3183 3403 3344 3462 oper.
3367 3388 3433 3462 S.
3451 3389 3749 3447 Ambrosii.

2160 3460 2467 3521 Vide'etiam
2484 3461 2564 3517 sic
2595 3461 2937 3528 Cerilietum,
2961 3461 3099 3517 Hist.
3134 3460 3374 3528 generale
3402 3461 3496 3516 des
3525 3465 3752 3517 Antam

2150 3533 2852 3612 sac_1:es_et_ecclésiastiques,
2885 3531 3174 3612 tom:_V_II,
3207 3547 3339 3612 pag.
3379 3532 3491 3589 574
3521 3541 3748 3612 etseqq.

2225 3606 2293 3676 (l)
2325 3603 2492 3659 Trina
2517 3604 2633 3660 haec
2665 3602 2981 3676 pervetusta
2995 3602 3440 3676 distinctio'cum
3469 3602 3752 3661 codicibus

2150 3674 2434 3749 Vaticanis
2462 3674 2772 3749 explicatur
2803 3691 2835 3730 a
2862 3675 2932 3749 cl.
2967 3675 3110 3749 Maio
3140 3674 3198 3730 in
3225 3682 3356 3749 nota
3387 3676 3416 3730 1
3449 3677 3525 3749 ad
3550 3679 3747 3749 Explaf

2150 3754 2261 3803 nat.
2294 3747 2513 3818 symboli
2541 3746 2602 3802 B.
2636 3747 2839 3803 Nicetes
2882 3746 3194 3821 Aquileien.
3232 3746 3504 3821 episcopi,
3537 3746 3662 3822 pag}
3689 3748 3749 3804 35

2151 3820 2407 3877 Romanas
2438 3817 2571 3874 edit.
2601 3833 2691 3874 an.
2728 3817 2885 3874 1827.

2199 3834 2407 3874 omanm
2438 3833 2571 3874 eant.
2601 3833 2691 3874 an.
2728 3833 2885 3874 152'].

2225 3892 2331 3961 (in)
2353 3889 2466 3945 Lib.
2505 3889 2572 3945 de
2601 3888 2878 3962 Mysteriis
2906 3906 2946 3956 ι,
2979 3889 3381 3962 ψωμιφι.
3410 3889 3543 3962 408.

2225 3959 2309 4034 (η)
2342 3963 2546 4034 Reapse
2574 3959 2927 4034 Ambrosium
2963 3959 3195 4032 singulis
3219 3959 3435 4034 diebus,
3453 3960 3746 4019 dominicis

2151 4031 2538 4089 concionatum
2564 4048 2680 4088 esse
2709 4032 2864 4088 testis
2893 4041 2976 4088 est
3003 4031 3346 4104 Augustinus
3378 4033 3479 4089 lib.
3511 4051 3574 4091 γι
3607 4035 3744 4092 Cos-

2151 4103 2300 4176 fess.,
2330 4121 2449 4176 cap.
2481 4104 2533 4169 3,
2568 4103 2848 4161 scribens:
2880 4105 3021 4160 Eum
3035 4104 3243 4176 quidem
3275 4104 3334 4176 in
3358 4107 3627 4176 populum
3645 4122 3744 4160 ver-

2152 4176 2273 4232 bum
2292 4175 2531 4232 veritatis
2550 4182 2684 4231 recte
2703 4181 3010 4231 tractantem
3025 4175 3168 4230 omni
3180 4175 3265 4230 die
3283 4175 3556 4232 dominico
3579 4176 3743 4232 audie-

2152 4247 2288 4304 bam.
2321 4249 2400 4304 De
2436 4246 2758 4319 assiduitate
2776 4263 2939 4319 vero,
2967 4263 3073 4319 qua
3102 4245 3470 4319 baptizandos
3515 4248 3739 4319 docebat

2153 4319 2496 4400 Ambrosius,
2525 4319 2605 4375 sic
2624 4318 2897 4400 Paulinus
2917 4317 3298 4400 iri—ejusVita,
3324 4335 3394 4400 ‘n.
3558 4318 3741 4400 loqui-

439 4383 754 4456 vigiliarum
775 4384 985 4461 primas
1002 4389 1191 4461 tenens,
1223 4383 1551 4461 orationibus
1581 4388 1800 4461 vivebat;
1833 4395 1887 4444 et
1919 4383 2040 4460 post
2073 4384 2123 4444 D
2151 4397 2242 4446 tur
2268 4409 2280 4447 :
2313 4393 2378 4448 In
2406 4383 2561 4447 rebus
2589 4390 2743 4446 etiam
2783 4389 2979 4445 divinis
3002 4383 3292 4461 implendis
3311 4383 3667 4459 fortissimus,
3694 4389 3742 4444 in

444 4455 614 4529 pauca
643 4455 1026 4529 prosequitur:
1059 4457 1202 4529 Tunc
1219 4455 1400 4529 hymni
1421 4462 1469 4511 et
1486 4459 1684 4528 psalmi
1713 4465 1775 4513 ut
1798 4455 2041 4514 caneren-

2149 4468 2352 4518 tantum
2381 4469 2441 4516 ut
2463 4461 2604 4532 quod
2619 4462 2805 4517 solitus
2833 4467 2951 4517 erat
2970 4461 3110 4516 circa
3125 4461 3481 4532 baptizandos
3495 4465 3645 4520 solus
3661 4463 3741 4517 im-

446 4526 535 4615 tur
563 4526 846 4615 secundum
874 4543 1074 4615 inanem
1105 4526 1456 4615 Orientalium
1473 4526 1712 4615 partium
1742 4529 2040 4615 institutum
2143 4535 2308 4615 plere,
2331 4526 2560 4615 quinque
2577 4539 2758 4605 postea
2783 4532 3010 4604 episcopi
3026 4526 3254 4604 tempore
3279 4549 3387 4603 quo
3407 4533 3741 4604 decessit,vi.r

443 4606 536 4668 est,
561 4605 609 4676 et
625 4616 691 4655 ea:
710 4599 806 4656 illo
824 4600 882 4676 in
900 4598 1209 4676 hodiernum
1230 4598 1502 4666 retentum,
1529 4601 1710 4676 multis
1722 4600 1842 4676 jam
1860 4609 2041 4676 etpene
2143 4598 2338 4676 impler

442 4671 683 4745 omnibus
707 4672 962 4745 gregibus
979 4672 1103 4738 tuis,
1125 4677 1173 4745 et
1194 4687 1291 4745 per
1317 4676 1506 4745 catera
1521 4671 1665 4745 orbis
1685 4671 2034 4730 imitantibus.

443 4742 681 4801 Consule
710 4741 875 4800 etiam
907 4742 1004 4799 lib.
1039 4760 1096 4800 lx
1126 4741 1372 4800 (le—Civit.
1397 4743 1512 4800 Dei.
1539 4743 1624 4812 12,
1655 4745 1762 4800 col.
1802 4745 1925 4802 162.

515 4815 610 4890 (9)
625 4815 793 4890 11nd,,
815 4833 870 4890 ῃ.
905 4815 991 4890 13,
1016 4815 1093 4872 ait
1114 4815 1406 4890 Paulinus:
1431 4815 1541 4890 Hoc
1568 4823 1828 4890 tempore,
1845 4833 2039 4890 nempe

441 4886 553 4960 quo
578 4887 772 4944 Ariani
810 4887 1095 4946 basilicam
1127 4887 1442 4944 Portiansm
1485 4886 1744 4946 invadere
1775 4886 2039 4945 niteban-

442 4960 819 5032 tur,_primumr
841 4960 1378 5032 antiphonw,hymni,
1409 4976 1472 5015 ac
1499 4960 1696 5031 vigilite
1720 4960 1778 5015 in
1805 4961 2040 5017 Ecclesia

429 5029 822 5103 .Mediolanensi
845 5029 1099 5103 celebrari
1119 5029 1399 5103 eruperunt.
1433 5029 1601 5103 Cujus
1620 5033 1934 5088 celebritatis
1955 5032 2038 5087 de-

440 5101 580 5168 votio
607 5119 769 5174 usque
806 5103 864 5159 in
901 5101 1211 5160 hodiernum
1239 5104 1376 5160 diem
1420 5101 1526 5160 non
1559 5105 1729 5159 solum
1769 5104 1827 5159 in
1863 5103 2040 5159 eadem

441 5173 700 5240 Ecclesia,
728 5192 915 5232 verum
936 5191 1036 5248 per
1064 5192 1240 5233 omnes
1261 5192 1392 5248 pene
1432 5175 1721 5231 Occidentis
1734 5175 2040 5248 provincias

440 5251 632 5303 manet.

512 5318 594 5389 (ἡ)
623 5317 766 5375 Hist.
796 5319 1022 5389 Eccles.,
1071 5336 1196 5376 saec.
1229 5315 1477 5389 impart.
1511 5336 1551 5386 ι,
1591 5334 1645 5389 p.
1677 5318 1804 5385 508,
1843 5319 1949 5375 col.
1982 5320 2035 5376 2.

513 5388 588 5526 ἓί)
616 5391 678 5446 In
708 5388 920 5462 praefat.
951 5407 1040 5463 ap.
1075 5391 1246 5447 libros
1275 5388 1348 5445 de
1375 5388 1750 5471 sacramentis,
1784 5397 1921 5482 tom.
1941 5391 2035 5447 III.

534 5459 587 5526 J)
619 5460 777 5517 Tom.
829 5462 878 5518 II
917 5478 1143 5526 operum
1190 5461 1246 5518 S.
1301 5460 1493 5516 Basilii
1528 5459 1662 5517 edit.
1697 5462 1895 5526 Paris.,
1944 5477 2035 5519 an.

534 5459 587 5530 ‘1')
619 5459 777 5517 Toin.
829 5462 878 5518 II
917 5459 1143 5530 operum
1190 5461 1246 5518 S.
1301 5459 1493 5516 Basilii
1528 5459 1662 5517 edit.
1697 5461 1895 5530 Paris.,
1916 5476 1921 5482 '
1944 5477 2036 5519 an.

446 5526 600 5598 1711,
635 5546 758 5605 pag.
783 5531 874 5600 51,
905 5526 997 5601 62,
1037 5533 1139 5591 156
1165 5539 1384 5606 etseqq.

2338 4611 2440 4660 ent.

2221 4673 2298 4750 (ρ)
2317 4677 2392 4750 ,Ιιι
2424 4673 2611 4731 codice
2639 4685 2762 4748 post
2781 4691 2981 4750 nomen
3011 4674 3282 4750 Ambrosii
3295 4676 3507 4733 titulus
3525 4674 3740 4750 episcopi

2147 4745 2426 4820 omittitur
2447 4763 2460 4811 ;
2485 4745 2724 4820 attamen
2748 4763 2863 4820 non
2880 4746 3012 4820 hinc
3028 4745 3350 4820 aliquishos
3373 4745 3664 4805 sermones
3678 4745 3740 4802 il-

2147 4819 2250 4875 teri
2296 4817 2590 4892 Ambrosio
2643 4835 2673 4874 a
2722 4817 3428 4892 Mediolanensi'episcopo
3487 4820 3740 4878 distincto

2147 4898 2399 4962 acceptos
2426 4889 2658 4946 referat:
2687 4906 2814 4962 nam
2848 4890 2893 4945 si
2924 4889 3128 4947 codicis
3155 4889 3328 4962 aetati,
3359 4889 3404 4946 si
3430 4905 3738 4948 sermonum

2148 4960 2316 5033 stylo,
2359 4969 2414 5017 et
2442 4960 2749 5029 sententiis,
2783 4977 3083 5033 eorumque
3103 4961 3362 5033 auctoris
3394 4963 3670 5029 moribus,
3692 4966 3738 5015 et

2149 5031 2405 5089 instituto
2435 5033 2576 5089 ratio
2596 5033 2879 5099 habeatur,
2911 5031 3049 5089 nulli
3067 5031 3184 5104 ejus
3213 5032 3486 5101 nominis,
3515 5035 3627 5091 nisi
3647 5033 3734 5092 Me

2148 5105 2454 5179 diolanensi
2485 5105 2740 5179 episcopo
2756 5105 3082 5179 tribuendos
3095 5105 3494 5179 esse,_fateatur
3512 5110 3731 5179 oportet,

2149 5175 2416 5250 Caterum
2446 5175 2919 5250 tumgsanctitatis,
2939 5193 3064 5250 cum
3096 5175 3613 5250 dignitatis‘titulos
3634 5191 3731 5250 pas-

2149 5248 2250 5321 sim
2283 5248 2339 5304 in
2371 5248 2614 5321 antiquis
2642 5248 2925 5321 codicibus
2955 5246 3498 5321 veliconsuetudine,
3536 5246 3729 5321 vel'po-

2149 5317 2538 5401 tiussocordia
2578 5319 3004 5392 praetermittunt
3036 5318 3294 5401 librarii;
3327 5328 3384 5401 et
3429 5317 3729 5401 quidemiin

2149 5391 2396 5464 hocipso
2417 5389 2626 5464 codice,
2640 5408 2728 5447 ex.
2749 5408 2822 5463 g.,
2841 5389 3395 5464 nonnulla_opuscula
3413 5389 3730 5463 simpliciter

2149 5463 2209 5534 S._
2237 5459 2548 5534 Augustino
2591 5459 2902 5519 constanter
2948 5459 3350 5534 inscribuntur,
3383 5459 3724 5534 quae'tamen

2147 5531 2218 5592 ad
2247 5530 2512 5607 Hipponm
2539 5533 2854 5608 episcopum
2878 5530 3181 5592 certissime
3211 5530 3512 5605 pertinent.
