3880 6198
488 342 590 399 771

1497 343 1593 398 AD
1633 342 1871 399 OPEBA
1908 343 1963 399 S.
2005 342 2339 400 AMBROSII
2375 341 2756 400 APPENDIX.

3728 341 3814 398 772

486 467 626 525 situs
654 467 722 523 ab
755 466 1018 524 Anselmo
1051 465 1263 534 abbate,
1297 465 1652 522 continentur
1682 466 1928 521 homilia
1962 467 2028 521 73
2060 484 2071 522 :
2113 471 2164 528 Α
2192 467 2426 523 rissimis
2455 466 2656 533 verbis,
2689 475 2743 523 et
2771 465 2993 540 quidem
3014 465 3190 538 prima
3206 482 3382 522 manu
3412 465 3476 522 S.
3515 465 3816 523 Ambrosio

409 597 415 602 -
485 573 555 612 ex
585 556 790 630 quibus
835 557 1105 628 pleraque
1133 555 1191 609 in
1230 553 1418 610 Sancti
1449 554 1592 608 Galli
1624 555 1927 626 exemplari
1976 554 2085 610 ha-

485 647 706 704 bentur.
739 646 1074 716 Inscriptum
1107 651 1222 698 erat
1252 643 1307 696 in
1332 642 1512 696 fronte
1542 642 1749 700 codicis
1772 660 1972 699 nomen
1993 660 2082 698 au-

485 735 686 801 cteris;
715 736 809 790 sed
839 749 904 788 eo
923 734 1117 787 abraso
1146 733 1319 787 sancti
1346 732 1624 787 Ambrosii
1648 751 1848 788 nomen
1877 735 2081 790 substi-

487 833 689 880 tutum.
721 824 963 879 Maxima
995 839 1117 894 pars
1146 828 1330 877 tamen
1361 821 1556 877 harum
1577 822 1928 878 homiliarum
1955 833 2084 880 sunt

484 914 734 981 Maximi,
765 912 980 968 tametsi
1019 902 1267 983 quaedam
1300 912 1420 967 aliae
1455 914 1777 986 Hieronymi
1808 923 1860 969 et
1885 916 2084 986 Augu-

484 1002 615 1059 stini
666 1001 769 1057 sub
812 1017 1000 1056 eorum
1034 1000 1260 1056 nomine
1300 1001 1516 1058 inserta
1547 1010 1693 1058 sunt.
1722 1029 1738 1050 ι
1798 1004 1910 1060 Nec
1960 1004 2084 1059 aliis

485 1093 670 1150 verbis
700 1092 852 1148 hunc
880 1091 1124 1148 codicem
1149 1092 1386 1148 celebrat
1409 1092 1788 1162 Blanchinius,
1808 1094 2083 1166 simulque

485 1181 824 1238 novissimus
854 1181 1032 1237 editor
1061 1182 1337 1236 Romanus
1367 1197 1591 1252 operum
1619 1181 1673 1237 S.
1714 1181 1963 1249 Maximi,
1988 1182 2082 1255 qui

487 1269 544 1326 in
575 1271 896 1343 praiatione
931 1271 1011 1342 (a)
1045 1269 1121 1324 ita
1153 1269 1312 1325 illum
1335 1278 1585 1326 accurate
1605 1271 1885 1327 describit:
1909 1273 2085 1327 cAlter

489 1367 571 1415 est
601 1360 1026 1432 pracipuorum,
1053 1375 1188 1430 quos
1205 1359 1346 1427 dixi,
1364 1359 1536 1415 codex
1554 1360 1924 1416 Nonantulani
1949 1361 2082 1415 olim

488 1447 806 1506 monasterii
839 1447 896 1502 in
923 1463 1050 1519 agro
1079 1447 1401 1516 Mutinensi,
1421 1465 1568 1504 nunc
1594 1449 1854 1504 Romana
1885 1448 2084 1504 biblio-

488 1539 660 1595 theca
690 1536 1139 1597 Cisterciensium
1163 1536 1558 1592 monachorum
1578 1539 1785 1594 Sancta
1807 1539 1998 1595 Crucis
2027 1538 2084 1594 in

490 1629 816 1685 Jerusalem.
837 1628 937 1682 Est
956 1625 1003 1682 is
1021 1625 1196 1682 codex
1218 1625 1667 1683 membranaceus
1692 1629 1912 1696 in-l’ol.,
1936 1641 2084 1683 nota.

488 1724 580 1774 tus
598 1734 830 1773 numero
856 1717 973 1784 XC,
999 1723 1061 1771 ut
1076 1716 1230 1771 frons
1253 1715 1494 1770 exterior
1515 1716 1816 1772 voluminis
1840 1716 2086 1784 exhibet,

2194 557 2594 612 inscribuntur.
2627 559 2808 629 Atque
2838 554 2942 610 hoc
2959 556 3077 611 loco
3104 571 3215 610 rem
3240 555 3513 620 eruditis,
3539 563 3608 610 ut
3645 572 3816 628 spero,

2187 643 2490 715 jucundam
2514 662 2624 700 non
2647 643 2886 702 reticebo
2910 663 2922 710 ;
2949 660 3141 715 nempe
3161 643 3309 717 quod
3329 660 3405 698 ex
3437 643 3556 700 hoc
3589 644 3718 716 ipso
3739 663 3815 702 co-

2193 733 2314 789 dice
2343 735 2502 806 plane
2548 733 2845 801 evincitur,
2895 732 3277 788 Mabillonium
3329 741 3386 788 et
3429 732 3740 788 laudatum
3763 733 3811 789 S.

2193 825 2420 880 Maximi
2450 825 2715 880 editorem
2761 825 2817 880 in
2851 823 3206 879 numerandis
3235 823 3631 892 sermonibus,
3667 827 3760 898 qui
3787 843 3813 879 ε

2191 912 2286 968 cit.
2318 930 2437 985 pag.
2474 915 2574 969 129
2605 914 2661 968 in
2694 914 2797 968 hoc
2829 913 3014 969 codice
3044 913 3426 982 continentur,
3463 913 3630 969 haud
3668 932 3813 971 accu-

2193 1009 2306 1057 rate
2338 1004 2514 1074 ipsum
2559 1003 2804 1058 codicem
2854 1002 3218 1070 consuluisse,
3270 1019 3398 1058 cum
3445 1003 3678 1074 primus
3730 1021 3814 1059 eos

2193 1110 2382 1149 omnes
2405 1093 2469 1149 73
2492 1093 2882 1160 numeraverit,
2906 1093 3043 1147 alter
3063 1092 3318 1164 quamvis
3334 1100 3397 1147 ut
3412 1093 3471 1148 S.
3499 1093 3812 1151 Μειχὶληὶδο

2194 1180 2596 1254 recognoverit,
2629 1190 2811 1236 tamen
2857 1180 2915 1235 in
2947 1181 3162 1238 notitiis
3195 1180 3415 1252 praviis
3459 1182 3538 1254 (c)
3583 1181 3734 1238 duos
3766 1199 3814 1243 et

2193 1271 2476 1342 sexaginta
2492 1269 2861 1342 exscripserit.
2886 1269 3124 1342 Uterque
3153 1271 3300 1326 enim
3327 1271 3464 1327 satis
3491 1270 3703 1327 habuit
3729 1273 3814 1328 ad°

2199 1369 2409 1416 vertere
2439 1361 2701 1427 indicem,
2735 1360 2828 1432 qui
2849 1359 2998 1416 hisce
3018 1359 3366 1415 sermonibus
3390 1360 3492 1415 fol.
3527 1360 3635 1416 cit.
3669 1369 3812 1417 recte

2195 1449 2577 1521 pramittitur,
2608 1455 2660 1503 et
2689 1455 2983 1520 utrumque
3030 1447 3175 1502 idem
3208 1447 3386 1503 index‘
3409 1447 3661 1514 fefellit;
3692 1466 3809 1504 nam

2193 1539 2254 1594 in
2282 1556 2348 1595 eo
2373 1540 2652 1613 geminato
2683 1557 2835 1595 num.
2871 1539 2936 1595 13
2965 1547 3330 1595 numerantur
3358 1547 3472 1595 tres
3497 1547 3553 1594 et
3584 1551 3811 1612 septua-

2196 1629 2346 1701 ginta
2381 1645 2679 1696 sermones,
2710 1628 2963 1702 quamvis
2990 1644 3176 1700 reapse
3197 1627 3310 1684 sint
3331 1627 3484 1684 tituli
3505 1628 3575 1684 74
3598 1647 3610 1684 ;
3633 1630 3811 1685 simul.

2196 1734 2301 1791 que
2332 1718 2577 1774 Maximo
2615 1719 2683 1774 62
2727 1717 3064 1785 tribuantur,
3110 1716 3212 1773 etsi
3260 1733 3452 1772 eorum
3500 1727 3808 1791 postremus

491 1822 803 1879 quanquam
835 1805 984 1860 intus
1015 1821 1134 1877 pag.
1173 1805 1221 1872 1,
1255 1821 1365 1876 pra
1394 1821 1450 1860 se
1482 1821 1770 1860 numerum
1803 1805 2085 1863 CXXXIV
2121 1821 2167 1884 Β
2203 1822 2432 1863 numero
2478 1808 2541 1862 61
2589 1814 2828 1862 notetur.
2863 1807 3049 1879 Neque
3080 1802 3225 1862 vero
3248 1806 3310 1862 in
3340 1823 3578 1864 numero
3609 1810 3804 1876 solum,

489 1896 630 1952 ferat
653 1914 666 1963 ;
701 1895 1021 1968 caterisque
1044 1895 1212 1968 hujus
1227 1895 1578 1952 bibliotheca
1601 1895 1884 1952 codicibus
1907 1905 1967 1952 ut
1995 1913 2086 1952 an-

490 1987 766 2059 tiquitate,
790 1988 867 2041 ita
886 1987 1227 2042 accuratiore
1246 1986 1541 2060 Scriptura
1560 1987 1795 2042 lectione
1812 1988 2092 2060 integrita-

491 2083 652 2149 teque
681 2076 964 2148 pracellit,
997 2085 1310 2150 spectatque
1341 2077 1409 2132 ad
1439 2094 1517 2133 v11
1591 2078 1674 2132 vel
1714 2093 1992 2132 summum
2025 2077 2093 2134 ad

493 2181 594 2221 VIII
624 2165 881 2221 Ecclesia
908 2166 1192 2222 saculum.
1229 2167 1438 2221 Ductus
1465 2165 1772 2220 litterarum
1807 2165 1863 2220 in
1895 2181 1959 2221 eo
1988 2166 2091 2222 Bo-

495 2271 692 2313 manus
723 2262 823 2323 est,
843 2255 1038 2311 atatis.
1071 2263 1131 2312 ut
1159 2255 1336 2322 aiunt,
1362 2254 1635 2323 secunda,
1661 2255 1946 2326 paululum
1972 2272 2088 2312 ver-

496 2362 626 2419 gens
654 2344 724 2400 ad
765 2343 1272 2416 Longobardicum.
1308 2345 1355 2398 A
1409 2359 1529 2416 pag.
1565 2343 1666 2400 129
1696 2343 1763 2399 ad
1795 2344 1896 2400 169
1927 2361 2096 2400 sexa-

495 2435 646 2507 ginta
661 2433 859 2506 partim
881 2433 918 2488 h
930 2433 1375 2504 omilias,partim
1392 2449 1670 2488 sermones
1686 2434 2094 2505 complectitur,

494 2525 561 2581 de
573 2523 773 2598 quibus
787 2523 1258 2580 eminentissimus
1271 2522 1568 2578 cardinalis
1579 2523 1834 2578 Besutius
1848 2522 2096 2579 inindiee

501 2613 851 2670 bibliotheca
881 2613 1091 2669 Sancta
1110 2611 1304 2670 Crucis
1337 2613 1414 2684 (b)
1444 2611 1525 2668 sic
1554 2612 1747 2668 statuit
1779 2631 1790 2668 :
1825 2620 2093 2667 auctorem

494 2704 694 2758 eosdem
705 2704 891 2757 habere
901 2709 1136 2757 sanctum
1148 2702 1448 2759 Maximum
1458 2701 1586 2756 mihi
1597 2708 1791 2755 certum
1804 2708 1921 2756 est.»
1938 2701 2095 2768 Quod

499 2802 679 2848 autem
711 2791 771 2846 hi
802 2791 1166 2848 laudatissimi
1190 2791 1299 2846 viri
1335 2791 1390 2846 in
1423 2791 1738 2847 Sessoriano
1768 2791 1955 2847 codice
1974 2790 2094 2845 nul-

501 2882 614 2936 lum
647 2879 926 2934 Ambrosii
949 2880 1247 2951 genuinum
1279 2896 1584 2935 sermonem
1608 2887 1915 2936 memorent
1946 2880 2094 2935 inve-

499 2968 631 3034 niri,
660 2967 793 3038 quin
816 2984 1005 3021 omnes
1024 2968 1277 3038 quamvis
1293 2968 1586 3023 recentiori
1619 2986 1784 3024 manu
1803 2967 2096 3024 Ambrosio

497 3055 758 3123 tributos,
771 3056 864 3111 SS.
881 3058 963 3111 Au
972 3057 1555 3129 gustino,Hieronymo
1572 3067 1626 3114 et
1641 3061 1881 3116 Maximo
1896 3057 2095 3115 ascribi

2203 1894 2296 1951 sed
2325 1895 2489 1951 etiam
2521 1895 2578 1950 in
2602 1896 2782 1951 titulis
2812 1895 2867 1952 S.
2902 1895 3130 1952 Maximi
3155 1895 3342 1951 editor
3367 1913 3496 1952 cum
3520 1897 3707 1955 iudice
3733 1915 3803 1954 er-

2201 1985 2345 2040 ravit
2371 2003 2384 2052 ;
2419 1985 2565 2058 quod
2597 1993 2657 2040 ut
2685 1985 2889 2041 clarius
2918 1994 3193 2057 appareat,
3234 1985 3330 2041 hic
3357 2002 3539 2058 opera
3570 1989 3800 2059 pretium

2201 2073 2339 2129 duxi
2368 2075 2554 2130 omnia
2570 2091 2665 2147 per
2692 2074 2911 2148 singula
2927 2090 3231 2143 recensere,
3251 2091 3377 2148 qua
3398 2076 3454 2130 in
3488 2075 3600 2133 hoc
3620 2077 3800 2133 eodem

2202 2163 2393 2220 codice
2422 2163 2798 2220 continentur.

2275 2255 2420 2312 VllI.
2455 2256 2584 2322 Quae
2611 2253 2668 2307 in
2691 2253 2997 2310 Sessoriano
3035 2252 3205 2308 codice
3244 2253 3602 2310 continentur.
3636 2285 3708 2296 —
3741 2255 3804 2310 Et

2203 2344 2428 2418 quidem
2467 2344 2698 2399 habetur
2726 2343 2783 2398 in
2807 2358 2874 2398 eo
2899 2343 2998 2398 fol.
3034 2343 3060 2398 1
3092 2351 3240 2399 recto
3272 2343 3330 2400 8.
3369 2344 3678 2416 Augustini
3705 2362 3801 2401 ser-

2207 2451 2296 2490 mo
2325 2434 2392 2490 de
2421 2435 2663 2507 Nuptiis,
2696 2433 2789 2506 qui
2839 2434 3044 2506 absque
3083 2434 3248 2489 titulo
3277 2433 3390 2490 inc.
3456 2458 3475 2482 ι
3499 2436 3722 2507 Nuptia
3754 2437 3800 2490 in

2205 2524 2407 2597 quibus
2427 2524 2677 2582 Christus
2710 2533 2763 2579 et
2794 2533 3133 2590 munerator,
3165 2531 3220 2579 et
3246 2525 3487 2579 conviva
3526 2525 3800 2592 decubuit,

2205 2622 2309 2672 etc.
2343 2641 2360 2663 ι
2401 2616 2526 2670 Des.
2566 2639 2584 2661 ι
2615 2615 2804 2688 Itaque
2832 2615 2917 2670 illi
2948 2613 3208 2671 desiccati
3256 2623 3390 2670 sunt
3419 2623 3471 2670 et
3504 2625 3798 2681 aruerunt;

2205 2720 2306 2760 nos
2338 2720 2468 2760 vero
2504 2693 2864 2772 comedimus,
2915 2713 2969 2760 et
2998 2703 3265 2771 bibimus,
3307 2711 3360 2759 et
3390 2703 3586 2760 refecti
3627 2722 3802 2760 sumus

2205 2810 2300 2867 per
2327 2794 2504 2866 ipsum
2534 2794 2715 2849 Jesum
2747 2792 3051 2861 Christum,
3092 2791 3187 2865 qui
3216 2792 3360 2847 vivit
3389 2810 3519 2849 cum
3554 2795 3732 2862 Patre,
3758 2805 3802 2850 et

2203 2900 2330 2940 cum
2354 2883 2564 2954 Spiritu
2598 2892 2787 2940 sancto
2815 2882 2873 2937 in
2913 2884 3114 2939 sacula
3144 2883 3498 2940 saculorum.
3543 2887 3741 2940 Amen.
3774 2909 3790 2931 ι

2204 2973 2365 3028 Hunc
2385 2989 2714 3040 sermonem,
2746 2971 2802 3026 in
2823 2989 2930 3045 quo
2963 2973 3306 3044 Augustinus
3335 2980 3527 3028 tuetur
3554 2973 3804 3028 adversus

2204 3061 2555 3130 Manichaos,
2586 3077 2712 3117 vere
2743 3061 3025 3119 Christum
3058 3061 3367 3117 instituisse
3398 3061 3682 3135 conjugia,
3722 3062 3804 3117 in—

501 3145 697 3213 velint,
731 3144 786 3202 id
819 3145 1094 3202 neminem
1130 3147 1398 3218 movebit,
1459 3147 1552 3219 qui
1596 3155 1802 3204 attente
1831 3147 2092 3204 conside-
2123 3181 2166 3240 Ο
2205 3162 2287 3210 ter
2311 3153 2486 3210 editos
2507 3153 2744 3226 reperire
2767 3169 2876 3208 non
2908 3152 3081 3223 potui.
3111 3151 3282 3207 Porro
3310 3151 3378 3207 de
3412 3152 3565 3207 bono
3594 3153 3802 3225 Nuptia~

500 3245 603 3305 ret,
637 3235 765 3292 illos
793 3236 861 3292 de
891 3237 960 3292 iis
990 3246 1201 3293 tantum
1233 3237 1580 3293 sermonibus
1611 3237 1785 3310 loqui,
1813 3255 1949 3310 quos
1987 3254 2093 3293 co-

499 3329 607 3384 dex
636 3345 666 3382 δ
721 3345 840 3400 pag.
877 3329 978 3384 129
1007 3329 1412 3400 complectitur,
1463 3345 1572 3383 non
1615 3345 1744 3385 vero
1773 3329 1840 3384 de
1869 3329 2091 3396 nostris,

506 3434 645 3491 quos
673 3419 979 3489 superiores
1004 3418 1271 3474 exhibent
1293 3419 1535 3490 pagella,
1555 3419 1756 3492 quique
1777 3419 1834 3474 in
1857 3417 1968 3473 illis
1989 3418 2093 3474 cla-

560 3550 661 3678 ”;
687 3549 904 3673 122111.115
922 3549 1186 3678 §i§,spa)g.
1232 3552 1298 3606 16
1326 3561 1381 3608 et
1408 3569 1520 3624 seq.
1557 3553 1790 3621 (Nostra
1808 3551 2019 3608 Patrol.
2055 3557 2092 3606 t.

500 3619 807 3690 LVIILcoi.
842 3619 1017 3673 17-18
1035 3619 1140 3690 sq.)

577 3690 654 3761 (b)
686 3689 906 3745 Utinam
940 3689 1310 3745 modo'index
1341 3690 1434 3745 ille
1471 3698 1711 3747 exstaret
1744 3695 1755 3748 ι
1816 3709 1918 3748 nos
1947 3693 2094 3749 enim

503 3760 754 3835 accurate
780 3769 833 3817 et
853 3760 1066 3835 erudite
1086 3761 1315 3835 doceret
1340 3778 1460 3835 qua
1481 3771 1793 3835 quantaque
1824 3764 2097 3835 pretiosis-

503 3779 754 3819 accuraie
780 3779 833 3817 ei
853 3779 1066 3817 erudite
1097 3779 1315 3817 doceret
1380 3779 1460 3817 ua
1481 3779 1683 3833 quanta
1724 3780 1793 3819 ue
1824 3779 2094 3835 pretiosis-

502 3833 641 3890 sima
670 3833 728 3889 in
749 3850 810 3889 ea
831 3833 962 3889 olim
984 3831 1319 3890 bibliotheca
1340 3779 1603 3900 (iuissent;
1628 3780 1722 3891 sed
1752 3837 1998 3892 externis
2014 3853 2094 3891 ar-

505 3905 610 3963 mis
632 3906 844 3962 Italiam
878 3905 1632 3974 invadentibus,bibliotheca
1653 3923 1798 3962 anno
1833 3907 1968 3963 1809
1989 3925 2099 3962 ex-

504 3979 702 4052 pilata,
722 3994 835 4052 una
851 3993 975 4052 cum
1005 3978 1175 4052 variis
1206 3994 1334 4052 mss.
1359 3978 1664 4046 codicibus,
1699 3977 1996 4052 multisque
2015 3995 2098 4052 ra-

501 4049 959 4122 rissimislibris,
985 4057 1038 4105 et
1095 4050 1205 4122 hic,
1238 4049 1406 4122 index
1455 4066 1670 4122 pessum
1705 4051 1807 4106 ivit
1837 4049 2098 4122 rio—nisine

503 4135 703 4192 magno
734 4120 1350 4194 litterariareipublica
1371 4120 1722 4194 detrimento.
1758 4122 1855 4177 His
1876 4121 2097 4194 quidem

659 4190 987 4270 codicumin
1008 4190 1362 4270 bibliothecis
1377 4193 1821 4270 delitescentium
1840 4190 2101 4270 catalogis

504 4260 649 4338 nihil
671 4276 784 4315 esse
805 4262 1087 4338 utilius_ad
1121 4264 1519 4338 exornandam,
1551 4260 2101 4338 amplificandamfet

505 4331 672 4408 altius
702 4330 1106 4408 provehendam
1142 4335 1588 4408 remlitterariam
1621 4330 1765 4408 apud
1796 4335 1989 4392 doctos
2003 4330 2101 4390 ex-

505 4401 780 4475 ploratum
812 4401 1232 4478 confessumque
1262 4411 1362 4478 est.
1404 4405 1634 4474 Verum,
1656 4401 1864 4478 "prater
1890 4423 1951 4461 ea
1980 4423 2100 4478 qua

505 4472 668 4557 supra
725 4472 1043 4557 retulimus,
1093 4472 1209 4557 hac
1239 4476 1403 4554 etiam
1448 4472 1747 4557 prabetata
1779 4472 2012 4557 exstant
2031 4478 2101 4557 de

2203 3261 2323 3300 rum
2343 3259 2650 3299 sermonem
2675 3241 2932 3296 habuisse
2952 3239 3326 3311 Augustinum
3357 3249 3578 3304 constat
3594 3258 3664 3297 ex
3680 3242 3800 3312 ejus-

2201 3333 2325 3390 dem
2381 3334 2710 3405 fragmento,
2770 3330 2917 3404 quod
2962 3346 3031 3384 ex
3080 3329 3230 3384 Beda
3266 3336 3321 3383 et
3357 3330 3526 3386 Floro
3580 3332 3802 3386 afferunt

2201 3422 2438 3506 Maurini
2471 3429 2512 3477 t.
2539 3422 2586 3478 V
2617 3437 2791 3492 oper.,
2826 3429 2963 3492 part.
2999 3436 3058 3487 ll,
3091 3418 3196 3474 col.
3225 3418 3400 3486 1519;
3437 3426 3493 3474 at
3514 3421 3673 3476 nulla
3691 3437 3801 3476 cum

2272 3539 2330 3606 9,
2361 3537 2403 3607 f.
2443 3537 2565 3606 170,
2599 3539 2652 3594 8.
2675 3537 2901 3607 August.
2933 3551 3102 3590 sermo
3131 3533 3203 3607 ad
3237 3533 3599 3607 Competentes
3626 3545 3674 3591 et
3702 3536 3801 3592 Ca-

2348 3604 2688 3676 thecumenos,
2749 3604 2796 3662 et
2835 3624 2950 3678 usq.
3007 3607 3078 3661 ad
3115 3604 3159 3674 f.
3202 3606 3328 3678 7175,
3365 3604 3673 3676 sequuntur
3715 3609 3803 3662 alii

2345 3697 2624 3748 sermones,
2650 3681 2743 3751 qui
2769 3677 3079 3734 tribuuntur
3108 3678 3164 3733 in
3191 3677 3284 3733 hoc
3322 3680 3498 3734 codice
3534 3683 3599 3738 8.
3636 3682 3798 3750 Augu-

2279 3759 2603 3893 ιοῗίῗδοίγδ,
2648 3823 2703 3879 s.
2741 3822 2994 3895 Hierony.
3043 3838 3214 3879 ser-mo
3262 3822 3327 3878 de
3357 3821 3556 3878 Exodo
3595 3822 3652 3876 in
3695 3821 3791 3891 νίς.

2279 3897 2516 4049 11,“;fo
2513 3913 2602 4049 ᾖ,
2633 3967 2687 4023 8.
2711 3965 2904 4022 Basilii
2922 3965 3175 4023 Instituta
3201 3968 3607 4034 monachorum,
3625 3965 3795 4037 Ruﬁno

2347 4045 2454 4093 inte
2527 4045 2648 4093 rete.

2280 4110 2364 4178 12,
2393 4109 2436 4180 f.
2460 4056 2597 4174 Elim,
2630 4110 2686 4165 S.
2718 4109 2943 4180 August.
2978 4125 3145 4166 sermo
3176 4111 3238 4167 de
3260 4108 3679 4168 Resurrectione.

2283 4182 2459 4238 Codex
2477 4181 2607 4236 mihi
2629 4180 2840 4235 videtur
2858 4180 3280 4253 antiquissimus,
3299 4191 3346 4238 et
3368 4181 3678 4253 conferendi
3693 4184 3797 4232 sunt

2206 4269 2468 4308 sermones
2496 4254 2684 4307 horum
2716 4254 2942 4307 Patrum
2970 4271 3086 4308 cum
3117 4255 3269 4309 editis
3296 4261 3624 4311 earumdem.

2277 4325 2363 4398 Ex
2391 4324 2480 4380 his
2502 4323 2684 4398 verbis
2713 4324 2943 4398 triaqpro
2972 4333 3160 4398 nostra
3179 4326 3455 4382 sententia
3475 4325 3792 4398 colligimus:

2207 4395 2467 4468 primum,
2502 4395 2783 4468 Besutium
2817 4395 2881 4468 S.
2907 4395 3186 4452 Ambrosii
3220 4399 3448 4452 nomine
3487 4395 3659 4451 unum
3706 4395 3796 4450 31e-

2213 4466 2586 4523 diolanensem
2631 4466 2984 4522 Ambrosium
3015 4468 3396 4535 intellexisse;
3433 4484 3499 4524 eo
3527 4468 3673 4523 enim
3705 4481 3797 4520 no—

506 4535 613 4601 hoc
641 4543 830 4622 codice
850 4543 919 4622 ab
938 4535 1377 4622 eminentissimo
1407 4535 1528 4602 viro
1549 4548 1607 4602 in
1637 4547 1840 4604 charta
1861 4550 2099 4622 plagula,
2130 4536 2179 4594 D
2211 4539 2362 4622 ξῐξίῐξεῗ
2390 4538 2717 4622 ἓίῐηριίείῑθτ
2741 4537 2939 4622 ιιῐίῖιιιζ,
2963 4539 3125 4622 etiam
3162 4555 3317 4622 Ῑὶιιω-
3356 4539 3413 4605 6.
3443 4539 3538 4594 Ubi
3575 4547 3716 4622 ςεηε
3741 4535 3796 4590 ad

503 4631 628 4691 qua
657 4624 740 4673 est
769 4614 872 4688 ipsi
902 4614 1080 4672 codici
1116 4616 1172 4671 in
1205 4617 1383 4672 fronte
1429 4628 1630 4675 assuta.

1145 4725 1280 4783 Con.
1327 4726 1446 4784 134.

584 4816 846 4884 σοηίίηειν
864 4832 988 4893 ρέιθς
1003 4817 1059 4893 ,1,
1079 4834 1367 4893 sermonm
1396 4820 1450 4893 S.
1465 4818 1754 4889 Augustini
1773 4820 1834 4875 de
1853 4821 2067 4893 Nuptiis
2082 4839 2104 4887 ,-

682 4906 717 4964 ᾳ
733 4887 947 4964 1299.},
972 4890 1135 4964 libros
1167 4887 1569 4964 Confessionmni
1598 4893 1651 4947 S.
1689 4887 1993 4964 Augustini.

579 4961 635 5025 2,
680 4959 721 5028 f.
757 4961 826 5015 80
854 4961 908 5015 S.
941 4962 1212 5017 Ambrosii
1236 4980 1404 5018 sermo
1434 4964 1497 5018 de
1528 4959 1785 5020 Caritate.

583 5030 638 5106 β,
754 5030 844 5106 ,
955 5033 1174 5088 Hieron.
1206 5035 1557 5106 Epitaphium
1590 5036 1644 5090 S.
1682 5036 1886 5093 Paulae.

578 5101 635 5176 4,
875 5104 930 5176 8.
966 5105 1236 5160 Ambrosii
1256 5101 1433 5161 sermo
1462 5107 1525 5160 de
1556 5106 1815 5176 Perfecto.

577 5174 632 5242 5,
659 5173 713 5254 .
753 5172 842 5254 89,
864 5173 1109 5254 Cassiani
1124 5178 1429 5254 cenationes
1451 5172 1794 5254 septem—qua
1809 5179 2106 5254 suntabba-

651 5245 717 5298 tis
769 5244 1122 5301 Charemonis
1170 5254 1217 5303 et
1263 5249 1348 5305 ab.
1381 5244 1592 5321 Ioseph,
1633 5244 1766 5305 et—in
1802 5251 1955 5306 editis
1987 5257 2109 5306 sunt

648 5316 715 5372 ab
749 5316 810 5371 11
845 5317 918 5371 ad
941 5318 1025 5372 17.

845 5335 1025 5373 aau.

578 5388 634 5456 6,
662 5386 707 5462 f.
741 5387 865 5455 129,
888 5389 954 5462 ,8.
986 5390 1216 5447 Maximi
1269 5407 1530 5446 serinones
1583 5392 1674 5458 61,
1705 5393 1798 5462 qui
1855 5399 2025 5448 tamen
2053 5393 2110 5447 in

685 5461 778 5514 hoc
806 5459 976 5514 codice
1005 5462 1317 5516 tribuuntur
1345 5463 1402 5517 8.
1434 5459 1734 5518 Ambrosio:

579 5529 633 5595 7,
661 5528 706 5600 Γ.
739 5531 949 5608 169ε-8.
1000 5533 1224 5608 August.
1284 5549 1453 5608 sermo
1480 5535 1577 5608 de
1591 5551 1648 5588 eo
1693 5536 1834 5606 quod
1859 5537 2111 5608 scriptum

684 5607 762 5674 est
786 5602 932 5674 ,'_Hic
955 5604 1187 5674 estdies,
1219 5620 1370 5673 quem
1388 5604 1510 5674 fecit
1536 5602 1814 5663 Dominus.

580 5667 647 5736 8,
668 5669 714 5738 f.
743 5671 867 5739 169,
901 5673 956 5729 S.
979 5667 1420 5744 Hieronyfserm'o
1447 5677 1509 5731 de
1544 5677 1736 5732 Εωοάο
1758 5679 1814 5731 in
1837 5677 2110 5750 Quadrag.

2211 4610 2672 4665 Mediolanensem
2707 4610 2982 4680 respexit;
3013 4609 3234 4678 deinde,
3263 4627 3550 4666 sermones
3584 4610 3680 4666 hos
3707 4623 3798 4680 no-

2211 4689 2355 4736 stros
2384 4687 2445 4736 ut
2488 4680 2544 4735 S.
2591 4679 2831 4756 doctoris
2871 4697 3157 4756 germanos
3189 4682 3330 4756 fetus
3353 4681 3644 4756 habuisse,
3684 4679 3798 4756 alias

2213 4759 2454 4807 notasset
2481 4771 2493 4818 ;
2528 4767 2652 4806 nam
2685 4752 2830 4823 quod
2866 4751 3111 4823 spurium
3144 4769 3207 4808 ac
3226 4753 3589 4808 subdititium
3615 4767 3741 4824 opus
3757 4751 3795 4801 ei

2211 4823 2394 4879 visum
2425 4830 2524 4890 est,
2552 4831 2868 4879 constanter
2895 4824 3129 4889 notavit,
3165 4831 3227 4879 ut
3265 4841 3420 4879 num.
3457 4824 3492 4879 6
3521 4831 3579 4878 et
3604 4823 3674 4889 9’;
3711 4837 3798 4893 pe—

2213 4904 2437 4964 stremo,
2469 4911 2746 4951 sermones
2767 4911 2959 4951 omnes
2986 4912 3122 4966 quos
3144 4895 3236 4950 hic
3264 4895 3441 4951 codex
3463 4892 3794 4951 exhibet

2212 4967 2468 5023 Patribus
2501 4966 2782 5032 tribuisse,
2821 4975 2874 5022 et
2919 4967 3064 5022 inter
3105 4967 3230 5022 illos
3262 4967 3571 5038 nonnullos
3605 4975 3798 5038 putasse

2214 5038 2452 5094 ineditos
2490 5038 2764 5105 inveniri;
2811 5039 3024 5109 etenim
3060 5037 3352 5109 postremis
3398 5037 3618 5104 verbis,
3643 5047 3698 5092 ut
3724 5048 3796 5109 ei§

2212 5126 2492 5182 sermones
2523 5102 2826 5182 conferant,
2859 5109 2925 5164 ad
2967 5102 3114 5164 edita
3136 5110 3231 5182 88.
3256 5109 3508 5182 Patrum,
3531 5102 3714 5182 etnon
3739 5102 3792 5182 ad

2215 5181 2449 5236 aliorum
2478 5181 2683 5252 scripta
2714 5184 2939 5236 lectores
2981 5180 3256 5235 amandat.
3298 5180 3359 5235 In
3391 5180 3500 5252 hoc
3528 5179 3732 5251 syllabo
3756 5179 3792 5252 is

2215 5245 2638 5328 quidemAserm'o
2665 5253 2828 5328 desit,
2859 5253 2951 5328 qui
2983 5252 3223 5328 secundo
3255 5251 3375 5328 loco
3407 5251 3511 5328 hic_
3535 5245 3677 5323 tS'pis
3696 5245 3792 5328 vul-

2217 5322 2392 5396 gatur.
2427 5326 2523 5397 Ille
2557 5341 2680 5380 cum
2711 5322 3190 5397 brevissimussit,
3236 5332 3290 5397 et
3339 5324 3398 5377 in
3428 5322 3581 5397 calce
3610 5322 3791 5397 pagina

2217 5393 2428 5468 positus
2456 5396 2562 5451 viri
2594 5394 3016 5468 eminentissimi
3038 5393 3386 5468 diligentiam
3418 5393 3566 5465 fugit
3588 5411 3622 5468 ς-
3634 5393 3792 5468 potius

2216 5463 2365 5539 enim
2394 5468 2738 5523 continuatio
2768 5466 2954 5539 primi,
2982 5463 3308 5537 quam'alter
3327 5463 3512 5522 sermo
3541 5463 3710 5536 primo
3724 5463 3790 5513 in-

2215 5538 2364 5594 tuito
2397 5539 2632 5594 videtur.

2294 5609 2362 5682 (c)
2394 5609 2520 5681 Pag.
2549 5608 2651 5666 174
2676 5614 2730 5666 et
2756 5623 2906 5682 seqq.
