3880 6198
304 304 413 358 773

1181 298 1552 356 SERMUNES
1590 298 1766 355 TRES
1803 297 1904 352 EX
1945 294 2202 353 CODICE
2241 294 2689 353 SESSORIANO.

3502 295 3605 354 774

299 430 406 486 illo
436 437 516 485 est
542 429 718 484 nostri
756 430 1064 486 consensio.
1100 429 1200 485 Hic
1230 446 1409 485 sermo
1439 444 1577 500 aegre
1607 427 1806 499 legitur
1837 426 1893 480 in
1933 427 1983 485 A
2012 424 2289 495 Baptistae.
2314 449 2332 471 ι
2369 424 2520 480 Edit.
2553 425 2650 481 ubi
2681 441 2827 498 sup.,
2858 425 2918 481 in
2947 424 3180 497 append.
3213 427 3319 482 col.
3354 425 3442 482 41.
3476 425 3604 483 Fol.

298 521 494 577 codice
516 528 634 576 tum
656 519 906 575 evanidis
933 529 1225 587 vetustate,
1249 528 1301 575 et
1321 519 1479 575 sorde
1501 517 1753 574 obductis
1773 517 1898 574 cha-

297 610 633 677 racteribus,
674 626 798 665 cum
828 609 886 663 in
917 611 1030 664 oris
1063 610 1487 681 circumquaque
1525 609 1670 665 carie
1699 607 1901 664 detrita

295 701 534 771 pagella.
561 699 678 754 Fol.
711 700 742 754 2
779 708 948 767 τεοῖο,
982 706 1289 771 sequuntur
1321 698 1564 769 ejusdem
1597 699 1650 753 S.
1692 700 1899 769 Augus-

295 789 410 844 tini
443 789 569 844 libri
602 789 666 844 13
695 788 1135 855 Confessionum,
1169 805 1401 862 quorum
1447 789 1641 843 titulus
1692 788 1768 842 ita
1819 794 1901 843 est

294 878 372 932 ad
402 879 602 933 calcem
640 877 758 932 folii
793 879 816 932 1
853 879 996 933 versi
1034 897 1044 932 :
1094 905 1111 923 ε
1141 879 1291 949 lncp.
1317 879 1445 933 libri
1479 877 1897 933 Confessionum

293 966 546 1038 ejusdem
583 966 636 1021 S.
670 966 986 1037 Augustini.
1022 992 1038 1012 ι
1086 967 1199 1022 ΙΙοο
1239 983 1374 1038 opus
1405 983 1515 1021 non
1566 976 1649 1022 est
1688 967 1898 1021 distin—

292 1065 452 1114 ctum
500 1057 556 1111 in
589 1057 786 1128 capita,
819 1065 872 1112 et
903 1055 1124 1112 uberem
1155 1074 1185 1111 a
1230 1057 1608 1112 Maurinorum
1657 1057 1898 1113 editione

291 1155 522 1219 praestat
560 1147 898 1202 variantium
943 1154 1177 1218 segetem
1216 1165 1314 1219 pro
1368 1165 1511 1203 nova
1551 1147 1925 1203 excudendas

292 1237 423 1292 Fol.
461 1237 524 1293 79
553 1253 710 1292 verso
751 1255 762 1291 :
799 1237 944 1291 INCP.
977 1237 1032 1292 S.
1066 1239 1323 1293 Asianosi
1346 1254 1524 1292 SEBMO
1555 1256 1625 1293 n1;
1657 1236 1896 1294 CARITA-

289 1343 368 1381 TE
419 1343 491 1381 Ex
527 1345 791 1382 LECTIONE
829 1313 918 1385 δἐι
957 1330 1130 1383 PAULI
1160 1346 1417 1384 APOSTOLI
1455 1346 1666 1385 CONTRA
1700 1345 1894 1392 annos,

290 1433 395 1480 QUI
417 1434 570 1473 BONIS
599 1435 880 1484 INVIDENT,
912 1419 1006 1491 qui
1038 1435 1220 1474 sermo
1251 1418 1342 1474 hic
1365 1418 1526 1474 tertio
1561 1417 1685 1472 lobo
1711 1419 1894 1490 vulga-

288 1515 408 1564 tur.
443 1509 560 1563 Fol.
595 1508 661 1563 81
700 1509 942 1577 recto,S.
969 1509 1294 1581 Hieronymi
1325 1509 1663 1581 epitaphium
1695 1516 1895 1564 sanctae

283 1596 474 1652 Paulae
492 1614 616 1653 cum
644 1598 940 1670 epigrapho
975 1617 984 1652 :
1033 1624 1049 1646 ι
1081 1601 1233 1670 Ιιιορ.
1269 1598 1552 1670 epitaﬁum
1597 1598 1724 1668 (sic)
1755 1614 1895 1653 san-

287 1696 397 1743 ctas
420 1686 599 1742 Paulae
628 1705 659 1743 a
687 1687 849 1744 beato
875 1690 1215 1760 Hieronymo
1245 1687 1381 1759 prbo
1411 1688 1639 1742 factum.
1674 1712 1690 1733 ι
1735 1685 1892 1756 Ejus-

2012 513 2112 568 132
2134 519 2305 579 recto,
2326 529 2385 568 γι
2412 531 2422 568 ;
2456 514 2638 585 «lncp.
2665 514 2834 570 alium
2857 513 2983 586 (sic)
3009 513 3076 570 de
3097 515 3276 570 natale
3295 513 3590 587 ejusdem.-

2008 603 2160 659 Edit.
2184 602 2327 674 apud
2350 602 2404 657 S.
2430 602 2780 658 Ambrosium
2816 603 2960 658 inter
2988 604 3174 675 spuria
3201 606 3307 661 col.
3328 603 3455 661 570.
3481 604 3599 660 Fol.

2009 702 2103 759 cit.
2141 718 2316 769 verso,
2349 720 2429 757 vn
2455 720 2465 757 :
2517 727 2533 747 -
2563 703 2713 773 Incp.
2748 703 2813 758 de
2843 703 3030 758 Natale
3060 702 3152 759 SS.
3190 703 3336 758 Petri
3365 709 3419 759 et
3448 703 3602 758 Pauli

2009 789 2408 858 apostolorum.
2443 814 2460 835 ν
2516 788 2664 844 Edit.
2698 788 2844 859 apud
2876 788 2931 844 S.
2961 789 3285 857 Maximum,
3335 790 3442 847 col.
3473 789 3599 846 577.

2013 878 2130 931 Fol.
2159 877 2259 933 133
2281 884 2449 946 τεοῖο,
2471 895 2571 933 vm
2593 896 2604 933 :
2627 901 2645 924 ι
2667 879 2817 949 lncp.
2843 877 2909 933 de
2921 879 3099 932 natale
3124 877 3178 932 S.
3207 877 3470 950 Cypriani
3492 878 3601 949 epi-

2008 964 2182 1036 scopi.
2215 990 2232 1012 ι
2283 966 2431 1020 κίἀὶῖ.
2467 965 2561 1020 ubi
2592 983 2692 1038 sup
2727 1010 2740 1034 ,
2772 966 2879 1022 col.
2913 966 3039 1022 255.
3073 967 3192 1022 Fel.
3225 965 3320 1021 cit.
3346 966 3404 1021 in
3433 967 3597 1036 calce,

2011 1068 2068 1107 ιχ
2100 1071 2110 1107 :
2166 1077 2181 1098 «ι
2204 1053 2340 1108 Item
2371 1053 2654 1125 sequentia
2673 1052 2738 1108 de
2759 1051 2949 1108 eodem
2977 1067 3288 1108 sermone.»
3323 1049 3475 1106 Edit.
3506 1051 3600 1106 ubi

2009 1157 2194 1212 supra,
2226 1141 2310 1198 col
2341 1142 2466 1198 595.
2500 1143 2619 1198 Fol.
2652 1141 2746 1198 cit.
2781 1159 2964 1209 verso,
2995 1158 3032 1196 χ
3064 1158 3075 1195 :
3145 1165 3163 1188 ι
3193 1141 3344 1213 lncp.
3375 1139 3443 1195 de
3471 1155 3603 1211 pas-

2007 1239 2160 1294 sione
2186 1240 2270 1294 vel
2294 1240 2462 1294 natali
2485 1247 2825 1308 sanctorum,
2848 1239 2904 1296 id
2928 1247 3027 1308 est,
3053 1237 3518 1308 Octavi,Adventi
3548 1244 3602 1294 et

2007 1335 2280 1392 Solutoris
2315 1337 2589 1394 Taurinis.
2621 1363 2640 1385 ι
2686 1337 2836 1393 Edit.
2870 1337 2964 1393 ubi
2991 1354 3140 1410 sup.,
3171 1336 3278 1393 col.
3311 1335 3435 1392 261.
3479 1336 3597 1393 Fol.

2009 1424 2111 1480 134
2136 1435 2307 1495 τεοῖο,
2329 1444 2388 1482 χι
2414 1446 2424 1482 :
2465 1451 2482 1472 ‹
2500 1428 2650 1498 Ιιιορ.
2675 1427 2742 1482 de
2766 1427 2939 1499 gratia
2962 1423 3248 1500 Baptismi.
3273 1449 3290 1471 ι
3330 1423 3479 1481 Edit.
3506 1424 3602 1480 ubi

2004 1532 2125 1587 sup.
2160 1517 2266 1572 col.
2299 1518 2422 1573 617.
2456 1519 2573 1574 Fol.
2606 1517 2701 1574 cit.
2736 1534 2914 1586 verso,
2946 1534 3028 1574 χιι
3056 1536 3067 1574 :
3116 1542 3133 1565 ι
3164 1517 3298 1573 Item
3330 1515 3398 1571 de
3430 1515 3600 1572 natali

2006 1612 2336 1677 martyrum.
2362 1632 2378 1653 ι
2410 1607 2561 1662 Edit.
2589 1606 2683 1663 ubi
2703 1624 2850 1680 sup.,
2875 1608 2982 1665 col.
3008 1607 3131 1664 617.
3156 1607 3274 1662 Fol.
3307 1605 3409 1662 135
3429 1611 3598 1672 τεοῖο,

2005 1710 2140 1749 χιιι;
2179 1720 2196 1741 ι
2227 1697 2378 1768 lncp.
2415 1697 2482 1752 de
2512 1697 2680 1753 natali
2701 1697 2795 1752 SS.
2820 1695 3000 1764 Canti,
3033 1695 3286 1753 Cantiani
3313 1701 3366 1750 et
3387 1693 3601 1752 Cantia-

287 1775 420 1831 dem
444 1781 498 1831 in
531 1778 639 1832 ﬁne
672 1778 866 1834 titulus
905 1778 1143 1850 sepulcri
1172 1779 1374 1849 legitur
1417 1777 1616 1834 litteris
1646 1777 1892 1833 unciali-
1921 1790 1968 1851 Β
2003 1781 2174 1839 uillas.
2207 1809 2226 1830 ι
2276 1783 2429 1838 Edit.
2462 1784 2557 1839 ubi
2595 1801 2740 1856 sup.,
2781 1785 2889 1840 col.
2934 1783 3058 1839 615.
3110 1783 3227 1838 Fol.
3263 1781 3359 1838 cit.
3418 1797 3596 1850 verso,

281 1873 416 1941 bus,
443 1883 496 1930 et
521 1875 589 1930 ad
621 1876 770 1932 illam
803 1876 1032 1938 formam
1070 1876 1386 1944 elaboratis,
1420 1892 1583 1948 quam
1620 1878 1785 1948 vulgo
1818 1877 1890 1932 la-

286 1964 452 2036 pides
495 1967 753 2034 retinent,
794 1967 1159 2039 conscriptus,
1201 1967 1257 2022 in
1296 1983 1404 2039 quo
1438 1975 1654 2022 mortua
1687 1967 1894 2022 dicitur

284 2053 484 2123 Paula,
512 2056 750 2110 Honorio
792 2058 1027 2126 Augusto
1061 2073 1119 2110 v1
1167 2063 1213 2110 et
1239 2057 1563 2111 Aristhenito
1611 2057 1888 2126 consulib.,

282 2163 410 2200 non
445 2148 738 2215 Arestenio,
771 2156 832 2203 ut
863 2151 918 2203 in
948 2149 1083 2204 edit.
1114 2166 1263 2220 oper.
1297 2151 1351 2206 S.
1377 2151 1702 2223 Hieronymi
1727 2153 1890 2209 habe-

284 2249 392 2296 tur
419 2243 652 2298 Mariani
685 2245 945 2312 Victoris,
979 2261 1079 2300 nec
1105 2246 1442 2314 Aristameto,
1475 2255 1536 2301 ut
1568 2249 1892 2304 Parisiensis

288 2331 472 2387 editio
497 2339 633 2386 tom.
664 2333 758 2400 IV,
797 2335 904 2390 col.
936 2334 1060 2400 669,
1093 2341 1146 2388 et
1177 2334 1510 2390 Veronensis
1544 2345 1678 2391 tom.
1704 2338 1748 2403 Ι,
1780 2337 1888 2392 οοΙ.

284 2420 420 2488 689,
454 2421 712 2477 retinent.
749 2423 869 2478 Fel.
901 2423 970 2478 88
1001 2432 1148 2479 recto
1182 2424 1346 2480 ZINCP.
1379 2440 1557 2479 senmo
1580 2423 1634 2479 S.
1668 2427 1888 2480 Amano-

289 2510 345 2565 si
377 2527 448 2564 nn
474 2509 781 2578 Pnarxcro,
816 2512 908 2583 qui
939 2513 1150 2584 primus
1189 2513 1246 2568 in
1278 2513 1470 2568 ordine
1501 2529 1650 2570 nunc
1683 2514 1891 2586 prodiit

285 2599 356 2655 in
381 2599 582 2656 lucem.
615 2601 733 2655 Fol.
765 2599 862 2655 cit.
891 2616 1050 2656 verso
1086 2619 1097 2655 :
1147 2602 1291 2657 Iace.
1331 2619 1575 2658 nwstM
1606 2618 1890 2658 aovansus

279 2707 388 2749 EOS
421 2708 511 2755 QUI
543 2707 766 2759 DICUNT,
783 2708 1168 2748 POSSESSIONEM
1187 2709 1296 2748 NON
1322 2709 1770 2762 DISTRAHENDAM,
1789 2712 1886 2750 SED

281 2805 591 2845 FBUCTIBUS
628 2806 1060 2845 MISERICORDIAM
1096 2805 1430 2856 FACIENDAM,
1589 2807 1768 2846 SBI‘IIIO
1799 2808 1887 2847 33-

283 2879 536 2935 cundum
561 2880 616 2932 in
637 2877 724 2933 his
744 2879 893 2934 foliis
912 2877 1017 2933 sibi
1040 2877 1286 2935 vindicat
1308 2879 1510 2933 locum.
1536 2879 1654 2933 Fol.
1681 2879 1750 2934 89
1774 2896 1883 2936 rec-

283 2975 382 3023 to:
419 2967 642 3024 Joannis
664 2968 905 3025 Cassiani
927 2968 1246 3024 collationes
1269 2969 1297 3022 7
1325 2969 1542 3022 Patrum
1565 2967 1883 3036 Thebaidis,

283 3072 528 3131 quarum
547 3059 602 3113 in
624 3058 801 3116 fronte
823 3059 1020 3130 legitur
1045 3077 1055 3112 :
1097 3083 1114 3106 σ
1135 3059 1261 3114 Haec
1277 3057 1468 3114 insunt
1490 3059 1544 3112 in
1569 3057 1675 3113 hoc
1693 3059 1883 3113 codice

2005 1889 2164 1927 xnn:
2218 1898 2236 1920 ι
2264 1873 2401 1928 Item
2432 1872 2498 1928 de
2526 1873 2698 1928 natali
2728 1881 3065 1929 sanctorum.
3100 1898 3118 1920 ι
3159 1871 3310 1928 Edit.
3333 1871 3426 1928 ubi
3449 1889 3596 1945 sup.,

2002 1961 2107 2016 col.
2133 1960 2255 2016 621.
2289 1961 2409 2017 Fol.
2437 1961 2536 2017 136
2563 1970 2731 2030 recto,
2757 1978 2867 2017 xv:
2907 1987 2926 2011 ι
2953 1962 3104 2034 lncp.
3129 1960 3195 2016 de
3215 1976 3279 2016 εο
3300 1960 3446 2034 quod
3467 1961 3598 2016 scri-

2003 2057 2159 2121 ptum
2188 2058 2270 2106 est
2294 2049 2352 2105 in
2383 2051 2616 2108 Actibus
2642 2052 3020 2124 apostolorum
3044 2069 3055 2107 :
3109 2052 3290 2107 Erant
3316 2051 3390 2105 eis
3419 2051 3595 2107 omnia

2000 2143 2295 2197 communia
2335 2143 2483 2215 (sic),
2529 2152 2583 2199 et
2612 2143 2679 2198 de
2710 2142 2865 2210 Cain,
2909 2151 2962 2198 et
2990 2142 3057 2198 de
3082 2142 3339 2198 Annania
3385 2142 3536 2214 (sic).
3564 2167 3582 2190 ι
3673 2146 3686 2158 ’

2003 2229 2151 2285 Edit.
2184 2231 2280 2286 ubi
2302 2248 2446 2303 sup.,
2468 2232 2574 2288 col.
2600 2231 2724 2288 429.
2748 2232 2867 2287 Fol.
2893 2231 2989 2288 cit.
3016 2247 3194 2298 verso,
3221 2248 3316 2287 xvr
3342 2250 3353 2288 ;
3403 2257 3421 2280 ι
3442 2232 3592 2304 lncp.

2002 2319 2284 2390 sequentia
2311 2319 2377 2374 de
2409 2319 2663 2388 avaritia,
2686 2327 2739 2375 et
2757 2320 2823 2375 de
2845 2321 3079 2375 Anania.
3100 2344 3118 2366 ι
3152 2320 3302 2376 Edit.
3329 2319 3423 2375 ubi
3447 2336 3595 2392 sup.,

2000 2415 2106 2470 col.
2142 2415 2267 2470 323.
2287 2416 2406 2471 Fol.
2443 2416 2543 2470 137
2573 2424 2744 2484 recto,
2763 2434 2881 2471 xvu
2909 2435 2921 2473 :
2961 2442 2978 2465 ι
3008 2417 3160 2490 Incp.
3192 2415 3597 2474 exhortatioad

2000 2503 2236 2575 plebem,
2287 2513 2341 2560 et
2373 2504 2438 2559 de
2465 2522 2529 2560 eo
2557 2505 2705 2577 quod
2739 2507 3003 2578 scriptum
3034 2514 3114 2563 est
3161 2507 3218 2562 in
3257 2507 3591 2579 Evangelio:

2001 2593 2150 2649 Sicut
2174 2593 2362 2664 fulgur
2389 2596 2452 2649 de
2480 2595 2574 2650 sub
2603 2597 2728 2650 εωιο
2750 2614 2771 2661 ;
2796 2597 2873 2650 ita
2903 2596 3005 2649 erit
3034 2596 3286 2651 adventus
3306 2597 3409 2668 ﬁlii
3430 2596 3594 2651 homi-

1994 2685 2117 2750 nis;
2140 2693 2194 2741 et
2221 2686 2289 2743 de
2317 2687 2532 2742 duobus
2554 2688 2610 2742 in
2640 2688 2782 2744 lecto
2812 2704 2944 2744 uno.
2966 2713 2985 2736 ιι
3010 2687 3161 2743 Edit.
3191 2687 3286 2743 ubi
3317 2704 3462 2760 sup.,
3484 2688 3592 2744 col.

1992 2772 2044 2828 5.
2080 2775 2198 2830 Fol.
2235 2776 2336 2834 138
2357 2783 2527 2842 recto,
2554 2793 2696 2832 xvm
2723 2794 2734 2831 :
2765 2800 2783 2822 ι
2805 2777 2958 2848 lncp.
2983 2776 3049 2832 de
3067 2777 3369 2849 sequentia.
3395 2803 3412 2824 -
3437 2776 3591 2832 Edit.

1995 2862 2090 2918 ubi
2121 2881 2266 2936 sup.,
2290 2867 2396 2923 col.
2419 2868 2472 2924 9.
2497 2867 2617 2923 Fol.
2638 2867 2733 2924 cit.
2761 2883 2942 2935 verso,
2972 2885 3096 2922 χιιιι
3123 2885 3134 2922 :
3174 2891 3192 2914 ι
3218 2867 3368 2938 lncp.
3397 2865 3465 2922 de
3490 2865 3586 2922 ho-

2000 2952 2319 3023 spitalitate.
2354 2981 2372 3004 ι
2414 2955 2565 3011 Edit.
2591 2954 2686 3010 ubi
2703 2971 2848 3028 sup.,
2871 2956 2979 3012 col.
2999 2955 3124 3012 645.
3154 2955 3273 3011 Fol.
3297 2955 3397 3012 139
3419 2961 3592 3025 recto,

1996 3055 2103 3096 xx:
2125 3042 2372 3113 «Incp.de
2388 3043 2833 3114 eleemosynis,et
2859 3045 2956 3100 ubi
2977 3044 3121 3100 sedit
3145 3043 3414 3100 Dominus
3436 3045 3593 3100 Jesus

285 3146 619 3202 collationes
658 3156 885 3219 septem,
937 3149 989 3205 id
1043 3156 1144 3216 est,
1177 3148 1388 3203 abbatis
1419 3148 1791 3205 Chzeremonis
1817 3147 1883 3204 de

2001 3144 2160 3201 super
2190 3137 2416 3201 puteum
2448 3131 2726 3187 Samariae.
2760 3157 2778 3180 ι
2829 3132 2981 3193 Edit.
3016 3131 3111 3187 ubi
3141 3148 3290 3203 sup.,
3321 3133 3428 3187 col.
3465 3132 3589 3190 325.

283 3235 646 3307 perfectione,
677 3236 920 3307 ejusdem
958 3237 1024 3292 de
1067 3236 1340 3304 castitate,
1381 3235 1626 3307 ejusdem
1659 3237 1726 3292 de
1747 3254 1883 3309 pro-

283 3322 533 3378 tectione
548 3322 645 3377 Dei
671 3341 691 3388 ;
715 3323 928 3378 abbatis
952 3323 1244 3378 Nestoritis
1273 3324 1340 3379 de
1367 3324 1602 3395 spiritali
1632 3325 1879 3394 scientia,

285 3409 540 3483 ejusdem
562 3411 629 3467 de
658 3412 1083 3469 charismatibus
1097 3413 1337 3479 divinis;
1370 3413 1582 3468 abbatis
1603 3413 1800 3485 Ioseph
1817 3413 1883 3469 de

282 3501 558 3566 amicitia,
581 3500 821 3572 ejusdem
852 3501 918 3557 de
945 3502 1278 3558 definiendo.
1307 3528 1326 3550 ι
1371 3502 1613 3574 Singulis
1640 3503 1883 3559 collatio-

283 3588 458 3644 nibus
486 3589 852 3660 capitulorum
872 3590 1022 3645 tituli
1046 3598 1175 3645 sunt
1194 3590 1535 3661 inscripti,et
1565 3592 1743 3663 primo
1764 3593 1885 3649 loco

287 3677 522 3749 ponitur
551 3678 799 3749 praefatio
830 3679 898 3734 ad
935 3679 1272 3735 Honoratum
1304 3688 1357 3735 et
1398 3679 1756 3749 Eucherium,
1790 3683 1884 3754 qui

287 3774 476 3822 tamen
509 3784 618 3823 non
648 3769 1006 3824 nominantur
1035 3769 1091 3824 in
1118 3769 1329 3826 codice.
1350 3771 1835 3842 Exstantvulgatae
1855 3789 1886 3827 a

287 3871 450 3910 num.
493 3857 552 3911 11
585 3856 654 3912 ad
685 3858 748 3912 17
780 3857 837 3912 in
867 3857 998 3913 edit.
1033 3859 1276 3915 Romana
1327 3858 1458 3912 anni
1507 3857 1638 3914 1611
1694 3858 1886 3915 formis

287 3959 496 4000 excusa
523 3961 750 4001 camerae
775 3947 1107 4018 apostolicae.
1139 3948 1258 4003 Fel.
1295 3945 1395 4002 129
1418 3956 1588 4015 recto,
1611 3946 1887 4018 incipiunt

288 4048 571 4089 sermones
600 4036 776 4106 prima
807 4053 971 4091 manu
1015 4038 1068 4092 S.
1121 4037 1364 4091 Maximo
1417 4036 1765 4103 Taurinensi,
1790 4054 1887 4092 se-

289 4123 476 4180 cunda
505 4141 669 4181 manu
691 4125 745 4181 S.
776 4125 1068 4181 Ambrosio
1089 4125 1308 4192 tributi,
1335 4133 1387 4180 et
1416 4125 1598 4180 denuo
1623 4126 1885 4182 recentio-

289 4211 342 4267 ri
372 4213 644 4285 scriptura
669 4214 724 4270 S.
754 4215 998 4272 Maximo
1029 4214 1289 4282 restituti,
1323 4230 1458 4286 quos
1489 4213 1658 4268 index
1685 4214 1887 4271 titulo-

289 4316 416 4356 rum
442 4303 719 4373 przecedit,
751 4303 809 4358 in
831 4321 962 4376 quo,
987 4312 1048 4358 ut
1070 4303 1185 4375 jam
1215 4303 1552 4370 notavimus,
1574 4305 1885 4375 septuagin-

291 4396 598 4462 taquatuor
623 4393 772 4448 tituli
796 4401 1170 4460 recensentur,
1189 4399 1242 4447 et
1271 4392 1467 4447 iterato
1498 4408 1650 4446 num.
1677 4392 1762 4460 13,
1781 4402 1888 4450 tres

1993 3219 2110 3273 Fol.
2143 3220 2238 3275 cit.
2275 3235 2451 3287 verso,
2484 3236 2611 3275 xxr:
2677 3243 2695 3266 ι
2721 3220 2983 3275 Praefatio
3031 3221 3117 3275 vel
3162 3219 3465 3291 increpatio
3523 3222 3591 3277 ad

1996 3307 2232 3378 plebem.
2266 3333 2283 3355 ›
2334 3309 2487 3364 Edit.
2524 3309 2581 3364 in
2606 3309 2839 3381 append.
2876 3318 3010 3365 tom.
3046 3308 3094 3365 V
3121 3325 3272 3381 oper.
3305 3309 3360 3364 S.
3386 3311 3590 3381 Augu-

1998 3396 2154 3465 stini,
2202 3413 2357 3453 num.
2388 3399 2478 3455 87.
2528 3399 2646 3454 Fol.
2690 3398 2791 3454 140
2836 3407 3006 3466 τεοῖο,
3049 3414 3204 3453 χχιι;
3271 3422 3290 3446 ι
3318 3398 3470 3470 lncp.
3522 3397 3589 3453 de

1997 3502 2166 3558 grano
2199 3487 2443 3560 synapis,
2473 3496 2528 3543 et
2557 3489 2625 3545 de
2652 3489 2706 3544 S.
2737 3489 3038 3545 Laurentio
3068 3495 3329 3560 martyre.
3362 3513 3380 3536 ι
3432 3486 3588 3543 Edit.

1993 3585 2139 3657 apud
2194 3584 2249 3642 S.
2312 3579 2618 3642 Maximum
2651 3631 2667 3656 ,
2713 3588 2822 3644 col.
2882 3587 2970 3644 36.
3041 3587 3159 3643 F0].
3231 3587 3327 3644 cit.
3383 3603 3586 3660 verso,

1995 3691 2172 3730 xxm:
2247 3700 2264 3723 ι
2292 3675 2588 3748 Sequentia
2630 3677 2698 3734 de
2746 3695 2914 3749 grano
2969 3677 3178 3750 sinapis
3223 3678 3527 3750 superiore.
3559 3701 3578 3726 ι

1993 3763 2146 3820 Edit.
2189 3763 2285 3820 ubi
2333 3783 2480 3838 sup.,
2522 3767 2629 3823 col.
2669 3766 2796 3823 365.
2840 3767 2961 3823 Fol.
3014 3765 3110 3821 141
3164 3776 3336 3832 τεοῖο,
3385 3783 3587 3824 xxmr:

2009 3877 2028 3899 ι
2059 3853 2209 3923 Incp.
2241 3853 2308 3908 de
2340 3855 2395 3909 id
2428 3855 2556 3925 (sic)
2589 3856 2735 3926 quod
2765 3855 3033 3926 scriptum
3061 3861 3142 3909 est
3173 3872 3185 3910 :
3234 3854 3453 3910 Reddite
3478 3871 3596 3925 qua

1995 3941 2095 3996 Dei
2121 3947 2245 3995 sunt
2270 3943 2402 4006 Deo,
2444 3951 2499 3998 et
2528 3940 2595 3997 de
2625 3942 3017 3998 militantibus.
3050 3965 3068 3987 »
3131 3941 3282 3999 Edit.
3319 3941 3414 3997 ubi
3445 3959 3592 4015 sup.,

1995 4030 2101 4086 col.
2134 4029 2256 4085 375.
2291 4031 2408 4085 Fol.
2444 4029 2547 4085 142
2577 4036 2747 4097 τεοῖο,
2775 4046 2893 4085 xxv
2920 4047 2932 4085 :
2971 4053 2989 4077 σ
3011 4031 3162 4102 lncp.
3197 4029 3265 4086 de
3295 4031 3486 4088 eodem
3512 4047 3594 4088 se-

1997 4120 2239 4191 quentia.
2271 4143 2288 4166 ι
2345 4118 2495 4174 Edit.
2528 4117 2622 4173 ubi
2654 4135 2800 4192 sup.,
2836 4120 2943 4176 col.
2977 4119 3100 4176 347.
3127 4121 3248 4177 Fol.
3280 4121 3377 4179 cit.
3407 4137 3590 4191 verso,

1997 4223 2132 4263 xxvr
2158 4226 2169 4262 :
2221 4209 2403 4280 «lncp.
2435 4209 2502 4265 de
2532 4225 2588 4263 eo
2622 4208 2820 4280 (deest)
2853 4210 3000 4282 quod
3033 4211 3299 4283 propheta
3325 4211 3404 4268 ait
3431 4211 3500 4268 ad
3529 4211 3588 4268 Ii-

1999 4296 2120 4366 lios,
2149 4297 2392 4355 scilicet:
2426 4299 2698 4370 Caupones
2726 4300 2899 4354 uestri
2928 4300 3150 4356 miscunt
3174 4318 3372 4372 aquam
3399 4303 3573 4360 uino.-

1997 4385 2146 4442 Edit.
2197 4387 2292 4444 ubi
2341 4405 2487 4460 sup.,
2525 4389 2631 4445 col.
2663 4388 2786 4445 339.
2854 4390 2972 4445 Fol.
3027 4389 3128 4446 143
3179 4399 3348 4459 τεοῖο,
3387 4407 3585 4447 xxvu:

292 4485 349 4533 et
378 4482 721 4551 septuaginta
753 4488 1130 4537 numerantur.
1168 4480 1254 4535 Ex
1285 4498 1348 4535 eo
1379 4491 1490 4536 tres
1517 4487 1570 4535 et
1600 4481 1886 4554 sexaginta
1916 4509 1966 4567 Β
2009 4501 2028 4524 ι
2059 4478 2208 4549 lncp.
2256 4478 2322 4534 de
2353 4479 2562 4550 psalmo
2591 4494 2710 4545 χχι,
2762 4485 2816 4533 et
2862 4478 2930 4534 de
2975 4479 3226 4550 passione
3277 4479 3525 4535 Domini.
3557 4505 3576 4528 ι

294 4568 505 4638 priores
533 4570 723 4626 titulos
751 4571 1022 4644 excerpsit
1050 4572 1116 4626 P.
1156 4571 1376 4626 Brunus
1414 4569 1469 4625 S.
1501 4570 1728 4626 Maximi
1769 4571 1888 4626 edi-

294 4664 402 4726 tor,
435 4667 506 4726 et,
537 4669 599 4716 ut
637 4678 800 4734 supra
824 4662 1005 4730 innui,
1041 4679 1160 4734 pag.
1204 4663 1304 4718 174
1337 4663 1394 4717 in
1427 4663 1642 4719 notitiis
1673 4663 1891 4734 praeviis

296 4747 568 4820 vulgavit,
597 4751 728 4806 dum
769 4752 836 4808 de
874 4752 1160 4808 codicibus
1190 4753 1320 4824 agit,
1347 4753 1548 4824 quibus
1569 4754 1626 4808 in
1658 4770 1757 4808 sua
1778 4753 1888 4809 edi-

293 4840 448 4897 tione
479 4842 794 4904 adornanda
822 4861 953 4900 usus
976 4851 1076 4898 est.
1111 4844 1226 4898 Hoc
1247 4859 1377 4899 vero
1407 4844 1620 4911 ordine,
1659 4853 1712 4899 et
1741 4844 1890 4900 hisce

294 4931 476 4986 titulis
505 4932 562 4986 in
594 4949 818 5005 corpore
847 4933 1110 4990 codicisii
1137 4949 1416 4988 sermones
1448 4933 1739 4988 habentur.
1769 4933 1886 4988 Fol.

298 5020 400 5076 129
425 5037 603 5088 verso,
640 5023 664 5076 1
699 5040 710 5076 :
757 5025 939 5095 «lncp.
965 5039 1144 5078 sermo
1165 5023 1232 5077 de
1252 5025 1432 5078 natale
1454 5005 1635 5080 ssrum
1661 5023 1807 5078 Petri
1838 5029 1892 5078 et

295 5109 453 5164 Pauli
483 5113 876 5182 apostolorum.
912 5139 930 5163 ›
975 5114 1173 5169 Editus
1201 5124 1282 5170 est
1319 5116 1462 5187 apud
1489 5119 1544 5172 S.
1586 5117 1889 5171 Maximum

294 5198 482 5255 Romae
513 5216 776 5258 excusum
806 5219 895 5258 an.
940 5204 1097 5273 1784,
1131 5205 1237 5260 οοΙ.
1280 5204 1402 5261 229.
1435 5207 1552 5260 Fol.
1589 5205 1688 5261 130
1717 5212 1889 5276 recto,

296 5303 370 5342 ιιι
421 5312 438 5335 ι
468 5290 619 5362 Ιιιορ.
653 5291 720 5345 de
752 5307 941 5347 eorum
973 5296 1170 5350 natale.
1200 5319 1218 5340 ι
1257 5294 1403 5348 Edit.
1441 5294 1532 5348 ubi
1567 5311 1754 5365 supra,
1783 5294 1888 5350 col.

293 5376 422 5434 573.
460 5378 578 5433 Fol.
609 5379 704 5434 cit.
736 5396 915 5448 verso,
947 5400 1008 5438 ιιι
1033 5401 1044 5439 :
1067 5408 1084 5430 ‹
1114 5385 1266 5455 lncp.
1297 5383 1365 5438 de
1395 5383 1691 5453 margarita
1714 5383 1892 5437 Evan-

296 5475 450 5548 gelii.
478 5475 668 5531 »Edit.
694 5477 790 5534 ubi
823 5495 1004 5551 supra,
1025 5482 1132 5537 col.
1156 5481 1279 5538 389.
1303 5483 1422 5537 Fol.
1451 5481 1547 5537 131
1580 5488 1751 5548 recto,
1788 5499 1842 5536 IV
1875 5498 1887 5536 :

311 5589 330 5611 ι
362 5564 516 5636 Incp.
550 5564 616 5619 de
652 5565 831 5621 natale
860 5566 914 5620 S.
943 5567 1220 5626 Laurenti.
1258 5569 1442 5627 :Edit.
1476 5569 1571 5626 ubi
1603 5587 1752 5642 sup.,
1785 5570 1888 5626 col.

295 5655 424 5712 579.
459 5652 580 5707 Fol.
614 5654 709 5710 cit.
745 5671 975 5722 verso,v
1004 5673 1015 5710 :
1049 5683 1065 5703 ε
1098 5661 1248 5732 lncp.
1283 5658 1350 5715 de
1382 5660 1564 5718 natale
1585 5660 1641 5717 S.
1665 5656 1892 5715 Joannis

1996 4565 2146 4621 Edit.
2197 4566 2292 4622 ubi
2323 4583 2468 4639 sup.,
2520 4569 2627 4624 col.
2686 4565 2806 4621 137.
2856 4568 2974 4622 Fol.
3011 4567 3111 4622 144
3140 4575 3313 4635 τεοῖο,
3364 4583 3585 4624 xxvm:

2013 4685 2030 4708 ι
2061 4665 2211 4736 lncp.
2246 4664 2314 4720 de
2341 4666 2649 4722 defectione
2682 4669 2848 4723 lunai.
2877 4690 2895 4714 ι
2949 4664 3102 4720 Edit.
3155 4664 3250 4720 ubi
3283 4680 3430 4737 sup.,
3479 4665 3588 4722 col.

1999 4752 2121 4807 333.
2172 4755 2288 4808 Fol.
2323 4753 2418 4809 cit.
2461 4771 2638 4822 verso,
2686 4771 2928 4810 xxvrm:
2995 4776 3012 4798 ι
3044 4753 3178 4808 Item
3211 4752 3277 4808 de
3305 4753 3591 4825 sequentia

2000 4839 2262 4910 ejusdem.
2297 4867 2315 4890 ι
2356 4841 2508 4897 Edit.
2541 4839 2635 4898 ubi
2661 4859 2807 4913 sup.,
2841 4842 2950 4898 col.
2983 4840 3107 4897 337.
3132 4842 3251 4897 Fol.
3288 4841 3390 4897 145
3420 4851 3588 4911 τεοῖο,

1999 4947 2119 4985 χχχ
2143 4949 2155 4986 :
2202 4955 2220 4978 ‹
2252 4932 2400 5003 lncp.
2433 4931 2501 4987 de
2530 4947 2595 4987 eo
2623 4931 2769 5004 quod
2795 4930 3062 5002 scriptum
3085 4931 3244 4986 estin
3265 4930 3588 5002 Evangelio,

1999 5019 2215 5076 dicente
2261 5021 2535 5076 Domino:
2587 5020 2824 5076 Facilius
2861 5026 2936 5075 est
2951 5021 3205 5076 camelum
3229 5037 3327 5092 per
3351 5018 3594 5090 foramen

1999 5128 2124 5166 acus
2146 5111 2559 5182 transire,quam
2578 5111 2794 5166 diuitem
2811 5111 3019 5166 intrare
3037 5110 3094 5184 in
3109 5127 3268 5182 regno
3284 5112 3578 5168 caelorum.»

2001 5209 2150 5265 Edit.
2200 5209 2296 5265 ubi
2326 5226 2471 5281 sup.,
2517 5209 2622 5265 col.
2682 5209 2805 5266 385.
2859 5209 2977 5265 Fol.
3032 5207 3130 5265 cit.
3180 5224 3358 5276 verso,
3409 5224 3588 5267 xxxx:

2017 5323 2034 5346 ι
2064 5301 2215 5372 Ιιιορ.
2245 5300 2312 5356 de
2341 5315 2405 5355 eo
2431 5299 2577 5373 quod
2604 5298 2869 5371 scriptum
2901 5305 3015 5354 est:
3067 5299 3250 5354 Simile
3274 5304 3351 5352 est
3377 5314 3596 5368 regnum

2001 5393 2100 5448 Dei
2127 5392 2402 5463 fermento.
2435 5418 2452 5441 ι
2515 5393 2665 5449 Edit.
2699 5391 2794 5448 ubi
2821 5408 2968 5464 sup.,
3017 5392 3124 5448 col.
3153 5390 3278 5448 369.
3326 5390 3444 5445 Fol.
3494 5389 3597 5445 146

2001 5491 2170 5550 τεοῖο,
2202 5499 2362 5538 χχχιι
2388 5500 2400 5538 :
2438 5506 2456 5529 ‹
2479 5483 2630 5553 Incp.
2663 5481 2731 5537 de
2761 5480 3136 5552 hospitalitate
3156 5479 3214 5534 in
3232 5477 3584 5549 Evangelio»

2004 5569 2156 5626 Edit.
2188 5570 2279 5624 ubi
2303 5587 2447 5641 sup.,
2471 5571 2576 5626 col.
2599 5570 2724 5625 351.
2748 5570 2868 5625 Fol.
2896 5567 2997 5624 147
3017 5575 3398 5634 τεοῖο,χχχιιι.
3419 5565 3593 5636 «Ιιιορ.

2003 5657 2071 5715 de
2095 5657 2301 5730 jejunis
2322 5657 2425 5727 (sic
2454 5657 2616 5715 solita
2638 5655 2804 5726 crasi)
2832 5656 2886 5710 in
2911 5655 3076 5712 initio
3095 5650 3582 5722 Quadragesimae.»
